2700 4732
103 224 163 291 136
484 218 560 283 tle.
581 218 638 281 111.
678 220 766 283 CAP.
786 218 866 281 xxt.

106 374 143 425 nt
159 364 274 445 saepius
291 374 410 426 maneat
434 365 535 448 exigua
559 376 673 427 tanturn
698 366 809 445 portio.
859 362 952 439 Quod
976 373 1077 449 autent
1098 346 1243 441 amnis

109 440 216 502 electio
236 440 340 522 populi
359 461 421 501 non
441 460 557 522 semper
576 442 660 503 firma
679 453 711 501 et
730 452 791 501 rats
810 441 863 516 sit,
888 440 919 500 in
939 450 1084 521 promptu
1101 460 1137 501 se
1155 440 1244 501 ulimt

107 518 203 591 ratio,
222 517 290 597 quia
310 539 377 579 cum
396 518 502 598 quibus
528 519 683 599 paciscitur
701 517 801 591 Deus,
831 538 893 578 non
920 518 1058 599 protinus
1082 534 1137 577 eos
1157 516 1243 577 donat

110 592 225 674 Spiritu
257 594 505 677 regenerationis,
536 596 617 656 cuius
645 598 752 654 virtute
777 614 869 686 usque
894 594 924 653 in
951 593 1040 653 linem
1068 592 1098 652 in
1125 592 1242 653 loedere

38 674 41 678 “
107 682 315 751 perseverent:
334 672 386 733 sed
406 684 525 732 exteros
545 671 677 732 invitatio
692 670 803 750 absque
823 670 959 730 roteriori
978 670 1095 762 gratiae
1106 668 1241 743 efficacis,

130 766 184 807 uae
211 747 248 808 ed
274 767 325 809 eos
352 748 524 808 retinendos
544 746 639 809 valida
669 758 761 817 esset,
790 747 917 806 medium
937 745 1076 826 qurddarn
1100 758 1150 806 est
1172 746 1242 805 inter

108 842 125 883 a
147 825 305 884 iectionem
325 823 443 884 humani
462 825 596 905 generis,
621 836 650 884 et
670 824 848 884 electionem
868 824 963 905 exigui
983 823 1103 905 piorum
1125 820 1241 883 numeri

108 900 282 961 Haereditas
301 900 360 959 Dei
385 912 503 961 vocatus
530 913 575 961 est
599 913 679 961 totus
711 901 838 980 populus
864 898 972 971 lsrael,
1003 919 1037 958 ex
1063 920 1127 977 quo
1150 910 1241 965 ,umen

107 976 195 1036 multi
216 977 336 1036 fuerunt
355 976 498 1037 extranei:
526 977 577 1037 scd
597 978 663 1057 quia
689 996 750 1037 non
772 976 808 1036 de
828 976 919 1036 nihilo
940 976 1096 1057 pepigerat
1118 975 1201 1035 Dens
1215 993 1241 1035 se

108 1063 224 1134 patrem
245 1064 275 1112 et
289 1052 508 1133 redemptorem
527 1053 604 1113 illius
624 1054 701 1129 lore,
720 1054 876 1135 gratuitum
889 1053 975 1113 istum
996 1054 1133 1111 savorem
1154 1052 1242 1133 potins

107 1124 229 1209 respicit
253 1149 339 1219 quam
364 1128 507 1208 perfidam
539 1130 699 1190 multorum
731 1129 944 1189 defectionem:
975 1150 1029 1208 per
1053 1148 1133 1207 qnos
1164 1128 1241 1187 etin

108 1224 173 1265 non
193 1204 302 1265 abolus
323 1205 380 1265 fuit
397 1205 473 1266 illius
492 1207 614 1280 veritas,
640 1207 707 1287 quis
732 1205 784 1266 ubi
808 1206 863 1266 sibi
888 1205 1036 1264 residuum
1054 1204 1093 1265 ali
1118 1204 1171 1265 uid
1188 1224 1245 1265 sere

107 1282 195 1357 tavit,
213 1282 480 1342 vocationemeius
499 1284 633 1375 apparuit
644 1302 706 1343 esse
716 1283 826 1362 absque
846 1282 1038 1362 poenitentia.
1110 1302 1160 1341 am
1171 1278 1243 1361 qnod

108 1355 167 1417 sibi
186 1357 268 1417 Deus
287 1358 439 1419 eeclesiam
458 1357 582 1419 subrnde
603 1380 636 1418 ex
655 1359 720 1420 filiis
740 1358 878 1418 Abrabae
898 1359 1101 1438 potiusquam
1124 1377 1161 1417 ex
1179 1374 1241 1438 pre·

108 1431 186 1493 fanis
205 1434 342 1516 gentibus
362 1435 493 1517 collegit,
513 1436 656 1496 rationem
676 1435 780 1495 babuit
801 1434 928 1495 foederis
947 1435 1005 1495 sui:
1027 1434 1113 1514 quod
1134 1434 1172 1494 ab
1191 1433 1244 1513 ipsa

108 1510 298 1570 multitudine
317 1510 457 1572 violatum
478 1512 513 1572 ad
533 1533 643 1593 paucos
663 1511 824 1587 restrinxit,
850 1531 888 1570 ne
908 1532 1027 1591 prorsus
1047 1510 1244 1572 intercideret.

12 1610 15 1615 ’
109 1585 248 1667 Denique
268 1588 429 1650 communis
448 1588 497 1649 illa
517 1589 638 1681 adoptio
658 1589 776 1649 seminis
794 1587 941 1663 Abrabae,
960 1587 1083 1648 visibilis
1127 1586 1243 1647 uaedtn
1277 1598 1280 1603 '

109 1662 209 1747 imago
229 1662 287 1724 fuit
305 1665 422 1725 maioris
447 1665 595 1741 beneficis,
613 1686 673 1745 quo
694 1665 775 1725 Deus
795 1665 909 1744 aliquos
930 1685 962 1723 ex
987 1664 1086 1725 multis
1137 1666 1146 1723 i
1188 1675 1244 1723 stus

110 1750 166 1800 est.
206 1740 289 1801 Haec
309 1742 385 1803 ratio
406 1754 450 1803 est
468 1764 521 1803 cur
540 1754 600 1802 tarn
620 1741 722 1802 scdulo
744 1741 1004 1802 discerustPaulus
1023 1740 1100 1801 filios
1113 1742 1142 1800 Α
1165 1738 1243 1799 tabee

106 1817 270 1878 secundum
290 1839 407 1879 carnem
426 1841 443 1880 a
462 1818 676 1899 spiritualibus,
708 1820 757 1898 qui
783 1818 916 1896 exemplo
937 1818 1017 1877 Isaac
1043 1818 1144 1878 vocati
1169 1826 1242 1879 sunt:

109 1912 173 1954 non
194 1894 274 1973 quod
293 1895 464 1975 simpliciter
484 1916 546 1956 esse
566 1895 702 1955 Abrabae
728 1894 818 1954 lilium
844 1916 890 1954 res
917 1894 1006 1953 suerit
1029 1894 1128 1954 inanis
1154 1906 1185 1954 et
1201 1891 1243 1951 in·

110 1967 261 2030 fructuosa
281 1972 377 2051 (quod
398 1993 459 2033 non
485 1972 548 2032 sine
568 1972 697 2033 foederis
716 1971 894 2031 contumelia
915 1971 1088 2048 diceretur),
1109 1970 1164 2031 sed
1202 1967 1242 2029 ιίι

109 2045 293 2107 immutabile
316 2048 376 2108 Dei
406 2048 576 2123 eonsilium,
606 2069 665 2128 quo
696 2048 752 2109 sibi
807 2048 1013 2107 raedestinavit
1037 2066 1118 2127 qnos
1147 2044 1243 2119 vonit,

111 2121 213 2184 efficax
232 2124 348 2183 demum
368 2145 472 2205 perse
493 2126 534 2186 bis
546 2123 615 2185 solis
629 2069 842 2205 posterioribus
861 2124 891 2183 in
905 2123 1026 2183 salutem
1049 2124 1116 2185 luit.
1143 2124 1242 2185 Donec

109 2210 209 2260 autem
229 2201 380 2280 productis
400 2202 571 2294 scripturae
595 2201 667 2261 locis
687 2201 756 2281 quid
781 2200 967 2261 sentiendum
993 2201 1030 2260 sit
1056 2200 1190 2281 liquent,
1210 2216 1243 2259 ne

109 2278 143 2335 in
162 2277 300 2337 utramvis
341 2290 433 2339 artem
453 2280 508 2339 ssbi
535 2279 745 2358 praeiudicium
769 2277 895 2337 aflerant
920 2277 1047 2337 lectores
1067 2297 1194 2339 moneo.
1211 2308 1242 2323 ·-

112 2352 206 2425 Quod
227 2374 259 2412 cr
281 2374 299 2413 o
319 2298 470 2436 §criptura
496 2355 574 2415 clare
595 2355 723 2415 ostendit
750 2354 888 2429 dicimus,
913 2365 1034 2414 aeterno
1061 2366 1093 2413 et
1114 2354 1243 2415 immuta-

109 2425 164 2488 bili
184 2373 308 2490 consilio
328 2431 425 2489 Deum
451 2432 542 2492 semel
567 2432 762 2504 constituisse,
789 2450 862 2511 quos
886 2429 957 2491 olim
981 2430 1073 2491 semel
1103 2446 1244 2493 assumere

111 2503 200 2566 vellet
225 2506 255 2564 in
280 2505 422 2583 salutem,
453 2528 527 2586 quos
552 2528 665 2566 rursum
692 2509 778 2567 esitio
807 2508 961 2566 devovere.
1003 2507 1072 2567 Hoc
1092 2508 1242 2569 consilium

112 2581 210 2661 quoad
231 2582 341 2644 electos
363 2583 393 2642 in
422 2584 547 2665 gratuita
572 2584 633 2643 eius
659 2584 857 2644 misericordie
883 2584 1034 2643 fundatum
1056 2603 1123 2643 esse
1146 2582 1241 2646 asseri·

110 2678 175 2718 mus
201 2661 279 2739 (cap.
299 2661 378 2736 22),
409 2659 491 2720 nullo
525 2660 669 2720 humanae
700 2660 851 2741 dignitatis
883 2671 1034 2741 respectu:
1071 2681 1153 2752 quos
1180 2678 1242 2723 rere

111 2733 293 2797 damnationi
314 2736 439 2811 addicit,
464 2736 508 2797 his
533 2738 610 2797 iusto
637 2737 755 2817 quidem
782 2750 812 2796 et
836 2736 1104 2816 irreprehensibilr,
1133 2738 1242 2799 sedin·

111 2831 176 2871 corn
202 2812 372 2873 rebensibili
392 2813 480 2893 ipsius
499 2813 624 2887 iudicio,
647 2813 726 2874 vitae
752 2814 861 2872 aditum
883 2813 1040 2894 praecludi.
1092 2814 1160 2875 Iam
1179 2832 1241 2875 rere

37 2950 40 2963 Ι
109 2887 142 2946 in
162 2834 262 2950 electis
287 2890 473 2951 vocationem
498 2891 648 2953 statuimus
673 2889 823 2963 electionis
847 2891 1047 2950 testimonium
1072 2896 1158 2974 (cap.
1175 2890 1243 2969 24.)-

109 2962 352 3027 Iustifieationem
374 2966 493 3043 deinde,
514 2967 636 3027 alterum
657 2969 718 3026 eius
739 2966 967 3027 manifestandae
987 2966 1177 3046 symbolum,
1191 2970 1243 3028 dn·

110 3059 167 3101 nec
197 3044 233 3101 sd
262 3043 403 3124 gloriam,
434 3044 464 3103 in
491 3065 548 3123 qua
573 3043 634 3103 eius
653 3043 900 3123 complementum
932 3055 1036 3117 exstat,
1068 3046 1244 3125 pervcnitur.

113 3117 372 3189 Quemadmodum
393 3132 489 3180 autem
510 3121 665 3180 vocatione
686 3133 715 3179 et
735 3120 941 3180 iustificatione
962 3119 1075 3181 clectos
1093 3142 1168 3183 suos
1186 3122 1244 3184 Do·

110 3192 206 3254 minus
226 3195 337 3275 signat,
363 3195 402 3254 ita
427 3196 573 3275 reprobos
593 3196 639 3255 vel
660 3217 676 3255 a
696 3196 799 3257 notitia
819 3197 863 3256 sui
884 3197 1025 3268 nominis,
1045 3198 1096 3256 vel
1118 3220 1136 3260 a
1156 3198 1244 3293 Spiri-

110 3278 159 3329 tus
178 3271 223 3330 sui
242 3272 474 3331 sanctificatione
495 3272 690 3349 excludendo,
711 3273 796 3353 quale
816 3287 934 3333 mancat
954 3293 1004 3333 eos
1024 3273 1171 3337 iudicium
1188 3275 1244 3337 satit

110 3343 202 3407 veluti
224 3348 300 3406 notis
321 3349 423 3427 aperit.
468 3348 559 3407 Multa
582 3348 627 3409 bie
648 3349 815 3429 praeteribo
836 3350 973 3429 figmenta
994 3350 1070 3425 (vid.
1091 3372 1160 3432 cap.
1179 3354 1247 3431 Ἀ),

112 3422 248 3500 ῳηῌά
275 3424 463 3482 evertendam
509 3425 784 3486 raedestinationem
810 3427 968 3485 commenti
993 3438 1063 3486 suut
1088 3430 1176 3491 stulti
1191 3430 1246 3491 lte·

111 3498 215 3558 mines.
253 3501 322 3558 Non
345 3501 421 3559 enim
442 3446 621 3561 reffitatione
643 3503 790 3584 indigent,
830 3523 884 3561 uae
904 3503 1023 3562 simulac
1042 3506 1249 3583 proferuntur,

111 3594 193 3636 suam
213 3575 274 3654 ipsa
297 3575 447 3636 falsitatem
458 3577 574 3637 abunde
586 3580 774 3660 redarguunt.
810 3524 848 3638 dn
870 3579 903 3638 iis
922 3590 1034 3638 tantum
1056 3582 1250 3659 immorabor,

111 3650 159 3714 tel
179 3652 216 3710 de
237 3652 341 3731 quibus
361 3653 439 3712 inter
459 3654 562 3715 doctos
582 3657 771 3735 disceptetur,
790 3655 835 3716 vel
878 3676 930 3716 uae
951 3656 1165 3721 difficultatem
1185 3664 1250 3723 sirn-

110 3725 235 3819 plicjbus
254 3727 363 3789 afferre
384 3730 506 3809 possint,
525 3730 572 3792 vel
591 3752 666 3814 quae
685 3734 817 3815 speciose
837 3677 876 3794 ad
893 3733 1110 3817 suggillandam
1127 3738 1191 3802 Dei
1207 3738 1249 3801 iu·

111 3813 218 3866 stiuam
239 3805 404 3885 praetendit
423 3806 566 3889 impietas.
1004 3820 1009 3827 '
