2700 4732
137 174 197 245 m
530 158 924 241 mmfflm'

141 319 251 403 telligit
269 314 348 381 illam
368 320 606 414 trepidationem,
625 321 858 402 quaementihus
870 321 977 383 nostris
990 320 1141 397 incutitur,
1159 321 1277 401 quoties

142 400 306 481 cogitamus
326 411 356 460 et
376 399 446 478 qurd
467 419 520 460 nos
540 399 628 459 simus
648 401 757 472 meriti,
776 410 806 458 ct
824 420 911 478 quam
932 397 1082 459 horribilis
1101 398 1139 458 sit
1159 399 1218 458 irae
1230 398 1276 459 di·

141 474 226 538 vinae
244 475 380 536 severitas
400 474 430 534 in
451 488 631 556 peccatores.
669 474 796 537 llirahili
815 476 893 535 enim
915 475 1120 555 inquictudine
1139 487 1210 535 tnnc
1220 496 1277 535 nos

141 553 237 616 vexari
256 571 376 613 necesse
396 563 451 627 est,
469 566 544 632 qtae
563 563 625 612 tum
641 553 683 611 -ad
703 551 895 611 humilitatem
916 572 970 612 nos
991 553 1106 627 erudit,
1125 562 1186 610 tom
1207 573 1277 612 cau·

142 629 234 692 tiores
253 629 284 688 in
303 640 456 708 posterum
476 629 582 689 reddit.
641 628 758 704 Quodsi
782 629 879 709 oritur
903 648 937 688 ex
962 629 1068 688 timore
1091 627 1277 703 sollicitudo,

141 706 180 769 de
199 727 256 802 qua
276 708 356 786 priua
376 706 500 778 dixerat,
519 705 651 765 videmus
671 726 731 785 quo
752 726 827 765 nexu
848 704 919 765 haec
938 704 1016 765 inter
1035 725 1066 771 se
1086 703 1277 766 cohaereant.

141 781 452 843 Deaederiumvidetur
471 781 542 841 mihi
561 783 691 861 posuisse
710 801 767 873 pro
786 782 941 843 sedulitate
960 781 990 840 in
1011 780 1113 842 oihcio
1134 793 1165 842 et
1186 781 1277 841 ohse-

140 859 252 940 qnendi
281 859 446 932 alacritate,
476 859 511 917 ad
537 879 623 938 quam
645 878 767 919 masrme
786 879 948 939 provocare
966 879 1021 918 nos
1042 857 1131 918 dehet
1150 858 1278 919 delicto·

21 943 24 948 '
140 957 206 997 rum
226 946 396 997 nostrorum
415 935 536 1017 agnitio.
575 936 642 1027 llqe
666 954 786 1027 qpoque
806 935 1042 1015 pertinetrelus,
1069 956 1157 1014 quem
1177 936 1277 995 conti-

141 1035 202 1074 nuo
221 1011 387 1094 subiungit:
418 1012 553 1073 ardorem
574 1032 652 1072 emm
672 1035 695 1073 sr
740 1012 816 1073 rficet
840 1032 899 1145 quo
918 1011 1116 1087 accendimur,
1135 1011 1187 1072 uhi
1200 1012 1278 1072 'acn-

69 1154 71 1159 Α
140 1090 180 1151 lei
198 1090 241 1150 illi
262 1089 349 1149 nohis
368 1088 575 1150 admoventur-2
605 1088 700 1166 „Quis
737 1088 813 1149 fecii
837 1093 909 1163 tuo
935 1108 982 1149 me
1002 1084 1279 1168 praecipitaverat,

140 1167 196 1228 nisi
214 1165 287 1227 mihi
307 1166 365 1225 Dei
384 1165 582 1226 misericordia
600 1165 811 1227 subveniret?“
830 1166 984 1226 Postrema
998 1164 1194 1226 estaindictoe
1236 1185 1278 1226 no

139 1245 218 1380 goim
237 1243 400 1379 seperiorea
419 1243 451 1333 in
471 1262 526 1303 nos
545 1264 659 1335 sumus,
679 1256 711 1379 eq
727 1243 842 1379 gerlore
861 1261 983 1304 censura
1002 1186 1278 1379 q¹¹²ss⁸¹i⁰⁰‘¹¹.¹t}¹'

139 1331 1094 1476 erinididerihohilceihuilhrirhtfwhthorsteelidiiudohpeprdtreestmdriih
1111 1340 1212 1458 hhihla
1225 1341 1279 1457 h?

137 1474 199 1537 riui
230 1473 331 1534 indicii
363 1473 489 1534 horrore
521 1471 669 1554 perculsa,
698 1486 795 1567 partes
827 1473 947 1534 ultionis
973 1474 1002 1533 in
1024 1474 1166 1556 exigenda
1185 1473 1225 1534 de
1242 1494 1278 1535 se

161 1570 237 1613 oena
256 1561 393 1629 occupet.
432 1550 573 1610 Sentiunt
591 1552 722 1631 sanepir,
742 1548 841 1631 quales
860 1571 975 1630 poenae
993 1552 1052 1612 sint
1071 1551 1169 1632 pudor
1195 1570 1281 1612 son·

138 1572 228 1766 ιξιιιιῐο,
248 1627 390 1709 gemitus,
409 1626 592 1764 ditsplieentia
610 1629 717 1764 suimet
734 1627 839 1763 cclhipui
851 1627 985 1719 alleqtus,
1004 1627 1054 1764 qpi
1075 1648 1109 1688 ex
1127 1594 1279 1764 seriadde-

66 1742 70 1747 -
306 1724 428 1763 rcnr
498 1723 515 1763 e
615 1725 654 1763 on
689 1726 713 1764 r.
804 1724 978 1763 emmrmu
1053 1725 1183 1763 mom

140 1722 407 1854 ihi'ifflenduii,
426 1724 614 1841 diutrishiiih
634 1774 688 1843 nos
707 1780 866 1843 absorbeat
874 1725 901 1841 :e
915 1726 993 1860 iquias
1002 1725 1074 1841 nihil
1083 1724 1280 1865 ‘magisoprole'3

137 1861 213 1920 clive
231 1870 276 1920 est
296 1857 418 1938 trepidis
437 1856 640 1933 conscientiis,
672 1878 758 1938 quam
778 1857 808 1915 in
830 1856 1065 1937 desperationem
1086 1860 1178 1919 ruina.
1236 1858 1278 1919 Et

137 1935 197 1997 hoc
216 1933 481 2016 quoque-artificio
501 1933 590 1995 Satan
611 1954 802 2015 quoscunque
822 1934 902 1995 videt
920 1947 1001 1995 metu
1020 1935 1080 1996 Dei
1100 1947 1279 2016 prostrator,

137 2014 168 2073 in
187 2010 369 2094 profundum
388 2010 470 2071 illum
490 2011 635 2072 moeroris
650 2011 802 2094 ‚gurgitem
821 2011 915 2094 magis
937 2032 970 2072 ac
993 2013 1087 2094 magis
1118 2012 1278 2095 demergit,

137 2108 177 2150 ne
196 2107 332 2180 unqpam·
346 2100 506 2179 assurgant
544 2088 613 2147 Non
639 2099 739 2180 potest
755 2087 873 2179 quidem
893 2087 998 2179 nimiqr
1019 2108 1082 2150 esse
1101 2090 1203 2165 danos,
1221 2090 1275 2169 qni

137 2166 168 2227 in
187 2165 382 2240 humilitatem
402 2164 524 2239 desinit,
550 2182 646 2245 neque
667 2164 789 2225 drs'eedrt
808 2187 824 2224 a
844 2187 857 2225 s
880 2183 1027 2226 cremae.
1064 2165 1212 2247 ¹Semper
1229 2178 1275 2229 te-

136 2263 205 2304 men
226 2264 260 2304 ex
279 2241 305 2301 A
328 2241 418 2301 ostoli
436 2252 598 2321 praecepto
617 2242 778 2303 cavendum
798 2186 892 2334 (fich.
913 2248 962 2316 12,
982 2245 1043 2322 3.),
1063 2262 1101 2302 ne
1122 2241 1275 2324 peceato'r,

137 2320 206 2381 dum
225 2339 257 2380 se
277 2339 294 2378 a
318 2315 545 2397 displicentiam
566 2317 720 2393 sollicitat,
740 2318 829 2379 nimra
849 2318 1008 2380 formidine
1026 2339 1183 2399 oppressus
1202 2320 1277 2381 deh-

136 2397 207 2458 ciat:
228 2397 296 2476 quia
316 2393 373 2453 hoc
393 2394 484 2455 modo
505 2395 650 2477 refugitur
669 2396 762 2471 Deus,
785 2399 836 2475 qui
857 2417 909 2476 per
949 2397 1141 2457 oenitentiam
1162 2418 1219 2459 noe
1236 2398 1276 2459 ad

134 2493 167 2534 ae
177 2485 271 2534 vocat.
293 2471 362 2546 Qua
374 2470 411 2529 de
430 2490 463 2531 re
483 2470 560 2532 utilis
580 2483 625 2532 est
637 2472 723 2532 etiam
735 2472 899 2533 admonitio
947 2474 1094 2533 ernardi
1108 2476 1212 2554 (serm.
1224 2480 1274 2541 11.

134 2550 166 2610 in
187 2549 304 2625 Cant):
343 2548 550 2621 „Necessariae
569 2547 658 2609 dolor
677 2568 733 2628 pro
757 2550 899 2629 peccatis,
924 2550 948 2610 si
967 2570 1030 2610 non
1049 2552 1087 2610 sit
1105 2552 1275 2613 continuus.

135 2626 275 2703 „Suadeo
294 2625 452 2684 reflectere
469 2624 576 2704 pedem
596 2626 744 2685 interdum
755 2648 785 2688 -a
798 2625 932 2687 molestia
963 2638 994 2686 et
1024 2627 1108 2689 anxia
1133 2630 1275 2691 recorde-

134 2704 240 2780 „tioue
260 2703 371 2762 viarum
391 2712 567 2779 vestrarum,
600 2715 630 2762 et
650 2703 772 2763 evadere
791 2704 827 2763 ad
847 2703 996 2782 planitiem
1015 2708 1138 2764 serenae
1157 2726 1275 2767 merno-

134 2782 214 2858 „ria'e
234 2778 446 2841 beneficiorum
466 2779 533 2839 Dei.
570 2780 742 2841 illisceamus
761 2780 918 2862 absynthio
930 2781 998 2854 mel,
1019 2793 1051 2839 ut
1061 2781 1277 2845 salubrium·

133 2858 256 2934 ,',ritudo
276 2856 400 2918 salutem
420 2856 488 2914 dere
508 2868 611 2949 queat:
632 2878 697 2916 cum
717 2857 847 2918 immixto
866 2856 987 2917 dulcore
1008 2869 1168 2938 temperata
1189 2858 1276 2921 bihe-

134 2947 224 3072 „turp
251 2944 281 2994 et
305 2934 330 2995 si
355 2931 392 2992 de
411 2931 496 2995 vohis
514 2955 546 2994 ιιι
567 2934 732 2995 hnmilitate
750 2934 875 3009 sentitis,
903 2934 1010 2995 sentite
1030 2946 1061 2994 et
1081 2936 1117 2994 de
1138 2936 1275 2998 Domino

154 3011 186 3071 in
227 3010 369 3071 onitate.“
437 3024 442 3033 ·
1252 3048 1255 3053 -

133 3054 161 3162 ”,
210 3094 257 3153 16.
295 3085 359 3147 lam
378 3097 409 3146 et
430 3087 629 3167 poenitentiae
649 3087 759 3149 lructus
780 3088 879 3180 quales
903 3087 976 3161 sint,
1007 3087 1133 3171 intelligi
1156 3099 1275 3168 potest:

133 3180 241 3245 nempe
261 3154 359 3225 officia
379 3164 496 3245 pietatis
516 3185 586 3248 erga
605 3164 718 3238 Deum,
742 3165 870 3225 caritatis
890 3184 959 3246 erga
980 3164 1132 3241 homines,
1160 3164 1277 3227 adhaec

132 3242 163 3303 in
183 3253 248 3302 tota
267 3240 325 3300 vita
344 3240 547 3316 sanctimonia,
567 3262 600 3301 ac
621 3242 739 3321 puritas.
777 3242 915 3320 Denique
935 3262 995 3321 quo
1015 3241 1127 3305 maiore
1147 3242 1276 3322 quiaque

131 3317 230 3379 studio
250 3317 336 3378 vitam
355 3336 436 3377 suam
454 3317 545 3399 erigit
562 3316 599 3379 ad
620 3336 753 3377 normam
767 3319 854 3402 Legis
872 3319 939 3393 Dei,
960 3337 997 3378 eo
1017 3319 1146 3378 certiora
1165 3319 1275 3397 poeni·

131 3397 242 3456 tentiae
260 3410 331 3453 suae
350 3392 432 3474 signa
452 3393 521 3454 edit.
559 3394 664 3474 ltaque
684 3396 811 3475 Spiritus
836 3415 923 3473 saepe
944 3395 1012 3454 dum
1034 3416 1088 3455 nos
1107 3395 1142 3455 ad
1164 3396 1274 3474 poeni-

131 3470 253 3532 tendam
270 3469 417 3543 hortatur,
437 3490 516 3532 nunc
536 3470 571 3532 ad
590 3471 704 3554 singula
724 3472 812 3553 Legis
834 3485 999 3551 praecepta,
1020 3494 1099 3533 nuuc
1117 3472 1155 3531 ad
1172 3472 1274 3533 officia

131 3547 278 3610 secundae
298 3545 416 3606 tabulae
436 3566 491 3608 nos
512 3560 644 3610 revocat:
674 3568 841 3628 quanquam
865 3549 928 3609 aliis
947 3547 1020 3608 locis
1040 3561 1201 3629 postquam
1214 3548 1273 3610 irn-

130 3624 303 3685 munditiem
324 3622 473 3684 damnavit
492 3624 523 3684 in
544 3624 608 3705 ipso
628 3626 714 3686 sonte
733 3625 842 3700 cordis,
862 3625 970 3685 deinde
991 3625 1027 3684 ad
1047 3638 1165 3685 externa
1185 3626 1273 3687 testi-

130 3702 230 3762 monia
252 3699 415 3775 descendit,
435 3720 509 3780 quae
529 3703 673 3763 sinceram
692 3702 921 3783 resipiscentiam
949 3703 1167 3762 commendant.
1209 3702 1274 3764 Cu·

129 3778 174 3840 ius
194 3779 237 3838 rei
256 3775 385 3838 tabulam
413 3774 442 3837 in
469 3777 668 3859 descriptione
699 3779 776 3840 vitae
804 3776 989 3839 Christianae
1019 3800 1087 3839 mox
1115 3778 1274 3841 subiiciens

40 3880 46 3892 ·
130 3853 275 3916 lectorum
305 3853 398 3915 oculis
428 3854 493 3932 (lib.
512 3862 540 3919 3.
567 3876 594 3916 c·
614 3860 642 3920 6.
662 3856 722 3933 ss).
759 3856 846 3916 'Non
878 3855 1014 3936 colligam
1046 3877 1080 3915 ex
1111 3855 1274 3936 Prophetis
1326 3902 1331 3911 .

129 3929 309 4007 testimonie,
349 3929 434 3993 uihus
443 3932 550 4012 partim
560 3930 741 3992 subsannant
760 3952 862 3993 eorum
882 3933 1017 4012 ineptias,
1032 3932 1081 4011 qui
1095 3933 1274 3993 ceremoniis

128 4009 317 4071 contendunt
367 4028 434 4069 eum
454 4009 579 4087 placare,
600 4010 820 4088 ostenduntque
839 4030 919 4069 mera
940 4029 1002 4071 esse
1016 4009 1140 4069 ludicra:
1161 4010 1273 4089 partim

128 4102 202 4147 vero
221 4095 370 4145 externam
389 4085 465 4146 vitae
484 4085 685 4167 integritatem
706 4086 816 4147 docent
833 4107 896 4145 non
916 4105 979 4147 esse
999 4098 1088 4166 caput
1111 4086 1273 4165 poeniten-

128 4160 198 4239 tiae,
217 4160 284 4242 quia
303 4160 386 4223 Deus
405 4180 459 4223 cor
483 4162 625 4221 intortun-
674 4160 823 4242 -Quisquis
847 4163 1037 4224 mediocriter
1060 4162 1091 4221 in
1116 4163 1272 4243 Scriptura

78 4248 84 4254 '
126 4249 259 4300 versatus
280 4238 378 4312 luerit,
399 4258 453 4319 per
471 4244 520 4312 se,l
534 4238 785 4333 alisquealterius
805 4239 931 4315 monitu,
951 4240 1109 4319 intelliget,
1129 4239 1270 4301 obicum

20 4354 23 4359 -
126 4313 196 4378 Deo
218 4313 372 4399 negotium
392 4326 446 4393 est,
464 4315 539 4377 nihil
559 4336 608 4401 agr
627 4316 684 4380 nrsi
703 4315 740 4377 ah
761 4316 904 4379 interiore
923 4317 1021 4380 cordis
1040 4315 1270 4397 allectuinoipin
