2596 4726
460 212 801 277 nuncnunc
911 176 924 289 Ϊ
1094 224 1200 286 -ss

14 364 17 369 '
52 352 153 419 nlt‘nrl
171 356 367 439 pervertique
384 357 441 419 reli
463 359 562 420 ionem
578 357 660 422 falsis
671 359 840 421 erroribus:
859 359 938 420 unde
949 350 1127 441 colligimus,
1144 359 1197 421 ubi

52 433 121 495 nelo
139 433 363 527 infqnqidersto
384 377 499 515 quidvis
518 433 605 497 nobis
623 437 841 518 permittimus,
867 435 1004 503 frivolum
1024 456 1088 498 esse
1107 457 1207 517 quem*

54 522 253 590 superstition
274 510 447 573 obtendunt
470 523 661 592 praetextum.
715 512 859 588 Quamvis
883 523 982 573 tamen
1006 514 1038 573 in
1062 513 1196 575 omnium

54 606 109 647 ore
127 598 273 667 personet
290 588 365 649 baec
377 589 537 664 confessio,
555 590 649 669 turpis
668 589 787 651 interim
804 609 836 651 se
868 589 949 649 rodit
966 590 1092 667 inscitia,
1112 590 1195 669 quod

54 682 154 754 neque
172 663 337 725 adbaerent
353 665 407 725 uni
424 665 503 741 Deo,
521 684 621 745 neque
641 666 785 728 delectum
806 609 950 727 adbibent
967 666 999 725 in
1019 667 1081 727 eius
1100 666 1194 741 cultu,

54 739 141 801 nientr
160 740 287 801 antebac
312 741 474 807 docuimus.
517 742 611 821 Atqui
630 742 728 820 Deus,
754 756 786 803 ut
805 742 863 803 sibi
881 742 927 803 ius
947 764 1031 802 suurn
1056 742 1194 817 vindicet,

54 814 163 878 elamat
180 836 214 877 se
233 835 297 878 esse
314 815 473 895 aemulum,
492 838 669 880 reseverunt
689 819 755 882 lore
773 820 912 893 ultorem,
930 820 955 879 si
975 840 1040 879 cum
1053 818 1114 880 ullo
1123 817 1194 879 Deo

54 890 160 954 finitio
178 892 352 954 noceatur:
377 893 484 956 deinde
509 893 671 978 legitimum
696 896 805 957 cultum
826 894 944 969 delinit,
973 907 1008 955 ut
1048 914 1119 956 enus
1139 895 1194 955 bu·

55 989 174 1029 nanum
194 968 250 1029 snb
270 970 416 1106 obsequio
437 972 597 1033 contineat.
633 973 803 1052 Utrumque
813 993 879 1034 com
902 972 1020 1032 lectitur
1057 990 1112 1053 ege
1131 991 1194 1045 sna,

55 1044 108 1106 nbi
146 1044 227 1107 rimo
245 1044 338 1106 sibia
361 1046 432 1108 dicit
449 1047 567 1124 fideles,
592 1058 627 1108 ut
649 1049 706 1109 illis
729 1051 768 1109 sit
791 1071 866 1109 unus
911 1048 1065 1129 egislator:
1084 1047 1194 1108 deinde

54 1140 156 1214 repn-
220 1122 396 1202 praescribit
415 1144 473 1203 qua
502 1124 558 1185 rite
584 1143 620 1185 ex
644 1145 698 1186 suo
723 1124 848 1186 arbitrio
873 1125 998 1186 colatur.
1042 1123 1091 1183 De
1110 1124 1193 1207 Lege
1233 1188 1237 1201 ‚

56 1197 192 1277 quadem,
220 1198 289 1279 quin
309 1198 392 1259 multi
416 1200 460 1259 lex
479 1212 524 1261 est
541 1201 603 1263 eius
622 1223 742 1263 usurae
762 1201 844 1277 finis,
873 1222 927 1263 sno
948 1201 1016 1262 loco
1037 1201 1191 1262 disseram:

56 1295 134 1337 nnnc
153 1285 269 1366 partem
294 1274 371 1336 bane
390 1220 528 1337 duntaxat
546 1277 676 1360 attingo,
706 1278 822 1337 frenum
851 1277 912 1338 illic
936 1277 1107 1358 impositum
1128 1296 1192 1338 esse

57 1348 242 1426 bominibus,
264 1370 304 1411 ne
327 1351 364 1411 sd
388 1352 511 1414 vitiosos
531 1352 626 1415 cultus
649 1354 808 1415 declinent.
861 1352 955 1428 Quod
973 1365 1071 1413 autem
1112 1355 1192 1413 tiore

57 1424 123 1489 loen
142 1428 242 1509 posui,
260 1428 422 1489 tenendum
442 1440 496 1503 est,
515 1428 571 1490 nisi
589 1430 620 1490 in
639 1451 702 1491 uno
721 1430 790 1491 Deo
809 1429 937 1492 resideat
956 1429 1076 1521 quicqui
1118 1449 1191 1510 pro-

56 1504 148 1583 prium
170 1516 216 1565 est
235 1502 409 1582 divinitatis,
438 1503 554 1565 honore
578 1526 632 1566 suo
657 1507 751 1588 ipsum
776 1506 913 1587 spoliari,
944 1503 1109 1585 nolamque
1128 1504 1191 1567 eius

57 1581 174 1641 enltnrn.
195 1581 297 1661 Atque
318 1580 363 1641 bic
382 1581 546 1643 intentiore
565 1603 633 1642 cnra
654 1583 885 1644 animadvertere
905 1583 1058 1653 conuenit,
1078 1582 1185 1661 quibus
1215 1618 1218 1623 -

58 1658 167 1745 astutiiq
185 1655 270 1717 ludnt
286 1657 465 1737 superstitio.
502 1659 608 1737 Neque
621 1660 700 1719 enim
719 1660 755 1721 ad
775 1660 889 1721 alienos
901 1659 972 1720 deos
990 1660 1033 1720 sic
1045 1658 1192 1732 desciscit,

58 1745 88 1794 ut
103 1734 242 1795 videatur
258 1755 404 1794 summum
418 1734 521 1794 'Deum
542 1735 695 1807 deserere,
719 1736 765 1797 vel
790 1737 820 1797 in
841 1737 965 1797 aliorum
985 1734 1121 1795 ordinem
1140 1752 1191 1793 re-

60 1810 169 1892 digere:
195 1810 249 1871 sed
269 1810 338 1870 dnm
358 1831 525 1904 supremum
545 1810 644 1871 locum
663 1813 707 1872 illi
725 1812 878 1884 concedit,
903 1810 1020 1871 turbam
1040 1811 1190 1871 minorum

22 1954 27 1967 ,
59 1887 177 1948 deornm
197 1887 370 1963 circumdat,
388 1899 466 1949 ruter
484 1909 559 1966 quos
579 1890 699 1969 propria
719 1890 781 1948 cius
801 1889 898 1948 officis
916 1889 1058 1967 partitur:
1077 1888 1117 1948 ita
1137 1884 1193 1964 (ti-

58 1976 100 2024 eet
120 1963 340 2024 dissimulanter
358 1974 390 2025 et
407 1964 527 2042 callide)
547 1964 707 2025 divinitatis
725 1963 836 2045 gloria,
861 1984 900 2025 ne
918 1964 994 2056 apud
1014 1984 1106 2023 unum
1124 1973 1190 2023 tota

58 2053 186 2115 maneat,
205 2040 375 2102 dissecatur.
414 2042 464 2101 Sic
482 2054 596 2102 veteres
616 2041 688 2101 olim
708 2054 766 2101 tarn
787 2062 820 2100 er
839 2042 954 2101 Iudaeis
974 2061 1059 2120 qnam
1081 2037 1189 2098 Genti-

44 2116 127 2188 bus,
151 2118 275 2177 deorum
294 2118 371 2197 patri
391 2129 422 2177 et
440 2117 553 2179 arbitro
578 2119 731 2211 ingentem
750 2117 828 2178 illam
847 2118 964 2179 turbam
983 2116 1190 2191 subdiderunt,

60 2194 162 2271 quibus
179 2195 343 2254 communis
362 2206 453 2269 esset,
479 2215 534 2274 pro
554 2196 666 2255 ordinis
685 2188 817 2269 ratiorle,
841 2194 919 2254 coeli
943 2205 974 2253 et
997 2206 1095 2253 terrae
1121 2214 1188 2252 cum
1271 2210 1273 2214 ⁴

60 2291 168 2331 summo
187 2272 255 2330 Deo
275 2270 496 2332 administratio.
549 2272 598 2331 Sic
617 2271 731 2350 aliquot
750 2283 831 2330 retro
851 2271 989 2345 saeculis,
1014 2270 1116 2331 Sancti
1137 2268 1188 2349 qui
1239 2304 1241 2309 ,

59 2348 109 2408 bac
128 2348 185 2408 rita
210 2359 403 2422 excesserant,
421 2348 451 2407 in
471 2347 530 2407 Dei
547 2350 718 2410 societatem
738 2348 834 2408 evecti
853 2359 938 2420 sunt,
957 2359 990 2406 nt
1010 2368 1064 2427 pro
1085 2346 1137 2405 illo
1157 2356 1200 2405 et·

57 2426 223 2485 colerentur
247 2438 279 2485 et
302 2428 511 2485 invocarentur
537 2436 567 2484 et
592 2423 822 2484 celebrarentur.
873 2424 940 2484 Tali
968 2423 1189 2485 abominatione

36 2522 89 2562 -ue
113 2502 256 2563 olluscnri
284 2501 404 2581 quidem
422 2513 568 2581 putamus
594 2501 652 2562 Dei
680 2502 879 2575 maiestatem,
910 2522 1001 2580 quum
1026 2520 1133 2582 magna
1153 2516 1187 2558 es

54 2592 133 2659 psrte
153 2578 354 2659 supprimatur
373 2590 404 2638 et
415 2579 627 2671 exstinguatur:
648 2578 702 2637 nisi
723 2578 802 2656 quod
824 2576 958 2660 frigidam
977 2577 1138 2637 retinemus
1150 2575 1187 2634 de

53 2677 186 2738 suprema
198 2655 260 2715 eius
280 2655 415 2736 potentia
433 2656 616 2736 opinionem.
639 2653 758 2715 Interes
777 2654 937 2716 involucris
956 2653 1083 2734 decepti,
1103 2650 1187 2712 didu-

52 2734 144 2794 cimus
163 2734 197 2792 in
215 2734 313 2792 vanos
333 2732 414 2792 deos.
720 2780 723 2785 .

125 2816 156 2874 2
197 2809 281 2882 Quin
311 2810 399 2868 etiam
418 2809 448 2868 in
468 2807 547 2868 bunc
572 2809 661 2867 finem
687 2809 807 2868 inventa
832 2819 877 2867 est
901 2804 1001 2866 latriae
1026 2817 1057 2866 et
1081 2803 1189 2881 duliae,

10 2890 17 2907 '
51 2906 137 2967 quam
157 2885 318 2966 appellant,
338 2885 496 2960 distinctio,
516 2908 575 2965 quo
596 2887 722 2964 impune·
735 2886 905 2944 viderentur
925 2904 960 2943 an
973 2883 1038 2942 ⁷elis
1057 2892 1088 2940 ct
1107 2901 1188 2940 mor·

50 2967 104 3023 tuis
123 2964 281 3023 transcribi
293 2963 385 3021 divini
405 2961 542 3024 bonores.
581 2963 680 3037 Quem
701 2961 778 3021 enim
792 2961 908 3020 Sanctis
927 2905 1041 3020 cultum
1050 2957 1191 3017 deserunt

52 3040 204 3135 Papistae,
228 3039 301 3119 nibil
320 3059 354 3097 re
374 3039 432 3118 ipsa
451 3039 574 3098 differre
594 3061 609 3097 a
630 3039 688 3098 Dei
709 3037 789 3098 cnltu
809 3037 902 3117 palam
924 3049 977 3096 est.
1015 3035 1189 3095 Promiseue

53 3136 127 3178 errm
141 3129 174 3177 et
187 3117 285 3176 Deum
305 3128 335 3175 et
355 3115 421 3176 illos
441 3116 575 3189 adorant,
595 3116 650 3174 nisi
660 3114 740 3194 quod
752 3114 820 3173 dum
841 3123 994 3194 urgentur,
1014 3113 1189 3191 exceptione

53 3194 103 3253 bac
122 3193 263 3266 evadunt,
282 3192 352 3252 Deo
371 3212 402 3252 se
421 3193 566 3252 illibatum
577 3212 694 3253 servare
706 3192 787 3270 quod
807 3213 891 3249 suum
912 3201 966 3265 est,
986 3189 1055 3269 quia
1074 3188 1189 3247 latriam

52 3271 90 3331 illi
108 3271 291 3350 relinquant.
328 3269 420 3348 Atqui
440 3269 477 3328 de
495 3289 621 3342 re,*non
642 3269 678 3328 de
697 3286 771 3328 voce
792 3288 881 3345 quum
900 3267 938 3327 sit
956 3265 1104 3344 quaestio,
1124 3263 1190 3343 quis

53 3348 105 3407 dlis
124 3352 280 3428 permittat
303 3358 362 3407 tarn
387 3364 488 3407 secure
513 3346 544 3405 in
567 3366 600 3405 re
621 3346 752 3405 omnium
776 3344 902 3415 maxima¹
917 3340 1037 3404 ludere?
1076 3341 1189 3399 Verum

51 3432 97 3503 (nt
110 3425 170 3485 boc
184 3444 304 3505 quoqne
315 3423 497 3499 omittamus)
507 3444 568 3483 non
579 3422 656 3482 aliud
667 3421 785 3483 tandem
796 3431 1015 3499 consequentur
1024 3438 1075 3481 sus
1084 3416 1190 3479 ‹listin-

51 3502 161 3575 ctione,
182 3522 270 3581 quem
282 3499 392 3560 cultum
407 3499 444 3558 ab
459 3501 527 3580 ipsis
538 3499 668 3559 uuillen
680 3498 830 3578 praestari,
849 3496 913 3555 aliis
923 3508 1019 3556 autem
1029 3494 1189 3556 servitium.

52 3584 175 3649 Anrpstn
204 3578 284 3638 enim
310 3576 387 3655 apud
408 3575 541 3637 Graecos
566 3576 644 3636 valet
668 3587 811 3654 quantum
834 3570 910 3652 apud
937 3573 1059 3632 Latinos
1083 3570 1190 3645 cultim

52 3660 162 3712 tovena
180 3676 253 3714 vcro
275 3653 395 3734 proprie
414 3655 587 3713 servitutem
606 3664 703 3713 sonat:
731 3662 762 3711 et
785 3662 885 3710 tamen
909 3650 938 3708 in
961 3647 1122 3728 scripturis
1141 3648 1188 3705 in-

51 3732 165 3792 terdum
184 3730 382 3792 confunditur
406 3730 464 3789 boc
484 3731 647 3790 discrimen.
690 3729 787 3787 Porro
810 3736 845 3785 ut
869 3727 970 3787 demus
994 3745 1057 3785 esse
1081 3741 1188 3803 perpe-

51 3822 148 3883 tnum,
167 3828 277 3888 nempe
296 3807 504 3886 inquirendum
526 3819 570 3865 est
589 3806 659 3886 quid
680 3816 837 3883 utrumqne
855 3802 968 3874 valeat,
989 3804 1100 3857 δουλεία
1121 3798 1187 3878 qni-

54 3887 116 3945 desn
135 3887 260 3947 servitus
281 3895 336 3957 est,
355 3887 465 3953 λατρεία
483 3883 585 3941 cultus.
624 3883 687 3940 Iam
708 3881 779 3961 quin
799 3881 890 3938 maius
910 3878 1048 3956 quiddam
1067 3877 1105 3935 sit
1124 3896 1188 3934 ser-

52 3964 111 4023 vire
130 3985 219 4043 quam
238 3961 352 4034 colere,
372 3980 460 4019 nemo
481 3959 603 4020 dubitat.
640 3961 714 4018 Nam
736 3958 763 4016 ei
782 3957 892 4017 servire
904 3956 1008 4015 durum
1031 3964 1107 4012 esset
1125 3971 1188 4011 sae·

53 4059 222 4118 penumero,
242 4057 332 4118 quens
354 4036 454 4099 colere
472 4057 534 4095 nnn
555 4055 717 4095 recusares:
736 4035 776 4094 ita
793 4033 894 4111 iniqua
915 4043 992 4091 esset
1010 4027 1188 4104 distributio,

53 4118 153 4177 sanetis
173 4117 325 4198 assignare
345 4113 426 4192 quod
446 4113 537 4173 maius
557 4125 616 4185 est,
642 4113 709 4172 Deo
730 4109 810 4189 quod
831 4110 925 4167 minus
946 4118 990 4166 est
1008 4105 1187 4196 relinquere.

53 4192 92 4251 At
114 4193 284 4273 complures
311 4208 346 4250 er
366 4191 514 4252 veteribus
540 4189 594 4250 bae
614 4190 802 4249 distinctione
822 4187 866 4244 usi
885 4195 962 4245 sunt.
1012 4182 1093 4257 Quid
1114 4195 1189 4256 turn,

55 4268 202 4406 ιῐὶιοπιιιιεεΡ
213 4290 280 4331 eam
301 4266 485 4349 perspiciunt
503 4287 565 4328 non
585 4267 677 4328 modo
695 4263 886 4347 impropriam
907 4280 980 4336 esse,
998 4260 1050 4322 sed
1069 4260 1188 4341 penitus

68 4365 197 4408 rnoam.
