2700 4732
101 200 161 265 m
456 190 543 255 -ΙιΙΒ,
561 191 620 253 llI.
660 192 750 257 cnP.
768 190 882 253 XXIII.

107 347 234 411 creator,
251 354 324 415 quoa
334 334 366 395 ln
375 334 493 396 mitium
502 337 596 398 ituros
608 337 672 397 sine
683 336 870 397 dubitatione
880 332 1084 415 praesciebat:
1104 330 1235 411 idqueita

109 414 229 487 iactum,
248 412 315 491 quia
326 411 480 473 aicvoluit.
505 413 569 474 Cur
587 424 684 473 autem
695 412 833 487 voluerit,
853 432 914 471 non
925 428 990 471 ease
1003 420 1141 469 nostrum
1150 410 1236 469 ratio·

110 510 179 550 nem
192 489 256 569 exig
290 506 318 563 e,
337 488 387 567 qui
398 488 647 567 comprehendere
658 508 896 567 nonporsumusa
913 504 1013 567 neque
1024 484 1238 559 conreuirqrtt

111 566 209 628 divina
228 508 360 625 rttlrrmm
378 566 410 623 in
435 566 664 626 controuersiam
677 565 766 645 ¹apud
793 584 847 625 uos
866 560 1025 623 descendat
1042 560 1101 637 (ei.
1120 562 1237 643 August.

112 660 159 721 ep.
178 646 276 717 106),
306 639 343 700 de
362 660 419 719 qua
460 641 554 701 uoties
575 641 698 701 babetur
716 660 830 713 sermo,
862 638 917 700 sub
942 638 1033 717 ipsius
1053 635 1238 697 nominetu-

110 736 213 798 prema
231 716 356 777 iustitiae
376 662 475 809 regula
494 718 671 776 nominatur.
711 716 792 791 Quid
804 734 875 797 ergo
888 713 925 774 de
940 712 1102 791 iniquitate
1113 712 1238 791 quaestio

110 805 261 868 moretur,
284 791 335 852 ubi
361 792 469 853 iustitia
488 792 565 853 ctare
588 793 728 872 apparet?
766 793 870 871 Neque
885 802 960 851 uero
979 808 1036 850 uos
1061 788 1174 867 pudeat
1189 790 1239 849 im·

111 868 275 949 proborum
294 888 364 941 ora,
383 868 466 927 Pauli
489 868 632 948 exempto,
651 868 694 929 cie
714 869 881 929 obstruere:
904 886 939 927 ac
957 864 1079 943 quoties
1099 864 1240 925 oblatrare

112 945 280 1018 audebunt,
299 944 457 1004 identidem
478 956 628 1023 repetere,
660 944 789 1017 Quinam
815 943 883 1003 estis
901 940 1002 1001 miseri
1021 939 1177 1015 homines,
1193 940 1239 1021 μ’

111 1021 179 1081 Deo
199 1021 412 1110 accusationem
431 1020 599 1110 intentatis?
620 1032 650 1080 et
669 1020 736 1081 ideo
756 1019 920 1093 intentatis,
939 1016 1009 1096 quia
1026 1035 1159 1097 operum
1175 1036 1239 1109 sno:

112 1116 184 1234 nr.
198 1096 426 1263 stersus
445 1092 1240 1259 r„ntmrmnn“ennom

114 1248 227 1307 ciorum
247 1248 304 1306 Det
324 1247 407 1307 claris
426 1268 458 1308 ex
481 1248 628 1308 crimentis
646 1248 733 1309 robis
757 1259 828 1307 nota
853 1259 905 1305 est.
951 1244 1041 1305 Sertis
1062 1244 1166 1305 vocari
1182 1244 1239 1323 (Pe.

113 1328 163 1395 36,
182 1326 227 1398 7.)
246 1322 425 1401 profundum
445 1268 594 1402 elyseum:
625 1346 703 1384 nunc
727 1323 838 1405 ingenii
858 1321 945 1382 vestri
964 1322 1117 1412 angustias
1137 1340 1239 1381 com

112 1396 180 1473 lite,
205 1419 242 1458 au
262 1400 342 1478 quod
367 1400 494 1461 decrerit
517 1401 594 1480 apud
619 1422 650 1461 se
670 1402 765 1473 Deus,
788 1400 913 1479 capiant.
961 1396 1045 1471 Qurd
1067 1416 1144 1489 ergo
1169 1398 1241 1457 iurat

113 1472 1240 1632 tffitltilllssi.”ltlti‘tittttt‘iiiimxiiiiillidi

114 1624 207 1697 aruer,
222 1628 301 1706 quon
322 1627 358 1687 n
376 1600 664 1709 a....,‚.n'...rnr
683 1630 740 1689 un
758 1627 898 1707 ,antenna
919 1636 948 1685 n
966 1622 1095 1683 serranus
1115 1626 1241 1703 poena

113 1714 174 1765 tam
200 1703 319 1764 historia
337 1704 394 1779 lob
422 1726 507 1783 quam
533 1705 698 1787 prophetici
722 1703 788 1764 libri
808 1699 993 1783 praedicant?
1031 1700 1067 1759 Si
1089 1700 1241 1761 tumultua-

114 1789 165 1839 tur
183 1801 264 1840 meus
285 1793 344 1857 tua,
365 1802 401 1840 ue
422 1783 518 1863 pigeat
537 1782 739 1865 Augustini
760 1780 910 1841 consilium
930 1775 1070 1856 amplecti
1090 1778 1146 1856 (de
1165 1776 1240 1837 verb

115 1854 219 1935 Apost
238 1877 323 1916 serm.
342 1860 420 1935 20.):
447 1859 516 1933 „Tu
536 1858 626 1917 lromo
646 1869 791 1937 exspectas
811 1878 827 1916 a
847 1874 894 1913 me
914 1873 959 1913 res
981 1873 1109 1914 onauma
1142 1866 1174 1915 et
1190 1872 1240 1935 ego

115 1952 201 2009 ,pum
228 1930 326 1993 bomo.
373 1934 475 2012 Itaque
497 1934 584 1994 ambo
609 1934 758 1994 audiamus
778 1933 937 2004 dicentem,
957 1875 985 1989 ll
1006 1928 1113 2006 homo,
1134 1940 1168 1989 tu
1185 1930 1240 2010 qn'u

115 2007 186 2083 „eal
206 2008 311 2068 melior
330 2022 374 2069 est
393 2009 484 2070 fidelis
504 2012 667 2091 ignorantia
685 2030 771 2089 quam
789 2006 1089 2067 temerariascientia.
1131 2006 1241 2083 Quaere

116 2085 255 2159 ‚meritas
278 2106 336 2145 non
357 2087 487 2147 invenies
508 2086 561 2146 uisi
581 2107 721 2165 poenam:
742 2084 909 2145 oaltitndo!
929 2080 1033 2141 Petrus
1047 2094 1155 2163 negat:
1174 2082 1240 2143 tarra

116 2160 247 2235 „creditr
273 2182 292 2221 o
313 2161 449 2225 altitudo!
489 2161 615 2236 Quaeris
635 2174 666 2222 tu
687 2160 849 2221 rationem?
887 2158 953 2238 Ego
973 2177 1166 2237 expavescam
1184 2156 1241 2219 alti-

117 2234 280 2311 „tudinem
320 2237 368 2297 Tu
389 2238 577 2312 ratiocinare,
597 2260 654 2319 ego
674 2232 817 2297 mirabor:
838 2249 869 2296 tu
889 2235 1014 2311 disputa,
1036 2254 1096 2315 ego
1117 2234 1240 2295 credatur

116 2310 320 2387 „altitudinem
339 2313 441 2403 video²
466 2314 502 2373 ad
523 2315 699 2394 protundum
725 2334 786 2372 non
807 2310 955 2393 pervenio.
993 2309 1157 2389 Requievit
1174 2310 1241 2371 un·

118 2385 199 2461 „lus‚
219 2388 286 2465 quia
306 2388 528 2448 admirationem
549 2391 667 2451 invenit.
719 2390 815 2448 Vocat
838 2386 887 2447 illc
907 2384 1108 2446 inscrutabilia
1131 2386 1189 2447 Dei
1205 2386 1241 2447 'n-

119 2461 233 2537 „diciar
265 2475 295 2521 ιι
313 2474 346 2522 tu
369 2465 490 2523 serutari
511 2465 631 2525 venisti?
670 2464 723 2524 llle
744 2465 814 2524 dicit
842 2460 1060 2522 investtoabites
1094 2464 1160 2523 eiua
1177 2462 1241 2525 vieta

118 2547 171 2613 „et
189 2548 222 2596 tu
240 2538 401 2620 vestigas?“
437 2540 565 2601 Ulterius
585 2542 772 2620 procedendo
794 2540 864 2599 nilril
884 2510 1086 2618 proficiemus:
1107 2560 1179 2601 natu
1195 2558 1242 2599 uec

118 2612 239 2675 satisfiet
270 2634 372 2675 eorum
403 2618 594 2694 petulantiae,
624 2637 678 2678 nec
708 2617 761 2677 alia
789 2628 857 2697 eget
886 2614 1061 2674 defensione
1089 2615 1241 2691 Domiuru,

121 2709 207 2769 quam
227 2712 282 2768 qua
302 2710 356 2768 per
375 2692 516 2770 Spiritum
540 2716 622 2753 suum
642 2716 709 2753 usus
729 2707 783 2766 est,
804 2693 853 2771 qui
873 2711 927 2771 per
946 2711 978 2750 os
999 2689 1086 2749 Pauli
1107 2690 1243 2771 loqueba·

119 2776 183 2827 tur:
204 2779 234 2826 et
252 2767 306 2846 ipsi
326 2768 497 2829 dediscimus
516 2770 593 2829 bene
614 2770 710 2849 loqui,
735 2770 869 2828 obicum
891 2769 956 2827 lico
977 2766 1060 2843 loqui
1083 2767 1243 2829 desiniat}

196 2848 224 2906 6.
262 2843 394 2903 Alterum
415 2866 533 2925 quoque
554 2847 700 2905 obiectum
720 2847 755 2905 ab
778 2847 924 2924 impietate
944 2843 1072 2923 emergit
1091 2845 1148 2920 (cl‘.
1167 2866 1190 2905 s.
1205 2836 1243 2933 4)

120 2919 200 2998 quod
225 2930 321 2978 temen
352 2942 413 2980 non
446 2934 502 2981 tarn
528 2923 563 2981 ad
584 2923 640 2981 Dei
664 2921 897 3004 suggillationem
938 2919 1060 2978 uantad
1088 2932 1244 2999 peccatone

122 2997 334 3056 excusationem
353 3009 431 3057 recta
451 3012 570 3088 spectat.
621 2999 697 3072 Etsi,
724 2999 773 3076 qui
794 3019 808 3056 a
830 2998 896 3055 lleo
917 2941 1077 3054 ‘dominatur
1102 3006 1245 3075 peccator,

123 3072 241 3130 nonnisi
263 3095 327 3132 cum
347 3074 448 3133 indicis
468 3075 627 3153 ignominia
646 3073 792 3133 iustificari
811 3074 926 3131 demum
946 3082 1053 3150 potest.
1107 3072 1162 3133 Sic
1181 3090 1244 3163 ergo

122 3147 262 3224 profanae
283 3148 398 3229 liuguae
419 3150 617 3229 obganniunt,
648 3151 710 3211 Cur
730 3172 761 3208 ea
782 3150 852 3209 vitio
874 3150 952 3207 Deus
973 3146 1140 3226 imputaret
1159 3148 1245 3209 borut-

123 3221 224 3295 nibus,
255 3244 379 3302 quorum
399 3227 597 3285 necessitatem
617 3248 666 3286 sua
685 3226 948 3305 praedestinatione
968 3224 1131 3301 imposuit?
1172 3221 1246 3301 Quid

124 3298 201 3356 enim
226 3299 373 3359 lacerent?
404 3322 439 3361 an
471 3323 536 3360 curn
563 3302 684 3361 decretis
710 3303 770 3361 eius
797 3298 991 3360 luctarentur?
1030 3298 1074 3358 Λι
1095 3298 1247 3361 frustrati

123 3372 225 3432 tacturi
239 3375 313 3464 sint,
333 3397 420 3455 quum
441 3380 562 3437 omnino
583 3377 677 3437 iacere
698 3378 899 3468 nonpossint.
938 3378 1009 3464 Non
1027 3394 1106 3456 ergo
1127 3376 1195 3437 iure
1213 3374 1247 3437 ob

122 3468 157 3509 ea
177 3462 346 3529 pumuntur,
366 3474 490 3531 quorum
512 3453 663 3532 praecipua
683 3455 713 3512 in
731 3455 786 3512 ller
802 3453 1072 3587 praedestinatrone
1094 3474 1184 3513 causa
1202 3462 1248 3513 en

122 3522 180 3586 flio
199 3524 352 3586 abstinebo
377 3550 393 3587 a
413 3529 600 3604 defensione,
625 3530 660 3588 ad
686 3550 770 3608 quarn

125 3615 289 3676 recurrunt,
309 3624 369 3662 non
381 3605 521 3683 impedire
532 3604 589 3665 Dei
624 3606 831 3677 nescientiam,
841 3605 996 3683 quominus
1009 3602 1102 3664 lromb
1114 3616 1250 3686 peccator

125 3689 292 3757 reputetur:
324 3681 558 3771 quandoquidem
590 3627 664 3741 idios
693 3682 779 3753 mala,
811 3703 871 3740 non
895 3702 945 3739 sua
965 3678 1046 3736 lleus
1073 3682 1248 3757 praesideat

123 3754 193 3813 Nou
213 3755 292 3814 enim
311 3754 358 3816 luc
377 3755 544 3816 subsisteret
563 3757 720 3831 cavillatio,
739 3757 789 3817 sed
810 3757 907 3835 potius
927 3764 1062 3835 urgeret,
1088 3756 1193 3817 Deum
1209 3768 1250 3817 te·

125 3848 192 3887 meu
212 3831 293 3890 malis
312 3852 387 3911 quae
407 3834 583 3922 praeviderit
604 3835 729 3925 potuisse
750 3852 921 3904 occurrere,
939 3833 963 3889 si
981 3830 1141 3893 voluisset:
1164 3852 1248 3912 qu·

124 3924 187 3963 non
206 3904 323 3981 lecerit,
349 3909 491 3968 destruato
512 3909 635 3970 consilto
656 3930 766 3969 creasse
786 3910 933 3967 bominem
954 3907 984 3965 in
1003 3926 1071 3965 eum
1093 3907 1203 3981 finem,
1219 3918 1249 3967 ut

122 3998 155 4041 te
174 3981 203 4040 in
225 3993 302 4042 terra
321 3984 361 4044 ita
370 3997 494 4065 gereret.
534 3986 625 4059 Quod
638 3986 660 4046 si
674 3986 732 4044 Dei
752 3984 933 4063 providentia
953 3982 984 4041 in
1004 3981 1079 4042 hane
1100 3984 1248 4045 conditiu-

124 4074 193 4121 uem
213 4058 302 4120 bomo
322 4072 434 4120 creatus
455 4073 512 4133 est,
547 4074 579 4121 ut
604 4073 702 4142 postea
728 4062 835 4122 iaceret
855 4078 1044 4149 quaeeunque
1073 4058 1162 4135 lacit,
1192 4078 1248 4121 nou

123 4148 187 4193 etue
206 4134 254 4193 il¹li
272 4134 386 4197 crimini
406 4136 585 4211 vertendum,
606 4138 684 4217 quod
704 4158 760 4198 nec
780 4137 910 4219 elingere
930 4146 1035 4216 possut,
1066 4146 1099 4195 et
1117 4135 1182 4197 Dei
1198 4154 1247 4195 ru·

123 4202 236 4297 lqutete
255 4215 479 4295 constringatur.
525 4215 605 4295 Ergo
625 4214 768 4274 videamus
788 4211 937 4293 quomodo
962 4212 1018 4269 rite
1043 4213 1145 4273 nodus
1167 4230 1247 4292 expe·

124 4280 180 4345 dut
197 4284 313 4351 debeat.
362 4289 493 4352 Primum
518 4290 648 4354 omnium
672 4302 806 4354 constare
830 4289 908 4351 inter
933 4307 1035 4351 omues
1061 4288 1156 4351 debet
1174 4284 1246 4371 quod

814 3549 863 3588 ere
886 3530 1043 3605 scriptores
1065 3527 1250 3591 ecclesiastici
