2596 4726
121 224 180 287 388
500 214 576 275 tto.
597 212 651 273 lV.
692 213 780 276 CAP.
800 214 880 273 XVl.

123 361 236 441 templo
256 357 332 418 illins
351 358 453 429 obliti,
474 358 648 419 cantilenam
669 359 835 436 invertunt,
854 380 888 419 ac
909 357 1180 419 (iircnmeisionem
1197 357 1262 437 qni·

121 438 189 501 dem
209 436 332 519 figuram
356 434 504 515 appellant
527 436 747 496 mortificandae
772 435 883 511 carnis,
913 434 1099 515 Baptismum
1120 454 1192 495 vero
1215 454 1261 495 ae·

120 514 283 598 pultnram,
315 512 450 590 inquam
479 512 550 571 nulli
577 512 631 573 nisi
656 512 713 572 iam
740 512 862 585 mortui,
893 512 1032 572 tradendi
1056 512 1128 571 sint.
1178 510 1261 585 Quae

120 590 362 675 phreneticorum
394 588 494 647 deliria
523 600 604 647 tanta
630 588 746 648 levitate
773 586 932 648 dissiliant?
971 590 1048 647 Nam
1074 587 1178 667 priore
1196 608 1261 647 sen·

122 666 225 742 tentia,
245 664 410 744 Baptismus
431 664 657 725 Circunacisioni
678 665 791 745 praeire
812 664 917 739 debet,
939 684 992 745 per
1011 662 1140 724 alteram
1160 664 1189 723 in
1208 684 1260 743 po·

121 743 277 807 sterinrem
304 739 402 800 locum
429 741 583 823 relegatur.
626 742 730 820 Neque
755 752 852 801 tamen
880 762 990 801 norum
1018 739 1188 819 exemplum
1212 752 1260 815 est,

122 832 157 881 ut
176 819 327 878 hominum
349 818 483 899 ingenia,
509 817 559 876 ubi
581 838 635 896 pro
657 817 818 877 certissimo
839 818 895 877 Dei
916 818 1008 877 verbo
1031 816 1163 877 adorant
1181 815 1258 897 quie·

123 895 195 981 qnid
214 893 403 967 somniarint,
423 915 534 951 sarsum
555 893 690 952 deorsum
712 895 751 953 ita
769 892 952 953 volutentur.
1001 894 1067 953 Nos
1088 913 1165 973 ergo
1185 891 1259 972 prin·

122 974 187 1035 rem
206 970 285 1031 illam
297 969 503 1042 differentiam,
523 989 634 1027 merum
649 990 711 1029 csse
730 970 875 1029 somnium
888 969 1020 1030 dicimus.
1061 966 1096 1028 Si
1115 970 1148 1029 in
1161 980 1256 1029 ortano

125 1052 173 1111 die
193 1046 306 1108 libebat
324 1047 501 1117 ἀλληγορεΐν.
528 1067 588 1105 non
620 1058 718 1105 tamen
740 1066 776 1105 eo
797 1046 886 1105 modo
907 1044 1122 1105 conveniebat.
1169 1043 1257 1103 Multo

125 1126 213 1189 satius
233 1121 321 1182 luerit
340 1130 408 1198 post
431 1131 547 1180 veteres
573 1143 726 1181 numerum
751 1121 934 1183 octonarium
962 1122 992 1179 in
1015 1120 1257 1183 resurrectionem

126 1214 232 1265 octavo
254 1197 300 1257 die
322 1197 425 1255 iactam
444 1196 572 1271 referre,
603 1198 682 1257 unde
701 1198 777 1259 vitae
805 1198 962 1258 novitatem
986 1196 1124 1277 pendere
1143 1200 1257 1259 scimus:

127 1276 233 1339 autad
253 1285 349 1333 totum
363 1275 521 1353 praesentis
533 1275 607 1333 vitae
627 1296 753 1349 cursum,
773 1296 832 1355 qno
854 1274 1016 1353 procedere
1035 1293 1157 1353 semper
1176 1272 1259 1332 debet

126 1349 324 1420 mortificatio,
345 1349 488 1409 doncceo
509 1362 640 1429 peracto,
661 1352 722 1431 ipsa
741 1370 859 1430 quoque
880 1360 996 1429 peracta
1017 1348 1119 1409 luerit.
1160 1348 1257 1424 Quan-

148 1448 214 1488 uam
238 1424 331 1486 videri
362 1428 450 1505 queat
470 1424 549 1487 Deus
580 1426 900 1487 aetatis'teneritndini
932 1426 1102 1517 prospicere
1128 1425 1260 1500 soluisse,

127 1453 391 1568 hircumcisionem
413 1501 441 1559 in
464 1501 539 1561 diem
561 1516 694 1563 octavum
715 1502 897 1562 disserendo:
939 1523 1058 1562 uoniam
1080 1502 1196 1576 vulnus,
1215 1520 1259 1561 re-

128 1601 197 1643 cens
218 1578 294 1639 natis
314 1589 344 1637 et
373 1577 465 1635 adhuc
486 1600 501 1637 a
524 1591 614 1639 matre
636 1579 809 1639 rubentibus
829 1524 1020 1659 periculiosius
1042 1577 1173 1639 laturum
1194 1590 1260 1637 erat.

128 1660 250 1734 Quanto
271 1654 421 1714 nervosius
441 1666 484 1714 est
507 1656 592 1730 illud,
612 1677 665 1715 nos
685 1657 741 1716 iam
761 1668 830 1715 ante
855 1668 987 1715 mortuos
1006 1660 1063 1735 per
1082 1654 1260 1734 Baptismnm

127 1732 245 1815 sepeliri
255 1730 356 1823 (Rom.
369 1736 398 1801 (i,
410 1734 467 1807 ·l.):
490 1754 579 1810 qnum
593 1732 743 1812 Scriptura
764 1732 870 1791 diserte
891 1730 1040 1805 reclamet,
1059 1753 1119 1791 nos
1139 1752 1174 1791 ea
1192 1752 1260 1790 eon·

129 1810 291 1870 ditionem
312 1819 437 1866 mortem
458 1808 576 1887 sepeliri
597 1810 824 1881 utemoriamur,
844 1830 876 1867 ac
897 1806 1158 1868 mortificationem
1180 1808 1259 1867 istan

129 1886 232 1947 exinde
262 1882 458 1944 meditemur?
507 1885 569 1943 Iam
601 1884 728 1945 eiusdem
760 1897 803 1943 est
828 1884 1004 1945 dexteritatis
1029 1882 1114 1964 quod
1144 1884 1261 1944 seminat

129 1984 190 2024 non
212 1981 273 2029 ¹esse
294 1959 478 2039 baptizandas
499 1959 677 2035 cavillantur,
697 1965 720 2020 si
739 1960 918 2040 liaptismum
945 1960 1167 2022 circumcisioni
1192 1981 1260 2020 con·

128 2038 249 2100 formari
270 2060 287 2097 o
312 2048 414 2097 orteat.
453 2038 525 2095 Nam
546 2038 569 2096 si
589 2039 850 2127 compertissimum
864 2048 917 2112 est,
927 2037 1161 2099 circumcisionis
1180 2038 1259 2119 signo

127 2127 263 2176 testatam
284 2058 371 2173 lirisse
391 2112 508 2172 seminis
519 2112 672 2173 israelitici
692 2114 961 2187 sanctificationem,
981 2135 1014 2173 ex
1033 2136 1070 2174 eo
1093 2133 1192 2195 neque
1212 2114 1259 2173 du-

128 2193 211 2253 bium
237 2201 296 2263 est,
324 2189 394 2269 quin
425 2189 551 2248 maribus
577 2190 687 2269 pariter
712 2212 745 2252 ac
779 2190 892 2251 leminis
923 2190 1138 2251 sanctificandis
1168 2190 1258 2251 daturo

127 2267 226 2328 fuerit.
265 2266 335 2325 Sola
356 2277 450 2323 autem
471 2266 665 2327 masculorum
685 2287 810 2347 corpora
829 2268 893 2347 ipso
915 2266 1173 2344 imprimebantur,
1192 2284 1258 2357 puae

84 2354 91 2377 ¹
127 2364 182 2425 per
201 2352 334 2402 naturam
355 2354 509 2419 poterant:
530 2343 572 2402 sic
593 2356 688 2402 tamen
711 2356 743 2403 ut
764 2344 888 2402 feminae
930 2363 963 2402 er
982 2364 1033 2403 eos
1055 2342 1257 2403 circumcisio·

127 2419 173 2479 nis
193 2416 409 2497 quodammodo
431 2418 527 2475 sociae
549 2441 582 2479 ac
593 2432 745 2480 consortes
767 2431 871 2480 essent.
909 2364 1013 2498 itaque
1033 2419 1141 2480 talibus
1163 2438 1257 2479 eorum

127 2493 245 2573 ineptiis
265 2490 368 2572 procul
388 2491 539 2573 ablegatis,
561 2499 589 2551 in
611 2497 749 2573 baptismi
770 2518 802 2555 ac
815 2496 1053 2555 (iircmncisionis
1073 2496 1257 2556 similitudine

127 2571 312 2644 haereamus,
334 2590 418 2647 quam
440 2569 613 2647 amplissime
635 2573 664 2628 in
687 2573 845 2632 ministerio
867 2572 1015 2645 interiori,
1041 2574 1072 2632 in
1095 2574 1256 2652 promissio·

127 2648 226 2720 nibus,
246 2648 274 2705 in
296 2668 359 2715 castr,
381 2649 408 2703 in
431 2645 554 2705 efficacia
577 2648 718 2725 quadrare
739 2649 941 2728 conspicimus.

203 2730 250 2788 17.
290 2722 447 2781 Rationem
473 2744 590 2803 quoqne
622 2725 812 2785 firnrissimam
842 2725 1005 2783 obtendere
1038 2725 1097 2785 sibi
1118 2726 1257 2799 videntur,

127 2823 180 2862 cur
199 2800 317 2859 arcendi
337 2801 374 2858 sit
394 2821 409 2858 a
430 2801 579 2879 liaptismo
605 2802 704 2880 pueri,
739 2803 806 2859 dum
833 2813 1000 2875 causantur,
1031 2823 1094 2862 non
1122 2822 1185 2863 esse
1212 2823 1257 2881 per

128 2890 253 2936 aetatem
275 2875 368 2934 adhuc
389 2877 523 2947 idoneos,
545 2877 593 2955 qni
619 2878 760 2958 signatum
782 2877 839 2937 illic
864 2880 1033 2957 mysterium
1059 2893 1257 2958 assequantur.

127 2954 163 3012 ld
182 2966 280 3013 autem
303 2964 345 3012 est
364 2952 519 3032 spiritualis
542 2956 737 3033 regeneratio,
758 2955 947 3032 (praerodere
969 2956 997 3013 in
1021 2957 1146 3034 primam
1168 2957 1257 3015 ialam

125 3030 194 3090 tiam
216 3051 276 3087 non
299 3041 405 3107 potest.
450 3029 553 3106 Itaque
574 3030 733 3111 colligunt,
756 3052 814 3087 nnn
837 3029 893 3089 alio
915 3029 982 3089 lncn
1005 3032 1159 3092 habendos
1180 3053 1256 3111 «priam

124 3126 181 3184 pro
201 3105 284 3163 Adae
305 3104 384 3179 filiis,
417 3105 512 3161 donec
546 3105 574 3162 in
600 3119 725 3165 aetatem
750 3106 936 3165 adoleverint
954 3109 1101 3167 secundae
1122 3108 1257 3168 nativitati

124 3192 349 3262 congruentem.
401 3180 491 3257 Atqui
523 3180 565 3237 bis
591 3184 726 3241 omnibus
753 3182 860 3261 ubique
885 3183 1050 3263 refragatur
1071 3186 1130 3243 Dei
1150 3188 1256 3243 recitas

122 3257 197 3315 Nam
217 3257 240 3313 si
260 3258 339 3314 inter
350 3256 423 3315 lilios
437 3256 517 3313 Adae
529 3258 643 3316 sinendi
656 3271 732 3332 sunt,
754 3260 780 3316 in
796 3273 891 3318 rrrorte
908 3260 1130 3339 relinquuntur:
1146 3260 1255 3340 quando

124 3333 154 3391 in
175 3332 271 3391 Adam
298 3332 368 3390 nihil
394 3353 477 3409 quiam
504 3335 579 3391 mori
604 3357 765 3425 possumus.
813 3337 925 3395 Contra
946 3358 1020 3395 vero
1044 3338 1183 3397 (lirristns
1208 3336 1256 3397 sibi

123 3407 229 3467 adduci
249 3407 340 3466 iubet.
381 3409 462 3481 Quid
484 3408 541 3467 ita?
562 3432 629 3487 (prm
650 3413 707 3469 rita
728 3424 778 3470 est.
830 3413 887 3471 llos
909 3433 981 3493 ergo
1003 3425 1035 3471 ut
1053 3414 1201 3489 vivificet,
1220 3412 1255 3473 sui

146 3485 281 3577 articipes
303 3484 384 3542 lacit:
407 3506 494 3561 pretim
517 3487 632 3545 interim
655 3488 709 3560 isti,
731 3488 961 3569 lengenbactos,
982 3494 1070 3548 morti
1084 3491 1254 3551 adiudicant.

122 3506 197 3620 Ram
218 3582 242 3620 st
262 3562 500 3651 tergiversantur,
520 3584 579 3621 non
601 3564 669 3622 ideo
690 3565 787 3643 perire
808 3565 944 3636 infantes,
964 3565 986 3622 si
1007 3565 1059 3624 filii
1073 3568 1156 3626 Adae
1176 3588 1253 3646 repu-

122 3648 241 3711 tentur,
265 3648 333 3695 satis
358 3656 503 3715 superque
525 3640 695 3719 Scripturae
717 3641 883 3700 testimonio
905 3662 1008 3700 eorum
1030 3663 1116 3702 error
1136 3644 1254 3704 revinci·

121 3721 170 3772 luc
189 3712 461 3802 (1.C0r.15,22.).
501 3715 574 3773 Nam
593 3739 680 3795 quum
702 3718 730 3774 in
743 3716 836 3775 Adam
858 3736 959 3776 omnes
980 3722 1057 3777 mori
1100 3721 1254 3789 ronuntiet,

120 3800 254 3866 sequitur
279 3787 385 3847 nullam
412 3790 466 3847 nisi
497 3792 525 3849 in
548 3792 666 3851 Christo
692 3794 770 3851 ritae
799 3816 879 3872 spem
900 3806 1019 3853 restare.
1073 3742 1146 3870 δυο
1175 3798 1252 3877 igitur

119 3862 197 3922 vitae
218 3862 356 3923 haeredes
377 3864 487 3940 fiamus,
508 3888 561 3926 nos
583 3891 648 3928 cum
669 3889 704 3929 eo
726 3873 941 3930 corrmmnicare
963 3883 1096 3951 oportet.
1135 3874 1250 3932 Rursum

119 3958 210 4018 quum
231 3941 371 4018 seriptum
391 3940 458 4000 alibi
478 3944 514 4001 sit
528 3946 615 4022 (lipb.
628 3953 657 4013 2,
669 3950 722 4021 3.),
743 3959 845 4005 natura
858 3968 911 4006 nos
922 3948 980 4007 irae
993 3948 1052 4007 Dei
1074 3970 1177 4009 omnes
1198 3964 1250 4007 esse

118 4013 279 4085 obnoxios,
300 4019 381 4075 acin
403 4032 524 4097 peccato
544 4035 703 4101 conceptos
724 4023 785 4098 (Ps.
803 4030 850 4097 51,
866 4026 924 4097 7.),
952 4023 998 4082 cui
1020 4024 1170 4085 danmatio
1191 4045 1248 4103 per·

118 4101 210 4168 petuo
232 4091 384 4150 adhaeret:
407 4114 423 4150 e
444 4107 545 4155 natura
568 4110 667 4156 ntistra
686 4100 880 4180 demigremus
901 4121 918 4158 o
942 4111 1032 4175 ortet,
1052 4115 1206 4182 antequam
1225 4100 1247 4157 in

118 4185 242 4247 regnum
256 4167 313 4226 Dei
333 4169 426 4230 aditus
447 4173 531 4232 nobis
552 4188 658 4253 pateat.
698 4176 736 4232 tlt
752 4178 820 4253 qnid
838 4123 1011 4236 ‹tic-idacius
1026 4178 1246 4257 potest(1.Cor·

117 4246 164 4315 15,
182 4245 263 4321 50.),
297 4265 383 4322 quam
405 4268 522 4307 carnem
548 4261 578 4308 et
601 4253 773 4331 sangninem
795 4272 918 4333 regnum
938 4253 996 4311 Dei
1024 4255 1176 4332 possidere
1196 4270 1245 4313 non

115 4318 221 4397 posse?
260 4320 422 4381 Aboleatur
443 4345 513 4405 ergo
535 4326 672 4406 quicquid
694 4340 826 4389 nostrum
850 4341 892 4387 cst
913 4329 1009 4408 (quod
1031 4352 1093 4393 non
1116 4334 1187 4393 citra
1207 4348 1244 4386 rt⁴
