2596 4726
397 220 518 289 ‘uu
535 226 579 289 ΙΙ,
616 228 707 291 CAP.
726 228 784 290 111.
953 304 956 311 Α
1128 238 1188 299 m

45 366 164 451 prodire
181 367 270 447 boni,
290 367 390 431 donee
407 370 570 433 reformata
585 370 689 433 luerit:
712 385 741 433 et
755 386 823 455 post
839 372 1094 452 reformationem,
1113 380 1186 457 'qua-

46 460 129 507 tenus
146 443 228 507 bona
249 456 307 523 est,
326 467 344 507 a
361 446 431 508 Deo
450 468 523 524 esse,
542 469 604 509 uon
625 470 641 509 a
660 450 757 510 nobis.

118 530 149 589 9.
186 522 240 584 Sic
261 534 293 583 et
313 524 501 605 precationes
519 539 688 585 sauctorum
712 527 895 606 compositae
924 528 1073 609 leguntur.
1111 527 1185 602 „lu-

47 600 154 673 ,elinet
170 620 228 660 cur
247 612 383 661 uortrum
402 602 479 662 adse
495 601 652 672 Dominus,
672 602 787 663 dicebat
799 603 920 665 Salumo
930 606 971 683 (1.
985 604 1059 687 Reg.
1070 606 1185 697 ⁸⁷58),

48 688 97 751 ,ut
114 696 265 736 aerremur
286 678 420 737 mandata
439 684 522 738 rua.“
563 679 757 739 Pervicaciaru
789 680 885 740 cordis
917 681 1012 741 nostri
1043 683 1184 758 ostendit,

48 752 123 833 quod
142 752 173 811 iu
192 751 284 835 Legis
303 754 418 815 divinae
436 754 631 814 rebellionem
652 756 824 827 naturaliter
848 756 987 833 exsultet,
1007 757 1062 817 uiri
1081 757 1183 817 flecta·

49 841 100 889 tur.
138 828 222 889 idem
243 840 276 889 et
294 830 327 889 iu
347 830 463 891 Psalmo
483 836 567 912 (119,
585 838 646 905 36.)
664 832 799 908 babetur,
818 832 933 893 Ineliua
954 854 1125 895 cormeum
1144 834 1181 895 ad

49 905 212 966 testimonia
231 918 293 969 tua.
332 906 458 988 Semper
476 910 556 968 enirn
578 910 707 968 notanda
728 922 773 969 est
797 910 946 972 autitbesia
964 911 1044 970 inter
1063 930 1183 990 perver-

50 1003 107 1043 sum
126 982 226 1043 cordia
245 994 371 1056 motum,
391 1005 451 1062 quo
474 985 569 1045 fertur
587 984 623 1046 ad
643 988 872 1060 contumaciam,
905 999 936 1048 et
965 988 1183 1047 correctionem

51 1059 131 1133 lanc,
148 1078 206 1137 qua
225 1059 258 1118 iu
278 1059 451 1141 obsequium
471 1062 596 1144 cogitur.
634 1062 729 1124 David
749 1076 846 1123 autem
868 1075 1009 1143 quum'se
1029 1063 1201 1123 directrice‘
1233 1102 1235 1106 -

51 1136 137 1216 gutia
169 1134 207 1195 ad
234 1148 349 1216 tempor
375 1137 511 1197 orbatum
538 1139 625 1199 luisse
651 1139 925 1213 sentienr,.1)eurn
952 1154 1041 1220 rogat
1071 1151 1105 1198 ut
1130 1159 1184 1200 cor

50 1212 184 1271 nundum
205 1213 238 1272 iu
257 1232 289 1273 ae
309 1225 404 1288 creet,
436 1215 577 1296 Spiritum
605 1230 718 1276 rectum
746 1216 865 1275 innovet
895 1217 926 1277 iu
947 1217 1004 1277 suis
1023 1215 1183 1277 visceribus

50 1288 105 1366 (Pa.
123 1295 175 1363 51,
196 1293 276 1367 12),
314 1311 413 1350 annon
434 1312 537 1353 omues
557 1294 654 1353 cordis
677 1293 721 1352 sui
746 1305 842 1373 partes
865 1293 1034 1372 impuritate
1057 1292 1182 1353 relertaa

50 1366 189 1445 aguoacit,
208 1379 240 1427 et
259 1366 393 1446 spiritum
414 1367 533 1447 obliqua
552 1371 696 1448 pravitate
717 1370 907 1430 coutorturui
937 1369 1110 1428 munditiem
1129 1389 1181 1428 au-

50 1454 102 1501 tem
126 1463 215 1523 quam
235 1442 363 1565 flagitat,
394 1445 451 1505 Dei
476 1460 637 1508 ereaturam
656 1446 807 1523 vocando,
837 1468 937 1508 aunon
957 1457 1049 1506 totam
1069 1445 1113 1505 illi
1131 1466 1182 1506 ac-

10 1536 13 1559 ·
53 1531 158 1599 ceptam
170 1519 281 1582 relert.
306 1520 414 1603 Siquis
435 1524 570 1604 excipiat,
588 1526 790 1605 precationem
810 1525 902 1617 ipsam
920 1524 1035 1618 siguum
1055 1542 1119 1584 esre
1138 1521 1181 1603 pii

52 1598 193 1677 mutique
224 1597 362 1672 aliectus,
400 1613 538 1692 prompta
564 1613 608 1663 est
631 1601 756 1678 solutio,
787 1623 917 1682 quamue
941 1622 998 1661 ram
1029 1599 1125 1679 aliqua
1145 1616 1181 1657 ex

54 1685 124 1753 parte
142 1675 315 1755 resipuisset
335 1676 446 1751 David,
475 1678 612 1741 coulerre
631 1692 729 1739 tamen
750 1680 879 1759 priorem
899 1689 1006 1738 statum
1035 1698 1104 1739 cum
1132 1674 1182 1736 illa

53 1749 118 1811 tristi
136 1751 233 1827 ruina,
255 1774 342 1832 quum
362 1767 497 1836 expertus
516 1768 587 1816 erat.
626 1756 786 1816 Personam
807 1776 880 1836 ergo
913 1754 1040 1815 bominis
1070 1774 1087 1813 a
1113 1751 1182 1812 Deo

57 1826 163 1889 elienati
181 1830 358 1922 suscipiens,
390 1834 497 1892 merito
522 1833 579 1894 sibi
599 1833 660 1893 dari
679 1836 764 1913 petit,
789 1851 982 1912 quaecunque
1002 1828 1104 1891 electis
1122 1827 1181 1890 auia
1205 1852 1230 1869 ·‘
1279 1885 1284 1891 .

56 1904 80 1963 ir
96 1919 323 1989 regeneratione
344 1908 462 1969 confert
480 1908 572 1970 Deus.
630 1912 734 1990 ltaque
753 1920 873 1969 mortuo
893 1906 1011 1982 similis,
1040 1915 1126 1986 optat
1149 1924 1182 1965 re

56 1981 150 2042 iterum
169 1984 276 2062 creari,
294 1997 327 2045 ut
348 2007 381 2046 ex
399 1987 547 2067 ruaucipio
569 1988 693 2047 Satanae
713 1985 765 2045 fiat
783 1986 804 2045 S
828 1986 911 2047 iritur
922 1983 1016 2046 sancti
1027 2002 1180 2065 organum.

56 2058 119 2119 llira
135 2082 208 2121 saue
229 2073 261 2120 et
276 2072 451 2154 portentosa
470 2064 625 2144 superbiae
645 2075 764 2124 nostrae
782 2008 885 2125 tilido.
942 2059 1023 2127 Nihil
1051 2059 1181 2120 reveriua

57 2135 188 2198 Dominus
208 2140 316 2221 exigit,
338 2162 424 2222 quarn
450 2153 481 2199 ut
506 2141 724 2224 religiosissime
747 2162 831 2199 suum
855 2137 1009 2199 sabbatum
1040 2136 1181 2227 obserye-

59 2234 120 2287 uos,
136 2215 318 2295 quiescendo
339 2217 449 2279 scilicet
469 2217 505 2277 ab
531 2217 670 2298 operibus
694 2218 816 2277 uostris:
849 2238 864 2276 a
894 2216 981 2276 uobis
1006 2234 1078 2273 vero
1107 2210 1181 2271 urlul

60 2291 134 2373 arag'a
150 2312 241 2375 aegre
259 2292 444 2374 impetratur,
463 2316 550 2374 quam
570 2306 641 2355 uto
664 2293 762 2356 eribus
781 2293 888 2355 uostris
902 2293 998 2353 valere
1008 2289 1102 2381 iussis,
1119 2287 1181 2348 Dei

61 2367 181 2448 operibus
200 2371 308 2430 iustum
329 2370 427 2432 locum
447 2372 591 2433 cedamus.
677 2372 710 2432 isi
730 2370 862 2431 'obstaret
880 2368 1028 2444 vecordia,
1045 2378 1114 2427 ratu
1133 2365 1182 2425 lu·

19 2494 22 2499 .
63 2445 195 2505 colentum
216 2449 418 2507 testimouium
438 2448 565 2508 reddidit
587 2447 689 2529 gratiis
714 2448 775 2510 suis
798 2447 951 2521 Christus,
982 2464 1020 2505 ue
1051 2442 1181 2524 maligue

10 2998 13 3010 ·
67 2978 158 3041 Meum
176 2986 320 3063 aptitudo.
1156 3052 1164 3067 ο

67 3060 169 3150 potestis
189 3066 294 3174 lacere.
343 3064 412 3123 Nou
444 3062 516 3154 dicit
544 3084 599 3123 uos
619 3082 682 3153 esse
700 3061 895 3135 infirmiores,
915 3080 1001 3139 quum
1022 3057 1072 3147 qui
1092 3052 1180 3187 nolppr

11 3206 29 3279 :¹
67 3133 573 3296 illitissaltabili?
587 3135 1180 3276 §ili‘¹'llutl”il÷l‘lii'llssiss

12 3330 16 3343 .
66 3284 140 3348 iustu
157 3291 233 3367 vitis,
253 3313 328 3372 quae
348 3305 410 3351 turn
431 3316 446 3351 a
466 3304 561 3352 terrae
581 3291 715 3366 humore,
742 3304 805 3350 turn
825 3310 842 3349 a
862 3309 931 3348 rore
951 3287 1085 3360 coelesti,
1116 3295 1180 3343 tum

19 4546 24 4575 ,

10 4592 23 4661 ιι
87 4650 97 4661 ι

63 2522 303 2601 supprimerentur.
329 2526 428 2617 ,Ego
448 2523 637 2617 aununiuquit
655 2524 718 2661 510.
738 2530 789 2598 15,
808 2525 851 2602 1.)
870 2523 947 2598 vitis,
965 2543 1017 2583 vor
1031 2519 1178 2601 palmites:

64 2600 154 2671 „Pater
171 2620 254 2660 meus
274 2602 403 2694 agricola
425 2614 476 2661 est
516 2612 600 2663 orout
623 2621 660 2693 pa
673 2620 734 2661 mes
752 2621 814 2662 uon
836 2611 935 2681 potest
955 2599 1082 2659 fructum
1101 2595 1181 2654 lerre

10 2688 12 2701 '
65 2676 213 2766 meipso,
233 2678 289 2738 nist
308 2680 447 2739 manserit
466 2680 495 2737 in
516 2679 591 2738 vite:
610 2700 651 2739 src
672 2699 726 2738 nec
747 2699 809 2752 vos,
828 2678 881 2738 uisi
902 2677 930 2736 iu
944 2672 1180 2736 memaureritia:

66 2773 135 2843 „quta
152 2753 216 2813 siue
235 2777 282 2815 me
303 2756 374 2814 nihil
395 2757 516 2836 potestis
538 2756 664 2815 lacere.“
703 2754 736 2815 Si
761 2778 822 2813 uou
850 2754 935 2813 aliter
965 2771 1019 2832 per
1043 2771 1098 2810 uos
1118 2749 1180 2807 sru-

10 2832 13 2845 '
66 2828 212 2905 micarum,
232 2853 318 2912 quam
338 2834 468 2893 revulsus
488 2855 502 2892 a
523 2844 599 2891 terra
620 2831 741 2911 palmes,
760 2844 791 2891 et
811 2831 936 2888 humore
952 2830 1092 2908 privatus,
1111 2844 1181 2907 ger·

67 2904 147 2965 niun:
178 2928 238 2966 nou
262 2921 368 2970 estam
391 2909 444 2969 lius
466 2908 681 2989 quaerendum,
712 2928 786 2989 quae
804 2909 842 2967 rit
862 2918 982 2966 naturae
1002 2898 1180 2991 nostrae-ad

363 2930 428 3047 bec
447 2986 581 3068 ambigua
602 2997 646 3046 est
664 2986 716 3045 ista
737 2983 900 3056 conclusio,
931 2983 1003 3040 Siue
1031 3002 1079 3041 rue
1106 2975 1180 3035 nrbtl

66 3365 152 3427 aeolis
170 3367 306 3428 soruento
328 3369 519 3451 vegetationis
539 3368 618 3427 dvrrit
638 3369 802 3450 energiam:
834 3364 906 3425 nihil
930 3366 961 3423 iu
986 3365 1068 3423 bono
1089 3376 1181 3439 opere

65 3445 262 3504 murenulis
281 3446 379 3517 video,
411 3446 435 3506 si
466 3444 534 3504 Deo
562 3444 706 3504 illibatum
736 3464 884 3505 servamus
915 3443 994 3521 quod
1018 3460 1101 3499 suurn
1128 3447 1181 3495 est.

64 3516 246 3600 nequicquam
268 3522 440 3583 obtenditur
459 3520 563 3581 frivola
583 3522 712 3603 argutia,
741 3541 858 3580 succum
879 3520 935 3578 iam
955 3518 1098 3606 inclusum
1118 3529 1182 3571 ease

64 3589 226 3675 bpatmite,
246 3610 275 3657 et
295 3598 352 3658 vitu
373 3598 544 3678 proferendi
564 3597 690 3657 fruetus:
714 3598 842 3675 ideoque
862 3618 922 3654 nou
944 3614 1043 3653 onrura
1064 3606 1181 3652 atemere

64 3682 158 3734 tirrra
178 3676 260 3735 vela
303 3675 373 3734 rima
398 3675 512 3749 radice,
541 3674 610 3754 quia
634 3674 742 3752 aliquid
772 3694 856 3733 auum
882 3669 1025 3730 conterat.
1073 3669 1181 3743 Neque

64 3747 127 3838 erim
145 3751 221 3812 aliud
241 3697 305 3811 rull
324 3752 473 3826 Christus,
503 3770 589 3831 quam
610 3772 665 3811 nos
684 3751 796 3810 aridum
822 3759 854 3807 et
871 3748 953 3839 nihili
974 3765 1035 3806 esse
1055 3743 1180 3833 liguum,

63 3821 102 3883 tlt
120 3848 214 3889 turnus
235 3828 272 3888 ab
292 3848 330 3887 eo
349 3829 488 3909 separati:
522 3828 589 3907 qula
614 3849 745 3888 seorsum
773 3825 852 3884 nulla
877 3837 915 3885 stt
939 3848 969 3884 an
997 3819 1084 3880 nobas
1103 3817 1181 3905 bene

63 3905 153 4036 aghendi
173 3905 306 3978 facultas,
323 3904 486 4040 ricutlalibi
506 3897 1040 4038 qi⁰q1¹i⁰inqui(maligni-{32²⁴
1055 3892 1183 4046 ,,3ι;ι;ιῐιέ

62 3995 366 4141 ἷιὲἷιέιιῖυἷῗιῑῖοἶ,
385 3990 560 4135 iiiiii
580 3991 785 4146 aflligit
800 3997 967 4115 iiiii-il
989 4018 1019 4110 ui
1039 4049 1107 4108 1000
1124 4044 1181 4105 um
1215 4062 1218 4067 ·

64 4141 155 4192 ‘’ull'‘
194 4134 296 4207 „licus
316 4145 370 4208 ιιι,
389 4134 495 4225 inquit,
515 4133 565 4212 qui
585 4133 615 4192 in
635 4132 717 4193 volus
737 4143 880 4212 operatur
899 4142 929 4189 et
948 4128 1022 4218 velle
1042 4135 1073 4214 et
1091 4121 1182 4203 perli-

64 4212 149 4274 “stf‘
184 4210 346 4291 Priorpars
358 4230 456 4290 opens
468 4209 552 4285 boui,
573 4221 617 4271 est
634 4208 779 4271 voluntas:
801 4208 902 4283 altera,
919 4204 1029 4294 vululus
1048 4222 1079 4260 ur
1100 4217 1182 4289 exse-

66 4285 170 4358 quendo
191 4298 325 4347 conatus:
345 4287 498 4365 utriusque
517 4298 621 4348 auctor
640 4297 684 4346 est
702 4285 793 4345 Deua.
830 4282 913 4364 Ergo
937 4282 1068 4371 Doruruo
1092 4295 1183 4336 surrr-

67 4359 160 4437 llmm,
176 4364 201 4424 ιί
217 4362 287 4444 quid
305 4362 394 4426 uobis
412 4384 582 4446 arrogantur
601 4364 701 4424 autin
719 4361 888 4437 voluntate,
918 4371 970 4421 aut
998 4376 1030 4417 ru
1061 4354 1183 4416 ellectu.
