2700 4732
477 196 552 259 mu.
573 159 632 255 1v.
667 195 756 259 eae.
776 194 874 257 xvn.
939 188 1007 204 ’
1197 196 1256 259 tat

116 341 172 400 lem
198 360 259 401 esse
280 339 444 401 Christum:
475 339 526 400 sed
558 361 613 421 pro
639 340 775 402 consessu
800 351 933 413 sumunt,
958 337 1038 418 quod
1057 356 1145 397 nemo
1166 357 1252 397 sanus

115 417 171 477 illis
192 416 282 489 dabit,
303 435 471 496 non-posse
490 415 576 491 aliter
587 417 698 479 Christi
712 438 819 497 corpus
838 417 870 477 iu
883 415 988 481 Coena
1004 413 1066 475 dari
1086 413 1140 473 nisi
1162 433 1249 493 oper·

115 506 176 553 tum
199 495 279 572 panis
299 491 386 553 larva.
427 492 524 571 Atque
544 494 602 552 hoc
622 495 715 574 ipsum
737 505 792 568 est,
812 492 848 552 de
869 513 929 572 quo
943 490 1095 552 uobiscum
1116 490 1247 582 litigant:
1266 548 1270 553 .

117 581 229 628 tantum
250 569 341 642 abest,
361 581 394 628 ut
413 569 666 649 principiiloeum
687 568 830 630 obtineat.
880 569 925 628 Ac
945 567 1013 628 dum
1037 567 1077 626 ita
1124 573 1248 643 arrrunt,

115 648 264 726 coguntur
289 643 394 724 duplex
423 645 520 706 lacere
541 645 651 706 Christi
671 666 792 726 corpus:
825 644 894 725 quia
919 644 1000 704 inse
1021 586 1132 703 visibiie
1152 642 1246 702 estin

115 721 201 780 coelo
221 722 382 781 secundum
402 741 463 796 eos,
483 722 513 781 in
536 722 638 783 Coena
659 733 756 783 autem
776 721 893 802 speciali
914 719 1135 802 dispensationis
1156 718 1246 779 modo

114 797 270 857 invisibile.
311 797 408 872 Quam
427 818 500 858 vero
520 798 598 858 belle
619 798 675 859 hoc
686 799 854 873 conveniat,
872 809 933 858 tum
955 816 988 855 ex
1007 795 1068 856 aliis
1080 794 1249 874 Scripturas

115 872 196 946 locis,
218 886 276 932 tum
289 872 371 933 Petri
390 873 560 936 testimonio
583 875 666 936 facile
685 874 824 935 iudicium
839 886 890 935 est.
928 871 1010 932 Dicit
1018 871 1134 946 Petrus,
1155 890 1247 950 opor-

114 961 178 1010 tere
192 949 339 1010 Christum
356 951 385 1009 in
398 950 482 1011 coelo
494 953 557 1043 capi
568 950 612 1013 vel
632 951 855 1029 comprehendi,
874 951 968 1010 donec
988 949 1093 1010 iterum
1113 947 1249 1008 adveniat

113 1026 237 1102 (Act-3,
250 1030 321 1101 lb).
359 1027 547 1102 nocentius,
566 1026 676 1108 ubique
695 1028 828 1088 locorum
850 1046 921 1100 esse,
940 1023 991 1086 sed
1011 1024 1122 1104 absque
1143 1024 1245 1083 lorma.

113 1103 279 1192 Eucipiunt
298 1102 431 1182 iniquum
445 1122 517 1178 esse,
535 1116 667 1163 naturam
678 1103 799 1195 gloriosi
808 1105 941 1183 corporis
960 1099 1104 1161 subiicere
1115 1121 1246 1160 commu·

114 1200 159 1238 nrs
180 1190 299 1239 naturae
324 1179 445 1260 legibus.
490 1180 530 1239 At
552 1181 582 1240 ui
610 1180 792 1243 Servetrcuns
818 1179 888 1241 illud
915 1177 1048 1240 delirium
1071 1177 1168 1257 (quod
1188 1174 1245 1268 piis

113 1255 248 1314 omnibus
268 1255 374 1314 merito
395 1201 566 1317 detestabile
586 1258 655 1333 est),
675 1256 844 1336 absorptum
868 1254 954 1316 luisse
975 1274 1082 1345 corpus
1101 1274 1117 1314 a
1139 1253 1243 1313 divinu-

112 1341 183 1404 tate,
201 1349 299 1391 secum
318 1332 408 1393 trahit
426 1333 496 1392 haec
507 1332 669 1413 responsio.
707 1333 776 1392 Nun
789 1333 867 1407 dico,
878 1353 928 1393 cos
948 1332 986 1391 ita
997 1342 1123 1405 sentire:
1143 1349 1250 1400 verum

112 1407 136 1466 si
156 1406 233 1465 inter
252 1408 336 1469 dotes
356 1408 513 1490 glorificati
533 1410 666 1490 eorporis
687 1421 856 1469 numeratur
886 1406 1021 1469 invisibili
1040 1408 1130 1467 modo
1146 1406 1242 1466 omnia

113 1483 248 1563 implere:
282 1504 456 1578 corpoream
476 1485 666 1547 substantiam
685 1484 798 1547 aboleri
818 1453 912 1566 palam
934 1495 991 1559 est,
1012 1502 1067 1544 uec
1087 1483 1242 1543 discrimen

111 1558 201 1618 ullum
224 1559 349 1639 relinqur
375 1561 489 1622 deitatis
510 1574 539 1622 et
558 1562 700 1622 humanae
721 1572 851 1621 naturae.
902 1559 1019 1619 Deinde
1038 1559 1062 1620 si
1082 1559 1123 1618 ita
1142 1557 1242 1618 multi-

114 1636 209 1695 lorme
229 1648 259 1694 et
283 1638 391 1696 varium
413 1650 457 1698 est
477 1638 587 1700 Christi
611 1658 733 1720 corpus,
763 1649 796 1697 ut
815 1658 875 1697 uno
896 1636 926 1695 in
947 1636 1014 1695 loeo
1034 1646 1187 1715 appareat,
1210 1633 1242 1693 in

112 1711 206 1771 altero
226 1712 262 1770 sit
282 1712 438 1775 invisibile:
464 1714 514 1775 ubi
533 1715 595 1807 ipsa
616 1714 749 1796 corporis
769 1725 886 1788 natura,
926 1712 984 1771 uod
1004 1712 1062 1772 suis
1082 1709 1242 1771 dimensio·

112 1788 198 1847 nibus
219 1789 350 1850 constat?
382 1802 412 1850 et
430 1790 481 1850 ubi
501 1790 614 1853 unitas?
651 1791 718 1852 Lon
741 1810 758 1850 e
782 1790 890 1850 rectius
940 1787 1109 1848 ertullianus
1129 1784 1194 1866 (lih.
1213 1793 1243 1851 4·

113 1875 192 1922 cont.
205 1864 311 1940 Marc.)
330 1864 381 1946 qui
400 1885 499 1927 verum
520 1878 551 1928 et
568 1866 700 1927 naturale
719 1810 829 1930 Christi
848 1886 955 1945 corpus
974 1862 1062 1924 luisse
1079 1861 1244 1936 contendit,

112 1939 178 2019 quia
200 1939 260 1999 eius
280 1939 309 1999 in
330 1943 469 2022 mysterio
490 1943 610 2005 Coenae
634 1941 728 2026 ligura
757 1942 844 2003 uobis
875 1940 1054 2023 proponitur
1077 1942 1109 1999 iu
1157 1940 1243 2031 igous

76 2024 79 2029 ’
111 2038 144 2075 ac
165 2015 369 2078 certitudinem
390 2020 465 2080 vitae
483 2019 648 2101 spiritualis.
667 2054 705 2066 -
719 2019 782 2079 .l'.t
807 2030 886 2078 certe
907 2017 943 2078 de
964 2036 1091 2097 corpore
1130 1962 1242 2077 lisrroso

113 2091 230 2150 dicebat
249 2092 382 2155 Christus
401 2096 488 2173 (Luc.
502 2097 639 2175 24,39.);
664 2094 792 2172 „Videte
818 2106 848 2154 et
871 2093 1004 2188 palpate,
1028 2093 1096 2173 quid
1109 2035 1244 2173 ghpirittts

113 2188 230 2228 carnem
250 2181 280 2227 ct
300 2190 364 2229 ossa
383 2192 443 2231 non
465 2171 585 2232 hahet.“
622 2172 700 2233 Ecce
719 2173 807 2252 ipsius
823 2170 932 2232 Christi
951 2189 1005 2230 ore
1025 2169 1120 2231 carnis
1140 2169 1244 2230 veritas

112 2244 269 2323 probatur,
299 2246 366 2324 quia
386 2246 433 2328 pal
455 2249 496 2308 ari
538 2259 613 2308 otest
632 2269 665 2309 ac
683 2248 791 2310 videris
810 2246 894 2307 aufer
917 2246 987 2322 ista,
1012 2246 1069 2305 iam
1090 2265 1159 2327 caro
1181 2263 1243 2306 esse

112 2321 234 2380 desinet.
273 2321 398 2402 Semper
417 2269 453 2384 ad
472 2269 624 2385 latibulum
645 2324 899 2405 confugiuntsuac
911 2321 1144 2402 dispensationis,
1176 2342 1241 2382 uam

112 2397 166 2457 sibi
188 2396 374 2460 fabricarunt.
412 2403 552 2479 Nostrum
563 2420 633 2461 vero
650 2411 703 2474 est,
723 2400 803 2481 quod
823 2398 958 2460 absolute
971 2399 1143 2480 pronuntiat
1155 2343 1244 2460 dhri-

112 2486 188 2545 stus‚
212 2474 249 2534 ita
269 2474 422 2555 amplecti,
453 2488 485 2536 ut
504 2478 567 2537 sine
587 2479 758 2556 exceptione
778 2477 854 2556 apud
876 2497 930 2535 nos
950 2475 1059 2549 valeat,
1081 2475 1161 2554 quod
1182 2474 1244 2536 vult

111 2569 248 2610 asserere.
288 2552 328 2611 Se
348 2574 409 2613 nou
428 2564 659 2634 spectrum·esse
678 2553 800 2636 probat,
827 2552 895 2632 quia
914 2555 952 2612 sit
972 2552 1002 2611 in
1023 2572 1111 2611 carne
1130 2574 1179 2612 sua
1200 2551 1243 2611 vi·

110 2624 209 2687 sibilis.
247 2627 393 2704 Tollatur‚
413 2631 492 2709 quud
512 2642 651 2710 unquam
664 2630 815 2712 proprium
833 2629 966 2708 corporis
984 2628 1030 2689 sui
1049 2640 1169 2687 naturae
1181 2628 1243 2687 vin·
1296 2658 1301 2666 r

112 2704 203 2762 dicat:
231 2725 330 2764 nonne
356 2706 521 2766 excudenda
550 2709 606 2766 erit
632 2727 707 2768 nova
733 2706 866 2785 corporis
892 2702 1043 2764 delinitio?
1081 2705 1144 2764 Iam
1165 2723 1241 2782 qno-

112 2799 226 2857 cunque
246 2800 277 2838 se
297 2780 510 2863 circumagant,
541 2783 570 2841 in
599 2783 668 2844 loco
693 2782 744 2842 illo
765 2781 848 2840 Pauli
875 2779 976 2840 fictitia
1001 2800 1103 2839 eurum
1124 2780 1241 2858 dispen-

111 2855 184 2913 satio
205 2855 301 2913 locum
323 2877 381 2916 non
404 2857 505 2929 habet,
530 2856 580 2917 uhi
600 2858 685 2933 dicit,
710 2879 764 2919 nos
784 2877 830 2918 ers
855 2867 950 2916 ectare
971 2877 987 2916 e
1008 2855 1093 2916 coelo
1114 2855 1240 2915 salvatu-

110 2950 189 3001 rem,
210 2930 259 3009 qui
278 2952 384 3011 eorpus
405 2945 535 2992 nostrum
556 2933 663 2993 humile
683 2878 879 3017 configurabit
897 2932 1016 3011 corpori
1034 2953 1088 2992 suo
1108 2931 1241 3015 glorioso

110 3005 201 3084 (Phil.
213 3014 242 3077 3,
255 3009 329 3084 ‘dt-h
368 3009 472 3087 Neque
492 3009 569 3067 enim
589 3009 730 3089 speranda
750 3009 837 3070 nohis
852 3019 896 3068 est
912 3009 1104 3070 conformitas
1123 3010 1153 3067 in
1173 3007 1242 3082 illis,

110 3104 180 3163 quas
202 3082 320 3144 Christo
341 3084 388 3143 atfi
432 3097 495 3161 unt,
515 3085 716 3164 qualitatibus:
736 3097 769 3146 ut
788 3086 894 3165 cuique
913 3083 1057 3146 invisibile
1077 3087 1114 3145 sit
1134 3104 1166 3143 ac
1187 3084 1241 3144 im·

109 3179 241 3219 mensum
261 3180 376 3238 corpus.
391 3104 488 3222 'thee
508 3182 578 3221 vero
599 3163 762 3243 reperietur
781 3163 932 3255 quisquam
950 3173 1011 3221 tarn
1036 3161 1162 3232 hardus,
1193 3161 1241 3221 cui

109 3247 218 3295 tantam
239 3236 445 3297 absurditatem
472 3239 673 3317 persuadeant.
714 3239 761 3298 Ne
786 3239 877 3320 agitur
902 3238 1021 3318 corpori
1042 3236 1152 3299 Christi
1172 3238 1239 3319 glo·

109 3313 190 3372 rioso
211 3313 285 3372 hanc
305 3313 473 3373 adscribant
497 3315 612 3389 dotem,
642 3313 739 3376 multis
759 3317 788 3376 in
815 3314 887 3374 lucis
906 3314 989 3374 simul
1011 3334 1072 3376 esse
1098 3314 1239 3393 nulloque

108 3388 202 3466 spatio
215 3390 370 3450 contineri.
408 3391 546 3470 Denique
567 3390 612 3450 vel
631 3403 732 3471 aperte
751 3402 863 3473 negent
875 3391 968 3451 carnis
981 3391 1238 3467 resurrectionem,

109 3462 157 3524 vel
177 3465 356 3542 concedant,
378 3466 525 3528 Christum
546 3466 679 3528 vestitum
700 3468 821 3528 coelesti
845 3467 937 3548 gloria
963 3487 1024 3526 nou
1044 3468 1156 3527 exuisse
1176 3487 1241 3527 car·

109 3560 196 3614 nem,
216 3542 264 3619 qui
284 3563 338 3602 nus
359 3543 389 3601 in
410 3563 497 3603 earne
527 3555 627 3604 nostra
656 3543 734 3605 illius
760 3544 889 3605 eiusdem
915 3542 1027 3625 gloriae
1047 3543 1176 3603 lauturus
1197 3553 1240 3604 cst

109 3629 263 3677 consortes
283 3619 446 3694 assurios,
477 3621 595 3711 quando
626 3620 714 3681 nobis
743 3620 839 3681 l'utura
864 3631 908 3681 est
932 3621 1095 3680 communis
1115 3641 1180 3680 eum
1201 3638 1239 3679 eo

107 3693 296 3754 resurrectio
347 3694 427 3769 Quid
447 3716 524 3755 enrm
544 3695 649 3756 clarius
667 3697 758 3757 tradit
774 3709 838 3757 tota
858 3697 1025 3776 Scriptura,
1045 3717 1132 3776 quam
1153 3694 1240 3756 Chri·

108 3781 197 3844 stum,
217 3782 249 3829 ut
269 3790 363 3830 veram
384 3782 512 3831 nostram
532 3794 648 3833 carnem
669 3772 774 3847 induit,
793 3794 883 3852 quum
904 3793 921 3833 e
941 3772 1063 3855 Virgine
1084 3783 1166 3832 uatus
1187 3782 1242 3848 est,

107 3848 141 3907 iu
162 3867 228 3906 vcra
253 3867 341 3906 carne
367 3861 466 3908 nostra
492 3870 591 3928 passus
616 3861 675 3925 est,
707 3872 796 3930 quum
822 3870 877 3927 pro
904 3849 990 3909 nohis
1013 3848 1170 3923 satisfecit,
1201 3849 1241 3908 ita

108 3923 233 3983 eandem
252 3943 349 3983 veram
369 3945 485 3983 carnem
507 3946 522 3984 e
543 3926 722 4007 resurgendo
743 3927 887 4007 recepisse
907 3938 936 3985 et
960 3929 991 3985 in
1010 3926 1126 3986 coelum
1146 3934 1242 3985 sustu-

108 4000 196 4060 lisse?
234 3999 405 4059 Haecenim
424 4000 512 4062 nobis
532 4013 649 4063 nostrae
661 4003 884 4064 resurrectionis
904 4013 934 4061 et
954 4003 983 4062 in
1004 4001 1119 4061 coelum
1139 4019 1242 4062 ascen·

108 4076 200 4137 sionis
219 4096 285 4155 spes
307 4088 365 4149 est,
389 4078 469 4156 quud
491 4078 624 4140 Christus
644 4081 801 4141 resurrexit
820 4091 850 4140 et
869 4077 999 4140 ascendit
1021 4090 1109 4157 atque
1134 4079 1182 4155 (ut
1202 4077 1243 4137 ait

109 4151 310 4213 Tertullianus
335 4153 371 4211 de
394 4167 548 4216 resurrect
569 4154 679 4233 carnis)
709 4156 844 4231 „arrham
874 4166 991 4216 nostrae
1021 4151 1245 4215 resurrectionis

109 4247 209 4289 secum
228 4230 259 4289 in
281 4228 381 4290 coelos
400 4230 499 4291 tulit.“
543 4230 639 4293 Porro
659 4252 746 4313 quam
766 4232 880 4295 infirma
901 4242 931 4292 et
950 4229 1062 4313 fragilis
1081 4229 1168 4290 iuret*
1179 4247 1245 4310 spes
1323 4280 1329 4295 .

110 4303 177 4380 illa,
207 4305 261 4367 nisi
293 4306 366 4369 haec
394 4307 456 4388 ipsa
482 4319 586 4385 nocua,
607 4328 675 4377 cero
701 4309 734 4370 in
759 4308 879 4371 Christo
903 4326 972 4371 vere
1002 4306 1136 4369 suscitata
1160 4315 1191 4366 et
1214 4304 1247 4367 in

545 4601 563 4631 N
