2596 4726
12 630 18 653 ι
114 601 194 671 agat.
233 588 267 647 ld

114 214 176 283 tttt
505 209 582 271 LIB.
600 210 644 273 11.
684 212 775 279 cte.
795 212 839 274 11.

115 360 186 420 dum
205 356 284 419 istud
292 356 407 436 liquet,
424 355 501 437 sitne
520 356 551 417 in
572 368 667 419 tutum
686 358 816 439 privatus
835 357 913 419 bene
927 356 1035 441 agendi
1048 356 1197 431 lacunae,
1215 378 1253 419 an

113 436 225 497 babeat
236 434 330 495 adbuc
341 433 524 505 nonnullam,
543 434 593 495 sed
606 434 738 515 pusillam
751 446 782 495 et
800 436 958 495 infirmam:
979 454 1055 515 quae
1074 454 1129 517 per
1140 452 1173 493 se
1186 436 1254 513 qui·

115 512 279 579 demnibil
320 513 407 581 ussit,
438 510 603 591 opitulante
621 531 693 571 vero
712 512 822 593 gratia,
851 532 916 573 suas
935 512 996 591 ipsa
1036 530 1136 590 unque
1154 522 1254 602 partes

289 534 358 647 duur
377 585 440 647 vult
459 588 595 667 expedire
614 588 755 671 Magister
773 588 983 648 sententiarum
1009 532 1132 669 llaomb.
1153 586 1254 667 rbid.],

115 664 262 745 duplicem
283 662 404 745 gratiam
424 667 613 723 necessariam
633 684 696 725 esse
715 664 802 725 nobis
821 664 927 738 docet,
956 684 1016 743 quo
1039 664 1197 723 reddamur
1215 664 1252 723 ad

114 742 229 819 bouum
249 762 323 819 opius
344 740 454 799 idonei.
490 739 624 799 Alteram
643 752 730 801 vocat
749 740 948 819 Opepantem,
966 760 1024 820 qna
1043 740 1130 799 litut
1149 740 1251 801 effica-

114 820 191 879 citer
209 816 331 877 velimus
350 815 478 875 bonum:
500 816 721 897 cooperantem
741 816 872 890 alteram,
891 836 966 897 quae
986 816 1094 877 bonam
1114 816 1252 875 volunta·

115 908 177 955 tem
202 893 335 971 sequitur
359 892 534 951 adiuvando.
592 892 629 952 In
657 912 714 972 qua
746 894 904 973 partitione
935 892 992 954 boe
1021 892 1092 952 mibi
1118 892 1254 972 displicet

115 970 186 1108 ppid.
207 970 257 1029 lib.
284 969 342 1027 bui.
362 989 425 1047 cap.
445 974 472 1033 3.
493 990 517 1029 s.
536 974 575 1033 10
606 981 637 1028 et
665 990 728 1050 cap.
754 976 782 1034 't'-
802 992 824 1029 s.
843 968 899 1049 9.],
931 968 1011 1049 quod
1041 970 1109 1027 dum
1141 968 1253 1049 gratiae

148 1049 182 1106 ei·
194 1045 300 1106 tribuit
319 1043 466 1105 efficacem
486 1044 558 1105 boni
577 1048 755 1125 appetitum,
783 1048 881 1105 innuit
906 1045 1054 1105 bominem
1075 1046 1130 1105 iam
1149 1056 1252 1125 suapte

115 1136 238 1196 natura,
269 1122 383 1181 bonurn
401 1120 637 1200 quodammodo,
668 1121 737 1183 licet
755 1121 961 1195 inefficaciter,
991 1132 1143 1201 appetere,
1175 1122 1254 1183 sieut

116 1198 327 1259 Bernartius
359 1196 469 1257 bonam
499 1198 618 1277 quidem
642 1198 823 1259 votunuteru
856 1220 930 1279 opus
949 1198 1007 1256 Dei
1027 1218 1090 1257 esse
1109 1217 1251 1267 asserens,

116 1274 232 1335 bomini
252 1286 349 1335 tamen
369 1273 426 1339 boc
445 1274 593 1349 coneedit,
614 1286 646 1333 ut
663 1286 748 1337 motu
766 1275 890 1355 proprio
911 1275 1018 1333 bonam
1039 1272 1184 1333 eiusmodi
1198 1293 1252 1341 re·

118 1354 259 1412 luntatem
279 1360 406 1431 appetat.
445 1348 506 1410 Sed
525 1351 600 1411 istud
621 1351 656 1411 ab
686 1352 884 1445 Augustini
914 1362 1013 1410 ruente
1032 1348 1138 1429 procul
1155 1348 1251 1425 abest,

117 1450 134 1489 a
155 1448 215 1507 quo
235 1439 332 1487 tamen
352 1430 506 1506 sumpsisse
526 1427 714 1505 partitionem
733 1427 826 1487 videri
844 1426 907 1487 vult
925 1426 1119 1487 Lombardus.
1158 1426 1251 1487 luse-

118 1505 217 1565 cundo
237 1502 372 1561 membro
392 1503 563 1584 ambiguitas
582 1524 630 1563 me
649 1503 786 1575 offendit,
805 1523 880 1583 quae
898 1522 1064 1584 perversam
1083 1503 1188 1583 genuit
1206 1502 1253 1561 in-

116 1581 370 1661 terpretationem.
430 1580 503 1639 Ideo
533 1579 610 1639 enim
643 1593 786 1660 putarunt
815 1601 869 1641 nos
897 1579 1043 1640 secundae
1063 1579 1122 1637 Dei
1142 1581 1253 1715 gratiae
1293 1588 1296 1609 ¹

118 1656 285 1735 cooperari,
305 1654 385 1733 quod
405 1654 499 1715 nostri
518 1656 587 1715 iuris
606 1656 644 1716 sit
661 1661 785 1737 primam
804 1656 925 1737 gratiam
945 1655 991 1715 vel
1016 1676 1142 1735 respuen
1166 1676 1185 1715 o
1211 1656 1253 1715 ir·

117 1736 204 1793 ritam
225 1734 332 1805 lacere,
350 1731 397 1791 vel
418 1731 593 1791 obedienter
611 1733 762 1812 sequendo
783 1733 967 1793 confirmare.
1026 1730 1119 1805 Qarod
1147 1732 1255 1807 ¹lanctor

119 1810 217 1889 operis
237 1806 273 1867 de
291 1812 437 1867 mentione
459 1808 593 1867 Gentium
610 1809 652 1869 sie
672 1809 806 1890 exprimit
824 1809 886 1887 [lib.
905 1816 933 1873 2.
953 1828 1017 1888 cap.
1036 1808 1098 1889 4.],
1128 1807 1255 1869 liberum

120 1906 182 1946 esse
203 1886 237 1945 iis
258 1886 308 1964 qui
328 1884 452 1963 rationis
472 1886 580 1945 iudicio
607 1897 745 1961 utuntur,
775 1906 792 1945 a
818 1887 911 1968 gratia
937 1884 1101 1945 discedere:
1132 1897 1167 1944 ut
1191 1904 1254 1944 non

120 1963 283 2023 discessisse
295 1963 333 2021 sit
345 1962 517 2040 praemium,
536 1974 566 2021 et
584 1973 617 2021 ut
636 1963 716 2041 quod
736 1982 797 2022 non
817 1972 927 2041 potest,
945 1962 1000 2021 nisi
1019 1962 1132 2041 Spiritu
1143 1980 1256 2041 coope-

118 2051 204 2100 rante
224 2038 299 2114 lierI,
329 2058 433 2097 eorum
453 2040 564 2099 meritIs
584 2040 758 2119 deputetur,
790 2060 916 2117 quorum
936 2038 965 2097 id
985 2038 1082 2116 potuit
1100 2037 1255 2097 voluntate

118 2136 182 2176 non
203 2114 277 2173 lieri.
335 2116 417 2174 llaec
442 2114 500 2174 duo
526 2126 629 2175 notare
650 2116 749 2175 obiter
768 2114 870 2188 libuit,
901 2126 935 2173 ut
957 2115 1054 2173 videat
1072 2114 1129 2173 iam
1150 2113 1257 2189 lector,

68 2256 73 2261 ,
120 2203 260 2271 quantum
280 2210 297 2250 a
315 2190 479 2250 sanioribus
500 2190 687 2252 Scholasticis
707 2191 884 2251 dissentiam.
938 2191 1091 2271 Longiore
1112 2190 1190 2249 enirn
1211 2191 1256 2249 in·

118 2266 244 2327 tervallo
265 2287 281 2326 a
301 2267 517 2327 recentioribus
538 2268 683 2347 Sophistis
702 2267 828 2342 dillero,
860 2279 970 2347 quanto
995 2266 1107 2327 scilicet
1131 2287 1146 2326 a
1171 2278 1257 2326 vetu-

119 2356 196 2405 state
216 2342 334 2424 longius
353 2343 565 2403 abscesserunt.
604 2344 763 2422 Utcunque
789 2364 822 2403 ex
841 2342 895 2403 bae
913 2356 1012 2402 tamen
1033 2343 1191 2423 partitione
1211 2342 1257 2403 in-

119 2420 298 2511 telligimus,
318 2440 376 2497 qua
395 2418 510 2479 ratione
530 2419 656 2479 liberum
676 2420 812 2479 dederint
830 2420 982 2479 arbitrium
1003 2420 1123 2480 bomini.
1180 2418 1259 2479 l‘ro-

119 2508 238 2556 nuntnt
257 2495 334 2553 enim
355 2496 474 2555 tandem
493 2496 676 2556 Lombardus
697 2496 762 2577 [lib.
782 2503 810 2560 2.
832 2496 897 2555 dist.
916 2500 992 2577 254,
1016 2517 1078 2556 non
1104 2495 1189 2555 liberi
1209 2516 1258 2555 ar-

121 2574 202 2635 bitrii
222 2572 290 2631 ideo
310 2592 364 2632 nos
385 2592 464 2646 csse,
496 2573 575 2651 quod
601 2574 637 2632 ad
662 2573 774 2632 bonum
799 2584 828 2632 et
852 2571 959 2632 malum
979 2573 1024 2633 rel
1045 2573 1191 2653 agendum
1211 2570 1259 2631 vel

122 2648 313 2741 cogitandum
333 2667 480 2728 peraeque
499 2649 678 2729 polleamus,
708 2650 759 2709 sed
780 2649 917 2709 duntaxat
936 2650 1015 2728 quod
1035 2650 1190 2709 coactione
1209 2668 1261 2709 re·

120 2727 176 2786 luta
195 2747 302 2786 sumus.
343 2725 429 2799 Quae
450 2724 569 2785 libertas
589 2749 650 2786 non
672 2726 844 2807 impeditur,
872 2728 984 2787 etiamsi
1004 2726 1085 2807 pravi
1103 2726 1205 2803 simus,
1229 2734 1261 2785 et

121 2802 197 2865 servi
216 2801 341 2881 peccati,
363 2814 393 2861 et
412 2802 485 2861 nibil
526 2824 590 2862 uam
611 2823 732 2883 peccare
754 2802 903 2883 possimus.

199 2886 227 2943 7.
266 2878 369 2938 Liberi
391 2898 464 2959 ergo
485 2824 597 2940 aibitrii
625 2881 681 2941 boc
705 2881 797 2940 modo
825 2882 938 2939 dicetur
962 2878 1070 2956 bomo,
1103 2898 1166 2938 non
1191 2876 1263 2957 quia

122 2955 246 3015 liberam
267 2954 374 3015 babeat
399 2954 472 3014 boni
495 2976 588 3037 aeque
623 2978 656 3017 ac
683 2957 753 3017 mali
784 2956 975 3028 electionem,
1006 2956 1057 3015 sed
1089 2956 1157 3035 quia
1185 2954 1263 3015 male

120 3032 274 3093 voluntate
304 3033 379 3111 agit,
411 3052 471 3092 non
500 3033 665 3094 coactione.
724 3034 845 3116 Optime
872 3033 901 3091 id
928 3032 1059 3111 quidem:
1088 3032 1140 3091 sed
1168 3051 1263 3109 quor-

121 3130 188 3170 sum
207 3107 351 3167 attinebat
370 3128 432 3166 rem
453 3111 603 3169 tantulam·
615 3110 690 3169 adeo
709 3110 839 3191 superbo
865 3108 952 3169 titulo
979 3108 1138 3190 insignire?
1167 3108 1264 3189 ligre·

122 3185 173 3265 gia
192 3203 263 3245 vero
285 3184 416 3257 libertas,
435 3183 460 3249 si
479 3184 570 3245 ltomo
592 3186 710 3264 quidem
729 3209 792 3247 non
813 3186 929 3267 cogitur
948 3185 983 3245 ad
995 3185 1180 3246 serviendum
1193 3204 1264 3263 pee-

123 3272 209 3320 cato:
230 3261 255 3320 si
274 3271 373 3320 tamen
394 3271 439 3318 est
456 3260 650 3335 lectitantes,
674 3275 707 3322 ut
736 3266 833 3321 vineta
854 3274 988 3321 teneatur
1007 3262 1120 3341 peccati
1141 3282 1207 3322 corn
1231 3282 1264 3322 e-

124 3337 210 3397 dibus
231 3336 291 3395 eius
310 3337 456 3397 voluntas.
507 3337 653 3417 Equidem
672 3343 843 3410 λογομαχίας
867 3339 1039 3411 abcsminor,
1070 3338 1175 3417 quibus
1215 3360 1265 3399 ru-

123 3425 183 3474 stra
203 3411 324 3473 ecclesia
346 3413 396 3471 luti
418 3425 492 3487 atur,
511 3415 563 3472 sed
583 3414 721 3495 religiose
742 3434 848 3474 censeo
864 3415 1003 3474 cavendas
1015 3436 1063 3474 eas
1075 3434 1174 3491 seces,
1188 3434 1264 3495 quae

123 3488 282 3549 absurdum
302 3433 417 3568 aliquid
430 3502 553 3550 sonant:
573 3491 743 3570 praesertim
763 3491 816 3551 ubi
828 3492 993 3571 perniciose
1011 3504 1134 3550 erratur.
1176 3491 1265 3566 Quo·

49 3630 53 3635 ,
122 3579 172 3626 tus
191 3576 300 3639 autem,
320 3586 440 3645 quaeso,
461 3568 583 3645 quisque
605 3578 658 3640 cst,
683 3568 732 3647 qui
754 3568 821 3626 dum
842 3568 982 3647 assignari
1003 3567 1117 3627 bomini
1138 3567 1265 3627 liberum

124 3640 280 3702 arbitrium
299 3641 396 3714 audit,
427 3662 489 3701 non
516 3644 612 3702 statim
633 3644 764 3723 concipit
784 3644 865 3703 illum
887 3664 948 3703 esse
970 3655 1000 3704 et
1018 3645 1124 3704 mentis
1144 3664 1216 3704 suae
1235 3654 1266 3703 et

124 3718 284 3780 voluntatis
314 3718 476 3792 domiuum,
507 3721 556 3797 qni
576 3720 696 3779 llectere
716 3742 746 3779 se
767 3722 798 3779 in
820 3723 955 3779 utramvis
975 3732 1088 3799 partem
1109 3742 1126 3780 a
1145 3742 1177 3780 se
1200 3722 1264 3800 ipso

124 3794 235 3875 possit?
254 3794 296 3853 At
318 3796 347 3852 ui
368 3796 463 3886 (dicet
483 3796 640 3928 quispiam)
664 3796 811 3856 sublatum
832 3800 888 3856 erit
908 3797 1072 3856 huiusmodi
1092 3797 1266 3877 periculum,

125 3874 150 3932 si
170 3872 207 3930 de
227 3816 446 3949 signibcatrone
467 3872 623 3951 dilgenter
643 3872 726 3952 plebs
747 3874 952 3933 admoneatur:
985 3874 1046 3932 into
1072 3896 1142 3934 vero
1177 3892 1267 3953 quum

125 3948 157 4007 in
177 3948 334 4008 falsitatem
355 3946 432 4007 ultro
454 3946 612 4007 humanum
633 3949 785 4029 ingenium
806 3949 1004 4029 propendeat,
1030 3951 1113 4009 citius
1135 3968 1266 4011 errorem

126 4044 162 4083 ex
179 4024 305 4085 verbulo
326 4046 387 4084 uno
408 4022 534 4097 hauriet,
554 4046 640 4103 quam
659 4026 812 4086 veritatem
834 4048 866 4084 ex
887 4026 997 4105 prolixa
1018 4028 1164 4086 oratione.
1205 4026 1267 4085 Cu-

126 4104 171 4160 ius
190 4102 233 4160 rei
253 4100 361 4161 certius
382 4100 521 4161 babemus
541 4101 571 4159 in
592 4101 649 4161 boe
669 4102 735 4181 ipso
757 4102 913 4176 vocabulo,
933 4124 1018 4180 quam
1039 4104 1202 4183 optandum
1220 4104 1267 4173 sit,

126 4177 368 4257 experimentum.
427 4175 482 4235 Illa
507 4177 584 4234 enim
611 4190 743 4237 veterum
775 4179 1021 4258 interpretatione
1051 4182 1266 4258 praetermissa,

126 4263 190 4311 tota
213 4253 275 4311 scre
296 4253 452 4333 posteritas
476 4252 507 4313 in
527 4254 612 4313 verbi
633 4267 732 4335 etymo
753 4256 822 4316 dum
843 4257 959 4331 lraeret,
979 4257 1009 4314 in
1030 4256 1175 4315 exitialem
1195 4274 1267 4315 eon·

125 4328 276 4390 fidentiam
297 4343 399 4392 evecta
419 4342 471 4391 est.
