2596 4726
357 261 366 268 -
403 214 479 279 un.
498 215 553 278 tv.
592 213 681 285 CAP.
704 213 772 278 Vll.
1100 221 1162 287 269

24 379 122 444 ctum,
141 378 178 427 et·
191 364 360 440 ecclesiam,
379 373 412 425 ut
431 365 601 456 quicunqne
619 361 679 423 illic
700 361 878 444 praesideat,
910 361 1022 425 etiamsi
1040 362 1079 425 sit
1097 361 1161 426 dis-

24 446 128 518 bolus,
161 444 271 503 Christi
295 456 393 503 tamen
419 441 540 504 vicarius
566 453 596 501 et
620 452 707 519 caput
727 437 868 515 eeclesiae
893 453 1062 516 censeatur,
1093 441 1162 521 quia

26 521 118 583 luerit
136 518 207 589 olim
227 519 307 579 Petri
327 519 423 578 sedes:
456 539 517 577 non
547 517 639 591 modo
668 516 788 597 impium
809 527 839 576 et
866 512 985 578 Cbrislo
1004 529 1161 579 contume-

26 599 147 668 liosum,
178 596 229 658 sed
255 597 340 654 nimis
365 593 536 669 absurdum,
569 605 599 652 et
623 614 639 654 a
667 613 754 654 seusu
778 593 927 654 communi
952 592 1077 654 alienum
1098 615 1162 656 esse

25 676 103 743 dico.
142 675 204 732 Iam
225 673 335 752 pridem
356 671 481 731 llomani
501 669 659 730 Pontifices
684 670 833 730 automni
852 690 972 761 prorsus
992 681 1093 731 carent
1111 691 1161 733 re-

25 750 158 832 ligione,
186 762 235 807 aut
255 748 368 808 maximi
392 760 461 807 sunt
486 746 636 829 religionis
663 745 771 806 bostes.
821 744 921 807 Nrbilo
951 747 1040 840 igitur
1069 750 1160 830 magis

26 829 113 900 liunt,
129 826 168 885 ob
189 825 286 886 sedem
307 845 392 902 quarn
413 835 578 902 occupant,
598 822 708 884 Christi
727 821 841 895 vicarii,
860 843 947 901 quam
965 823 1089 898 rdblum,
1108 823 1161 887 nbi

25 903 56 962 in
77 902 188 982 templo
209 902 266 960 Dei
286 901 458 975 collocatur,
480 920 535 978 pro
554 901 620 958 Deo
642 898 807 975 babendum
828 909 871 959 est
890 898 1169 980 (limessani

25 980 88 1039 lam
110 980 132 1038 si
153 979 188 1037 de
209 978 340 1038 moribus
359 976 410 1035 bat
430 997 566 1036 censura:
586 974 640 1056 ipsi
662 995 715 1055 pro
735 994 766 1035 se
779 974 937 1036 Pontifices
952 978 1162 1057 respondeant,

50 1055 101 1114 uid
123 1056 244 1123 omnino
264 1055 303 1113 sit
322 1055 351 1112 in
374 1075 432 1131 quo
453 1052 584 1132 episcopi
609 1051 739 1133 agnosci
755 1062 872 1130 queant.
911 1052 1059 1128 Primum,
1079 1055 1160 1145 quod

24 1077 139 1193 bornae
159 1132 199 1190 sic
220 1131 337 1202 vivitur,
366 1130 434 1207 ipsis
455 1150 516 1188 non
536 1128 626 1188 modo
647 1127 892 1204 conniventibus,
921 1150 955 1190 ac
985 1130 1162 1208 tacentibus,
1205 1164 1208 1171 .

24 1209 78 1268 sed
98 1207 188 1267 tacito
210 1208 293 1266 etiam
315 1206 395 1285 quasi
416 1216 488 1264 nutu
508 1203 750 1284 approbantibus,
770 1204 800 1262 id
819 1226 940 1284 prorsus
953 1206 1103 1287 indignum
1116 1218 1161 1269 est
1219 1274 1223 1281 ¹

25 1283 191 1364 episcopis,
218 1304 342 1361 quornm
363 1281 493 1342 silicium
519 1294 563 1358 est
581 1279 675 1358 plebis
695 1279 843 1340 licentiam
863 1281 1032 1362 disciplinae
1050 1282 1162 1353 seueri·v

24 1372 87 1420 tate
109 1379 255 1418 coercere.
294 1358 353 1417 Sed
375 1379 390 1417 e
413 1380 431 1417 o
452 1369 508 1416 tam
530 1357 638 1438 rigidus
657 1356 688 1414 in
709 1376 759 1417 ens
779 1378 840 1416 non
861 1376 925 1432 ero,
943 1368 978 1418 ut
995 1359 1161 1422 alienisde-

25 1438 104 1497 lictis
125 1436 202 1513 ipsos
222 1455 348 1514 gravem.
385 1378 480 1509 >{uod
500 1445 597 1494 autem
618 1432 673 1515 ipsi
693 1455 758 1491 curn
778 1454 829 1494 sua
851 1433 973 1509 familia,
1005 1457 1071 1496 cum
1092 1449 1159 1500 toto

24 1515 91 1573 sere
112 1512 311 1571 Cardinalium
333 1511 474 1592 collegio,
504 1533 569 1569 cum
594 1520 661 1569 toto
687 1508 758 1569 cleri
776 1510 819 1570 sni
840 1530 945 1593 grege,
979 1512 1015 1571 ad
1040 1533 1160 1575 omnem

25 1592 200 1668 nequitiam,
220 1587 468 1659 obscoenitatem,
488 1586 681 1666 spurcitiam,¹
700 1585 736 1644 nd
756 1606 844 1646 omne
863 1587 1005 1647 scelerum
1025 1601 1055 1648 et
1073 1590 1161 1672 bagi-

23 1669 137 1727 tiorum
158 1686 250 1745 genus
270 1665 344 1723 adeo
364 1669 432 1724 sunt
452 1662 612 1742 prostituti,
630 1674 663 1721 ut
682 1674 811 1722 monstra
832 1662 1161 1746 reserantmagisquant
1247 1684 1251 1691 ·

24 1743 179 1803 homines:
201 1742 231 1799 in
252 1761 289 1800 eo
309 1762 377 1801 sane
397 1741 527 1820 produnt
546 1758 576 1798 se
597 1738 670 1797 nibil
690 1741 783 1798 minus
804 1759 865 1800 esse
888 1761 974 1818 quarn
994 1744 1159 1823 episcopos.
1245 1770 1247 1774 ⁴

24 1821 132 1897 Neque
153 1830 248 1876 tamen
268 1818 361 1876 vereri
377 1817 496 1890 debent,
517 1837 554 1875 ne
566 1837 646 1874 suam
663 1814 873 1895 turpitudinem
886 1815 1004 1877 ulterius
1016 1820 1160 1900 detegant.

23 1897 103 1955 Nam
124 1895 199 1953 etin
221 1897 278 1952 t'am
299 1894 401 1973 putido
422 1914 518 1952 coeno
540 1892 646 1951 versari
667 1893 761 1973 piget:
795 1904 824 1950 et
844 1894 1021 1971 parcendum
1042 1906 1085 1956 est
1104 1916 1161 1975 pu-

26 1973 101 2031 dicis
121 1970 252 2042 auribus,
273 1970 393 2029 etmihi
413 1969 514 2028 videor
533 1968 601 2028 satis
620 1989 653 2026 ac
673 1969 993 2048 super-demonstrasse
1013 1972 1093 2052 qnod
1106 1993 1160 2032 vo·

26 2049 140 2107 lebam:
174 2047 284 2106 etiamsi
304 2059 391 2125 caput
411 2046 596 2106 ecclesiarum
618 2044 689 2103 olim
711 2045 941 2119 frisenheim,
972 2069 1034 2109 non
1059 2060 1160 2111 tamen

25 2124 116 2185 bodie
137 2142 197 2183 esse
210 2122 343 2204 dignam,
364 2143 436 2201 quae
457 2127 485 2180 in
507 2122 631 2180 minimis
651 2121 756 2201 pedum
778 2121 875 2203 digitis
895 2137 1056 2185 censeatur.

105 2206 151 2263 30.
193 2198 345 2272 Quantum
365 2199 400 2257 ad
415 2197 583 2259 Cardinales
602 2201 692 2276 (quos
709 2207 829 2277 vocant)
849 2199 970 2274 attinet,
990 2201 1089 2262 nescio
1147 2201 1160 2262 i

26 2278 135 2351 lactum
156 2277 193 2335 sit
212 2287 246 2334 ut
265 2277 303 2335 ita
323 2274 420 2335 subito
447 2277 476 2334 in
504 2286 613 2332 tantam
637 2275 857 2354 amplitudinem
883 2279 1064 2338 emerserint
1132 2278 1162 2341 ie

24 2355 127 2416 titulus
152 2352 331 2433 Gregorii
360 2363 455 2411 aetate
479 2351 509 2410 in
528 2349 608 2410 solos
629 2351 782 2430 episcopos
803 2353 991 2432 competebat
1008 2348 1161 2434 (attint

27 2453 42 2489 e
67 2473 74 2488 .
97 2437 143 2494 15.
164 2443 193 2488 et
212 2433 259 2494 77.
280 2440 309 2486 et
328 2435 375 2493 79.
397 2441 484 2508 atque
505 2449 551 2507 ep·
572 2434 602 2501 6,
621 2433 668 2492 25.
688 2428 749 2504 al.).
788 2430 860 2488 Nam
886 2431 1002 2508 quoties
1028 2432 1161 2501 meminit

26 2452 239 2578 obstinatiam,
259 2526 320 2563 non
341 2505 490 2565 Romanae
511 2503 660 2578 ecclesiae,
679 2505 730 2564 sed
744 2504 807 2565 aliis
819 2506 997 2584 quibuslibet
1011 2528 1062 2569 eos
1073 2509 1159 2570 attri-

25 2585 107 2656 buit,
132 2595 165 2643 ut
184 2583 215 2641 in
234 2603 345 2641 summa
364 2581 436 2641 nibil
456 2582 533 2642 aliud
553 2581 591 2641 sit
618 2579 753 2641 sacerdos
772 2582 947 2659 cardinalis,
979 2606 1066 2664 quam
1097 2585 1160 2665 epi·

24 2681 142 2739 scopus.
192 2657 278 2738 Apud
298 2659 457 2737 superioris
481 2656 587 2719 saeculi
606 2659 765 2738 scriptores
785 2681 893 2720 nomen
914 2659 971 2721 boc
992 2682 1052 2722 non
1072 2682 1159 2742 repe·

25 2738 83 2798 rio.
122 2735 220 2795 Video
239 2747 336 2794 tamen
358 2734 445 2795 luisse
464 2748 535 2795 tuuc
555 2755 570 2792 e
594 2734 699 2814 iscopis
719 2737 857 2808 minores,
877 2756 949 2812 quns
970 2758 1048 2797 nune
1069 2736 1117 2798 lon
1141 2757 1159 2798 e

26 2812 216 2875 antecellunt.
266 2810 377 2879 Notum
403 2824 447 2870 est
471 2811 541 2870 illud
567 2755 764 2891 lugustini
795 2815 857 2890 (ep.
880 2816 925 2875 19.
946 2812 980 2871 ad
1000 2758 1158 2891 Hieronis

24 2891 224 2967 „Quanquam
245 2887 404 2946 secundum
425 2887 571 2947 bonorum
592 2885 742 2961 vocabula,
763 2907 835 2966 quae
855 2887 911 2946 iam
933 2887 1071 2949 ecclesiae
1091 2911 1159 2953 usus

23 2966 189 3043 qnbtinuit,
209 2966 390 3043 episcopatus
412 2964 594 3045 presbyterio
615 2961 708 3021 maior
726 2964 772 3036 sit,
793 2975 890 3022 tamen
912 2963 941 3022 in
961 2965 1058 3026 multis
1070 2965 1158 3028 rebus

23 3041 92 3119 „Au
117 3042 228 3101 ustinns
248 3041 431 3120 Hieronymo
452 3041 549 3102 minor
569 3044 640 3100 est.“
679 3039 735 3098 Hic
755 3051 835 3099 certe
850 3039 999 3102 Romanae
1019 3041 1159 3105 ecciesiae
1206 3104 1209 3117 ,

24 3062 228 3199 presbyterum
248 3116 283 3176 ab
305 3117 367 3176 aliis
387 3116 505 3177 minime
527 3106 680 3177 discernit:
712 3116 763 3177 sed
784 3136 885 3177 omnes
906 3138 939 3175 es
959 3139 1053 3199 aequo
1074 3130 1157 3200 poet-

47 3195 113 3255 onit
131 3195 286 3275 episcopis.
326 3193 419 3272 quue
439 3214 568 3273 eousque
588 3193 645 3252 snit
668 3193 873 3266 observatum,
902 3205 935 3253 nt
959 3195 989 3255 in
1017 3195 1158 3259 Concilio

24 3218 266 3352 ¹Carthaginensi,
281 3292 369 3348 quum
383 3271 440 3329 dun
454 3269 850 3353 adessentLegatiananae
862 3270 936 3330 sedis
962 3293 1059 3334 unuse
1082 3273 1158 3335 isco·

23 3370 91 3429 pus,
102 3347 420 3426 secunduspresbyter:
442 3345 488 3407 bie
498 3347 526 3405 in
541 3347 673 3407 ultimum
683 3347 779 3407 locum
793 3349 915 3406 reiectus
929 3313 1025 3411 fuerit.
1075 3371 1158 3410 erum

24 3444 64 3483 ne
87 3423 168 3484 nimis
187 3436 285 3487 vetera
304 3443 523 3502 persequamur,
544 3436 635 3484 exstat
655 3423 823 3485 Concilium
843 3422 896 3483 sub
912 3422 1060 3506 Gregorio
1074 3424 1157 3487 babi-

24 3513 87 3561 turn
108 3499 228 3571 Romae,
249 3500 278 3557 in
300 3521 359 3590 quo
379 3499 542 3579 presbyteri
563 3500 665 3560 ultimo
686 3500 753 3560 loco
773 3499 886 3573 sedent,
907 3513 1075 3564 etsenrsum
1088 3504 1157 3563 sub·

23 3577 169 3637 scribunt:
201 3578 316 3637 diacone
336 3574 432 3634 locum
454 3575 563 3636 nullum
583 3579 614 3635 in
634 3575 847 3655 subscriptione
868 3576 985 3647 babent
1028 3581 1068 3639 Et
1086 3597 1157 3643 sane

23 3652 97 3712 nibil
119 3651 209 3712 oflicii
230 3664 300 3711 tunc
320 3650 481 3726 habebant,
506 3653 560 3713 nisi
581 3652 662 3712 utin
683 3653 835 3712 doctrinae
855 3664 886 3713 et
908 3666 1156 3715 sacramentorum

23 3728 276 3789 administratione
297 3748 312 3786 e
335 3728 436 3808 iscopo
466 3729 601 3790 adessent
625 3749 659 3790 ac
678 3728 840 3790 subessent.
891 3730 978 3790 Nunc
997 3731 1072 3792 adeo
1090 3752 1157 3803 mue

22 3816 81 3866 tata
102 3826 165 3865 sors
186 3818 240 3877 est,
260 3815 292 3863 ut
313 3748 380 3864 lacti
399 3805 457 3864 sint
476 3805 589 3887 liegnm
616 3817 646 3865 et
667 3804 823 3865 Caesarum
848 3807 976 3889 cognati.
1012 3808 1076 3867 Nec
1101 3806 1158 3867 du·

22 3877 104 3941 bium
125 3893 170 3941 est
211 3884 258 3941 uin
280 3903 337 3942 una
357 3902 422 3940 cum
442 3902 495 3941 sun
516 3884 611 3962 capite
630 3880 735 3942 sensim
757 3883 911 3956 creverint,
931 3883 1026 3941 donec
1046 3881 1082 3942 ad
1098 3881 1156 3943 boc

22 3953 173 4040 dignitatis
190 3904 338 4038 ¹lastigium
358 3959 451 4017 evecti
472 3958 600 4018 luerunt.
639 3959 749 4017 Verum
771 3956 827 4018 boc
847 3957 1077 4038 quoquepaucis
1089 3977 1157 4017 ver»

21 4033 66 4094 bis
88 4035 169 4114 quasi
189 4033 287 4092 obiter
306 4033 376 4093 attin
400 4054 450 4092 ere
469 4034 588 4114 placuit,
608 4055 668 4115 quo
688 4031 791 4093 melius
810 4034 1012 4115 intelligerent
1030 4033 1157 4096 lectores

21 4110 122 4171 sedem
142 4109 314 4184 Romanam,
335 4054 426 4189 qualis
446 4109 534 4171 bodie
554 4121 608 4188 est,
649 4108 783 4169 lurimnm
799 4110 925 4170 disicere
945 4109 981 4171 ab
994 4109 1156 4185 illareteri,

21 4188 104 4247 euius
123 4196 274 4267 praetextu
295 4185 366 4246 baec
386 4205 417 4246 se
437 4198 536 4247 tuetur
555 4208 589 4247 ac
637 4186 757 4246 elendit.
802 4184 913 4246 Verum
939 4184 1156 4267 qualescunque

19 4259 143 4324 luerunt
162 4262 245 4337 olim,
265 4262 383 4343 quando
404 4260 445 4322 nil
464 4261 575 4323 babent
593 4263 656 4324 veri
676 4284 710 4324 ac
729 4260 851 4344 legitimi
872 4263 904 4322 in
919 4262 1040 4325 ecclesia
1052 4282 1172 4323 mune·-

20 4339 73 4418 ria,
93 4340 194 4402 lucum
213 4339 351 4402 duntaxat
371 4351 401 4401 et
419 4338 536 4403 inanem
554 4337 663 4405 larvam
682 4339 826 4402 retinent:
845 4337 906 4403 imo
926 4338 1157 4422 quandoonania
