2700 4732
436 214 514 276 tttt.
532 214 574 273 ll.
615 213 704 277 CdP.
724 214 809 277 VllL
1127 222 1189 289 m
1265 230 1270 237 “

89 360 255 423 utamur.
315 356 389 433 Quo
408 356 494 439 plane
515 359 701 439 persplcuum
722 372 766 421 est
783 360 834 439 lt),
860 380 922 421 nou
941 360 1036 423 nostri
1055 362 1186 444 ipsorum

90 456 199 513 amem,
227 434 282 499 sed
306 434 368 495 Dei
393 448 423 495 et
447 436 588 515 proximi,
619 436 855 498 observationem
880 438 1084 499 mandatorum
1109 458 1184 503 esse:

89 514 223 595 ptineque
241 534 279 573 ae
296 512 476 573 sanctissime
496 534 561 571 eum
573 512 681 585 rivere,
701 514 750 592 qui
771 535 856 593 quam
877 515 1027 574 minimum
1048 516 1110 576 beri
1130 538 1187 598 po-

89 602 130 665 ut,
144 590 196 651 sibi
215 589 288 649 vivit
308 610 343 649 ac
361 590 474 650 studet:
496 590 644 647 nerninem
663 609 734 649 vero
755 609 792 649 eo
812 591 895 669 peius
921 611 975 650 nee
1000 592 1123 671 iniquius
1142 594 1187 653 vi-

90 686 141 741 ere,
157 666 205 747 qui
223 667 282 726 sibi
301 666 440 725 duntaxat
458 666 527 724 vivit
547 686 580 724 ae
599 665 713 736 studet,
738 687 847 745 suaque
868 666 1003 726 duntaxat
1023 670 1187 749 cogitatae

89 746 179 821 ¹ruerit.
215 742 399 818 Quinetiam
426 763 484 821 quo
505 742 598 823 magis
618 742 793 831 exprimeret
814 744 969 818 Dominus,
989 756 1097 823 quanta
1116 767 1188 826 pro-

90 820 200 881 ensione
218 840 274 879 nos
292 818 324 877 in
345 819 544 897 proximorum
565 818 753 878 dilectronem
774 820 821 899 agi
842 832 1011 898 oporteret,
1037 821 1073 880 ad
1093 822 1188 883 nostri

89 915 191 956 nemun
218 894 301 975 (quia
322 894 434 954 nullum
455 893 583 953 babebat
602 894 856 985 rebementiorem-
876 907 925 956 aut
950 896 1121 956 validiorem
1142 897 1188 957 al-

89 970 676 1127 :fftttd'ttrtldd'ttttb
696 970 1188 1126 <ts0l¹lttlttdllttdftt:

89 1125 173 1185 bistae
190 1124 325 1205 quidam)
353 1124 466 1203 priores
486 1135 583 1200 partes
606 1128 637 1196 rr]
656 1129 786 1195 patrimus
806 1124 957 1196 concedit,
989 1137 1020 1184 et
1045 1126 1188 1189 secundas
1277 1158 1283 1169 ·

89 1200 171 1263 tritati
187 1200 342 1282 assignata·
360 1200 412 1259 sed
437 1200 535 1279 potius
555 1219 642 1334 quem
663 1200 833 1259 naturaliter
852 1203 958 1261 amoris
975 1200 1114 1262 allectum
1127 1215 1188 1264 tra·

89 1278 152 1339 hus
169 1278 206 1337 ad
226 1279 390 1355 nosipsos,
410 1295 476 1334 eum
496 1276 532 1335 ad
551 1277 623 1335 aios
643 1278 792 1336 transfert.
843 1277 940 1337 .Unde
964 1278 1124 1357 Apostolus
1143 1300 1189 1339 ns-

89 1353 131 1421 trit
156 1354 198 1435 (l.
209 1352 342 1426 Cor.13,
357 1353 411 1429 5.),
435 1352 585 1412 caritatem
606 1374 666 1412 non
688 1373 828 1432 quaerere
848 1372 923 1432 quae
941 1376 991 1413 sua
1010 1367 1087 1415 sunt.
1125 1355 1191 1417 Nee

89 1428 303 1507 §inestimanda
323 1439 367 1487 est
392 1436 496 1487 eorum
525 1429 617 1501 ratio,
656 1428 830 1510 Regulatum
850 1450 966 1509 semper
985 1450 1047 1491 esse
1066 1431 1190 1493 interius

89 1508 237 1591 §regulas
293 1504 445 1583 Siquidem
466 1526 527 1564 non
547 1504 676 1586 regulam
696 1508 796 1566 statuit
815 1506 845 1566 in
872 1527 974 1565 amore
1004 1508 1098 1568 nostri
1122 1508 1190 1567 Do·

89 1584 167 1659 bns,
203 1582 251 1643 cui
277 1582 383 1643 caritas
402 1600 471 1662 erga
491 1580 565 1641 alios
584 1580 729 1642 subesset:
761 1581 811 1642 sed
834 1581 885 1641 ubi
906 1582 1030 1643 naturali
1050 1584 1189 1664 pravitate

89 1658 172 1721 elebat
187 1658 298 1721 amoris
315 1656 439 1717 allectus
459 1660 488 1716 in
509 1659 594 1717 nobis
608 1659 745 1731 residere,
765 1659 894 1718 ostendit
910 1658 967 1718 alio
980 1660 1034 1719 iam
1047 1672 1189 1738 oportere

89 1735 198 1805 illundi:
218 1746 252 1795 ut
272 1755 333 1794 non
354 1734 462 1794 minori
482 1734 641 1807 alacritate,
670 1735 792 1803 ardore,
822 1734 1018 1795 sollicitudine
1038 1738 1132 1816 parati
1149 1737 1190 1797 si-

89 1834 126 1873 tu
140 1809 438 1875 adbenel'aciendum
460 1811 590 1887 proximo
611 1832 696 1890 quam
717 1811 901 1947 nobisipsis.

134 1896 180 1955 ω.
218 1888 282 1949 larn
301 1886 355 1947 sub
372 1890 505 1961 pror-ism
527 1886 688 1960 vocabulo,
717 1908 806 1966 quum
848 1886 968 1948 'hristus
992 1886 1023 1947 in
1052 1884 1193 1968 parabole

89 1964 233 2027 bariani
252 1964 463 2023 demonstrarit
480 1963 567 2039 (Luc.
584 1970 633 2037 10,
643 1967 707 2039 36.)
726 1962 932 2023 alienissimum
952 1984 1099 2044 quemque
1119 1984 1192 2025 con-

89 2042 160 2115 ineri,
176 2062 241 2103 nnn
260 2039 404 2119 estquod
425 2039 588 2100 dilectionis
604 2050 792 2119 praeceptum
812 2040 847 2098 ad
870 2050 982 2101 nostras
999 2040 1193 2101 necessitudi-

89 2136 120 2181 Β
134 2116 298 2179 limitemur.
347 2116 417 2175 Non
438 2136 532 2195 nego,
563 2118 738 2196 utquisque
759 2128 803 2175 est
823 2115 909 2176 nobis
928 2116 1192 2194 coniunctissimus,

89 2194 224 2255 belbeiis
243 2192 353 2253 nostris
372 2212 434 2251 esse
455 2192 623 2251 familiarius
643 2192 845 2252 adiuvandum.
885 2192 929 2251 Ita
954 2194 1031 2251 enim
1057 2193 1115 2252 sert
1134 2193 1191 2253 bu-

89 2270 207 2335 minsis
224 2269 313 2344 ratio,
333 2280 366 2328 ut
385 2288 422 2327 eo
442 2268 526 2348 plura
548 2269 680 2328 homines
699 2271 777 2327 inter
795 2291 826 2328 se
846 2268 944 2327 officia
963 2273 1193 2346 communicent,

89 2366 129 2437 μ
144 2346 319 2408 arctioribus
338 2345 415 2403 inter
433 2364 465 2404 se
484 2356 536 2404 aut
554 2344 749 2425 cognationis,
770 2357 820 2403 aut
840 2345 1058 2418 familiaritatis,
1078 2357 1128 2405 aut
1146 2347 1194 2406 vi·

89 2421 159 2483 niae
175 2421 297 2483 vineolis
319 2432 544 2481 connectuntur.
583 2426 681 2500 Atque
709 2422 737 2479 id
763 2420 840 2480 nulla
860 2420 917 2479 Ilei
943 2421 1121 2496 offensione,
1140 2444 1194 2483 eu-

89 2496 311 2589 ittprnrrideutia
330 2498 386 2557 buc
407 2498 624 2631 quodammodo
645 2498 796 2577 adigimur.
854 2497 915 2556 Sed
939 2497 1005 2558 dieo
1025 2499 1193 2559 universum

89 2572 214 2635 twuuu
232 2594 343 2657 genus,
373 2573 450 2633 nula
471 2574 659 2653 exceptione,
695 2595 755 2633 uno
775 2573 901 2633 caritatis
920 2574 1029 2633 ellectu
1048 2594 1111 2633 esse
1130 2597 1194 2634 arn-

89 2648 250 2729 ptexsutum
285 2651 396 2709 nullum
423 2651 469 2709 hic
495 2671 556 2709 esse
581 2650 736 2710 discrimen
756 2650 878 2708 Barbari
903 2663 952 2708 ant
972 2649 1090 2721 Graeci,
1110 2650 1193 2733 digni

91 2724 149 2787 ttl‘
183 2732 189 2743 '
210 2730 251 2802 ni,
271 2728 356 2787 amici
376 2725 421 2787 rel
443 2727 566 2785 inimici:
587 2728 726 2805 quoniam
747 2727 866 2799 inlleo,
887 2747 946 2785 non
961 2728 989 2784 in
1001 2748 1030 2785 se
1040 2727 1109 2805 ipsis
1120 2748 1194 2787 con-

93 2798 130 2859 sit
225 2816 311 2863 sunt:
332 2825 348 2862 a
369 2824 428 2882 quo
449 2805 556 2862 iutuitu
576 2804 644 2861 durn
666 2803 862 2875 dcllectimus,
883 2823 943 2860 nou
964 2802 1067 2860 mirum
1089 2814 1147 2878 est,
1170 2801 1196 2862 si

92 2876 173 2943 nsttir
185 2880 331 2941 erroribus
351 2883 389 2937 im
412 2878 542 2939 liramur.
582 2880 683 2952 Quare
702 2879 725 2937 si
747 2900 843 2937 veram
864 2879 1004 2959 diligendi
1025 2877 1131 2938 lineam
1151 2889 1197 2937 te·

93 2972 151 3015 lete
164 2954 242 3031 tter,
262 2977 324 3015 non
346 2956 376 3014 in
392 2902 545 3015 bominem
565 2956 689 3034 primum
709 2956 900 3014 convertendi
920 2953 1095 3027 suntoculi,
1115 2955 1196 3015 cuius

93 3045 197 3121 ὅμως
214 3032 316 3094 odium
337 3032 451 3110 saepius
471 3053 556 3111 quam
577 3051 706 3090 aurorem
732 3032 922 3110 exprimeret,
950 3030 1001 3090 sed
1029 3030 1059 3089 in
1087 3030 1197 3102 Deum,

92 3124 282 3195 pauorem,
309 3130 395 3189 quem
415 3108 470 3167 sibi
496 3108 667 3179 deserimus,
691 3107 728 3165 ad
749 3110 897 3166 universos
918 3106 1050 3166 homines
1070 3106 1197 3166 dillundi

91 3178 169 3245 lbet:
186 3200 218 3247 ut
235 3186 273 3246 sit
293 3184 350 3245 boe
370 3197 544 3264 perpetuum
563 3183 793 3256 fundamentum,
814 3183 1034 3263 Qualiseunque
1046 3185 1085 3244 sit
1096 3184 1197 3258 home,

94 3254 246 3343 diligendum
264 3275 363 3322 tamen
385 3282 457 3335 csse,
479 3262 545 3339 quia
566 3260 696 3339 diligitur
716 3260 806 3319 llcus.

148 3344 190 3405 56.
227 3337 295 3412 Qua
319 3350 422 3416 ropter
445 3336 696 3416 pestilentissimae
721 3335 767 3394 vel
792 3334 976 3417 ignorantiae
999 3335 1045 3393 vel
1072 3333 1198 3394 malitiae

93 3406 232 3495 lritqurxd
251 3360 427 3475 Sclolastici
447 3436 480 3471 cx
500 3415 664 3493 praereptis
684 3412 719 3470 de
739 3433 800 3470 uon
821 3411 984 3489 appetenda
1004 3412 1140 3484 vindicta,
1161 3412 1197 3470 de

93 3484 223 3571 diligendis
240 3491 381 3564 inimicis,
412 3511 486 3568 quae
511 3501 542 3547 et
561 3489 695 3549 omnibus
717 3488 785 3546 olim
806 3487 921 3545 ludaeis·
940 3486 1047 3546 tradita
1069 3489 1198 3561 luerunt,

92 3574 117 3621 tl
129 3579 181 3627 tun
200 3568 337 3629 omnibus
358 3567 387 3625 in
408 3586 563 3625 commune
576 3564 748 3624 Christianis
766 3562 966 3637 tradebantur,
986 3563 1107 3623 consilia
1119 3564 1199 3622 sece-

91 3654 154 3719 fltt,
171 3645 274 3725 quibus
315 3663 398 3702 arere
416 3643 462 3699 vel
483 3663 543 3700 non
564 3662 665 3721 parere
685 3640 808 3699 liberum
828 3649 912 3699 esset.
970 3638 1080 3697 Eorum
1101 3651 1197 3697 autern

92 3724 257 3781 usurariam
278 3666 476 3779 obedientiam
497 3717 533 3775 ad
555 3716 713 3775 monachos
733 3715 911 3797 relegarunt,
931 3714 981 3794 qui
999 3715 1048 3773 rel
1068 3713 1123 3773 boc
1138 3735 1199 3774 uuo

89 3790 246 3875 simplicibus
267 3795 440 3857 Christianis
459 3804 557 3854 esseut
587 3793 738 3867 iustiores,
770 3791 850 3882 quod
881 3791 960 3851 ultre
988 3811 1018 3850 se
1050 3790 1198 3849 servandis

89 3872 197 3933 tonsillis
215 3872 448 3952 obstringerent.
505 3870 544 3927 Et
567 3869 712 3928 rationem
738 3878 896 3947 assignant,
916 3888 967 3927 cur
987 3886 1021 3925 ea
1041 3887 1101 3925 nnn
1124 3866 1199 3927 reci-

89 3943 156 4023 piant
173 3972 226 4029 pro
247 3948 377 4031 legibus:
398 3946 477 4026 quod
498 3965 624 4005 onerosa
640 3944 761 4002 nimium
774 3956 802 4001 et
817 3945 912 4024 gravia
926 3943 1089 4015 rideantur,
1110 3941 1199 4002 chri-

89 4024 170 4085 stianis
188 4026 372 4106 praesertim,
394 4023 444 4103 qui
463 4034 531 4082 sunt
549 4020 602 4081 sub
615 4020 703 4102 ¹Lege
723 4020 844 4102 gratiae.
902 4021 986 4079 Itane
1010 4020 1121 4100 Legem
1140 4018 1200 4078 Dei

415 4187 530 4196 a—-n—
540 4186 659 4194 ---....
674 4186 695 4191 -.
709 4185 798 4191 ,-----

119 4278 167 4401 m')
188 4278 228 4331 Cf.
239 4278 285 4331 lib.
301 4278 328 4334 3
345 4296 367 4329 c.
384 4276 409 4331 7.
426 4275 486 4329 sd·
520 4273 578 4328 vid.
602 4288 627 4326 et
646 4272 815 4338 augustinum
833 4273 866 4324 de
889 4271 980 4323 Doctr.
1004 4266 1097 4325 Christ.
1114 4266 1160 4329 tlh,
1177 4272 1202 4325 l.

89 4360 323 4485 “usffr'dlrliu
335 4436 357 4479 t.
967 4408 1005 4469 ¹⁸
