2700 4732
104 206 158 271 81.
283 196 290 207 ’
484 200 640 265 ΗΙΗΙΙ.
678 201 867 267 canxtn

105 344 237 425 „Omnis
251 362 328 427 quae
345 344 378 407 in
395 344 521 408 macello
531 345 820 425 venduntur,'edite,
838 344 913 407 nihil
932 345 1154 429 interrogantes
1172 352 1245 427 pin-

105 434 195 505 „pter
212 423 431 485 conscientiam.
467 423 566 485 Porro
586 423 795 487 conscientiam
815 422 883 485 dico
903 444 965 484 non
984 435 1077 495 tuam,
1096 422 1152 483 sed
1171 422 1246 485 alte·

105 500 217 577 „rius.“
253 498 394 579 Denique
416 499 511 575 „tales
530 513 627 561 estote
645 513 680 562 ut
704 499 817 560 nullum
841 500 1006 580 praebeatis
1027 498 1244 561 offendiculum

126 595 223 655 neque
241 575 367 651 Iudaeis,
385 596 482 657 neque
502 575 635 650 Graecis,
653 596 751 656 neque
769 576 918 637 Ecclesiae
934 578 1023 637 Dci.“
1060 576 1133 637 Alio
1154 576 1244 637 etiam

104 620 187 715 locos
218 652 275 727 „lu
296 652 462 713 libertatem
481 654 578 713 vocati
597 655 681 728 estis,
711 653 831 726 fratres,
861 666 977 713 tantum
1002 672 1042 713 ue
1072 651 1243 713 libertatem

104 742 250 807 „vestram
270 728 344 788 datis
362 729 393 789 iu
414 729 598 789 occasionem
623 729 720 802 carni,
743 728 794 789 sed
814 750 869 808 per
888 730 1041 790 caritatem
1058 729 1171 789 servite
1189 749 1243 790 vo·

105 804 172 881 „bis
191 805 348 866 invicem.“
372 806 433 865 lta
452 816 497 865 est
518 826 597 867 sane.
635 804 770 866 Libertas
789 818 890 867 nostra
909 827 971 867 uon
991 807 1129 867 adversus
1149 804 1243 865 imbe-

105 882 187 943 cilles
210 882 360 964 proximos
379 880 451 943 data
477 892 538 956 est,
567 901 693 961 quorum
724 903 778 943 nos
807 903 862 963 per
887 883 986 943 omnia
1009 902 1111 943 servos
1136 882 1242 943 caritas

104 960 219 1019 statuit:
245 957 297 1018 sed
317 958 423 1037 magis,
442 969 476 1016 ut
494 977 594 1036 pacem
615 980 680 1018 cum
697 958 767 1019 Deo
788 958 818 1017 iu
838 959 940 1019 animis
960 958 1068 1020 nostris
1087 956 1242 1033 habentes,

104 1048 208 1115 pacate
227 1035 315 1095 etiam
335 1035 413 1093 inter
431 1032 564 1095 homines
576 1035 711 1097 vivamus.
749 1034 973 1095 Pharisaeorum
992 1047 1091 1097 autem
1110 1034 1241 1095 offensio

126 1110 208 1172 uauti
226 1112 265 1171 sit
283 1109 427 1183 iacienda,
445 1110 581 1171 discimus
600 1130 635 1170 ex
650 1111 746 1172 verbis
755 1112 893 1171 Dominis
914 1111 1019 1191 quibus
1038 1110 1124 1171 iubet
1144 1110 1243 1171 omitti

104 1132 188 1262 illos,
207 1187 275 1268 quis
295 1186 378 1247 coeci
397 1198 481 1260 sunt,
498 1187 589 1247 duces
607 1206 767 1247 coecorum
792 1188 913 1263 (llattb.
934 1194 987 1259 15,
1008 1188 1082 1265 lh).
1124 1186 1242 1248 Admo-

104 1275 232 1324 nueraut
250 1259 400 1341 discipuli,
429 1280 480 1322 eos
497 1282 636 1325 sermone
654 1263 744 1342 ipsius
763 1264 895 1324 ostensos
920 1264 1017 1325 luisse.
1066 1262 1243 1345 Respondet

104 1339 309 1423 negligendos,
329 1358 385 1399 nec
404 1339 560 1399 curandam
580 1358 642 1399 esse
661 1359 764 1400 eorum
784 1340 993 1400 offensionem.

181 1422 228 1482 12.
266 1414 326 1475 Res
343 1426 443 1477 tamen
462 1414 556 1475 adhuc
575 1416 687 1477 incerta
704 1416 826 1495 pendet,
846 1418 901 1477 nisi
919 1428 1070 1487 teneamus
1090 1414 1241 1495 quinohis

103 1492 164 1555 siut
181 1491 311 1553 habendi
328 1490 452 1567 infirmi,
468 1502 498 1551 et
517 1494 566 1571 qui
583 1492 743 1552 Pharisaei:
764 1515 824 1572 quo
844 1494 1009 1567 discrimine
1028 1491 1161 1567 sublato,
1179 1512 1241 1553 non

104 1570 191 1633 video
211 1568 275 1648 quis
293 1588 414 1647 prorsus
431 1580 523 1627 restet
541 1568 813 1630 interollsusiones
832 1569 974 1629 libertatis
992 1591 1071 1643 usus,
1111 1569 1145 1629 ui
1165 1589 1242 1629 uuus

105 1668 192 1729 quam
213 1643 560 1727 sine-summmpericulo
581 1644 669 1705 foret
709 1646 820 1705 Verum
840 1647 911 1705 mihi
923 1645 1082 1707 clarissime
1090 1590 1241 1707 definiisse

102 1719 338 1786 videturPaulus
357 1732 419 1779 tum
433 1721 566 1781 doctriua
585 1733 648 1783 tum
660 1742 749 1782 exem
772 1722 816 1796 lis,
828 1734 970 1802 quatenus
989 1720 1039 1781 vel
1058 1720 1242 1783 moderanda

104 1801 145 1862 sit
163 1799 284 1860 libertas
302 1809 422 1871 nostra,
440 1798 488 1858 vcl
508 1798 694 1860 offendiculis
712 1744 890 1859 redimenda.
936 1796 1130 1858 Timotheum
1151 1820 1238 1879 qunm

103 1876 136 1936 in
156 1875 338 1937 consortium
357 1895 441 1934 suum
461 1885 634 1948 assumeret,
654 1875 849 1935 circumcidit:
872 1876 973 1935 Titum
993 1887 1026 1933 ut
1046 1876 1238 1937 circumcide-

103 1965 167 2026 ret,
191 1951 296 2013 adduci
320 1971 382 2009 nou
402 1952 502 2029 potuit
525 1952 607 2029 (Act.
626 1958 680 2026 16,
697 1958 725 2017 3.
758 1950 825 2011 Gal.
844 1958 880 2027 2,
900 1953 955 2029 a).
1003 1952 1129 2013 Diversa
1150 1952 1236 2013 iacta:

104 2029 185 2091 nulla
200 2026 315 2089 consilii
326 2046 381 2089 nec
393 2026 482 2087 animi
497 2028 635 2089 mutatio:
655 2049 723 2087 nem
746 2029 805 2087 eiu
816 2027 1052 2091 circumcidendo
1066 2028 1237 2105 Timotheo,

104 2128 195 2187 quum
214 2103 297 2164 liber·
312 2114 388 2163 esset
405 2102 441 2161 ab
463 2104 616 2178 omuibus,
638 2049 775 2166 omnidus
799 2108 985 2184 semetipsum
1009 2126 1129 2165 servum
1153 2106 1235 2167 lecit:

103 2195 158 2261 „et
176 2182 269 2242 sactus
288 2189 333 2241 est
351 2178 465 2239 ludaeis
485 2181 567 2259 qtsasi
585 2182 721 2257 Iudaeus,
740 2193 773 2241 ut
783 2182 908 2242 Iudaeos
920 2181 1122 2242 lucrifacerets
1144 2185 1180 2246 iis
1190 2182 1236 2263 qni

104 2258 281 2339 „sub-Lege
301 2268 395 2331 eraut,
415 2257 496 2348 quasi
516 2269 592 2319 esset
609 2258 664 2319 sub
683 2259 775 2394 Lepe
795 2271 828 2318 ut
847 2278 898 2317 eos
917 2258 968 2337 qui
985 2258 1039 2319 sub
1052 2260 1138 2397 Leffe
1159 2270 1237 2321 erant

103 2334 326 2413 „lucrifacerem
348 2334 485 2394 omnihus
504 2334 614 2408 omnia,
633 2346 666 2394 ut
685 2356 733 2395 mu
748 2348 792 2395 tos
811 2340 970 2406 servaret,“
991 2356 1096 2413 quema
1120 2336 1236 2398 modun

104 2411 175 2473 alibi
192 2412 294 2472 scribit
311 2409 352 2488 (L
364 2409 435 2470 (lor.
453 2416 483 2484 9,
502 2416 549 2474 ⁸2⁰.
560 2423 591 2470 et
608 2413 679 2486 22).
718 2411 867 2471 Habemus
887 2411 990 2471 iustam
1010 2412 1158 2475 libertatis
1175 2432 1237 2473 mo·

105 2489 304 2562 demtionem,
336 2486 452 2547 sicum
482 2485 581 2546 fructu
605 2487 703 2565 aliquo
728 2488 934 2551 iudillerenter
957 2486 1107 2549 contineri
1142 2490 1236 2571 possit.

106 2565 190 2639 Quid
208 2564 369 2644 respexerit
388 2584 476 2641 quum
495 2563 595 2621 Titum
620 2562 829 2623 circumcidere
849 2564 968 2623 fortiter
987 2565 1149 2641 abstinuit,
1179 2567 1238 2647 ipse

104 2653 239 2716 testatur,
257 2637 532 2718 sicscribens(Gal.
544 2641 709 2716 2,3-5.):
728 2640 811 2714 „Sed
832 2660 927 2719 neque
938 2641 1033 2715 Titus,
1053 2644 1105 2722 qui
1126 2662 1237 2705 mecum

104 2730 202 2796 „erat
220 2739 310 2798 quum
331 2727 407 2777 esset
419 2714 562 2790 Graecus,
581 2716 748 2796 compulsus
768 2717 822 2775 suit
835 2718 1011 2791 circumcidi,
1052 2731 1162 2799 supter
1175 2718 1237 2780 obi·

104 2807 171 2872 „ter
190 2797 337 2875 ingressos
357 2792 444 2854 salsos
464 2794 581 2865 fratres,
621 2795 651 2854 ui
668 2793 901 2853 subintroierant
919 2794 954 2853 ad
972 2738 1188 2874 explhrandum
1206 2794 1238 2855 li·

104 2872 271 2948 „bertatem
290 2881 438 2944 nostram,
456 2892 542 2949 quam
569 2815 709 2931 hahemus
734 2870 764 2929 in
786 2869 905 2931 Christo
930 2872 1014 2947 Iesu,
1044 2894 1107 2951 quo
1136 2872 1238 2935 notin

104 2951 298 3026 „servitutem
317 2947 485 3027 adigereut:
513 2947 619 3026 quibus
640 2966 678 3006 ne
697 2947 732 3007 ad
755 2958 868 3026 tempus
888 2947 1005 3026 quidem
1026 2950 1169 3011 cessimus
1187 2968 1238 3031 pet

103 3025 351 3103 „subiectionem
370 3035 404 3082 ut
415 3023 567 3105 Evangelii
586 3024 691 3083 veritas
710 3035 844 3084 maneret
862 3024 940 3102 apud
959 3026 1049 3085 vos.“
1077 3025 1237 3089 ttabeuu

105 3113 136 3161 et
161 3102 363 3162 necessitatem
387 3100 576 3161 vindicandae
601 3099 760 3175 libertatis,
793 3101 816 3160 si
848 3120 902 3178 per
932 3101 1046 3178 iniquas
1073 3104 1239 3165 exactiones

103 3176 437 3257 Pseudnapostolorum,
456 3196 488 3237 ea
507 3176 630 3235 infirmis
647 3177 678 3235 in
690 3177 877 3238 conscientiis
896 3178 1086 3255 periclitatur.
1122 3180 1240 3273 Ubique

103 3254 281 3315 studendum
301 3252 424 3327 caritati,
443 3264 474 3311 et
485 3253 643 3332 spectanda
660 3253 787 3345 proximi
807 3254 983 3314 aedificatio.
1022 3253 1161 3329 „Omnia
1179 3262 1239 3337 (tn-

104 3374 125 3407 „
147 3330 192 3388 uit
211 3330 281 3389 alibi
305 3329 330 3388 Ι.
351 3329 423 3390 Cor.
441 3334 495 3401 10,
514 3331 578 3405 23.)
597 3329 668 3389 mihi
688 3330 792 3390 licent:
813 3341 844 3389 at
867 3351 929 3389 nou
950 3332 1049 3392 omnia
1070 3334 1237 3411 expediunt.

105 3351 235 3483 „Prusia
259 3406 330 3465 mihi
350 3406 452 3465 licent:
479 3417 510 3465 at
532 3426 596 3465 non
614 3406 713 3466 omnia
733 3406 896 3466 aedificant.
934 3407 1031 3467 Nemo
1051 3408 1137 3487 quod
1157 3430 1238 3471 suum

105 3493 172 3560 „est
189 3492 325 3562 quaerat,
344 3482 394 3543 sed
416 3481 496 3561 quod
516 3482 666 3543 alterius.“
694 3484 775 3542 Nihil
796 3484 853 3543 iam
874 3483 926 3543 hac
945 3484 1047 3565 regula
1067 3487 1238 3567 expeditius,

105 3581 191 3641 quant
211 3559 353 3620 utendum
372 3558 511 3617 libertate
529 3572 640 3635 nostra,
659 3559 682 3619 si
703 3560 733 3619 in
753 3560 876 3640 proximi
889 3564 983 3620 nostri
1002 3561 1238 3625 aedificationem

105 3637 206 3697 cedat:
232 3635 275 3696 sin
296 3634 335 3694 ita
355 3637 488 3714 proximo
508 3658 570 3697 uon
592 3636 738 3715 expediat,
763 3657 797 3697 ea
815 3649 887 3695 tunc
907 3637 1124 3699 abstinendum.
1164 3640 1239 3701 Sunt

105 3713 157 3792 qui
176 3711 327 3771 Paulinam
351 3712 536 3790 prudentiam
561 3712 699 3773 simulant
723 3714 753 3772 in
778 3712 952 3773 abstinentia
977 3714 1141 3794 libertatis,
1169 3713 1239 3777 nihil

104 3789 200 3851 minus
219 3807 306 3867 quam
326 3787 357 3846 in
377 3788 474 3847 olhciu
493 3790 620 3849 caritatis
640 3810 702 3850 eam
722 3790 919 3850 conserentes.
959 3791 1036 3850 Suae
1057 3793 1138 3855 enim
1150 3790 1239 3873 quieti

104 3877 139 3925 ut
158 3864 324 3941 consulant,
344 3883 462 3924 omnem
482 3866 623 3925 libertatis
643 3866 823 3925 mentionem
844 3866 985 3945 sepultam
1007 3879 1130 3945 optant:
1151 3890 1238 3950 quum

104 3962 168 4002 non
197 3940 295 4000 minus
325 3941 443 4000 intersit
472 3944 671 4021 proximorum
704 3942 872 4005 libertatem
896 3942 1052 4003 incorum
1077 3945 1194 4007 bonum
1211 3956 1239 4007 et

105 4017 340 4079 aedificationem
360 4018 509 4077 interdum
534 4041 691 4100 usurpare,
718 4042 804 4098 quam
828 4041 883 4098 pro
909 4020 1041 4109 ipsorum
1069 4023 1239 4095 commodo,

105 4114 168 4153 eam
191 4094 257 4154 loco
277 4094 434 4154 moderari.
472 4094 518 4153 Pii
538 4109 634 4156 autem
656 4097 782 4157 hominis
804 4108 847 4156 est
866 4111 1016 4177 cogitare,
1040 4098 1097 4158 sibi
1118 4100 1238 4160 liberam

105 4170 138 4230 in
158 4171 247 4231 rebus
260 4172 386 4233 externis
406 4182 581 4249 potestatem
600 4175 668 4236 ideo
682 4193 745 4238 esse
757 4193 937 4253 concessam,
957 4196 1017 4254 quo
1037 4178 1076 4238 sit
1093 4176 1240 4241 adomnia

107 4246 234 4323 caritatis
253 4247 351 4315 officia
370 4248 544 4330 expeditior.
