2700 4732
503 224 582 287 un.
601 226 627 288 1.
666 226 755 290 ΕΜ).
775 226 873 293 let
1197 240 1256 301 147

106 372 203 457 dique
222 382 304 433 artes
322 348 478 453 inspiratas
497 368 668 433 hominibus
688 390 750 431 esse
770 386 786 431 a
807 370 950 448 Domino,
969 373 1075 467 quibus
1095 377 1256 456 providen-

106 452 169 513 tiae
193 450 259 511 eins
279 448 482 521 subserviant,
511 450 542 507 in
561 447 640 507 vitae
664 449 803 527 propriae
830 462 1061 512 conservatione.
1101 454 1255 528 Quemad-

109 526 232 589 modum
253 537 359 587 contra
380 523 519 607 neglectu
541 536 571 583 et
589 524 742 599 socordia,
769 544 843 604 quae
862 525 918 585 illis
938 527 1062 587 iniunxit
1081 530 1174 603 mala,
1198 530 1254 593 sibi

112 614 271 665 aceessum.
312 601 377 677 Qui
396 600 431 661 fit
450 600 529 659 enim
550 612 583 660 nt
601 600 647 659 vir
666 602 814 679 providus,
835 602 904 661 dum
924 602 979 662 sihi
999 606 1137 679 consulit,
1156 606 1253 669 immi-

113 678 251 739 nentibus
283 678 373 738 etiam
405 676 488 737 malis
515 696 547 737 se
580 675 723 755 explicet,
754 678 858 739 stultus
890 680 1056 739 inconsulta
1087 684 1254 745 temeritate

114 766 226 835 pereat,
244 753 301 815 nisi
321 754 403 835 quod
424 765 454 814 et
473 754 595 813 stultitia
617 764 647 813 et
667 754 821 833 petulentia
843 755 957 815 divinae
977 768 1045 817 suut
1059 757 1254 837 dispensatio-

118 832 160 891 nis
178 832 372 891 iustrumenta
393 829 422 889 in
443 842 597 909 utramque
618 830 753 922 partem?
772 831 844 890 ldec
859 852 912 892 nos
928 831 1024 892 celare
1045 834 1142 895 lutura
1156 836 1254 898 omnia

120 906 210 967 voluit
226 906 325 981 Dens,
345 920 378 967 ut
398 919 537 987 tanquam
558 906 651 967 dubiis
673 927 876 981 occurramus,
897 928 994 987 neque
1015 908 1179 971 desinamus
1200 935 1254 993 pa-

122 994 178 1043 rata
194 984 323 1043 remedia
343 1003 516 1063 opponere,
546 984 642 1041 donec
662 993 712 1041 aut
736 995 869 1061 superata
900 984 1026 1057 luerint,
1059 998 1109 1045 aut
1135 1007 1253 1049 omnem

124 1080 210 1119 curam
233 1062 448 1139 superaverint.
496 1060 569 1120 Ideo
598 1070 667 1119 ante
692 1060 847 1133 admonui,
878 1060 1092 1152 providentiam
1112 1064 1171 1123 Dei
1191 1086 1253 1126 uun

125 1154 175 1195 rem
196 1156 229 1195 er
250 1136 361 1195 nudam
388 1155 563 1211 occurrere,
593 1137 645 1197 sed
675 1146 765 1217 prout
791 1136 930 1197 adhibitis
956 1136 1059 1199 mediis
1086 1158 1149 1200 eam
1169 1141 1251 1206 Deus

127 1230 173 1291 qno
192 1212 331 1273 ammodo
350 1214 446 1271 vestit.

188 1294 215 1353 h
255 1288 350 1347 lidem
370 1287 521 1367 praeteriti
540 1290 682 1367 temporis
708 1298 830 1349 eventus
855 1309 1010 1368 perperam
1032 1302 1061 1351 et
1081 1292 1249 1353 inconside-

129 1372 179 1423 rate
195 1364 229 1425 ad
249 1364 359 1423 nudam
380 1365 438 1424 Dei
463 1366 676 1444 providentiam
703 1365 833 1423 trahunt.
878 1368 952 1425 Nam
995 1367 1040 1426 uia
1066 1388 1099 1425 ex
1120 1388 1153 1428 ea
1175 1390 1248 1447 pen·

133 1436 389 1521 dentquaeeunque
408 1442 601 1523 contingunt:
622 1442 713 1519 Ergo,
734 1442 881 1521 inquiunt,
904 1462 958 1501 nec
973 1388 1067 1517 lucta,
1088 1464 1144 1503 nec
1163 1446 1247 1504 ailul-

89 1544 93 1557 ’
133 1515 204 1591 teris,
231 1538 289 1577 uec
313 1516 470 1577 homicidia
495 1528 717 1599 perpetrantur,
748 1520 818 1596 quin
839 1518 897 1575 Dei
916 1519 1050 1579 voluntas
1075 1522 1247 1581 intercedat.

136 1586 182 1649 lint
198 1612 280 1675 ergo,
297 1592 328 1652 in
353 1594 446 1667 niunt,
465 1592 513 1653 sur
530 1595 669 1673 punietur
688 1593 737 1673 qui
758 1613 824 1652 eum
837 1594 981 1672 expilavit,
1001 1616 1088 1675 quem
1101 1596 1247 1657 Dominus

136 1684 176 1743 pau
211 1682 284 1729 rtate
303 1616 397 1729 vdluit
417 1670 578 1753 castigare?
617 1670 681 1730 Cur
699 1670 839 1749 punietur
858 1672 1021 1747 homicida,
1043 1674 1093 1751 qui
1113 1694 1178 1730 enni
1200 1676 1246 1732 in-

179 1746 231 1805 etit
259 1746 307 1805 tui
338 1748 428 1806 vitam
454 1746 598 1806 Dominus
630 1746 763 1807 finierat?
803 1748 836 1806 Si
861 1747 919 1805 llei
944 1746 1088 1807 voluntati
1114 1752 1247 1809 serviunt

140 1814 276 1883 huiusmodi
302 1842 420 1896 omues,
453 1843 506 1882 cur
530 1821 710 1903 punientur?
760 1824 820 1882 Sed
847 1824 924 1881 enim
952 1844 1001 1883 eos
1022 1824 1080 1882 Dei
1100 1826 1245 1885 voluntati

140 1896 223 1959 mire
244 1918 333 1981 nego.
380 1900 450 1959 Nou
475 1900 553 1958 enirn
575 1902 624 1979 qui
644 1899 722 1959 malo
743 1903 842 1958 animo
868 1899 974 1972 lectur,
994 1899 1138 1979 praebere
1158 1902 1245 1961 mini·

139 1974 232 2033 tltsinm
258 1974 326 2037 Deo
352 1974 465 2035 iubenti
493 1976 636 2048 dicemus,
666 1998 755 2055 qutun
781 1976 926 2055 malignae
952 1974 1104 2054 cupiditati
1130 1988 1243 2037 tautum

140 2044 300 2129 obsequatur.
338 2052 428 2112 Paret
447 2052 496 2111 ille
508 2052 587 2126 Deo,
627 2052 656 2112 ui
676 2052 713 2110 de
734 2050 794 2112 eius
808 2052 958 2111 voluntate
971 2052 1104 2124 edoctus,
1123 2072 1160 2112 eo
1173 2074 1246 2113 con·

139 2126 212 2185 tundit
227 2148 285 2209 quo
306 2128 343 2189 ab
365 2148 402 2189 eo
423 2140 553 2191 vocatur.
634 2129 691 2187 nde
711 2140 808 2188 autem
840 2128 1013 2201 edocemur,
1043 2128 1097 2187 nisi
1123 2149 1157 2187 ex
1183 2130 1244 2190 eius

93 2259 97 2270 ,
141 2202 226 2263 techni
259 2206 390 2265 Proinde
416 2208 445 2265 in
473 2206 560 2265 rebus
581 2205 700 2286 agendis
725 2226 758 2265 ea
784 2216 828 2263 est
853 2204 939 2264 nohis
963 2204 1165 2285 perspicienda
1186 2206 1244 2267 llei

89 2320 98 2346 ,,
142 2272 255 2355 ulmus,
273 2302 360 2361 quam
380 2282 473 2349 verbo
493 2302 546 2341 suo
567 2281 704 2341 declarat.
742 2280 778 2340 Id
797 2281 919 2361 requirit
940 2303 1028 2340 unum
1049 2283 1166 2343 Densa
1186 2303 1243 2344 no·

89 2360 100 2396 '·
141 2346 264 2445 lbquod
284 2358 437 2437 praecipit.
476 2358 509 2417 Si
522 2357 591 2436 quid
611 2358 746 2417 adversus
767 2370 954 2437 praeceptum
967 2358 1159 2449 designamus,
1180 2381 1242 2420 non

141 2426 282 2494 obedientia
296 2446 351 2507 est,
369 2435 421 2494 sed
434 2434 617 2495 contumacia
638 2446 668 2492 et
687 2435 887 2515 transgressio.
927 2436 977 2507 lu,
997 2436 1051 2493 nisi
1061 2436 1159 2508 vellet,
1179 2456 1241 2495 non

139 2500 288 2569 haeremus:
324 2510 431 2571 fateor.
481 2512 540 2570 Sed
567 2532 604 2570 an
630 2508 749 2569 lavimus
775 2511 896 2570 malain
922 2510 1001 2571 hunc
1027 2512 1129 2584 linem,
1159 2526 1192 2572 ut
1214 2513 1241 2570 ei

138 2578 283 2663 obsequium
308 2588 506 2667 praestemus?
555 2587 596 2646 At
621 2587 706 2645 nobis
732 2608 765 2645 ea
795 2608 977 2666 neqnaquam
1008 2590 1139 2647 mandat:
1171 2590 1241 2667 quin

89 2648 103 2785 p
138 2659 214 2745 putihs
231 2663 376 2735 irruimus,
397 2686 457 2723 non
478 2664 548 2744 quid
568 2664 617 2722 ille
630 2664 699 2723 velit
712 2664 884 2745 cogitantes,
903 2664 954 2723 sed
975 2664 1103 2723 libidinis
1125 2680 1242 2724 nostrae

139 2740 285 2817 intemperie
304 2743 346 2800 sic
367 2741 507 2813 lucentes,
528 2752 679 2800 utcontra
700 2741 793 2817 ipsum
808 2740 953 2798 destinato
965 2741 1087 2800 consilio
1106 2742 1242 2800 nitamur.

140 2808 214 2901 htque
232 2816 282 2875 hac
301 2818 424 2889 ratione,
443 2818 518 2876 male
538 2818 670 2899 agendo,
691 2816 782 2875 iustae
803 2816 864 2875 rius
884 2818 1064 2875 ordinationi
1084 2819 1241 2877 servimus:

144 2904 189 2963 wa
203 2912 254 2969 pro
273 2893 413 2952 immensa
432 2914 500 2952 snae
518 2894 677 2973 sapientiae
697 2892 912 2975 magnitudine,
943 2895 978 2952 ad
999 2893 1076 2951 hene
1095 2896 1242 2975 agendum

144 2964 202 3049 'plis
218 2968 410 3030 instrumentis
430 2970 471 3029 uti
491 2971 567 3030 hene
587 2970 740 3049 probeque
761 2970 853 3027 novit.
894 2970 936 3028 hc
948 2970 1017 3028 vide
1030 2990 1115 3047 quam
1137 2969 1241 3030 insulsa

147 3048 268 3103 theanum
288 3049 517 3127 argumentatio:
545 3046 685 3125 impunita
706 3066 767 3104 esse
793 3046 961 3105 auctoribus
981 3048 1037 3105 suis
1058 3046 1166 3105 scelera
1188 3066 1241 3105 vo-

148 3108 200 3187 lnt.
214 3122 271 3199 quia
290 3122 476 3183 nonnisiDei
494 3123 708 3214 dispensatione
729 3132 889 3201 patrantur.
928 3124 993 3201 Ego
1015 3121 1077 3201 plus
1092 3120 1239 3181 concedo:

151 3184 243 3273 {unet
261 3199 433 3271 homicidas,
464 3212 494 3257 et
513 3201 585 3258 alios
611 3199 772 3270 maleficos,
802 3199 916 3257 divinae
948 3219 1009 3258 esse
1040 3198 1241 3277 providentiae

153 3276 314 3359 torqueris,
347 3275 452 3366 quihus
473 3276 617 3335 Dominus
647 3275 708 3365 ipse
736 3276 771 3333 ad
793 3274 991 3408 exsequenda,
1011 3294 1085 3354 quae
1113 3275 1188 3353 apud
1209 3290 1240 3333 se

156 3351 265 3425 tftttlttait
283 3354 403 3423 iudicia,
429 3352 528 3411 utitur.
572 3352 662 3431 Atqui
688 3371 790 3410 eorum
818 3372 862 3409 ma
878 3352 900 3409 is
924 3350 1011 3409 ullam
1031 3352 1101 3410 inde
1121 3370 1240 3409 excusa·

97 3482 100 3489 .
155 3420 232 3481 l'lltttt
246 3428 341 3488 deberi
363 3448 452 3510 nego.
492 3428 573 3502 Quid
595 3426 690 3486 enim?
720 3427 825 3487 huvel
847 3428 948 3486 eadem
968 3448 1065 3487 secum
1085 3426 1239 3505 iniquitate

94 3538 97 3543 ·
154 3484 223 3555 ΒΜ
238 3504 438 3585 implicabunt,
470 3505 516 3563 vel
535 3526 614 3564 suam
644 3504 816 3583 pravitatem
847 3504 924 3563 illius
956 3504 1061 3564 iustitia
1084 3501 1241 3581 operienti

92 3564 99 3639 l
151 3562 255 3639 heum„
272 3593 403 3661 possunt.
443 3580 514 3655 Quo
534 3582 628 3640 minus
646 3600 677 3638 se
699 3591 834 3659 purgent,
854 3581 974 3661 propria
995 3580 1174 3641 conscientia
1193 3596 1241 3637 re·

150 3638 301 3727 lltt'ttutnr:
334 3658 494 3737 quominus
513 3658 610 3717 Deum
629 3655 813 3727 insimulent,
842 3667 939 3716 totum
957 3658 988 3715 in
1009 3677 1040 3716 se
1059 3657 1168 3714 anulum
1189 3654 1241 3711 de·

145 3724 309 3863 galendunt:
342 3755 433 3815 penes
454 3734 562 3812 ipsum,
591 3731 709 3793 nonnisi
730 3733 890 3814 legitimum
915 3732 1043 3792 malitiae
1062 3752 1129 3791 snae
1149 3752 1246 3788 usum:

194 3810 259 3869 enim
278 3831 333 3890 prr
352 3811 362 3869 i
384 3832 431 3870 sos
445 3822 592 3889 operatur.
631 3810 670 3867 Et
690 3809 779 3883 unde,
801 3828 919 3888 quaeso,
939 3810 1038 3869 luctor
1050 3806 1079 3865 in
1093 3807 1242 3893 cadavere,

144 3880 308 3953 antedoce
327 3832 398 3947 solis
419 3899 480 3944 tum
522 3884 710 3958 utrelactum,
736 3896 797 3943 tum
819 3895 978 3945 rescratum
999 3883 1107 3943 fueriti
1145 3880 1242 3939 lladns

142 3952 189 4017 adh
205 3964 317 4023 excitari
337 3964 487 4023 omnesvi
510 3974 573 4022 ent:
600 3982 688 4020 nemu
713 3972 809 4020 tamen
837 3959 903 4022 illus
930 3962 1043 4021 foetere
1070 3960 1136 4017 ideo
1163 3956 1241 4046 dicit.

141 4020 171 4089 lle
184 4056 262 4115 quum
288 4041 317 4098 in
344 4038 464 4099 homine
487 4038 565 4098 malo
585 4037 734 4098 subsideat
754 4036 821 4096 mali
841 4040 976 4097 materies
1001 4047 1031 4096 et
1052 4034 1151 4112 culpa,
1172 4033 1241 4124 quid

140 4116 253 4191 estquod
273 4116 528 4196 inquinamentum
548 4113 666 4194 aliquod
693 4116 869 4173 contrahere
897 4125 1016 4194 putetur
1036 4110 1132 4184 lleus,
1162 4131 1185 4168 si
1207 4108 1244 4166 ad

138 4198 198 4247 tttm
214 4192 366 4254 arbitrium
386 4202 485 4250 utatur
503 4191 565 4250 eius
585 4190 767 4250 ministerio?
798 4194 933 4250 Facessat
949 4190 1040 4282 igitur
1052 4187 1155 4247 canina
1173 4184 1246 4245 haec

138 4268 284 4345 procacitas,
305 4288 381 4349 quae
401 4268 538 4329 allatrare
556 4267 675 4348 quidem
696 4268 808 4329 eminus
828 4265 886 4325 Dei
907 4263 1046 4326 iustitiam
1067 4272 1175 4344 potest,
1195 4258 1248 4321 sed

92 4384 97 4437 q
136 4350 180 4399 tun
196 4345 346 4426 attingere.

90 4446 100 4663 l
