2700 4732
492 190 568 252 Llll.
588 191 645 250 111.
686 190 775 253 CAP.
794 190 859 251 XX.
1159 188 1162 193 ’
1187 190 1257 253 ,117

116 333 183 392 clem
195 332 363 413 adoptionis
379 345 483 394 testem
501 336 588 396 nobis
600 335 651 395 dat
661 335 814 417 Spiritum,
834 354 888 415 per
899 352 986 412 quem
997 330 1090 392 libera
1100 338 1131 389 et
1143 350 1252 389 sonora

113 429 191 470 voce
216 408 341 470 clamare
366 410 450 486 licet,
478 411 565 472 Abba
585 413 684 471 Pater.
737 413 865 486 Quoties
887 410 989 489 itaque
1012 407 1099 468 nobis
1123 406 1253 473 obstabit

113 486 213 576 aliqua
232 487 396 560 cunctatio,
420 499 523 569 potere
550 488 586 549 ab
613 490 677 569 ipso
698 488 927 562 meminerimus,
948 497 980 545 ut
999 494 1132 545 correcta
1152 494 1253 544 nostra

113 562 443 698 qimdimtekdpuitnm
463 564 544 624 illum
563 566 806 648 magnanimitatis
826 565 929 625 ducem
949 562 986 623 ad
1005 560 1144 622 audacter
1163 580 1252 620 oran·

136 660 184 698 um
227 660 275 699 rae
296 650 362 699 erat.
867 690 871 697 .

191 660 239 780 ὦ.
278 714 371 789 Quod
396 728 493 776 autem
519 740 580 778 non
605 719 645 779 ita
670 718 864 792 instituimur,
887 726 922 775 ut
939 734 1022 774 suum
1044 711 1174 792 quisquis
1199 730 1251 793 pt-

112 802 190 852 trem
215 793 405 870 peculiariter
430 795 578 868 nominet,
607 795 656 855 sed
688 795 786 875 potius
814 806 848 853 ut
876 804 1009 853 nostrum
1039 791 1070 849 io
1095 808 1252 848 commune

113 887 219 929 omnes
238 888 390 929 vocemus:
418 890 451 928 es
475 891 512 930 co
532 873 740 945 admonemur,
760 883 899 949 quantum
920 869 1066 928 fraternae
1087 863 1251 927 dilectionis

113 943 252 1003 allectum
274 946 352 1004 inter
371 966 426 1006 nos
453 947 637 1007 intercedere
662 970 680 1008 o
704 959 815 1021 orteat,
848 948 899 1027 qui
923 944 987 1004 talis
1011 943 1114 1023 patris,
1145 940 1251 1000 eodem

111 1020 330 1080 misericordiae
361 1034 392 1081 et
445 1025 568 1084 ratuitae
597 970 779 1084 liberalitatis
810 1025 890 1095 iure,
922 1021 1032 1101 pariter
1062 1040 1158 1078 sumus
1189 1015 1250 1075 filii.

110 1095 188 1155 Nam
208 1097 232 1157 si
252 1119 326 1157 unus
346 1043 482 1159 omnilms
509 1102 594 1160 nobis
621 1101 783 1161 communis
810 1111 853 1159 est
878 1110 961 1179 pater
979 1095 1099 1170 (illattlr.
1118 1100 1173 1167 23,
1191 1095 1239 1168 9.)

110 1193 127 1232 a
149 1182 209 1252 qun
228 1176 512 1256 provenitquicquid
534 1178 656 1237 omnino
677 1177 749 1237 boni
769 1177 924 1258 obtingere
945 1173 1031 1233 uobis
1049 1183 1158 1251 potest,
1177 1167 1250 1228 nihil

111 1248 193 1308 inter
213 1270 268 1309 nos
288 1250 410 1310 divisum
432 1254 691 1334 essedecet,quod
712 1274 772 1313 noo
794 1273 897 1333 magna
916 1251 1007 1311 animi
1028 1249 1176 1309 alacritate
1196 1266 1248 1325 pa-

111 1326 170 1385 rati
181 1325 280 1399 simus,
298 1327 372 1387 alter
391 1328 475 1388 alteri
494 1332 860 1408 communicarequantum
881 1349 949 1388 usus
968 1324 1105 1407 postulat.
1144 1323 1206 1380 iarn
1224 1321 1250 1382 si

109 1403 153 1461 ita
173 1413 205 1462 ut
224 1408 277 1483 'par
296 1416 355 1477 est,
384 1406 508 1465 vicissim
534 1429 650 1466 manum
672 1407 825 1488 porrigere
849 1416 937 1483 atque
957 1424 1044 1482 opem
1066 1401 1143 1459 serre
1164 1396 1248 1477 eupi-

109 1499 193 1553 mus,
216 1499 278 1538 non
300 1492 344 1540 est
369 1481 399 1539 in
420 1504 479 1561 quo
499 1485 590 1564 magis
610 1483 799 1543 commodare
819 1481 957 1541 iratribus
978 1478 1135 1560 possimus,
1159 1496 1246 1556 quam

109 1553 137 1614 si
161 1555 265 1634 optimi
292 1556 381 1636 patris
406 1578 492 1617 curae
517 1581 551 1618 nc
576 1559 778 1640 providentiae
803 1556 1061 1626 commendemus,
1087 1574 1147 1633 quo
1174 1571 1248 1633 pro·

108 1629 187 1766 pitin
206 1653 239 1692 ac
259 1631 385 1709 favente,
406 1635 613 1696 nihilomnino
627 1635 784 1695 desiderari
803 1647 911 1715 potest.
936 1634 975 1692 Et
987 1651 1057 1691 sane
1076 1630 1134 1691 hoc
1153 1630 1247 1708 ipsum

138 1707 194 1767 atri
214 1708 301 1769 etiam
323 1722 426 1770 nostro
445 1712 593 1773 debemus.
633 1713 675 1771 Ut
686 1713 763 1771 enim
775 1713 825 1789 qui
865 1723 958 1769 atrem
979 1709 1104 1786 aliquem
1125 1704 1246 1766 familias

110 1801 184 1844 vere
204 1795 234 1843 et
253 1807 287 1846 ex
306 1786 403 1846 animo
425 1787 529 1870 diligit,
547 1801 641 1849 totam
661 1789 745 1848 simul
766 1792 827 1848 eius
839 1732 956 1846 domum
977 1803 1077 1844 amore
1097 1804 1131 1842 ac
1151 1782 1245 1842 bene·

109 1858 241 1922 volentia
262 1863 483 1942 complectitur:
504 1865 539 1924 ad
559 1866 637 1926 hunc
656 1865 789 1939 modum,
810 1884 869 1943 quo
890 1863 978 1922 simus
997 1864 1027 1927 io
1049 1859 1126 1920 hunc
1146 1858 1247 1919 coele-

110 1947 187 1997 stem
213 1951 326 2019 patrem
345 1941 444 2000 studio
464 1953 552 2020 atque
572 1943 696 2013 aflectu,
729 1961 803 2023 erga.
818 1940 879 2000 eius
899 1936 1056 2029 populum,
1080 1936 1143 1995 eius
1162 1933 1247 1993 ismi-

109 2011 192 2088 liam,
210 2015 273 2074 eius
285 2015 412 2096 denique
433 2017 639 2078 haereditatem
655 2018 811 2077 ostendere
823 2026 972 2088 convenit,
990 2034 1076 2093 quam
1088 2024 1247 2091 tantopere
1291 2045 1296 2054 ·

112 2089 286 2165 honoravit,
317 2105 349 2152 ut
374 2091 586 2171 plenitudinem
619 2096 764 2233 unigeniti
790 2093 857 2153 Filii
882 2093 927 2152 sui
952 2089 1099 2151 vocaverit
1123 2085 1246 2179 (Ephes-

111 2172 143 2241 1,
160 2170 234 2243 23).
272 2168 319 2228 lld
339 2168 414 2231 hanc
434 2171 522 2252 igitur
548 2172 644 2253 legem
694 2171 849 2232 hristianus
868 2169 960 2228 lromo
980 2168 1082 2247 proces
1102 2185 1165 2224 suas
1186 2184 1246 2225 exr-

133 2254 178 2318 at,
206 2256 240 2303 ut
265 2266 435 2307 communes
459 2247 533 2321 sint,
564 2269 597 2307 ac
618 2269 721 2308 omnes
740 2247 974 2327 complectantur
993 2243 1043 2324 qui
1063 2241 1106 2301 illi
1125 2242 1245 2302 suntin

110 2263 233 2384 {bristo
255 2321 367 2383 iratres.
405 2324 623 2403 Nequesolum
644 2347 717 2405 quos
743 2324 816 2385 tales
841 2324 877 2384 sd
923 2341 1038 2381 raesens
1058 2319 1138 2380 videt
1156 2329 1246 2395 atque

83 2410 89 2419 ‘
110 2398 281 2490 cognoscit,
300 2399 350 2458 sed
371 2420 473 2460 omnes
494 2403 544 2480 qui
559 2422 651 2480 ,super
669 2414 776 2461 terram
797 2412 889 2483 agunt
901 2344 1055 2459 l'ominess
1082 2395 1246 2476 dequibus

110 2474 182 2554 qued
202 2477 435 2549 statueritDeos,
454 2490 532 2537 extra
551 2480 685 2539 notitiam
706 2490 763 2539 est:
785 2476 930 2558 nisiqood
950 2474 1008 2535 illis
1020 2473 1131 2555 optima
1141 2482 1247 2561 optare

110 2564 142 2611 et
160 2571 278 2630 sperare
298 2573 358 2611 non
372 2555 467 2613 minus
508 2556 566 2613 ium
586 2577 671 2634 quam
692 2556 849 2614 humanum
870 2565 923 2613 est
962 2550 1025 2612 Etsi
1044 2548 1245 2630 praeclusio

111 2628 289 2688 domesticos
313 2629 381 2688 fidei
405 2630 449 2690 sio
473 2576 544 2690 olari
575 2634 701 2711 quodam
729 2630 842 2692 allecto
866 2649 1031 2710 propensos
1056 2646 1116 2685 esse
1141 2625 1243 2683 decen

110 2725 186 2786 quos
206 2704 367 2785 Apostolus
386 2650 574 2785 peculiariter
599 2709 685 2769 nobis
710 2710 792 2769 nmoi
817 2710 846 2766 in
872 2727 904 2765 re
925 2701 1139 2764 commendavit
1158 2697 1242 2779 (Gal.

108 2788 141 2857 o,
159 2782 233 2856 10.).
282 2782 317 2841 ln
338 2804 464 2856 summa,
488 2787 529 2844 sic
549 2784 660 2844 debent
679 2805 781 2844 omnes
806 2802 868 2842 csse
889 2783 1053 2853 orationes,
1077 2791 1110 2837 ut
1128 2777 1158 2836 in
1179 2796 1242 2836 eam

108 2881 122 2919 s
146 2869 246 2918 ectent
279 2861 535 2948 communitatem,
559 2883 644 2942 quam
664 2861 812 2922 Dominus
831 2870 934 2920 noster
953 2858 984 2919 in
1008 2874 1102 2936 regno
1127 2873 1182 2914 suo
1207 2872 1242 2912 ac

131 2954 202 2996 omo
221 2954 270 2994 soa
291 2937 451 2995 constituit.
1205 2953 1214 2969 ·

186 3016 234 3075 39.
272 3015 376 3091 Neque
408 3013 438 3072 id
470 3025 568 3073 tamen
595 3015 703 3090 obest,
727 3014 883 3095 quominus
903 3023 934 3072 et
952 3031 1008 3093 pro
1029 3009 1114 3070 nobis
1135 3018 1166 3067 et
1184 3025 1241 3087 pro

108 3088 198 3151 certis
217 3085 279 3148 aliis
300 3108 384 3148 orare
408 3093 574 3169 specialiter
593 3091 691 3152 liceat:
726 3092 816 3150 modo
840 3103 938 3150 tamen
964 3088 1078 3148 animus
1101 3084 1137 3145 ab
1158 3083 1244 3144 huius

109 3166 327 3226 communitatis
346 3167 453 3225 intuitu
475 3189 534 3227 non
547 3169 685 3243 discedat,
705 3189 760 3228 nec
778 3168 914 3228 dellectat
925 3165 1052 3246 quidem,
1071 3163 1123 3224 sed
1144 3159 1244 3221 omnis

107 3245 184 3302 istuc
204 3240 322 3301 referat.
361 3245 434 3302 Nam
456 3247 582 3324 quamvis
602 3245 789 3326 singulariter
808 3244 1026 3324 concipiantur,
1051 3240 1121 3322 quia
1143 3251 1244 3298 tameo

108 3317 145 3378 ad
159 3337 357 3397 eumsropuna
371 3321 546 3400 diriguntur,
566 3344 735 3383 commones
756 3342 817 3383 esse
837 3319 1054 3381 nondesinunt.
1092 3315 1127 3375 ld
1146 3325 1244 3374 tntum

109 3392 300 3455 similitudine
322 3395 404 3455 lacile
424 3397 548 3477 intelligi
568 3411 675 3490 potest.
715 3397 861 3459 Generale
883 3408 926 3456 est
940 3396 997 3455 Ilei
1016 3394 1184 3455 mandatum
1205 3389 1242 3449 de

108 3470 288 3531 sublevtnda
313 3494 472 3551 pauperum
495 3496 625 3534 omnium
647 3488 790 3557 egestate,
819 3487 849 3535 et
868 3474 935 3534 huic
960 3484 1058 3533 umen
1084 3469 1241 3539 obediunt,

109 3547 162 3627 qui
188 3548 216 3606 in
244 3567 309 3605 eum
341 3549 428 3609 linem
458 3571 560 3609 eorum
587 3553 704 3631 inopiae
722 3562 911 3625 succurrunt,
934 3570 1009 3629 quos
1035 3547 1168 3607 laborare
1191 3553 1242 3603 aut

108 3635 222 3683 norunt
241 3636 291 3683 aut
311 3626 424 3685 vident:
445 3629 554 3687 etiamsi
574 3629 680 3689 multos
697 3639 897 3709 praetereunt,
916 3629 965 3706 qui
984 3646 1046 3685 oon
1066 3620 1168 3682 leviori
1188 3637 1242 3710 ne-

109 3703 243 3760 cessitate
264 3715 452 3779 premuntur,
471 3704 516 3762 vel
529 3705 595 3783 quia
615 3727 675 3765 nnn
690 3724 793 3765 omues
812 3723 909 3778 nosse,
929 3701 974 3762 vel
1004 3702 1052 3761 uie
1071 3719 1132 3758 non
1145 3716 1243 3756 omor-

109 3777 164 3837 bus
184 3777 319 3836 sulficere
340 3780 462 3858 possint.
500 3780 534 3838 In
558 3780 634 3841 bunc
652 3782 772 3841 modum
794 3801 890 3861 oeque
909 3780 929 3840 ii
954 3723 1097 3838 voluntati
1116 3773 1174 3833 liei
1191 3791 1240 3853 req·

107 3865 255 3936 pugnant,
276 3855 325 3932 qni
351 3878 535 3916 communem
556 3856 630 3917 hanc
659 3860 829 3918 societatem
861 3856 1001 3918 ecelesiae
1025 3860 1191 3933 spectantes
1210 3857 1242 3907 et

109 3930 276 4010 cogitantes
296 3930 460 3992 huiusmodi
502 3934 671 3995 articulares
690 3935 838 3995 orationes
858 3932 1041 4010 concipiunt,
1061 3926 1168 4009 quibus
1186 3945 1243 4004 pn·

108 4006 190 4065 blico
223 4007 321 4091 animo
346 3955 538 4089 singularilsus
570 4011 665 4071 verbis
696 4031 727 4071 se
758 4023 807 4071 aut
833 4011 905 4070 alios
931 4009 1000 4068 Deo
1025 4002 1243 4077 commendant,

111 4103 237 4162 quorum
263 4086 466 4144 necessitatem
493 4088 612 4167 propius
632 4088 699 4168 ipsis
719 4089 906 4149 innotescere
923 4085 1026 4147 voluit.
1065 4083 1244 4159 Quanquam

111 4177 175 4217 noo
196 4160 294 4219 omnia
335 4161 432 4220 uidem
461 4163 492 4222 in
516 4164 652 4223 oratione
676 4176 708 4223 et
734 4165 902 4226 facultatum
923 4159 1100 4245 erogatione
1116 4167 1185 4219 suot
1202 4155 1242 4215 si-

110 4232 207 4294 milia:
235 4256 302 4296 nam
350 4237 493 4319 enignitas
518 4239 661 4332 largiendi
684 4241 813 4302 exerceri
837 4239 956 4301 nonnisi
975 4257 1047 4320 erga
1063 4255 1116 4296 eos
1132 4242 1244 4314 potest,

111 4322 239 4397 quorum
258 4324 413 4396 perspecta
431 4327 477 4381 cst
495 4315 583 4381 nolu
601 4317 720 4403 inopias
736 4318 837 4382 iurare
855 4308 1161 4383 commorationem!
1172 4307 1249 4377 elie·-
