2596 4726
425 152 501 255 mo.
522 195 575 253 lv,
616 194 705 258 oar.
726 194 844 289 xvir.
917 233 923 245 .
1094 154 1100 166 “
1139 201 1197 263 soa

56 337 228 418 suscipiunt
269 337 337 412 Qua
358 336 474 397 ratione
495 338 566 397 dixit
589 340 757 419 Apostolus,
777 341 898 417 Panem,
918 358 1005 419 quem
1026 338 1193 421 frangimus,

58 415 296 476 communionem
318 432 380 473 esse
392 416 524 494 corporis
536 415 657 491 Christi,
678 417 808 491 calicem,
827 435 915 495 quem
934 415 1026 476 verbo
1048 429 1078 475 et
1097 416 1192 494 preci-

58 492 113 552 bus
133 492 165 550 in
186 490 243 551 hoe
263 509 477 564 consecramus,
497 493 735 556 communionem
749 512 811 553 esse
820 507 870 553 san
893 492 948 553 inis
967 493 1055 572 ipsius
1068 493 1109 570 (I.
1119 492 1191 556 Cor.

56 568 200 644 10,16.).
251 566 314 625 Nec
340 577 399 638 est,
426 567 507 645 quod
533 568 653 630 obiiciat
685 571 841 650 quispiam:
872 511 1023 651 hguratam
1054 588 1116 629 esse
1149 569 1192 631 lo·

48 686 54 704 .
77 645 243 718 ontionem,
263 663 319 721 qua
338 644 471 722 signatae
492 645 534 703 rei
554 665 663 705 nomen
682 649 768 728 signo
788 645 943 705 deleratur!
982 645 1095 704 Fateor
1111 664 1193 721 sane,

56 666 233 780 hactiouem
252 719 335 798 panis
353 718 519 797 symbolum
537 741 609 795 esse,
629 743 691 782 non
711 743 772 782 reru
791 723 890 803 ipsam.
929 722 1039 782 Verum
1060 720 1117 782 hoc
1136 742 1191 800 po·

56 797 126 869 sito,
145 817 162 857 a
181 795 306 874 symboli
327 807 422 872 tamen
444 797 624 858 exhibitione
644 818 704 859 rem
725 799 815 878 ipsam
832 798 971 873 exbiberi,
990 799 1047 878 rite
1068 798 1191 879 collige-

59 895 132 933 mus.
171 873 235 934 Nisi
255 872 332 931 enim
352 873 416 962 quis
437 873 570 933 lallacem
589 895 698 935 vocare
717 876 814 935 Deum
833 875 928 949 volet,
952 875 1038 934 inane
1063 874 1099 942 ab
1124 877 1190 954 ipso

56 948 225 1039 symbolum
238 968 374 1083 proponi
393 970 541 1040 nunquam
562 951 660 1010 dicere
679 953 793 1012 audeat.
832 953 935 1032 Itaque
954 953 978 1012 si
998 971 1051 1032 per
1070 949 1190 1011 fractio·
1223 959 1224 962 ’

58 1045 126 1087 nem
146 1046 228 1106 paors
269 1045 384 1084 ominus
405 1046 539 1105 corporis
558 1029 602 1087 sui
622 1029 873 1108 participationem
895 1048 961 1088 vere
981 1038 1191 1106 repraesentat,

57 1103 179 1164 minime
209 1100 329 1160 dubium
365 1121 426 1161 esse
459 1102 564 1178 debet,
596 1104 666 1183 quin
693 1125 762 1164 vere
783 1117 909 1185 praestet
934 1116 1021 1184 atque
1047 1103 1189 1164 exhibeat.
1279 1125 1284 1133 ·

57 1180 159 1260 Atque
178 1179 302 1238 omuino
327 1177 417 1238 istaec
442 1179 497 1258 piis
523 1180 650 1239 tenenda
671 1182 770 1262 regula
792 1193 849 1255 est,
870 1194 902 1241 ut
921 1183 1037 1261 quoties
1056 1179 1189 1260 symbola

56 1257 161 1318 vident
178 1276 195 1316 a
215 1255 345 1315 Domino
366 1255 509 1329 instituto,
527 1255 586 1316 illic
607 1257 649 1316 rei
668 1259 798 1339 signatae
817 1259 969 1318 veritatem
989 1257 1088 1318 adesse
1107 1269 1189 1318 certo

58 1333 194 1416 cogitent
213 1353 248 1392 ae
266 1332 322 1392 sibi
341 1334 545 1412 persuadeant
585 1332 736 1407 Quorsum
757 1337 835 1394 enirn
856 1337 988 1416 corporis
1008 1335 1052 1395 sui
1071 1335 1190 1417 symbo-

57 1411 119 1471 lum
138 1410 194 1470 tibi
214 1409 358 1471 Dominus
377 1410 408 1469 in
428 1431 544 1470 manum
562 1411 711 1532 porrigat,
736 1413 791 1472 nisi
810 1424 843 1472 ut
863 1413 898 1472 de
921 1433 989 1473 vera
1016 1413 1077 1472 eius
1097 1411 1190 1491 parti-

57 1487 208 1569 cipatione
232 1498 262 1546 te
288 1490 444 1547 certiorem
469 1488 570 1550 saciat.
615 1487 731 1562 Quodsi
750 1509 855 1564 verum,
872 1501 931 1565 est,
950 1488 1085 1568 praeberi
1105 1488 1192 1555 nobie

57 1565 175 1647 signum
195 1563 310 1626 visibile
329 1563 366 1623 ad
382 1563 593 1645 obsignandum
613 1564 765 1627 invisibilis
784 1566 828 1626 rei
842 1565 1049 1639 donationem,
1068 1576 1191 1644 accepto

57 1639 193 1778 corprpris
211 1640 359 1722 symbolo,
379 1661 441 1705 uon
461 1642 556 1704 minus
576 1663 683 1726 corpus
705 1644 792 1704 etiam
813 1643 906 1725 ipsum
926 1641 1014 1704 nobis
1026 1642 1089 1702 dari
1108 1654 1191 1703 certo
1230 1707 1239 1723 ο

57 1739 117 1780 eon
159 1737 249 1778 amus.

134 1800 182 1877 11.
219 1793 298 1855 Dico
317 1793 423 1876 igitur,
442 1795 540 1875 (quod
563 1807 595 1856 et
621 1816 745 1877 semper
761 1797 791 1856 in
816 1795 938 1857 ecclesia
962 1806 1111 1876 receptum
1138 1794 1193 1855 luit

59 1883 92 1933 et
109 1871 200 1932 bodie
219 1871 339 1947 docent,
360 1872 528 1951 quicunque
548 1884 630 1934 recte
649 1873 792 1950 sentiunt)
813 1872 925 1934 duabus
944 1873 1031 1933 rebus
1056 1883 1193 1933 constare

57 1968 174 2011 eaerum
193 1946 317 2008 (leenae
337 1970 365 2007 m
387 1948 524 2008 sterium:
546 1951 696 2030 corporeis
715 1950 821 2031 signis,
840 1969 914 2029 quae
935 1950 974 2010 ob
996 1947 1098 2008 oculos
1119 1968 1190 2028 pro-

58 2025 166 2107 posita,
186 2043 232 2092 res
252 1969 410 2086 invisibiles
429 2026 589 2086 secundum
607 2025 813 2087 imbecillitatis
833 2037 949 2086 nostrae
969 2036 1084 2118 captum
1104 2023 1192 2085 nobis

58 2112 298 2183 repraesentant,
318 2112 348 2160 et
367 2102 508 2182 spirituali
528 2103 666 2178 veritate,
686 2123 760 2182 quae
780 2123 834 2183 per
852 2100 985 2238 spmhola
1005 2123 1064 2180 ipsa
1084 2100 1191 2182 figura-

57 2189 109 2240 tur
126 2176 213 2240 simul
232 2191 263 2239 et
278 2177 439 2239 exhibetur.
478 2180 521 2238 Ea
536 2178 627 2259 qualis
645 2180 693 2253 sit,
713 2181 781 2239 dum
802 2179 870 2238 lama
882 2179 982 2239 iariter
993 2178 1193 2238 demonstrare

58 2254 147 2327 volo,
165 2254 221 2315 tria
239 2254 323 2316 soleo
343 2274 471 2334 ponere:
491 2255 744 2336 significationem,
764 2256 926 2331 materiam,
945 2275 1020 2334 quae
1035 2274 1069 2314 ex
1089 2274 1122 2314 ea
1141 2254 1193 2314 de·

82 2331 183 2406 endet,
201 2331 338 2392 virtutem
356 2350 408 2391 seu
419 2330 569 2407 ellectum,
589 2332 638 2424 qui
659 2352 692 2391 ex
711 2344 835 2412 utraque
856 2332 1066 2411 consequitur„
1093 2330 1194 2415 Signi-

59 2353 161 2470 beatio
192 2408 222 2467 in
254 2406 496 2485 promissionibus
516 2421 561 2468 est
584 2421 653 2483 sita,
685 2429 759 2489 quae
780 2408 1000 2488 quodammodo
1020 2418 1089 2467 sunt
1106 2410 1192 2489 signo

60 2484 229 2565 implicitae.
267 2484 420 2544 Materiam
433 2498 481 2545 aut
500 2486 690 2545 substantiam
702 2506 778 2547 voco
793 2486 940 2547 Christum
954 2507 1019 2545 curn
1032 2505 1082 2544 sua
1096 2495 1192 2544 morte

61 2574 92 2622 et
110 2560 337 2621 resurreetione.
386 2561 445 2620 Per
465 2561 604 2622 ellectum
628 2575 739 2638 autem,
769 2562 1021 2641 redemptionem,
1044 2561 1194 2636 iustitiam,

60 2638 322 2700 mortificationem
342 2637 492 2718 vitamque
517 2649 667 2699 aeternam
694 2652 724 2699 et
747 2657 939 2719 quaecunque
959 2637 1015 2697 alia
1035 2636 1119 2697 nobis
1139 2636 1192 2696 be·

63 2714 168 2776 nelicia
187 2713 276 2773 alleri
295 2713 444 2790 Christus,
463 2715 607 2797 intelligo.
646 2716 741 2776 Porro
762 2715 877 2776 tametsi
896 2714 981 2773 fidem
1003 2713 1073 2773 baec
1094 2712 1192 2773 omnia

62 2790 239 2872 respiciunt,
264 2791 376 2850 nullom
394 2803 494 2850 tamen
513 2791 610 2851 locum
632 2791 768 2871 relinquo
795 2791 862 2850 huic
881 2788 994 2862 cavillo,
1014 2791 1103 2867 quasi,
1123 2788 1192 2849 dum

63 2869 121 2928 fide
135 2868 246 2948 percipi
259 2866 406 2929 Christum
420 2867 496 2939 dico,
516 2866 711 2947 intelligentia
724 2869 858 2927 duntaxat
868 2886 901 2925 ac
911 2864 1119 2946 imaginatione
1139 2885 1193 2924 re-

60 2945 111 3006 lim
132 2944 217 3006 conci
239 2942 257 3002 i.
296 2942 438 3003 Ollerunt
457 2944 534 3003 enim
554 2942 635 3002 illum
656 2944 873 3023 promissiones,
892 2961 954 3001 non
973 2941 1055 2999 utin
1076 2953 1196 3019 aspectu

61 3020 153 3093 modo
173 2964 308 3099 nudaque
328 3020 432 3079 notitia
451 3019 639 3095 haereamus,
656 3020 708 3081 sed
727 3033 836 3080 utrera
848 3018 909 3078 eius
928 3016 1197 3077 communicatione

61 3099 202 3160 truamur.
241 3099 280 3158 Et
298 3117 367 3158 saue
380 3116 440 3157 non
455 3096 716 3176 video,quomodo
736 3097 766 3156 in
787 3115 874 3157 cruce
885 3092 995 3156 Christi
1015 3092 1195 3174 redemptio-

62 3195 132 3237 nem
152 3195 185 3234 ac
203 3174 353 3248 iustitiam,
373 3174 402 3239 in
424 3174 485 3233 eius
504 3184 602 3234 morte
620 3174 709 3234 vitam
729 3174 836 3233 habere
855 3191 886 3232 se
899 3170 961 3251 quis
982 3169 1121 3244 confidat,
1142 3169 1196 3230 nisi

63 3272 132 3315 vera
153 3250 263 3312 Christi
296 3251 386 3331 ipsius
418 3250 625 3311 communione
648 3249 792 3331 imprimis
817 3248 918 3308 fretus.
969 3248 1038 3307 Non
1059 3247 1136 3306 enim
1158 3246 1195 3306 ad

64 3350 119 3390 nos
139 3326 218 3388 bona
237 3328 286 3388 illa
306 3327 510 3407 pervenirent,
537 3326 592 3388 nisi
610 3346 642 3387 se
667 3328 748 3407 prius
768 3337 900 3386 nostrum
921 3323 1055 3386 Christus
1076 3323 1195 3382 laceret.

63 3406 144 3467 Dico
164 3406 264 3487 igitur,
284 3406 312 3462 in
335 3404 456 3465 Coeuae
475 3405 614 3485 mysterio
635 3422 690 3485 per
708 3402 841 3485 symbola
861 3401 942 3482 panis
963 3412 994 3461 et
1017 3400 1076 3459 viui
1105 3398 1194 3461 Chri-

62 3494 140 3545 stum
164 3500 233 3543 vere
259 3480 344 3542 nobis
369 3480 497 3541 exhiberi
529 3479 663 3560 adeoque
687 3501 794 3559 corpus
814 3490 845 3538 et
868 3480 1041 3572 sanguinem
1063 3475 1141 3548 eius,
1164 3475 1195 3534 in

62 3558 170 3641 quibus
197 3578 314 3619 omnem
340 3557 538 3617 obedientiam
563 3577 618 3635 pro
643 3556 839 3637 comparanda
864 3554 951 3616 nobis
975 3553 1084 3614 iustitia
1104 3552 1196 3611 adim·

64 3635 172 3717 plevit,
197 3655 256 3727 quo
284 3634 396 3694 scilicet
421 3634 544 3714 primum
568 3635 599 3693 in
623 3655 714 3693 unum
741 3653 848 3712 corpus
873 3653 938 3693 cum
963 3630 1028 3710 ipso
1050 3627 1196 3688 coalesca-

62 3734 144 3789 mus,
163 3711 271 3773 deinde
290 3712 444 3791 participes
464 3710 643 3772 substantiae
663 3711 725 3785 eius
751 3709 820 3769 lacti
839 3709 870 3768 in
896 3708 1043 3770 bonorum
1064 3704 1194 3765 omnium

63 3788 333 3852 communicatione
352 3788 489 3848 virtutem
509 3807 628 3866 quoque
646 3785 813 3847 sentiamus.

132 3872 189 3932 ,12
228 3867 290 3924 Iam
320 3865 355 3924 ad
388 3864 595 3945 hyperbolicas
614 3865 767 3937 mixturas,
792 3882 863 3941 quas
884 3858 1051 3940 superstitio
1077 3855 1196 3947 inpexit,

65 3943 230 4006 descendo:
255 3941 327 4001 mira
348 3943 425 4000 enim
446 3941 549 4001 astutia
569 3940 615 4001 bic
635 3939 703 4000 lusit
722 3937 829 4014 Satan,
854 3948 886 3997 ut
912 3946 1024 3998 mentes
1045 3933 1196 3994 bominum

65 4041 84 4082 e
102 4019 190 4081 coelo
210 4018 368 4078 abstractas
395 4036 531 4097 perverso
557 4036 659 4078 errore
683 4015 844 4089 imbueret,
864 4013 920 4074 acsi
946 4012 1027 4092 panis
1047 4009 1196 4070 elemento

64 4096 167 4159 affixus
187 4106 264 4157 esset
283 4095 425 4156 Christus.
463 4095 508 4154 Ae
527 4096 623 4174 primo
642 4091 762 4173 quidem
781 4089 946 4172 praesentia
967 4087 1077 4150 Christi
1095 4086 1126 4144 in
1144 4084 1199 4175 ξε·

62 4184 219 4237 eramento
239 4172 357 4232 minime
377 4171 441 4232 talis
450 4170 622 4233 somnianda
640 4169 726 4230 nohis
737 4179 793 4242 est,
803 4166 918 4248 qualem
928 4166 1080 4226 Romanae
1099 4180 1199 4223 cunae

63 4250 191 4315 artifices
210 4247 431 4323 confinxerunt,
455 4248 513 4309 acsi
537 4246 624 4311 locali
650 4244 813 4327 praesentia
839 4264 892 4306 cor
913 4265 946 4303 us
969 4238 1083 4304 Christi
1106 4235 1201 4300 mani·

65 4323 122 4390 bris
140 4326 374 4402 attrectandum,
394 4324 579 4386 atterendum
598 4321 751 4400 dentibus,
771 4340 824 4383 ors
844 4263 1064 4425 deglup'endum
1084 4315 1219 4409 sistere.¹
