2700 4732
530 242 606 302 ΜΒ.
625 242 650 302 1.
690 242 780 305 (ΞΜ).
800 242 863 301 XV.
1041 330 1046 341 0
1194 244 1253 307 1³³

105 398 267 449 morentur
276 384 344 449 illae
355 386 526 481 dristotelis
535 386 688 462 minutiae,
707 386 820 447 nullum
831 405 895 447 estc
913 384 1006 445 ruenti
1046 402 1079 444 et·
1096 402 1128 447 sc
1140 382 1252 443 motio·

104 465 552 631 tussslm‘lttt‘ttttt‘
571 476 800 621 tts‘u'ss‘zt‘ut
823 470 1250 619 ,ttttfstts'tttttttssi

104 620 177 679 satis
193 618 235 679 sit
254 618 344 678 nobis
362 617 547 679 intellectum
567 638 631 679 esse
650 618 732 698 quasi
757 617 871 678 animae
891 617 996 676 dueeru
1016 627 1046 675 et
1062 614 1249 707 guberuato-

106 698 189 755 πῶς
218 693 403 755 uoluntatem
428 694 459 753 in
484 694 560 755 illius
586 708 690 753 nutum
709 714 825 773 semper
844 694 992 773 respicere
1012 704 1043 751 et
1061 690 1199 754 iudicium
1218 690 1251 749 in

106 770 167 831 suis
186 770 338 831 desideriis
357 782 536 851 exspectare.
594 772 663 845 Qua
696 772 813 830 ratione
841 790 913 829 uere
944 768 1064 830 tradidit
1087 768 1149 849 ipse
1173 764 1250 825 idem

107 846 285 909 Ar'utotelec
318 843 434 925 (Etluie.
453 848 507 909 lib.
526 854 554 913 6.
575 868 600 907 c.
620 850 679 923 2.),
708 848 803 907 simile
827 846 964 927 quiddam
985 866 1048 905 csse
1067 844 1098 905 in
1118 840 1252 925 appetitu

109 924 218 1005 lugam
232 936 263 985 et
280 924 553 1005 persequutionem,
572 924 659 1004 quale
678 936 724 984 est
742 925 772 983 in
793 936 894 984 mente
912 922 1068 984 affirmatio
1087 932 1139 983 aut
1157 938 1249 1001 nega*

110 1000 165 1059 tio.
202 1000 298 1061 Porro
319 1020 407 1081 quarn
427 1012 508 1061 certa
529 1022 608 1061 nune
628 1000 666 1061 sit
688 1002 724 1061 ad
745 1000 926 1081 dirigendum
952 1000 1135 1061 uoluntatem
1149 994 1248 1056 'intel-

109 1076 203 1137 lectus
222 1077 413 1159 gubernatio,
431 1076 504 1137 alibi
524 1077 674 1137 videbitur
690 1077 761 1155 (lib.
782 1086 813 1141 2.
833 1100 860 1137 c.
879 1084 908 1139 2.
927 1100 951 1135 s.
972 1082 1053 1139 12-
1061 1077 1134 1154 26..)
1191 1072 1250 1133 llic

110 1152 219 1213 dunuat
237 1152 385 1227 volumus,
415 1152 523 1213 nullam
550 1154 673 1233 reperiri
694 1174 780 1234 posse
800 1154 830 1213 iu
850 1152 1142 1231 anima-potentiam,
1173 1168 1251 1229 quae

109 1248 171 1289 non
192 1230 249 1289 rite
270 1230 307 1289 ad
327 1229 499 1289 alterutrum
520 1232 642 1290 istorum
663 1230 863 1289 membrorum
884 1230 1039 1288 reseratur.
1076 1226 1176 1307 dtque
1191 1226 1250 1288 boc

108 1304 200 1367 modo
218 1328 336 1367 seusunt
356 1306 411 1365 sub
432 1306 583 1366 intellectu
604 1306 895 1386 comprehendimus:
916 1326 1004 1397 quem
1024 1303 1073 1367 alii
1087 1304 1129 1367 sic
1146 1302 1249 1372 distiof

111 1381 1250 1539 ttttttttt‘tttul„fdtlt‘tt'tl‘ztl‘ttd'ttliu,t‘tstff

114 1534 251 1613 placentia
270 1534 322 1595 liat
341 1547 372 1596 et
391 1535 501 1597 libido:
520 1536 640 1597 allectio
667 1536 848 1611 intellectus,
867 1536 1013 1599 voluntas.
1046 1534 1172 1607 Rursum
1193 1552 1249 1613 pro

117 1610 260 1747 :ppetituq
277 1612 414 1687 nornine,
440 1612 521 1693 quod
541 1612 584 1671 illi
603 1612 733 1689 malunt,
758 1612 917 1674 voluntatis
937 1631 1063 1688 nomen,
1090 1608 1171 1693 quod
1191 1608 1248 1671 usi-

128 1722 131 1727 ·
167 1710 199 1747 ns
218 1706 272 1754 es,
291 1710 361 1749 usur
384 1709 413 1748 o.

187 1768 216 1829 8.
252 1764 337 1847 Ergo
357 1710 482 1825 inimum
502 1765 629 1825 bominis
648 1766 730 1827 Deus
749 1777 850 1827 mente
881 1765 1027 1839 instruxit,
1059 1785 1116 1844 qua
1135 1762 1248 1822 bonurn

67 1868 73 1910 ;
125 1840 240 1914 analo,
269 1842 378 1901 iustum
403 1843 439 1903 ab
465 1844 573 1905 iniusto
599 1842 796 1903 discerneret:
828 1864 863 1906 ac
890 1842 960 1923 quid
992 1840 1174 1921 sequendum
1201 1836 1248 1897 vel

67 1941 71 2004 ξ
127 1914 282 1997 lugiendum
302 1918 354 1989 sit,
373 1932 534 2013 praeeunte
553 1920 676 1979 rationis
696 1919 762 1979 lui-e
781 1920 910 1995 uideret,
942 1918 1020 1979 uride
1040 1928 1152 1997 partem
1173 1915 1248 1976 lianc
1267 1956 1270 1962 -

67 2005 73 2084 ῑ
131 1990 689 2152 ttiususttsstttlsss
709 1993 1250 2134 ultusdiss-ussus

129 2092 339 2221 ptinaboiniols
358 2134 503 2223 conditio,
523 2160 555 2208 nt
575 2148 661 2221 ratio,
682 2096 888 2231 intelligiutia,
908 2148 1076 2229 prudentia,
1094 2144 1246 2219 iudiciuin,

67 2277 71 2290 ‚
131 2224 281 2285 nonnodo
301 2224 339 2284 ad
357 2237 496 2286 terrenae
515 2227 591 2286 vitae
632 2225 856 2287 uberuationem
880 2236 1086 2307 suppeterent,
1110 2222 1161 2283 scd
1204 2222 1246 2283 ui·

67 2349 72 2380 :
134 2292 183 2385 ltus
196 2296 540 2383 tdtnsceoderent'usquo
559 2304 595 2363 ad
646 2324 712 2362 eum
733 2316 764 2361 et
782 2314 937 2364 aeternam
963 2300 1144 2362 felicitatem.
1214 2318 1246 2359 e-

67 2387 78 2442 ,t
133 2372 193 2433 tude
208 2388 237 2437 et
253 2379 408 2439 recederet
426 2379 548 2453 electio,
568 2400 645 2459 quae
664 2380 810 2471 appetitus
830 2380 986 2461 dirigeret,
1006 2390 1162 2457 mutusque
1182 2398 1245 2437 om-

132 2468 177 2511 uta
191 2460 339 2537 organicos
358 2468 548 2535 temperaret,
579 2471 668 2537 atque
699 2470 739 2517 uta
773 2456 906 2517 volumtas
939 2454 1139 2519 moderationi
1170 2466 1248 2515 esset

149 2548 233 2593 torsus
250 2544 459 2591 consentanea.
508 2534 544 2591 ln
569 2532 622 2593 bac
648 2534 818 2615 integritate
843 2532 938 2592 libero
963 2530 1087 2613 arbitrio
1115 2528 1248 2621 pollebat

148 2626 223 2681 ono,
251 2630 310 2687 quo
341 2610 364 2669 si
389 2609 481 2669 uellet
511 2610 632 2691 adipisci
652 2622 751 2689 posset
770 2622 918 2671 aeternam
939 2608 1038 2665 vitam.
1089 2607 1145 2665 llrc
1166 2606 1247 2667 enim

131 2680 313 2763 intempestiue
334 2686 467 2763 quaestio
487 2686 633 2767 ingeritur
657 2687 693 2746 de
725 2686 841 2747 occultu
875 2681 1143 2765 praedestinatione
1173 2682 1247 2743 llei:

70 2765 89 2833 ‚t
133 2758 192 2847 quia
203 2781 259 2819 oon
279 2764 376 2842 agitur
396 2762 465 2841 quid
486 2763 619 2823 accidere
661 2765 770 2823 otuerit
790 2784 895 2831 ttecne,
914 2762 964 2819 sed
986 2760 1079 2839 qualis
1091 2760 1179 2819 luerit
1191 2759 1245 2817 bo-

72 2849 84 2904 t
133 2847 328 2895 nuntsnatura.
367 2838 470 2899 Potuit
489 2840 582 2975 igitur
602 2786 696 2899 mlius
716 2852 793 2899 stare
812 2840 836 2900 si
856 2838 960 2914 uellet,
980 2836 1098 2915 quando
1126 2836 1247 2895 nonnisi

73 2922 106 2990 ¹:''
136 2910 237 2989 propria
253 2913 406 2973 uoluntate
425 2917 487 2975 ceci
509 2930 545 2976 ut:
574 2916 626 2975 sed
656 2920 723 2995 quia
754 2917 783 2975 in
805 2927 957 2993 utramque
977 2926 1091 3049 partem
1111 2910 1247 2973 flexibilis

75 2993 85 3071 ξ
138 2988 260 3059 erateius
279 2990 422 3065 voluntas,
451 3012 506 3052 nee
537 2993 605 3053 data
636 3004 700 3054 erat
729 2992 765 3052 ad
799 3012 973 3072 perseueran
998 3011 1045 3048 um
1071 2990 1248 3065 constantia,

76 3084 79 3090 ·
140 3060 191 3121 ideo
206 3076 259 3125 tarn
277 3067 362 3127 facile
382 3068 536 3149 prolapsus
555 3081 608 3129 est.
665 3070 774 3129 Libera
797 3082 895 3129 umen
922 3068 978 3127 luit
997 3066 1104 3127 electio
1125 3064 1197 3125 boui
1218 3078 1248 3125 et

142 3136 204 3197 nli:
223 3162 316 3222 neque
337 3144 366 3203 id
385 3146 488 3221 modo,
506 3145 558 3205 sed
577 3148 609 3205 in
628 3158 728 3206 ruente
749 3157 779 3205 ct
798 3147 949 3206 uoluntate
968 3164 1079 3205 summa
1098 3141 1248 3203 rectitudo

145 3222 265 3279 tluatues
283 3224 443 3303 organicae
468 3234 563 3301 partes
587 3224 644 3283 rite
667 3224 697 3282 in
730 3223 904 3303 obsequium
925 3219 1121 3301 compositae,
1152 3218 1249 3279 donee

147 3290 260 3378 *jutum
299 3298 433 3357 erdendo
452 3298 532 3359 bona
563 3320 613 3360 sua
644 3299 786 3360 corruit.
847 3300 926 3359 Iliuc
956 3308 1037 3357 tauta
1066 3295 1249 3387 pbilosophis

151 3360 237 3449 §dueta
252 3320 365 3457 caiigo,
394 3376 476 3454 quod
503 3376 532 3433 in
554 3376 636 3434 ruina
662 3320 827 3436 aedidcium
847 3388 880 3435 ct
897 3376 927 3435 in
953 3374 1142 3453 dissipatione
1166 3384 1248 3452 aptat

88 3516 91 3521 Ι
151 3456 262 3507 annonas
280 3450 471 3531 quaerebant.
515 3452 696 3531 Principium
718 3452 789 3511 illud
809 3451 964 3527 tenebant,
984 3471 1046 3510 non
1066 3450 1132 3510 sore
1151 3448 1248 3511 tumi-

80 3528 83 3535 '
151 3526 344 3603 n§ltttelionale
362 3527 471 3587 animal
490 3528 546 3588 nisi
564 3528 674 3589 inesset
693 3530 784 3589 libera
806 3529 878 3587 boni
898 3542 928 3588 et
947 3528 1016 3591 ntuli
1033 3527 1149 3589 electio.
1187 3526 1249 3585 Ve-

81 3636 89 3684 :'
148 3592 228 3687 ¹²53!
240 3602 318 3664 etiam
340 3602 449 3663 illisio
468 3616 614 3677 nentem,
638 3606 749 3684 alioqui
768 3604 834 3663 tolli
853 3604 1008 3665 discrimen
1028 3604 1108 3665 inter
1126 3603 1249 3663 uirtutes

81 3687 91 3726 ·'
148 3678 248 3751 uuna,
263 3680 315 3741 nisi
335 3680 461 3760 proprio
481 3679 605 3740 consilio
625 3682 713 3741 vitant
733 3682 824 3741 bomo
844 3681 1018 3741 institueret.
1055 3680 1157 3741 Probe
1180 3678 1248 3757 qui-

144 3742 198 3839 den·
211 3748 351 3827 lactemus,
370 3758 396 3818 si
415 3756 494 3817 nulla
515 3757 616 3817 fuisset
634 3758 666 3817 in
685 3758 807 3817 bomine
826 3758 963 3830 mutatio,
983 3776 1058 3837 quae
1078 3756 1146 3815 dum
1166 3755 1248 3846 ipsos

141 3820 208 3913 latuit
219 3830 417 3907 aibilrnirum,
434 3834 460 3893 si
479 3832 596 3893 coelum
615 3844 711 3894 terrae
730 3835 881 3893 misceant.
920 3834 983 3909 Qui
1003 3830 1197 3893 serocluistr
1216 3850 1249 3893 so

140 3898 353 3985 ducipulosesse
372 3910 510 3992 professi,
529 3910 559 3968 in
580 3910 700 3970 bomine
720 3911 838 3992 perdito
859 3924 889 3971 et
908 3911 938 3969 iu
958 3908 1110 3989 spirituale
1129 3908 1248 3969 exitium

139 3974 249 4043 dnerso
268 3984 393 4045 liberum
417 3986 570 4046 arbitrium
594 3986 689 4046 adhuc
713 3998 874 4066 quaerunt,
902 3990 980 4047 inter
1004 3984 1248 4065 plrilosopborum

138 4052 223 4131 placita
241 4072 268 4120 et
287 4062 447 4123 coelestem
468 4061 632 4123 doctrinam
651 4064 807 4137 partiendo
827 4064 913 4143 plane
939 4064 1100 4141 desipiunt,
1131 4074 1163 4120 ut
1193 4080 1249 4121 nec

137 4132 233 4195 coelum
252 4158 305 4197 occ
325 4152 435 4201 terram
455 4140 526 4199 attin
549 4152 610 4198 ant.
648 4141 710 4199 b'ed
730 4140 801 4201 baec
821 4162 875 4201 suo
895 4141 963 4199 loco
978 4138 1144 4230 urelius(cl.
1156 4137 1207 4198 lib.
1219 4143 1246 4199 2

136 4214 218 4295 egl.)-
251 4216 339 4277 Nunc
360 4216 497 4277 duntaxat
514 4158 586 4276 illud
606 4217 767 4276 tenendum
788 4229 842 4289 est,
862 4214 1048 4295 longealium
1062 4236 1248 4295 primocrea-

136 4294 202 4345 troue
219 4289 304 4352 luisse
324 4293 474 4353 bominem
494 4306 692 4371 quamtotam
719 4294 781 4353 eius
803 4294 1022 4374 posteritatem,
1051 4312 1132 4371 quae,
1157 4293 1248 4387 origi·

70 4353 81 4428 l
133 4382 222 4426 orma
245 4382 387 4450 corrupto
413 4368 546 4447 traliens,
580 4368 803 4431 haereditariam
833 4368 929 4429 labem
960 4366 998 4431 ab
1028 4388 1066 4431 eo
1095 4380 1248 4433 contrait.
