<?xml version="1.0" encoding="UTF-8"?>
<!DOCTYPE html PUBLIC "-//W3C//DTD XHTML 1.0 Transitional//EN"
    "http://www.w3.org/TR/xhtml1/DTD/xhtml1-transitional.dtd">
<html xmlns="http://www.w3.org/1999/xhtml" xml:lang="en" lang="en">
 <head>
  <title>
</title>
<meta http-equiv="Content-Type" content="text/html;charset=utf-8" />
  <meta name='ocr-system' content='tesseract 3.04.00' />
  <meta name='ocr-capabilities' content='ocr_page ocr_carea ocr_par ocr_line ocrx_word'/>
</head>
<body>
  <div class='ocr_page' id='page_1' title='image "./ioanniscalvinii02tholgoog/ioanniscalvinii02tholgoog_0293.png"; bbox 0 0 2700 4732; ppageno 0'>
   <div class='ocr_carea' id='block_1_1' title="bbox 135 87 928 179">
    <p class='ocr_par' dir='ltr' id='par_1_1' title="bbox 135 87 928 179">
     <span class='ocr_line' id='line_1_1' title="bbox 135 87 928 179; baseline -0.001 -29"><span class='ocrx_word' id='word_1_1' title='bbox 135 174 138 179; x_wconf 8' lang='grc' dir='ltr'><strong><em>ἢ</em></strong></span> <span class='ocrx_word' id='word_1_2' title='bbox 197 96 257 165; x_wconf 64' lang='lat' dir='ltr'>nn</span> <span class='ocrx_word' id='word_1_3' title='bbox 605 88 742 168; x_wconf 73' lang='lat' dir='ltr'>usu</span> <span class='ocrx_word' id='word_1_4' title='bbox 782 87 928 151; x_wconf 56' lang='lat' dir='ltr'>caru</span> 
     </span>
    </p>
   </div>
   <div class='ocr_carea' id='block_1_2' title="bbox 200 222 1213 473">
    <p class='ocr_par' dir='ltr' id='par_1_2' title="bbox 200 222 1213 473">
     <span class='ocr_line' id='line_1_2' title="bbox 200 222 1213 314; baseline -0.011 -20"><span class='ocrx_word' id='word_1_5' title='bbox 200 250 242 295; x_wconf 79' lang='lat' dir='ltr'>tus</span> <span class='ocrx_word' id='word_1_6' title='bbox 258 250 285 301; x_wconf 76' lang='lat' dir='ltr'>et</span> <span class='ocrx_word' id='word_1_7' title='bbox 298 255 400 292; x_wconf 75' lang='lat' dir='ltr'>norum</span> <span class='ocrx_word' id='word_1_8' title='bbox 415 234 510 314; x_wconf 64' lang='lat' dir='ltr'>{pedus</span> <span class='ocrx_word' id='word_1_9' title='bbox 528 234 629 304; x_wconf 81' lang='lat' dir='ltr'>reipsa</span> <span class='ocrx_word' id='word_1_10' title='bbox 646 254 729 286; x_wconf 86' lang='lat' dir='ltr'>unum</span> <span class='ocrx_word' id='word_1_11' title='bbox 748 222 814 297; x_wconf 72' lang='lat' dir='ltr'>ess&#39;s,</span> <span class='ocrx_word' id='word_1_12' title='bbox 829 233 945 303; x_wconf 73' lang='lat' dir='ltr'>quamvis</span> <span class='ocrx_word' id='word_1_13' title='bbox 961 227 1213 285; x_wconf 74' lang='lat' dir='ltr'>administratloud</span> 
     </span>
     <span class='ocr_line' id='line_1_3' title="bbox 203 316 1213 391; baseline -0.011 -13"><span class='ocrx_word' id='word_1_14' title='bbox 203 337 230 378; x_wconf 86' lang='lat' dir='ltr'>et</span> <span class='ocrx_word' id='word_1_15' title='bbox 244 322 294 377; x_wconf 87' lang='lat' dir='ltr'>tris</span> <span class='ocrx_word' id='word_1_16' title='bbox 316 332 519 391; x_wconf 80' lang='lat' dir='ltr'>proponuntur,</span> <span class='ocrx_word' id='word_1_17' title='bbox 542 319 570 373; x_wconf 89' lang='lat' dir='ltr'>in</span> <span class='ocrx_word' id='word_1_18' title='bbox 593 316 687 387; x_wconf 84' lang='lat' dir='ltr'>quibus</span> <span class='ocrx_word' id='word_1_19' title='bbox 708 336 758 387; x_wconf 87' lang='lat' dir='ltr'>per</span> <span class='ocrx_word' id='word_1_20' title='bbox 780 318 869 370; x_wconf 83' lang='lat' dir='ltr'>omnia</span> <span class='ocrx_word' id='word_1_21' title='bbox 887 319 941 370; x_wconf 90' lang='lat' dir='ltr'>duo</span> <span class='ocrx_word' id='word_1_22' title='bbox 965 318 1032 368; x_wconf 86' lang='lat' dir='ltr'>haec</span> <span class='ocrx_word' id='word_1_23' title='bbox 1048 316 1157 368; x_wconf 79' lang='lat' dir='ltr'>foedera</span> <span class='ocrx_word' id='word_1_24' title='bbox 1173 332 1213 367; x_wconf 83' lang='lat' dir='ltr'>eor</span> 
     </span>
     <span class='ocr_line' id='line_1_4' title="bbox 202 400 1213 473; baseline -0.011 -11"><span class='ocrx_word' id='word_1_25' title='bbox 202 421 263 463; x_wconf 88' lang='lat' dir='ltr'>sect.</span> <span class='ocrx_word' id='word_1_26' title='bbox 279 404 368 461; x_wconf 72' lang='lat'>2—4.</span> <span class='ocrx_word' id='word_1_27' title='bbox 385 439 420 453; x_wconf 95' lang='lat'>-</span> <span class='ocrx_word' id='word_1_28' title='bbox 452 403 483 473; x_wconf 85' lang='lat'>3)</span> <span class='ocrx_word' id='word_1_29' title='bbox 501 403 531 456; x_wconf 90' lang='lat' dir='ltr'>ln</span> <span class='ocrx_word' id='word_1_30' title='bbox 549 423 580 456; x_wconf 88' lang='lat' dir='ltr'>eo</span> <span class='ocrx_word' id='word_1_31' title='bbox 598 401 673 455; x_wconf 86' lang='lat' dir='ltr'>tertia</span> <span class='ocrx_word' id='word_1_32' title='bbox 690 422 751 472; x_wconf 90' lang='lat' dir='ltr'>psrs</span> <span class='ocrx_word' id='word_1_33' title='bbox 770 415 896 464; x_wconf 81' lang='lat' dir='ltr'>versatur,</span> <span class='ocrx_word' id='word_1_34' title='bbox 913 416 942 454; x_wconf 90' lang='lat' dir='ltr'>ut</span> <span class='ocrx_word' id='word_1_35' title='bbox 959 402 1039 454; x_wconf 86' lang='lat' dir='ltr'>Vetus</span> <span class='ocrx_word' id='word_1_36' title='bbox 1054 400 1213 453; x_wconf 80' lang='lat' dir='ltr'>Testamenta</span> 
     </span>
    </p>
   </div>
   <div class='ocr_carea' id='block_1_3' title="bbox 105 485 1213 557">
    <p class='ocr_par' dir='ltr' id='par_1_3' title="bbox 105 485 1213 557">
     <span class='ocr_line' id='line_1_5' title="bbox 105 485 1213 557; baseline -0.008 -11"><span class='ocrx_word' id='word_1_37' title='bbox 105 548 108 557; x_wconf 71' lang='grc'>,</span> <span class='ocrx_word' id='word_1_38' title='bbox 202 491 266 545; x_wconf 85' lang='lat' dir='ltr'>inde</span> <span class='ocrx_word' id='word_1_39' title='bbox 285 511 315 543; x_wconf 90' lang='lat' dir='ltr'>ac</span> <span class='ocrx_word' id='word_1_40' title='bbox 331 488 496 549; x_wconf 67' lang='lat' dir='ltr'>Novum3ad</span> <span class='ocrx_word' id='word_1_41' title='bbox 512 506 586 557; x_wconf 89' lang='lat' dir='ltr'>spem</span> <span class='ocrx_word' id='word_1_42' title='bbox 604 486 804 539; x_wconf 70' lang='lat' dir='ltr'>immortalitatis</span> <span class='ocrx_word' id='word_1_43' title='bbox 822 500 848 537; x_wconf 88' lang='lat' dir='ltr'>et</span> <span class='ocrx_word' id='word_1_44' title='bbox 865 486 978 537; x_wconf 83' lang='lat' dir='ltr'>suturam</span> <span class='ocrx_word' id='word_1_45' title='bbox 997 485 1074 538; x_wconf 78' lang='lat' dir='ltr'>vitam</span> <span class='ocrx_word' id='word_1_46' title='bbox 1091 498 1213 554; x_wconf 61' lang='lat' dir='ltr'>spectasse</span> 
     </span>
    </p>
   </div>
   <div class='ocr_carea' id='block_1_4' title="bbox 204 566 1213 1049">
    <p class='ocr_par' dir='ltr' id='par_1_4' title="bbox 204 566 1213 1049">
     <span class='ocr_line' id='line_1_6' title="bbox 204 566 1213 643; baseline -0.006 -16"><span class='ocrx_word' id='word_1_47' title='bbox 204 576 276 627; x_wconf 87' lang='lat' dir='ltr'>unde</span> <span class='ocrx_word' id='word_1_48' title='bbox 292 573 407 643; x_wconf 82' lang='lat' dir='ltr'>reliquae</span> <span class='ocrx_word' id='word_1_49' title='bbox 425 574 492 624; x_wconf 88' lang='lat' dir='ltr'>duae</span> <span class='ocrx_word' id='word_1_50' title='bbox 508 566 686 625; x_wconf 76' lang='lat' dir='ltr'>similitudines</span> <span class='ocrx_word' id='word_1_51' title='bbox 703 590 748 622; x_wconf 90' lang='lat' dir='ltr'>seu</span> <span class='ocrx_word' id='word_1_52' title='bbox 766 569 960 623; x_wconf 76' lang='lat' dir='ltr'>convenientiae</span> <span class='ocrx_word' id='word_1_53' title='bbox 978 583 1185 639; x_wconf 85' lang='lat' dir='ltr'>consequuntur:</span> <span class='ocrx_word' id='word_1_54' title='bbox 1201 588 1213 620; x_wconf 85' lang='lat' dir='ltr'>r</span> 
     </span>
     <span class='ocr_line' id='line_1_7' title="bbox 204 653 1213 727; baseline -0.004 -17"><span class='ocrx_word' id='word_1_55' title='bbox 204 658 301 711; x_wconf 84' lang='lat' dir='ltr'>seilicet</span> <span class='ocrx_word' id='word_1_56' title='bbox 318 670 343 709; x_wconf 90' lang='lat' dir='ltr'>ct</span> <span class='ocrx_word' id='word_1_57' title='bbox 358 654 466 727; x_wconf 72' lang='lat' dir='ltr'>grituits</span> <span class='ocrx_word' id='word_1_58' title='bbox 482 655 534 707; x_wconf 88' lang='lat' dir='ltr'>Dei</span> <span class='ocrx_word' id='word_1_59' title='bbox 550 654 728 706; x_wconf 74' lang='lat' dir='ltr'>misericordia</span> <span class='ocrx_word' id='word_1_60' title='bbox 747 654 895 717; x_wconf 86' lang='lat' dir='ltr'>constitisse,</span> <span class='ocrx_word' id='word_1_61' title='bbox 913 668 937 706; x_wconf 93' lang='lat' dir='ltr'>et</span> <span class='ocrx_word' id='word_1_62' title='bbox 955 653 1051 706; x_wconf 87' lang='lat' dir='ltr'>Christi</span> <span class='ocrx_word' id='word_1_63' title='bbox 1066 654 1213 706; x_wconf 72' lang='lat' dir='ltr'>intercessio</span> 
     </span>
     <span class='ocr_line' id='line_1_8' title="bbox 207 726 1212 808; baseline -0.006 -13"><span class='ocrx_word' id='word_1_64' title='bbox 207 742 400 795; x_wconf 81' lang='lat' dir='ltr'>confirmatum.</span> <span class='ocrx_word' id='word_1_65' title='bbox 424 730 530 791; x_wconf 46' lang='lat' dir='ltr'>&#39;Multis</span> <span class='ocrx_word' id='word_1_66' title='bbox 547 738 716 803; x_wconf 75' lang='lat' dir='ltr'>argumentis,</span> <span class='ocrx_word' id='word_1_67' title='bbox 737 738 887 791; x_wconf 87' lang='lat' dir='ltr'>testimoniis</span> <span class='ocrx_word' id='word_1_68' title='bbox 906 753 930 790; x_wconf 88' lang='lat' dir='ltr'>et</span> <span class='ocrx_word' id='word_1_69' title='bbox 947 738 1069 808; x_wconf 81' lang='lat' dir='ltr'>exemplis</span> <span class='ocrx_word' id='word_1_70' title='bbox 1086 726 1178 791; x_wconf 82' lang='lat' dir='ltr'>nititur</span> <span class='ocrx_word' id='word_1_71' title='bbox 1193 736 1212 789; x_wconf 82' lang='lat' dir='ltr'><strong>h</strong></span> 
     </span>
     <span class='ocr_line' id='line_1_9' title="bbox 204 821 1212 894; baseline -0.006 -14"><span class='ocrx_word' id='word_1_72' title='bbox 204 840 265 880; x_wconf 84' lang='lat' dir='ltr'>sect.</span> <span class='ocrx_word' id='word_1_73' title='bbox 281 823 386 880; x_wconf 76' lang='lat'><strong>5-23.</strong></span> <span class='ocrx_word' id='word_1_74' title='bbox 403 850 436 863; x_wconf 91' lang='lat'><em>-</em></span> <span class='ocrx_word' id='word_1_75' title='bbox 483 822 516 893; x_wconf 74' lang='lat'>4)</span> <span class='ocrx_word' id='word_1_76' title='bbox 540 823 632 877; x_wconf 91' lang='lat' dir='ltr'>Totius</span> <span class='ocrx_word' id='word_1_77' title='bbox 656 823 746 894; x_wconf 87' lang='lat' dir='ltr'>eapitis</span> <span class='ocrx_word' id='word_1_78' title='bbox 772 821 921 884; x_wconf 79' lang='lat' dir='ltr'>conclusio,</span> <span class='ocrx_word' id='word_1_79' title='bbox 949 822 997 875; x_wconf 86' lang='lat' dir='ltr'>uhi</span> <span class='ocrx_word' id='word_1_80' title='bbox 1025 843 1113 876; x_wconf 88' lang='lat' dir='ltr'>rursus</span> <span class='ocrx_word' id='word_1_81' title='bbox 1139 821 1169 874; x_wconf 88' lang='lat' dir='ltr'>io</span> <span class='ocrx_word' id='word_1_82' title='bbox 1193 841 1212 891; x_wconf 85' lang='lat' dir='ltr'>p</span> 
     </span>
     <span class='ocr_line' id='line_1_10' title="bbox 206 906 1213 977; baseline -0.001 -17"><span class='ocrx_word' id='word_1_83' title='bbox 206 907 434 962; x_wconf 81' lang='lat' dir='ltr'>conlimsationem</span> <span class='ocrx_word' id='word_1_84' title='bbox 457 906 586 977; x_wconf 76' lang='lat' dir='ltr'>quaedam</span> <span class='ocrx_word' id='word_1_85' title='bbox 602 907 697 976; x_wconf 87' lang='lat' dir='ltr'>Seript.</span> <span class='ocrx_word' id='word_1_86' title='bbox 714 907 782 960; x_wconf 86' lang='lat' dir='ltr'>dicta</span> <span class='ocrx_word' id='word_1_87' title='bbox 806 909 990 975; x_wconf 80' lang='lat' dir='ltr'>proferuntur,</span> <span class='ocrx_word' id='word_1_88' title='bbox 1011 906 1110 961; x_wconf 85' lang='lat' dir='ltr'>reiectis</span> <span class='ocrx_word' id='word_1_89' title='bbox 1127 907 1213 960; x_wconf 82' lang='lat' dir='ltr'>Saddu</span> 
     </span>
     <span class='ocr_line' id='line_1_11' title="bbox 209 990 531 1049; baseline -0.016 -1"><span class='ocrx_word' id='word_1_90' title='bbox 209 1007 235 1048; x_wconf 83' lang='lat' dir='ltr'>et</span> <span class='ocrx_word' id='word_1_91' title='bbox 251 993 410 1049; x_wconf 79' lang='lat' dir='ltr'>ludaeorum</span> <span class='ocrx_word' id='word_1_92' title='bbox 427 990 531 1045; x_wconf 76' lang='lat' dir='ltr'>cavillis.</span> 
     </span>
    </p>
   </div>
   <div class='ocr_carea' id='block_1_5' title="bbox 207 1138 1213 1738">
    <p class='ocr_par' dir='ltr' id='par_1_5' title="bbox 207 1138 1213 1738">
     <span class='ocr_line' id='line_1_12' title="bbox 286 1138 1213 1221; baseline 0 -22"><span class='ocrx_word' id='word_1_93' title='bbox 286 1151 315 1207; x_wconf 86' lang='lat'>1.</span> <span class='ocrx_word' id='word_1_94' title='bbox 353 1140 396 1199; x_wconf 85' lang='lat' dir='ltr'>Ex</span> <span class='ocrx_word' id='word_1_95' title='bbox 414 1138 616 1221; x_wconf 89' lang='lat' dir='ltr'>superioribus</span> <span class='ocrx_word' id='word_1_96' title='bbox 633 1138 747 1219; x_wconf 85' lang='lat' dir='ltr'>liquere</span> <span class='ocrx_word' id='word_1_97' title='bbox 767 1141 822 1201; x_wconf 90' lang='lat' dir='ltr'>iam</span> <span class='ocrx_word' id='word_1_98' title='bbox 843 1150 959 1218; x_wconf 82' lang='lat' dir='ltr'>potest,</span> <span class='ocrx_word' id='word_1_99' title='bbox 988 1159 1181 1220; x_wconf 87' lang='lat' dir='ltr'>quoscunque</span> <span class='ocrx_word' id='word_1_100' title='bbox 1200 1161 1213 1199; x_wconf 85' lang='lat' dir='ltr'>a</span> 
     </span>
     <span class='ocr_line' id='line_1_13' title="bbox 210 1216 1213 1298; baseline -0.004 -19"><span class='ocrx_word' id='word_1_101' title='bbox 210 1218 313 1279; x_wconf 89' lang='lat' dir='ltr'>mundi</span> <span class='ocrx_word' id='word_1_102' title='bbox 332 1216 466 1278; x_wconf 85' lang='lat' dir='ltr'>homines</span> <span class='ocrx_word' id='word_1_103' title='bbox 484 1217 566 1277; x_wconf 88' lang='lat' dir='ltr'>Deus</span> <span class='ocrx_word' id='word_1_104' title='bbox 586 1218 616 1276; x_wconf 89' lang='lat' dir='ltr'>iu</span> <span class='ocrx_word' id='word_1_105' title='bbox 636 1216 739 1298; x_wconf 90' lang='lat' dir='ltr'>populi</span> <span class='ocrx_word' id='word_1_106' title='bbox 758 1216 801 1276; x_wconf 91' lang='lat' dir='ltr'>sui</span> <span class='ocrx_word' id='word_1_107' title='bbox 821 1229 931 1276; x_wconf 86' lang='lat' dir='ltr'>sortem</span> <span class='ocrx_word' id='word_1_108' title='bbox 958 1217 1123 1296; x_wconf 85' lang='lat' dir='ltr'>cooptavit,</span> <span class='ocrx_word' id='word_1_109' title='bbox 1149 1216 1213 1277; x_wconf 73' lang='lat' dir='ltr'>eade</span> 
     </span>
     <span class='ocr_line' id='line_1_14' title="bbox 207 1292 1213 1375; baseline -0.004 -19"><span class='ocrx_word' id='word_1_110' title='bbox 207 1307 297 1375; x_wconf 83' lang='lat' dir='ltr'>atque</span> <span class='ocrx_word' id='word_1_111' title='bbox 316 1294 470 1355; x_wconf 88' lang='lat' dir='ltr'>doctrinae</span> <span class='ocrx_word' id='word_1_112' title='bbox 489 1294 634 1369; x_wconf 86' lang='lat' dir='ltr'>eiusdem,</span> <span class='ocrx_word' id='word_1_113' title='bbox 665 1313 739 1372; x_wconf 86' lang='lat' dir='ltr'>quae</span> <span class='ocrx_word' id='word_1_114' title='bbox 763 1293 841 1353; x_wconf 88' lang='lat' dir='ltr'>inter</span> <span class='ocrx_word' id='word_1_115' title='bbox 861 1293 1034 1374; x_wconf 86' lang='lat' dir='ltr'>nos-riget,</span> <span class='ocrx_word' id='word_1_116' title='bbox 1064 1292 1182 1354; x_wconf 86' lang='lat' dir='ltr'>viuculo</span> <span class='ocrx_word' id='word_1_117' title='bbox 1209 1298 1213 1352; x_wconf 86' lang='lat' dir='ltr'>l</span> 
     </span>
     <span class='ocr_line' id='line_1_15' title="bbox 209 1368 1213 1449; baseline -0.003 -18"><span class='ocrx_word' id='word_1_118' title='bbox 209 1371 397 1432; x_wconf 78' lang='lat' dir='ltr'>foederatos:</span> <span class='ocrx_word' id='word_1_119' title='bbox 421 1369 473 1430; x_wconf 89' lang='lat' dir='ltr'>sed</span> <span class='ocrx_word' id='word_1_120' title='bbox 493 1374 561 1449; x_wconf 91' lang='lat' dir='ltr'>quia</span> <span class='ocrx_word' id='word_1_121' title='bbox 586 1390 648 1429; x_wconf 91' lang='lat' dir='ltr'>non</span> <span class='ocrx_word' id='word_1_122' title='bbox 669 1390 770 1448; x_wconf 89' lang='lat' dir='ltr'>parum</span> <span class='ocrx_word' id='word_1_123' title='bbox 789 1370 912 1428; x_wconf 89' lang='lat' dir='ltr'>interest</span> <span class='ocrx_word' id='word_1_124' title='bbox 931 1382 1018 1448; x_wconf 89' lang='lat' dir='ltr'>caput</span> <span class='ocrx_word' id='word_1_125' title='bbox 1037 1368 1095 1429; x_wconf 87' lang='lat' dir='ltr'>hoc</span> <span class='ocrx_word' id='word_1_126' title='bbox 1113 1368 1213 1429; x_wconf 87' lang='lat' dir='ltr'>stabili</span> 
     </span>
     <span class='ocr_line' id='line_1_16' title="bbox 209 1444 1212 1527; baseline -0.004 -18"><span class='ocrx_word' id='word_1_127' title='bbox 209 1447 380 1527; x_wconf 80' lang='lat' dir='ltr'>appendicis</span> <span class='ocrx_word' id='word_1_128' title='bbox 399 1458 569 1522; x_wconf 79' lang='lat' dir='ltr'>annectam,</span> <span class='ocrx_word' id='word_1_129' title='bbox 594 1468 683 1525; x_wconf 88' lang='lat' dir='ltr'>quum</span> <span class='ocrx_word' id='word_1_130' title='bbox 703 1447 804 1507; x_wconf 88' lang='lat' dir='ltr'>Patres</span> <span class='ocrx_word' id='word_1_131' title='bbox 828 1445 957 1505; x_wconf 86' lang='lat' dir='ltr'>eiusdem</span> <span class='ocrx_word' id='word_1_132' title='bbox 983 1446 1136 1507; x_wconf 88' lang='lat' dir='ltr'>nobiscum</span> <span class='ocrx_word' id='word_1_133' title='bbox 1158 1444 1212 1505; x_wconf 84' lang='lat' dir='ltr'>hae</span> 
     </span>
     <span class='ocr_line' id='line_1_17' title="bbox 210 1522 1203 1602; baseline -0.002 -17"><span class='ocrx_word' id='word_1_134' title='bbox 210 1522 323 1585; x_wconf 80' lang='lat' dir='ltr'>luerint</span> <span class='ocrx_word' id='word_1_135' title='bbox 342 1534 504 1597; x_wconf 87' lang='lat' dir='ltr'>consortes,</span> <span class='ocrx_word' id='word_1_136' title='bbox 524 1535 554 1583; x_wconf 92' lang='lat' dir='ltr'>et</span> <span class='ocrx_word' id='word_1_137' title='bbox 573 1523 701 1583; x_wconf 89' lang='lat' dir='ltr'>eiusdem</span> <span class='ocrx_word' id='word_1_138' title='bbox 716 1522 887 1583; x_wconf 87' lang='lat' dir='ltr'>Illediatoris</span> <span class='ocrx_word' id='word_1_139' title='bbox 905 1522 997 1602; x_wconf 82' lang='lat' dir='ltr'>gratia</span> <span class='ocrx_word' id='word_1_140' title='bbox 1017 1542 1203 1583; x_wconf 89' lang='lat' dir='ltr'>communem</span> 
     </span>
     <span class='ocr_line' id='line_1_18' title="bbox 209 1599 1213 1738; baseline -0.003 -77"><span class='ocrx_word' id='word_1_141' title='bbox 209 1599 407 1738; x_wconf 63' lang='lat' dir='ltr'>ppersverint,</span> <span class='ocrx_word' id='word_1_142' title='bbox 436 1612 578 1679; x_wconf 86' lang='lat' dir='ltr'>quatenus</span> <span class='ocrx_word' id='word_1_143' title='bbox 602 1599 632 1659; x_wconf 90' lang='lat' dir='ltr'>in</span> <span class='ocrx_word' id='word_1_144' title='bbox 656 1600 797 1659; x_wconf 87' lang='lat' dir='ltr'>societate</span> <span class='ocrx_word' id='word_1_145' title='bbox 822 1599 876 1661; x_wconf 89' lang='lat' dir='ltr'>hac</span> <span class='ocrx_word' id='word_1_146' title='bbox 902 1600 1013 1659; x_wconf 85' lang='lat' dir='ltr'>diversa</span> <span class='ocrx_word' id='word_1_147' title='bbox 1039 1600 1128 1659; x_wconf 83' lang='lat' dir='ltr'>luerit</span> <span class='ocrx_word' id='word_1_148' title='bbox 1145 1620 1213 1659; x_wconf 83' lang='lat' dir='ltr'>eurr</span> 
     </span>
     <span class='ocr_line' id='line_1_19' title="bbox 235 1701 242 1736; baseline 0 0"><span class='ocrx_word' id='word_1_149' title='bbox 235 1701 242 1736; x_wconf 96' lang='grc' dir='ltr'>Ι</span> 
     </span>
    </p>
   </div>
   <div class='ocr_carea' id='block_1_6' title="bbox 81 1674 1213 2748">
    <p class='ocr_par' dir='ltr' id='par_1_6' title="bbox 81 1674 1213 2599">
     <span class='ocr_line' id='line_1_20' title="bbox 244 1674 1213 1756; baseline -0.006 -19"><span class='ocrx_word' id='word_1_150' title='bbox 244 1679 297 1739; x_wconf 88' lang='lat' dir='ltr'>tio.</span> <span class='ocrx_word' id='word_1_151' title='bbox 338 1676 427 1750; x_wconf 85' lang='lat' dir='ltr'>Quan</span> <span class='ocrx_word' id='word_1_152' title='bbox 451 1696 517 1735; x_wconf 91' lang='lat' dir='ltr'>uam</span> <span class='ocrx_word' id='word_1_153' title='bbox 537 1688 634 1735; x_wconf 90' lang='lat' dir='ltr'>autem</span> <span class='ocrx_word' id='word_1_154' title='bbox 654 1697 730 1754; x_wconf 88' lang='lat' dir='ltr'>quae</span> <span class='ocrx_word' id='word_1_155' title='bbox 753 1696 788 1735; x_wconf 81' lang='lat' dir='ltr'>es</span> <span class='ocrx_word' id='word_1_156' title='bbox 806 1676 887 1756; x_wconf 84' lang='lat' dir='ltr'>Lege</span> <span class='ocrx_word' id='word_1_157' title='bbox 908 1698 939 1735; x_wconf 91' lang='lat' dir='ltr'>ac</span> <span class='ocrx_word' id='word_1_158' title='bbox 959 1674 1116 1756; x_wconf 86' lang='lat' dir='ltr'>Prophetis</span> <span class='ocrx_word' id='word_1_159' title='bbox 1135 1676 1172 1735; x_wconf 91' lang='lat' dir='ltr'>ad</span> <span class='ocrx_word' id='word_1_160' title='bbox 1192 1682 1213 1733; x_wconf 84' lang='lat' dir='ltr'>e]</span> 
     </span>
     <span class='ocr_line' id='line_1_21' title="bbox 211 1698 1196 1835; baseline -0.004 -21"><span class='ocrx_word' id='word_1_161' title='bbox 211 1753 365 1814; x_wconf 82' lang='lat' dir='ltr'>bationem</span> <span class='ocrx_word' id='word_1_162' title='bbox 385 1698 556 1835; x_wconf 76' lang='lat' dir='ltr'>coliegimus</span> <span class='ocrx_word' id='word_1_163' title='bbox 576 1752 757 1827; x_wconf 88' lang='lat' dir='ltr'>testimonia,</span> <span class='ocrx_word' id='word_1_164' title='bbox 783 1752 877 1831; x_wconf 88' lang='lat' dir='ltr'>palam</span> <span class='ocrx_word' id='word_1_165' title='bbox 897 1752 1009 1812; x_wconf 81' lang='lat' dir='ltr'>sariunt</span> <span class='ocrx_word' id='word_1_166' title='bbox 1028 1774 1088 1812; x_wconf 89' lang='lat' dir='ltr'>non</span> <span class='ocrx_word' id='word_1_167' title='bbox 1110 1751 1196 1811; x_wconf 73' lang='lat' dir='ltr'>alian</span> 
     </span>
     <span class='ocr_line' id='line_1_22' title="bbox 211 1828 1213 1911; baseline -0.005 -19"><span class='ocrx_word' id='word_1_168' title='bbox 211 1831 303 1892; x_wconf 75' lang='lat' dir='ltr'>fuisse</span> <span class='ocrx_word' id='word_1_169' title='bbox 327 1831 357 1889; x_wconf 92' lang='lat' dir='ltr'>in</span> <span class='ocrx_word' id='word_1_170' title='bbox 382 1829 441 1888; x_wconf 90' lang='lat' dir='ltr'>Dei</span> <span class='ocrx_word' id='word_1_171' title='bbox 468 1830 580 1910; x_wconf 89' lang='lat' dir='ltr'>populo</span> <span class='ocrx_word' id='word_1_172' title='bbox 606 1828 754 1909; x_wconf 84' lang='lat' dir='ltr'>religionis</span> <span class='ocrx_word' id='word_1_173' title='bbox 799 1830 950 1909; x_wconf 87' lang='lat' dir='ltr'>ietatisque</span> <span class='ocrx_word' id='word_1_174' title='bbox 980 1829 1125 1911; x_wconf 88' lang='lat' dir='ltr'>regulam:</span> <span class='ocrx_word' id='word_1_175' title='bbox 1174 1830 1213 1888; x_wconf 87' lang='lat' dir='ltr'>uia</span> 
     </span>
     <span class='ocr_line' id='line_1_23' title="bbox 213 1850 1213 1986; baseline -0.002 -19"><span class='ocrx_word' id='word_1_176' title='bbox 213 1906 292 1986; x_wconf 89' lang='lat' dir='ltr'>apud</span> <span class='ocrx_word' id='word_1_177' title='bbox 312 1904 470 1985; x_wconf 81' lang='lat' dir='ltr'>scriptores</span> <span class='ocrx_word' id='word_1_178' title='bbox 489 1905 579 1965; x_wconf 87' lang='lat' dir='ltr'>multa</span> <span class='ocrx_word' id='word_1_179' title='bbox 605 1926 693 1986; x_wconf 84' lang='lat' dir='ltr'>saepe</span> <span class='ocrx_word' id='word_1_180' title='bbox 714 1907 749 1965; x_wconf 92' lang='lat' dir='ltr'>de</span> <span class='ocrx_word' id='word_1_181' title='bbox 770 1850 936 1965; x_wconf 84' lang='lat' dir='ltr'>discrimine</span> <span class='ocrx_word' id='word_1_182' title='bbox 955 1905 1072 1965; x_wconf 81' lang='lat' dir='ltr'>Veteris</span> <span class='ocrx_word' id='word_1_183' title='bbox 1091 1926 1126 1965; x_wconf 89' lang='lat' dir='ltr'>ac</span> <span class='ocrx_word' id='word_1_184' title='bbox 1175 1926 1213 1965; x_wconf 82' lang='lat' dir='ltr'>or</span> 
     </span>
     <span class='ocr_line' id='line_1_24' title="bbox 213 1981 1206 2062; baseline -0.004 -18"><span class='ocrx_word' id='word_1_185' title='bbox 213 1981 306 2044; x_wconf 81' lang='lat' dir='ltr'>menti</span> <span class='ocrx_word' id='word_1_186' title='bbox 326 1982 526 2062; x_wconf 82' lang='lat' dir='ltr'>disputantur,</span> <span class='ocrx_word' id='word_1_187' title='bbox 558 2001 632 2060; x_wconf 89' lang='lat' dir='ltr'>quae</span> <span class='ocrx_word' id='word_1_188' title='bbox 660 1982 826 2062; x_wconf 85' lang='lat' dir='ltr'>scrupulum</span> <span class='ocrx_word' id='word_1_189' title='bbox 857 2004 957 2061; x_wconf 89' lang='lat' dir='ltr'>parurn</span> <span class='ocrx_word' id='word_1_190' title='bbox 988 1994 1075 2042; x_wconf 87' lang='lat' dir='ltr'>acuto</span> <span class='ocrx_word' id='word_1_191' title='bbox 1100 1981 1206 2041; x_wconf 85' lang='lat' dir='ltr'>lectori</span> 
     </span>
     <span class='ocr_line' id='line_1_25' title="bbox 214 2057 1213 2140; baseline -0.004 -21"><span class='ocrx_word' id='word_1_192' title='bbox 214 2059 340 2140; x_wconf 84' lang='lat' dir='ltr'>possint,</span> <span class='ocrx_word' id='word_1_193' title='bbox 357 2058 427 2119; x_wconf 82' lang='lat' dir='ltr'>huic</span> <span class='ocrx_word' id='word_1_194' title='bbox 447 2061 490 2117; x_wconf 87' lang='lat' dir='ltr'>rei</span> <span class='ocrx_word' id='word_1_195' title='bbox 511 2059 612 2118; x_wconf 88' lang='lat' dir='ltr'>melius</span> <span class='ocrx_word' id='word_1_196' title='bbox 632 2071 720 2137; x_wconf 87' lang='lat' dir='ltr'>atque</span> <span class='ocrx_word' id='word_1_197' title='bbox 740 2059 866 2118; x_wconf 83' lang='lat' dir='ltr'>exactius</span> <span class='ocrx_word' id='word_1_198' title='bbox 887 2058 1084 2117; x_wconf 80' lang='lat' dir='ltr'>discutiendae</span> <span class='ocrx_word' id='word_1_199' title='bbox 1105 2057 1213 2137; x_wconf 85' lang='lat' dir='ltr'>peculia</span> 
     </span>
     <span class='ocr_line' id='line_1_26' title="bbox 215 2133 1213 2213; baseline -0.006 -17"><span class='ocrx_word' id='word_1_200' title='bbox 215 2158 283 2196; x_wconf 89' lang='lat' dir='ltr'>cum</span> <span class='ocrx_word' id='word_1_201' title='bbox 303 2138 365 2195; x_wconf 90' lang='lat' dir='ltr'>iure</span> <span class='ocrx_word' id='word_1_202' title='bbox 384 2133 601 2195; x_wconf 81' lang='lat' dir='ltr'>destinabimus.</span> <span class='ocrx_word' id='word_1_203' title='bbox 649 2135 730 2209; x_wconf 87' lang='lat' dir='ltr'>Quin</span> <span class='ocrx_word' id='word_1_204' title='bbox 751 2134 838 2194; x_wconf 87' lang='lat' dir='ltr'>etiam</span> <span class='ocrx_word' id='word_1_205' title='bbox 860 2135 940 2213; x_wconf 90' lang='lat' dir='ltr'>quod</span> <span class='ocrx_word' id='word_1_206' title='bbox 965 2136 1147 2196; x_wconf 89' lang='lat' dir='ltr'>utilissimum</span> <span class='ocrx_word' id='word_1_207' title='bbox 1168 2134 1213 2193; x_wconf 69' lang='lat' dir='ltr'>alii</span> 
     </span>
     <span class='ocr_line' id='line_1_27' title="bbox 215 2211 1213 2293; baseline -0.001 -22"><span class='ocrx_word' id='word_1_208' title='bbox 215 2222 315 2272; x_wconf 87' lang='lat' dir='ltr'>turum</span> <span class='ocrx_word' id='word_1_209' title='bbox 336 2222 408 2286; x_wconf 89' lang='lat' dir='ltr'>erat,</span> <span class='ocrx_word' id='word_1_210' title='bbox 428 2212 620 2271; x_wconf 88' lang='lat' dir='ltr'>necessarium</span> <span class='ocrx_word' id='word_1_211' title='bbox 641 2211 728 2270; x_wconf 86' lang='lat' dir='ltr'>nobis</span> <span class='ocrx_word' id='word_1_212' title='bbox 747 2211 882 2271; x_wconf 82' lang='lat' dir='ltr'>lecerunt</span> <span class='ocrx_word' id='word_1_213' title='bbox 902 2212 1086 2293; x_wconf 86' lang='lat' dir='ltr'>prodigiosus</span> <span class='ocrx_word' id='word_1_214' title='bbox 1107 2211 1213 2271; x_wconf 86' lang='lat' dir='ltr'>nebulo</span> 
     </span>
     <span class='ocr_line' id='line_1_28' title="bbox 216 2286 1213 2368; baseline 0 -22"><span class='ocrx_word' id='word_1_215' title='bbox 216 2298 274 2362; x_wconf 88' lang='lat' dir='ltr'>tus,</span> <span class='ocrx_word' id='word_1_216' title='bbox 294 2299 324 2346; x_wconf 90' lang='lat' dir='ltr'>ct</span> <span class='ocrx_word' id='word_1_217' title='bbox 344 2286 448 2347; x_wconf 79' lang='lat' dir='ltr'>furiosi</span> <span class='ocrx_word' id='word_1_218' title='bbox 466 2287 602 2347; x_wconf 89' lang='lat' dir='ltr'>nonnulli</span> <span class='ocrx_word' id='word_1_219' title='bbox 622 2308 656 2347; x_wconf 87' lang='lat' dir='ltr'>ex</span> <span class='ocrx_word' id='word_1_220' title='bbox 667 2287 921 2368; x_wconf 82' lang='lat' dir='ltr'>Anabaptistarunr</span> <span class='ocrx_word' id='word_1_221' title='bbox 941 2303 1034 2360; x_wconf 89' lang='lat' dir='ltr'>secta,</span> <span class='ocrx_word' id='word_1_222' title='bbox 1055 2291 1104 2367; x_wconf 90' lang='lat' dir='ltr'>qni</span> <span class='ocrx_word' id='word_1_223' title='bbox 1123 2308 1187 2348; x_wconf 91' lang='lat' dir='ltr'>non</span> <span class='ocrx_word' id='word_1_224' title='bbox 1207 2309 1213 2346; x_wconf 77' lang='grc' dir='ltr'><em>ε</em></span> 
     </span>
     <span class='ocr_line' id='line_1_29' title="bbox 215 2362 1213 2447; baseline 0.001 -24"><span class='ocrx_word' id='word_1_225' title='bbox 215 2362 379 2447; x_wconf 70' lang='lat' dir='ltr'>Israelitico</span> <span class='ocrx_word' id='word_1_226' title='bbox 400 2363 512 2444; x_wconf 92' lang='lat' dir='ltr'>populo</span> <span class='ocrx_word' id='word_1_227' title='bbox 533 2363 674 2438; x_wconf 88' lang='lat' dir='ltr'>sentiunt,</span> <span class='ocrx_word' id='word_1_228' title='bbox 695 2386 781 2442; x_wconf 87' lang='lat' dir='ltr'>quam</span> <span class='ocrx_word' id='word_1_229' title='bbox 805 2364 841 2423; x_wconf 92' lang='lat' dir='ltr'>de</span> <span class='ocrx_word' id='word_1_230' title='bbox 866 2363 965 2442; x_wconf 91' lang='lat' dir='ltr'>aliquo</span> <span class='ocrx_word' id='word_1_231' title='bbox 986 2385 1145 2443; x_wconf 89' lang='lat' dir='ltr'>porcorum</span> <span class='ocrx_word' id='word_1_232' title='bbox 1164 2384 1213 2445; x_wconf 83' lang='lat' dir='ltr'>gre</span> 
     </span>
     <span class='ocr_line' id='line_1_30' title="bbox 217 2440 1213 2521; baseline 0.003 -23"><span class='ocrx_word' id='word_1_233' title='bbox 217 2450 290 2520; x_wconf 89' lang='lat' dir='ltr'>pote</span> <span class='ocrx_word' id='word_1_234' title='bbox 311 2460 398 2519; x_wconf 90' lang='lat' dir='ltr'>quem</span> <span class='ocrx_word' id='word_1_235' title='bbox 418 2453 565 2520; x_wconf 84' lang='lat' dir='ltr'>nugantur</span> <span class='ocrx_word' id='word_1_236' title='bbox 579 2461 594 2500; x_wconf 87' lang='lat' dir='ltr'>a</span> <span class='ocrx_word' id='word_1_237' title='bbox 607 2441 738 2501; x_wconf 85' lang='lat' dir='ltr'>Domino</span> <span class='ocrx_word' id='word_1_238' title='bbox 759 2442 787 2500; x_wconf 91' lang='lat' dir='ltr'>in</span> <span class='ocrx_word' id='word_1_239' title='bbox 809 2441 861 2502; x_wconf 87' lang='lat' dir='ltr'>bac</span> <span class='ocrx_word' id='word_1_240' title='bbox 881 2452 959 2501; x_wconf 87' lang='lat' dir='ltr'>terra</span> <span class='ocrx_word' id='word_1_241' title='bbox 978 2441 1152 2521; x_wconf 85' lang='lat' dir='ltr'>saginatum,</span> <span class='ocrx_word' id='word_1_242' title='bbox 1173 2440 1213 2501; x_wconf 90' lang='lat' dir='ltr'>cit</span> 
     </span>
     <span class='ocr_line' id='line_1_31' title="bbox 81 2514 1213 2599; baseline -0.003 -21"><span class='ocrx_word' id='word_1_243' title='bbox 81 2538 86 2547; x_wconf 88' lang='grc'><em>’</em></span> <span class='ocrx_word' id='word_1_244' title='bbox 159 2566 171 2585; x_wconf 78' lang='grc'><em>,</em></span> <span class='ocrx_word' id='word_1_245' title='bbox 216 2514 306 2577; x_wconf 84' lang='lat' dir='ltr'>ullam</span> <span class='ocrx_word' id='word_1_246' title='bbox 326 2515 461 2577; x_wconf 88' lang='lat' dir='ltr'>coelestis</span> <span class='ocrx_word' id='word_1_247' title='bbox 480 2517 715 2578; x_wconf 85' lang='lat' dir='ltr'>immortalitatis.</span> <span class='ocrx_word' id='word_1_248' title='bbox 759 2518 847 2578; x_wconf 91' lang='lat' dir='ltr'>Hune</span> <span class='ocrx_word' id='word_1_249' title='bbox 868 2537 940 2599; x_wconf 85' lang='lat' dir='ltr'>ergo</span> <span class='ocrx_word' id='word_1_250' title='bbox 989 2517 1137 2576; x_wconf 87' lang='lat' dir='ltr'>estiserum</span> <span class='ocrx_word' id='word_1_251' title='bbox 1164 2537 1213 2576; x_wconf 91' lang='lat' dir='ltr'>err</span> 
     </span>
    </p>

    <p class='ocr_par' dir='ltr' id='par_1_7' title="bbox 217 2540 1213 2748">
     <span class='ocr_line' id='line_1_32' title="bbox 218 2540 1213 2674; baseline -0.002 -21"><span class='ocrx_word' id='word_1_252' title='bbox 218 2610 368 2653; x_wconf 72' lang='lat' dir='ltr'>arceamus</span> <span class='ocrx_word' id='word_1_253' title='bbox 388 2613 405 2653; x_wconf 81' lang='lat' dir='ltr'>a</span> <span class='ocrx_word' id='word_1_254' title='bbox 424 2593 480 2674; x_wconf 86' lang='lat' dir='ltr'>piis</span> <span class='ocrx_word' id='word_1_255' title='bbox 500 2594 620 2668; x_wconf 84' lang='lat' dir='ltr'>animis,</span> <span class='ocrx_word' id='word_1_256' title='bbox 643 2593 728 2654; x_wconf 90' lang='lat' dir='ltr'>simul</span> <span class='ocrx_word' id='word_1_257' title='bbox 752 2594 838 2653; x_wconf 88' lang='lat' dir='ltr'>etiam</span> <span class='ocrx_word' id='word_1_258' title='bbox 863 2605 897 2652; x_wconf 90' lang='lat' dir='ltr'>ut</span> <span class='ocrx_word' id='word_1_259' title='bbox 916 2540 1099 2653; x_wconf 58' lang='lat' dir='ltr'>dificultates</span> <span class='ocrx_word' id='word_1_260' title='bbox 1119 2615 1213 2654; x_wconf 64' lang='lat' dir='ltr'>omne,</span> 
     </span>
     <span class='ocr_line' id='line_1_33' title="bbox 217 2670 1213 2748; baseline 0.001 -20"><span class='ocrx_word' id='word_1_261' title='bbox 217 2688 293 2742; x_wconf 89' lang='lat' dir='ltr'>mus,</span> <span class='ocrx_word' id='word_1_262' title='bbox 312 2690 388 2748; x_wconf 86' lang='lat' dir='ltr'>quae</span> <span class='ocrx_word' id='word_1_263' title='bbox 408 2670 506 2731; x_wconf 84' lang='lat' dir='ltr'>audita</span> <span class='ocrx_word' id='word_1_264' title='bbox 527 2671 697 2731; x_wconf 85' lang='lat' dir='ltr'>diversitatis</span> <span class='ocrx_word' id='word_1_265' title='bbox 717 2670 867 2730; x_wconf 91' lang='lat' dir='ltr'>mentione</span> <span class='ocrx_word' id='word_1_266' title='bbox 887 2671 964 2730; x_wconf 90' lang='lat' dir='ltr'>inter</span> <span class='ocrx_word' id='word_1_267' title='bbox 986 2671 1076 2728; x_wconf 89' lang='lat' dir='ltr'>Vetus</span> <span class='ocrx_word' id='word_1_268' title='bbox 1097 2690 1130 2729; x_wconf 88' lang='lat' dir='ltr'>ae</span> <span class='ocrx_word' id='word_1_269' title='bbox 1151 2671 1213 2730; x_wconf 80' lang='lat' dir='ltr'>Not</span> 
     </span>
    </p>
   </div>
   <div class='ocr_carea' id='block_1_7' title="bbox 121 2746 1213 2826">
    <p class='ocr_par' dir='ltr' id='par_1_8' title="bbox 121 2746 1213 2826">
     <span class='ocr_line' id='line_1_34' title="bbox 121 2746 1213 2826; baseline 0 -21"><span class='ocrx_word' id='word_1_270' title='bbox 121 2782 124 2797; x_wconf 62' lang='grc' dir='ltr'>ι</span> <span class='ocrx_word' id='word_1_271' title='bbox 217 2755 404 2820; x_wconf 82' lang='lat' dir='ltr'>stameutum,</span> <span class='ocrx_word' id='word_1_272' title='bbox 422 2746 551 2807; x_wconf 85' lang='lat' dir='ltr'>suboriri</span> <span class='ocrx_word' id='word_1_273' title='bbox 571 2748 705 2826; x_wconf 90' lang='lat' dir='ltr'>protinus</span> <span class='ocrx_word' id='word_1_274' title='bbox 721 2747 831 2806; x_wconf 85' lang='lat' dir='ltr'>solent:</span> <span class='ocrx_word' id='word_1_275' title='bbox 852 2747 951 2806; x_wconf 80' lang='lat' dir='ltr'>obiter</span> <span class='ocrx_word' id='word_1_276' title='bbox 968 2747 1153 2826; x_wconf 86' lang='lat' dir='ltr'>inspiciamus</span> <span class='ocrx_word' id='word_1_277' title='bbox 1165 2747 1213 2825; x_wconf 88' lang='lat' dir='ltr'>qui</span> 
     </span>
    </p>
   </div>
   <div class='ocr_carea' id='block_1_8' title="bbox 145 2821 1213 3493">
    <p class='ocr_par' dir='ltr' id='par_1_9' title="bbox 218 2821 1213 3054">
     <span class='ocr_line' id='line_1_35' title="bbox 241 2821 1213 2903; baseline 0 -22"><span class='ocrx_word' id='word_1_278' title='bbox 241 2822 328 2881; x_wconf 87' lang='lat' dir='ltr'>uidve</span> <span class='ocrx_word' id='word_1_279' title='bbox 348 2822 493 2883; x_wconf 89' lang='lat' dir='ltr'>diversum</span> <span class='ocrx_word' id='word_1_280' title='bbox 518 2823 660 2898; x_wconf 83' lang='lat' dir='ltr'>habeant,</span> <span class='ocrx_word' id='word_1_281' title='bbox 693 2823 772 2903; x_wconf 92' lang='lat' dir='ltr'>quod</span> <span class='ocrx_word' id='word_1_282' title='bbox 800 2821 869 2883; x_wconf 91' lang='lat' dir='ltr'>olim</span> <span class='ocrx_word' id='word_1_283' title='bbox 885 2829 966 2882; x_wconf 84' lang='lat' dir='ltr'>&#39;curn</span> <span class='ocrx_word' id='word_1_284' title='bbox 986 2823 1125 2883; x_wconf 85' lang='lat' dir='ltr'>Israelitis</span> <span class='ocrx_word' id='word_1_285' title='bbox 1152 2822 1213 2881; x_wconf 74' lang='lat' dir='ltr'>loe«</span> 
     </span>
     <span class='ocr_line' id='line_1_36' title="bbox 218 2842 1211 2981; baseline 0 -21"><span class='ocrx_word' id='word_1_286' title='bbox 218 2842 332 2960; x_wconf 62' lang='lat' dir='ltr'>insisti</span> <span class='ocrx_word' id='word_1_287' title='bbox 351 2900 507 2959; x_wconf 86' lang='lat' dir='ltr'>adrentum</span> <span class='ocrx_word' id='word_1_288' title='bbox 527 2901 673 2962; x_wconf 89' lang='lat' dir='ltr'>Dominus</span> <span class='ocrx_word' id='word_1_289' title='bbox 697 2899 825 2981; x_wconf 84' lang='lat' dir='ltr'>pepigit,</span> <span class='ocrx_word' id='word_1_290' title='bbox 854 2911 885 2959; x_wconf 85' lang='lat' dir='ltr'>et</span> <span class='ocrx_word' id='word_1_291' title='bbox 904 2901 983 2980; x_wconf 90' lang='lat' dir='ltr'>quod</span> <span class='ocrx_word' id='word_1_292' title='bbox 1004 2921 1083 2959; x_wconf 90' lang='lat' dir='ltr'>nunc</span> <span class='ocrx_word' id='word_1_293' title='bbox 1103 2920 1139 2959; x_wconf 92' lang='lat' dir='ltr'>eo</span> <span class='ocrx_word' id='word_1_294' title='bbox 1164 2921 1211 2960; x_wconf 88' lang='lat' dir='ltr'>ma</span> 
     </span>
     <span class='ocr_line' id='line_1_37' title="bbox 218 2975 1133 3054; baseline 0.002 -20"><span class='ocrx_word' id='word_1_295' title='bbox 218 2976 363 3054; x_wconf 86' lang='lat' dir='ltr'>percussit</span> <span class='ocrx_word' id='word_1_296' title='bbox 382 2975 545 3036; x_wconf 89' lang='lat' dir='ltr'>nobiscum.</span> <span class='ocrx_word' id='word_1_297' title='bbox 1129 3012 1133 3019; x_wconf 81' lang='lat'>,</span> 
     </span>
    </p>

    <p class='ocr_par' dir='ltr' id='par_1_10' title="bbox 145 3051 1213 3493">
     <span class='ocr_line' id='line_1_38' title="bbox 297 3051 1196 3133; baseline 0.003 -24"><span class='ocrx_word' id='word_1_298' title='bbox 297 3058 324 3116; x_wconf 78' lang='grc'>2.</span> <span class='ocrx_word' id='word_1_299' title='bbox 364 3052 408 3113; x_wconf 81' lang='lat' dir='ltr'>Ac</span> <span class='ocrx_word' id='word_1_300' title='bbox 428 3074 488 3112; x_wconf 90' lang='lat' dir='ltr'>uno</span> <span class='ocrx_word' id='word_1_301' title='bbox 510 3052 627 3130; x_wconf 85' lang='lat' dir='ltr'>quidem</span> <span class='ocrx_word' id='word_1_302' title='bbox 648 3051 739 3111; x_wconf 80' lang='lat' dir='ltr'>verbu</span> <span class='ocrx_word' id='word_1_303' title='bbox 761 3051 888 3130; x_wconf 84' lang='lat' dir='ltr'>expediri</span> <span class='ocrx_word' id='word_1_304' title='bbox 909 3065 1066 3130; x_wconf 63' lang='lat' dir='ltr'>utumque</span> <span class='ocrx_word' id='word_1_305' title='bbox 1086 3064 1196 3133; x_wconf 80' lang='lat' dir='ltr'>potest.</span> 
     </span>
     <span class='ocr_line' id='line_1_39' title="bbox 220 3128 1213 3206; baseline 0.003 -18"><span class='ocrx_word' id='word_1_306' title='bbox 220 3129 352 3188; x_wconf 85' lang='lat' dir='ltr'>omnium</span> <span class='ocrx_word' id='word_1_307' title='bbox 379 3129 483 3189; x_wconf 78' lang='lat' dir='ltr'>foedus</span> <span class='ocrx_word' id='word_1_308' title='bbox 513 3129 587 3187; x_wconf 90' lang='lat' dir='ltr'>adeo</span> <span class='ocrx_word' id='word_1_309' title='bbox 614 3128 776 3188; x_wconf 84' lang='lat' dir='ltr'>substantia</span> <span class='ocrx_word' id='word_1_310' title='bbox 799 3139 829 3186; x_wconf 86' lang='lat' dir='ltr'>et</span> <span class='ocrx_word' id='word_1_311' title='bbox 847 3147 880 3186; x_wconf 89' lang='lat' dir='ltr'>re</span> <span class='ocrx_word' id='word_1_312' title='bbox 900 3131 960 3206; x_wconf 88' lang='lat' dir='ltr'>ipsa</span> <span class='ocrx_word' id='word_1_313' title='bbox 981 3129 1054 3188; x_wconf 86' lang='lat' dir='ltr'>nihil</span> <span class='ocrx_word' id='word_1_314' title='bbox 1080 3143 1213 3191; x_wconf 83' lang='lat' dir='ltr'>anostrt</span> 
     </span>
     <span class='ocr_line' id='line_1_40' title="bbox 220 3204 1213 3282; baseline 0.003 -19"><span class='ocrx_word' id='word_1_315' title='bbox 220 3214 256 3263; x_wconf 84' lang='lat' dir='ltr'>ut</span> <span class='ocrx_word' id='word_1_316' title='bbox 274 3226 365 3265; x_wconf 85' lang='lat' dir='ltr'>unum</span> <span class='ocrx_word' id='word_1_317' title='bbox 383 3225 503 3282; x_wconf 76' lang='lat' dir='ltr'>prorsus</span> <span class='ocrx_word' id='word_1_318' title='bbox 523 3217 610 3282; x_wconf 89' lang='lat' dir='ltr'>atque</span> <span class='ocrx_word' id='word_1_319' title='bbox 629 3204 708 3262; x_wconf 90' lang='lat' dir='ltr'>idem</span> <span class='ocrx_word' id='word_1_320' title='bbox 728 3205 778 3263; x_wconf 86' lang='lat' dir='ltr'>sit:</span> <span class='ocrx_word' id='word_1_321' title='bbox 806 3204 1015 3264; x_wconf 88' lang='lat' dir='ltr'>administratio</span> <span class='ocrx_word' id='word_1_322' title='bbox 1036 3218 1134 3265; x_wconf 88' lang='lat' dir='ltr'>tamen</span> <span class='ocrx_word' id='word_1_323' title='bbox 1154 3206 1213 3267; x_wconf 80' lang='lat' dir='ltr'>rari</span> 
     </span>
     <span class='ocr_line' id='line_1_41' title="bbox 220 3280 1213 3361; baseline 0.004 -23"><span class='ocrx_word' id='word_1_324' title='bbox 220 3280 288 3358; x_wconf 86' lang='lat' dir='ltr'>quia</span> <span class='ocrx_word' id='word_1_325' title='bbox 309 3301 346 3338; x_wconf 81' lang='lat' dir='ltr'>erc</span> <span class='ocrx_word' id='word_1_326' title='bbox 368 3292 446 3340; x_wconf 87' lang='lat' dir='ltr'>tanta</span> <span class='ocrx_word' id='word_1_327' title='bbox 473 3280 616 3340; x_wconf 82' lang='lat' dir='ltr'>brevitate</span> <span class='ocrx_word' id='word_1_328' title='bbox 642 3301 729 3340; x_wconf 90' lang='lat' dir='ltr'>nemo</span> <span class='ocrx_word' id='word_1_329' title='bbox 756 3293 865 3340; x_wconf 86' lang='lat' dir='ltr'>certam</span> <span class='ocrx_word' id='word_1_330' title='bbox 889 3281 1112 3361; x_wconf 82' lang='lat' dir='ltr'>intelligentiam</span> <span class='ocrx_word' id='word_1_331' title='bbox 1138 3302 1213 3343; x_wconf 82' lang='lat' dir='ltr'>asset</span> 
     </span>
     <span class='ocr_line' id='line_1_42' title="bbox 219 3353 1211 3437; baseline 0.003 -21"><span class='ocrx_word' id='word_1_332' title='bbox 219 3353 388 3436; x_wconf 88' lang='lat' dir='ltr'>longiorem</span> <span class='ocrx_word' id='word_1_333' title='bbox 413 3356 652 3434; x_wconf 75' lang='lat' dir='ltr'>explicationem,</span> <span class='ocrx_word' id='word_1_334' title='bbox 673 3356 786 3435; x_wconf 85' lang='lat' dir='ltr'>siquid</span> <span class='ocrx_word' id='word_1_335' title='bbox 812 3358 949 3436; x_wconf 87' lang='lat' dir='ltr'>prodesse</span> <span class='ocrx_word' id='word_1_336' title='bbox 968 3360 1120 3431; x_wconf 83' lang='lat' dir='ltr'>volumus,</span> <span class='ocrx_word' id='word_1_337' title='bbox 1143 3379 1211 3437; x_wconf 85' lang='lat' dir='ltr'>pers</span> 
     </span>
     <span class='ocr_line' id='line_1_43' title="bbox 145 3432 1213 3493; baseline 0 -1"><span class='ocrx_word' id='word_1_338' title='bbox 145 3456 148 3461; x_wconf 91' lang='lat'>·</span> <span class='ocrx_word' id='word_1_339' title='bbox 220 3450 302 3492; x_wconf 83' lang='lat' dir='ltr'>cesse</span> <span class='ocrx_word' id='word_1_340' title='bbox 321 3444 374 3490; x_wconf 82' lang='lat' dir='ltr'>est</span> <span class='ocrx_word' id='word_1_341' title='bbox 415 3432 571 3492; x_wconf 83' lang='lat' dir='ltr'>Caeterum</span> <span class='ocrx_word' id='word_1_342' title='bbox 592 3435 622 3492; x_wconf 91' lang='lat' dir='ltr'>in</span> <span class='ocrx_word' id='word_1_343' title='bbox 641 3433 830 3492; x_wconf 88' lang='lat' dir='ltr'>similitudine</span> <span class='ocrx_word' id='word_1_344' title='bbox 843 3434 889 3492; x_wconf 89' lang='lat' dir='ltr'>vel</span> <span class='ocrx_word' id='word_1_345' title='bbox 909 3435 1006 3493; x_wconf 88' lang='lat' dir='ltr'>notius</span> <span class='ocrx_word' id='word_1_346' title='bbox 1027 3437 1140 3493; x_wconf 88' lang='lat' dir='ltr'>unitate</span> <span class='ocrx_word' id='word_1_347' title='bbox 1162 3447 1213 3492; x_wconf 63' lang='lat' dir='ltr'>osta</span> 
     </span>
    </p>
   </div>
   <div class='ocr_carea' id='block_1_9' title="bbox 0 0 1371 4732">
    <p class='ocr_par' dir='ltr' id='par_1_11' title="bbox 0 0 1371 4732">
     <span class='ocr_line' id='line_1_44' title="bbox 0 0 1371 4732; baseline 0 0"><span class='ocrx_word' id='word_1_348' title='bbox 0 0 1371 4732; x_wconf 95' lang='lat' dir='ltr'> </span> 
     </span>
    </p>
   </div>
  </div>
 </body>
</html>
