2700 4732
77 248 138 312 eii
473 241 550 303 nni.
565 242 611 319 ii.
641 241 741 311 ,cin
762 241 828 303 xv.

46 448 48 452 ,
81 387 179 463 Deus,
204 384 323 463 referti,
349 403 384 446 es
402 384 435 448 iis
454 386 593 466 primitiis
612 386 859 451 sentiamunrere
879 404 934 446 nos
954 384 1022 445 Deo
1042 384 1222 448 coniunctos

80 483 149 525 ¹esse
168 463 204 523 ad
215 462 382 556 'perfectam
403 462 624 523 beatitudinem.
663 463 780 522 Deinde
811 474 844 522 ut
864 462 991 522 eiusdem
1012 461 1139 539 Spiritus
1159 463 1222 522 vir-

3 600 8 609 ,
81 552 147 602 trite
167 541 250 615 freti,
275 558 336 598 non
357 538 522 600 dubitemus
548 546 652 600 contra
680 539 843 609 diabolum,
868 540 1025 612 mundum,
1045 551 1076 598 et
1095 537 1222 618 quodvis

81 637 177 677 noxae
200 636 293 699 genus
316 636 371 676 nos
396 636 513 699 semper
542 617 607 675 fore
637 616 771 676 victores.
820 617 888 675 Huc
919 615 1017 674 tendit
1044 635 1221 694 responsum

85 692 197 754 Cbristi
216 693 253 752 ad
273 691 453 766 Pharisaeos,
493 691 540 752 nia
560 711 684 773 regnum
704 692 763 751 Dei
782 692 860 751 intra
879 714 934 750 nos
955 703 1009 761 est,
1028 713 1093 751 ciiin
1113 691 1221 752 obser·

82 765 204 830 vation'e
224 789 285 828 non
305 780 460 828 venturum
473 715 567 846 lLuc.
588 775 636 843 17,
654 773 727 847 bt).
774 767 934 828 Probabile
959 768 1037 826 euim
1063 777 1124 843 est,
1148 768 1222 847 qnia

104 845 278 907 rofitcbatur
308 864 340 905 se
370 863 471 925 regem
491 845 572 903 illum
594 865 673 918 esse,
696 844 750 903 sub
772 864 832 923 quo
857 843 999 924 speranda
1020 855 1083 903 erit
1106 865 1220 905 summa

81 865 142 982 liei
161 920 345 995 benedictio,
375 940 428 1000 per
447 920 603 980 ludibrium
627 940 746 1003 rogasse
770 934 804 981 ut
832 921 980 1001 proferret
1004 942 1055 980 sua
1080 920 1219 1003 insignia.

84 999 154 1080 Ipse
173 1018 259 1071 vero,
284 1018 322 1056 ne
337 996 435 1088 ‘stulte
454 996 569 1078 pompis
592 1000 788 1088 immorentur
818 998 883 1087 (qpii
903 996 1014 1089 alioqui
1034 997 1099 1088 plus
1119 1017 1217 1077 aequo

83 1075 225 1157 propensi
245 1084 313 1133 sunt
336 1095 366 1132 in
385 1076 526 1148 terram),
551 1093 601 1134 eos
620 1095 652 1132 in
670 1094 736 1134 iiius
760 1085 953 1134 conscientias
976 1073 1093 1152 ingredi
1124 1073 1222 1149 iubet,

82 1152 152 1308 κὴ
176 1170 299 1231 regnum
323 1148 382 1208 Dei
412 1160 458 1209 est
486 1149 608 1223 iustitia,
639 1171 692 1229 pai
712 1162 743 1208 et
763 1151 956 1231 gandiumin
981 1150 1094 1228 Spiritu
1112 1161 1218 1210 sancto

127 1228 333 1304 om.1t,17.).
372 1225 428 1286 His
448 1225 576 1286 breviter
595 1226 746 1299 docemur,
765 1226 836 1306 quid
857 1225 942 1286 nobis
962 1226 1096 1286 conferat
1108 1225 1221 1287 Christi

82 1324 116 1364 re
139 1325 217 1363 num.
246 1303 321 1363 Nam
341 1302 409 1382 quia
430 1323 490 1363 non
511 1313 659 1362 terrenum
671 1312 715 1361 est
724 1301 770 1362 rel
789 1302 916 1375 carnale,
937 1302 1015 1381 quod
1033 1302 1221 1379 corruptioni

87 1324 253 1454 soliacus,
275 1378 327 1439 sed
345 1378 507 1471 spirituale,
530 1378 566 1438 ad
587 1390 735 1445 aeternam
747 1399 802 1438 nos
822 1398 913 1458 iisque
933 1380 1021 1440 vitam
1040 1378 1163 1439 attollit:
1184 1390 1220 1439 ut

80 1458 230 1537 patienter
248 1454 322 1514 banc
341 1467 428 1516 vitam
455 1442 509 1515 sbb
538 1457 699 1530 aerumnis,
730 1454 843 1530 inedia,
875 1455 1001 1536 frigore,
1033 1467 1220 1535 contemptu,

81 1534 200 1614 probris
219 1531 340 1611 aliisque
359 1531 499 1591 molestiis
518 1534 724 1613 transigamus:
747 1531 802 1592 lioc
822 1552 883 1591 uno
895 1533 1029 1593 contenti
1040 1532 1120 1611 quod
1140 1553 1219 1591 uun·

104 1632 170 1671 uem
188 1608 325 1669 destituet
338 1629 391 1668 nos
403 1607 464 1667 Rex
475 1621 588 1681 noster,
607 1610 679 1688 quin
699 1608 1035 1669 necessitatibusnostris
1051 1608 1218 1685 subveniat,

106 1702 183 1748 onec
203 1685 304 1745 militia
324 1697 425 1745 nostra
447 1684 592 1765 perfuncti
612 1705 751 1744 vocemur
775 1685 811 1742 ad
831 1685 1026 1764 triumphum:
1058 1686 1125 1763 quir
1149 1685 1219 1745 tulis

83 1775 130 1825 est
154 1762 297 1845 regnandi
317 1761 406 1834 ratio,
433 1774 466 1822 nt
497 1761 695 1821 communicet
723 1762 875 1821 nobiscum
901 1761 1038 1841 quicquid
1063 1761 1176 1841 accepit
1200 1781 1218 1821 a

82 1839 180 1900 Patre.
233 1839 294 1898 lam
315 1840 382 1918 quir
408 1857 462 1898 nos
487 1838 619 1929 potentia
645 1858 696 1899 sua
722 1851 816 1897 armat
840 1849 871 1897 et
893 1837 1028 1911 instruit,
1056 1836 1164 1897 decore
1185 1849 1218 1898 et

82 1914 300 1998 magnificentia
320 1925 421 1988 ornat,
445 1916 551 1993 opibus
571 1914 746 1993 locupletat:
773 1914 841 1974 binc
860 1913 947 1974 nobis
972 1915 1102 1994 suppetit
1126 1913 1231 1994 ulier(⁴

81 1993 155 2053 rima
174 1991 320 2073 gloriandi
340 1991 470 2064 materia,
489 2003 577 2070 atque
598 1991 682 2050 etism
703 1990 807 2051 fidncia
824 1994 1000 2072 suggeritur,
1019 2002 1052 2050 ut
1070 1990 1219 2069 intrepide

82 2080 229 2130 certemus
249 2089 315 2128 cuni
341 2067 477 2141 diabolo,
530 2078 647 2139 cccato,
672 2079 702 2127 et
725 2080 831 2127 morte.
881 2069 1020 2147 Denique
1050 2078 1084 2127 ut
1107 2067 1218 2127 institia

37 2200 41 2205 ,
84 2144 146 2213 eius
165 2143 279 2218 vestiti,
306 2145 404 2203 omnia
428 2089 529 2204 mundi
549 2143 711 2225 opprobria
737 2144 856 2204 fortiter
874 2165 1059 2225 superemus:
1092 2155 1123 2204 et
1141 2145 1219 2205 sicut

31 2232 33 2237 '
82 2222 146 2301 ipse
166 2222 228 2281 suis·
245 2220 329 2280 donis
354 2219 516 2281 liberaliter
540 2241 595 2281 nos
620 2221 732 2300 replet,
758 2221 798 2280 ita
826 2241 880 2281 nos
905 2221 1028 2283 vicissim
1054 2220 1166 2282 fructus
1186 2222 1217 2280 in

83 2299 146 2359 eius
166 2296 291 2380 gloriam
312 2296 502 2376 proferamus.
948 2346 952 2353 .
1076 2316 1084 2320 ·

161 2380 189 2439 5.
228 2374 301 2432 ldeo
322 2373 404 2467 regii
424 2376 484 2433 eius
498 2372 599 2433 unctio
620 2393 681 2432 non
703 2372 872 2433 exoleovel
893 2374 1060 2434 aromaticis
1079 2392 1218 2467 ungnen-

6 2474 16 2491 ³
83 2450 121 2511 tis
141 2449 277 2510 confecta
299 2448 385 2509 nobis
426 2451 600 2530 reponitur,
619 2451 668 2509 sed
691 2449 823 2510 Christus
844 2451 901 2510 Dei
921 2462 1059 2524 vocetur,
1080 2471 1146 2526 qnia
1166 2471 1217 2509 su·

81 2547 138 2607 per
158 2547 224 2585 enni
244 2527 387 2604 requievit
404 2469 532 2605 Spiritus
557 2527 731 2606 sapientiae,
754 2526 981 2608 intelligentiae,
1001 2525 1129 2603 consilii,
1152 2525 1215 2583 for·

82 2603 228 2678 titudinis,
247 2614 278 2662 et
297 2603 474 2679 timorisllei
494 2605 564 2682 (les.
577 2611 625 2681 11,
637 2606 689 2680 2.).
729 2604 795 2662 lloc
816 2604 914 2663 oleum
934 2615 977 2662 est
996 2601 1131 2676 laetitiae,
1151 2621 1213 2736 ppo

81 2679 214 2740 Psalmus
238 2683 306 2758 (45,
325 2680 368 2756 8.)
402 2680 551 2761 praedicat
579 2700 644 2738 eum
677 2679 764 2739 luisse
789 2693 907 2741 unctum
933 2699 1003 2758 prae
1026 2678 1156 2738 consorti
1181 2700 1215 2737 us

82 2757 156 2818 suis:
178 2757 245 2836 quia
265 2756 320 2815 nisi
341 2759 371 2814 in
391 2756 456 2836 ipso
476 2757 541 2816 talis
561 2769 637 2816 esset
656 2757 840 2835 praestantia,
861 2757 910 2817 ino
934 2776 963 2815 es
974 2775 1098 2814 essemus
1111 2774 1214 2814 omnes

20 2878 23 2883 -
83 2854 119 2894 ac
138 2831 275 2892 famelici.
313 2833 418 2912 Neque
438 2834 515 2892 enim
536 2836 669 2912 privatim
689 2838 737 2910 (nt
748 2834 856 2892 dictum
874 2778 933 2911 estl
952 2832 1015 2912 ipse
1033 2827 1090 2892 sibi
1110 2832 1216 2890 ditatus

83 2919 145 2970 ests
171 2910 222 2969 sed
243 2921 276 2969 ut
299 2908 415 2969 ieiunos
435 2921 466 2970 et
488 2909 585 2969 aridos
609 2931 659 2970 sna
684 2910 862 2969 abundantia
889 2908 1091 2990 perfunderet.
1140 2909 1215 2967 Nam

83 2986 170 3046 sicuti
191 2984 297 3045 dicitnr
315 2984 406 3045 Pater
431 3006 491 3045 non
512 2985 624 3046 dedisse
644 2986 721 3045 Filio
743 2985 885 3064 Spiritum
907 2987 941 3045 ad
969 3006 1132 3044 mensuram
1153 2984 1214 3062 (lo.

82 3066 113 3136 3,
131 3063 209 3135 34.);
239 3062 280 3121 ita
300 3062 469 3154 exprimitur
488 3064 580 3134 ratio,
611 3075 643 3120 nt
663 3062 699 3120 de
724 3062 908 3142 plenitudine
933 3062 994 3121 eius
1015 3061 1215 3139 acciperemus

84 3157 188 3197 omues
213 3149 243 3198 et
271 3151 393 3232 gratiam
417 3159 476 3228 pro
507 3138 819 3219 'ratie(lo.1,1b'.).
869 3139 912 3196 Ex
932 3158 992 3216 quo
1014 3137 1097 3196 lorite
1117 3149 1216 3197 manat

83 3213 218 3295 largitio,
238 3236 319 3274 cuius
339 3216 470 3277 meminit
515 3214 596 3275 aulus
615 3216 706 3295 (Eph.
725 3223 755 3288 4,
773 3220 833 3288 2),
857 3235 912 3305 qua
932 3214 1010 3272 varie
1031 3213 1216 3273 distribuitur

49 3362 51 3367 A
82 3291 175 3372 gretia
194 3289 329 3351 fidelibus
352 3291 512 3351 secundum
532 3313 696 3352 mensuram
723 3292 889 3350 donationis
910 3290 1030 3350 Christi.
1074 3291 1127 3350 llis
1147 3290 1217 3350 satis

81 3386 228 3458 superque
249 3367 437 3427 confirmatur
457 3367 536 3447 quod
557 3367 627 3440 diiii,
660 3367 770 3428 Cliristi
795 3387 917 3448 regnum
945 3367 973 3425 in
995 3366 1124 3445 Spiritu,
1153 3387 1216 3426 non

83 3454 208 3503 terrenis
223 3443 347 3503 ¹deliciis
373 3443 417 3501 vel
439 3445 553 3535 pompis
574 3464 635 3503 csse
655 3445 756 3504 situm:
778 3465 811 3504 uc
831 3443 972 3522 proinde,
992 3455 1025 3501 ut
1044 3444 1132 3503 simus
1154 3443 1215 3502 eins

81 3519 253 3599 participes,
272 3521 382 3579 mundo
403 3521 630 3580 renuntiandum
650 3540 722 3584 esse.
772 3521 866 3580 Huius
885 3540 984 3580 sacrae
1004 3520 1152 3580 unctionis
1171 3518 1217 3578 vi-

81 3595 168 3657 sibile
193 3595 357 3677 symbolum
382 3596 412 3655 in
435 3596 544 3657 Cliristi
570 3598 713 3675 baptismo
745 3608 893 3658 ostensum
925 3597 997 3669 fuit,
1028 3597 1095 3654 dum
1127 3615 1217 3675 super

83 3690 150 3732 enni
169 3672 313 3752 requievit
326 3673 451 3752 Spiritus
471 3676 500 3732 iii
520 3673 617 3753 specie
638 3674 799 3734 columbae.
839 3674 981 3754 Spiritum
1001 3693 1072 3732 vero
1093 3673 1216 3751 eiusque

81 3749 161 3808 dona
180 3748 329 3809 unctionis
347 3769 424 3809 voce
444 3750 600 3831 designari,
621 3770 717 3829 neque
738 3771 845 3811 novum
867 3761 920 3821 est,
941 3769 1037 3828 neque
1057 3749 1214 3808 absurdum
1248 3774 1257 3789 .

80 3824 173 3887 videri
193 3824 282 3884 debet
300 3823 354 3904 (cf.
375 3826 399 3883 1.
420 3826 464 3885 lo.
484 3832 520 3901 2,
537 3832 585 3890 20.
604 3828 683 3905 tt),
713 3828 781 3907 quia
802 3847 863 3886 non
892 3826 1009 3886 aliunde
1027 3837 1214 3916 vegetamurs

78 3900 203 3962 maxime
222 3921 293 3962 vero
313 3902 393 3981 quod
413 3902 449 3961 ad
470 3901 628 3962 coelestem
647 3904 735 3963 vitam
754 3914 883 3984 spectat,
907 3902 987 3961 nulla
1007 3914 1050 3961 est
1076 3923 1105 3960 in
1127 3901 1215 3962 nobis

78 3979 189 4059 vigoris
208 3988 302 4058 gutta,
321 3979 376 4038 nisi
396 3999 480 4058 quani
501 3978 587 4038 nobis
608 3978 734 4059 Spiritus
747 3981 872 4040 Sanctus
892 3977 1024 4050 instillat,
1044 3979 1095 4056 qui
1114 3978 1215 4036 sedem

27 4121 30 4124 .
78 4054 111 4113 in
132 4052 252 4114 Cbristo
272 4053 399 4135 delegit,
424 4067 457 4115 ut
480 4054 550 4135 ¹inde
576 4054 657 4148 large
675 4057 711 4114 ad
736 4077 790 4115 nos
810 4057 987 4115 scaturirent
1006 4054 1149 4113 coelestes
1170 4055 1215 4112 di·

77 4129 178 4206 vitiee,
196 4151 319 4220 quarum
338 4132 414 4190 adeo
434 4153 532 4191 sumus
552 4151 648 4213 egeni.
677 4133 769 4207 Quod
789 4145 886 4192 antem
908 4142 937 4189 ct
957 4132 1045 4213 ttegts
1065 4131 1107 4189 sui
1129 4130 1216 4189 forti-

77 4204 184 4266 tudine
203 4206 302 4267 invicti
312 4218 391 4267 stant
410 4207 520 4283 fideles,
539 4220 570 4268 et
588 4228 601 4267 s
624 4207 752 4267 iritnalcs
772 4213 833 4268 eius
854 4208 969 4267 divitiae
993 4209 1024 4266 in
1045 4208 1215 4266 eosexube·

66 4292 161 4357 ram,
190 4303 252 4343 non
271 4282 420 4345 immerito
440 4284 580 4345 dicuntur
598 4228 765 4348 Christiani.
810 4285 970 4345 Caeterum
990 4284 1073 4360 buic,
1099 4283 1136 4342 de
1156 4304 1213 4362 qna

28 4354 194 4451 g'loquuti
219 4380 333 4438 sumus,
362 4362 530 4426 aeternitati
560 4362 634 4458 nibil
664 4362 788 4446 derogat
820 4361 904 4423 Pauli
922 4363 1083 4423 sententia:
1104 4361 1214 4436 „Tunc
