2596 4726
396 156 399 169 ’
441 197 519 259 ctu.
537 198 581 260 rr.
620 198 711 303 ear.
731 199 768 259 v.
1112 208 1173 273 m

28 352 83 411 est,
104 358 179 423 ergo
196 340 284 401 uitari
303 350 413 423 potest.
451 342 533 404 Haec
544 341 657 425 Pelagii
677 363 797 423 quoquc
817 363 895 405 arms
915 357 1000 407 erant
1017 345 1054 407 ed
1072 347 1169 429 impe·

29 420 152 477 tendum
171 417 219 477 Au
242 418 386 479 uotiuum:
411 420 492 481 cuius
516 432 616 480 tamen
642 421 762 480 nomine
788 420 853 481 illus
874 420 1010 485 nolumus
1030 444 1170 508 praegra-

28 496 98 567 vari,
119 438 265 554 doneris
284 494 392 574 reipsa
405 495 584 557 satisfactum
602 518 618 556 a
639 496 724 556 nobis
744 496 843 555 luerit.
881 498 968 580 Nego
988 500 1079 583 igitur
1096 522 1169 583 pec-

31 585 127 630 catum
146 571 214 631 ideo
235 572 332 631 minus
352 571 462 632 debere
487 572 642 652 insputari,
671 574 750 651 quod
780 573 975 634 necessarium
1001 589 1059 637 est:
1086 599 1167 661 nego

32 670 159 721 rursum,
185 648 331 727 consequi
351 649 434 727 ‹putsd¹
456 649 602 724 inserunt,
623 648 759 709 evitabile
780 670 857 723 esse,
882 653 950 729 quia
969 651 1167 716 voluntarium

33 727 76 784 sit.
114 723 147 783 Si
167 722 232 803 quis
257 724 338 783 enim
358 725 521 805 disceptare
541 749 606 786 cum
626 726 694 785 Deo
716 725 800 799 velit,
820 738 851 785 et
872 726 927 787 lsoc
943 741 1098 807 praetextu
1118 731 1165 791 iu-

35 799 140 861 dicium
157 798 383 883 subterfugere,
430 802 545 862 uoniam
567 802 652 862 aliter
672 823 732 861 noo
755 802 899 883 potuerit:
926 803 1016 864 babet
1033 819 1166 885 paratam

36 876 255 954 responsionem
277 898 362 957 quam
382 877 419 937 ali
443 879 451 938 i
471 877 629 951 attulimus,
648 899 712 938 noo
732 879 928 939 excreatione
949 900 1022 955 csse,
1041 882 1091 941 sed
1111 904 1166 943 ua·
1243 940 1261 965 ‚

36 965 115 1013 turae
134 950 313 1033 corruptela,
355 955 414 1012 uod
436 955 569 1015 homines
588 966 710 1034 peccato
732 955 890 1033 mancipati
910 954 983 1014 nibil
1001 956 1078 1018 velle
1098 980 1167 1038 pus·

10 1060 18 1077 ·
36 1039 99 1089 seut
117 1027 171 1090 uisi
189 1030 307 1089 malum.
371 1031 516 1091 ndeenim
536 1031 600 1105 ista,
618 1052 702 1111 quam
722 1031 850 1109 improbi
870 1030 998 1093 libenter
1015 1047 1168 1114 praetexe·

38 1119 116 1175 rent,
138 1106 333 1196 impotentia,
358 1107 416 1167 nisi
436 1107 514 1186 quod
534 1108 628 1167 adan
648 1106 727 1167 ultro
751 1127 783 1167 se
802 1107 914 1168 diaboli
936 1110 1090 1186 tyrannidi
1114 1111 1167 1170 ad-

40 1180 120 1241 dixit?
155 1181 235 1242 Hruc
256 1201 328 1263 ergo
343 1183 495 1257 vitiositas,
514 1184 594 1244 cuius
606 1184 727 1243 vinculis
746 1194 882 1242 tenemur
901 1185 1064 1260 constricti,
1083 1187 1166 1266 quod

42 1259 142 1337 primm
162 1256 252 1318 tono
272 1258 381 1319 deiecit
404 1281 420 1320 a
444 1280 498 1321 suu
520 1261 635 1340 opifice.
684 1260 778 1320 Huius
804 1259 981 1321 delectionis
1005 1263 1029 1322 si
1054 1266 1164 1323 merito

42 1335 78 1393 rei
95 1346 234 1395 tenentur
249 1335 379 1405 ¹universi
399 1336 548 1411 homiues,
574 1358 611 1396 ne
631 1356 662 1397 se
686 1335 859 1396 necessitate
879 1348 1028 1399 excusatos
1047 1350 1166 1419 putent,

43 1410 138 1490 inqua
163 1410 225 1491 ipsa
250 1409 506 1472 luculentissimam
527 1413 639 1473 hubent
657 1412 851 1473 damnationis
869 1433 939 1473 suae
959 1435 1083 1474 causam.
1107 1416 1164 1474 At·
1233 1412 1241 1432 ”

45 1506 92 1565 que
110 1486 165 1547 boe
183 1508 270 1566 supra
289 1487 367 1548 clare
392 1488 529 1568 explicui:
561 1502 591 1550 et
615 1491 645 1548 in
666 1489 786 1549 diabolo
811 1489 877 1568 ipsu
903 1490 1066 1571 exemplum
1093 1511 1165 1571 pro·

46 1566 133 1640 posui,
155 1564 235 1623 unde
252 1576 371 1655 pateret
389 1587 451 1625 nun
472 1565 566 1626 minus
585 1565 750 1626 voluntarie
771 1585 904 1645 peccare,
925 1567 976 1645 qui
995 1558 1164 1628 necessario

91 1650 149 1700 cat:
173 1640 260 1700 sicutr
279 1663 393 1701 rursum
412 1642 441 1700 in
463 1641 564 1705 electis
583 1642 712 1725 angelis,
736 1664 824 1721 quum
844 1642 982 1702 voluutas
1001 1643 1163 1703 indeclina-

42 1658 153 1781 lilbsit
171 1737 188 1776 a
208 1715 301 1791 bono,
321 1738 381 1777 nou
402 1719 508 1779 desinit
527 1731 624 1779 tamen
644 1719 778 1779 voluntas
791 1739 868 1778 esse:
889 1718 970 1799 quod
989 1718 1067 1778 idem
1079 1720 1165 1778 Ber-

51 1790 167 1853 uardus
187 1814 306 1873 quoque
324 1794 397 1855 scite
419 1795 507 1855 docet
531 1797 632 1874 (serm.
651 1800 698 1859 81.
719 1794 749 1853 in
770 1794 888 1871 Cant),
913 1815 967 1855 nos
987 1794 1055 1855 ideo
1075 1795 1165 1855 mise·
1187 1810 1191 1821 ·

50 1868 126 1929 riores
144 1888 222 1944 esse,
250 1870 329 1949 quod
350 1870 514 1931 voluntaria
534 1883 578 1931 est
601 1872 770 1931 necessitas:
805 1892 879 1949 quae
902 1883 1000 1930 tamen
1027 1890 1082 1931 nos
1107 1869 1164 1932 sibi

50 1942 162 2005 addictus
181 1946 220 2005 ita
240 1946 432 2038 constringit,
458 1960 491 2008 ut
509 1949 587 2008 servi
607 1951 694 2007 simus
715 1951 844 2026 peccati,
865 1947 951 2007 sicuti
970 1958 1039 2007 unte
1058 1947 1163 2007 retuli-

50 2040 108 2081 nus.
146 2020 316 2082 Secundum
339 2024 571 2084 ratiocinationis
600 2023 763 2083 membrum
794 2022 931 2082 vitiosum
964 2035 1023 2096 est,
1053 2025 1164 2104 quiae

51 2096 197 2159 ruluutmio
218 2108 370 2179 perperam
391 2100 516 2160 transilit
535 2101 571 2160 ad
592 2100 729 2160 liberum:
764 2120 817 2160 nos
843 2111 940 2160 autem
966 2121 1054 2180 supra
1074 2100 1163 2162 evici·

10 2178 12 2235 Ξ
52 2192 111 2249 eru,
124 2174 290 2235 voluntarie
308 2175 374 2236 fieri
392 2177 471 2256 quod
492 2178 602 2237 liberae
622 2189 719 2237 tamen
741 2175 879 2237 electioni
899 2196 960 2236 nou
978 2176 1137 2238 subiaceat.

110 2244 137 2317 b.
171 2252 356 2325 Subiiciuut,
383 2254 438 2315 nisi
463 2275 497 2315 ex
523 2254 614 2315 libera
642 2253 755 2313 arbitrii
783 2252 929 2313 electione
953 2266 1016 2312 tum
1040 2253 1164 2329 virtutes,

10 2350 13 2389 ι
54 2334 104 2385 tou
117 2328 181 2389 sitia
199 2330 381 2409 procedunt,
402 2350 462 2389 nou
483 2351 545 2391 esse
565 2343 794 2391 consentaneum
816 2341 848 2388 ut
868 2329 979 2389 homini
999 2329 1045 2390 vel
1064 2350 1163 2423 poena

10 2404 17 2485 l
54 2401 194 2484 infligatur,
218 2405 266 2466 vel
290 2406 450 2485 praemium
469 2408 657 2488 rependatur.
699 2408 767 2466 Huc
791 2418 993 2486 argumentum
1020 2418 1074 2467 etsr
1091 2408 1161 2467 Ari-

11 2494 16 2527 '·
55 2480 195 2541 stutelicum
217 2493 271 2553 est,
291 2484 388 2543 fateor
406 2495 503 2543 tamen
523 2505 540 2543 a
561 2484 777 2560 chrysostomo
799 2496 829 2541 et
849 2483 962 2543 Hieron
977 2502 1033 2543 ’mu
1055 2482 1162 2544 alicubi

12 2536 19 2627 l
56 2571 206 2645 usurpatum.
246 2557 411 2652 Pelagianis
430 2571 528 2619 tamen
550 2560 635 2619 luisse
651 2559 800 2632 familiare,
816 2579 871 2619 nec
890 2505 1162 2639 ipscllieronymus

14 2652 19 2703 t
57 2630 186 2694 dusimulat
217 2635 264 2715 [in
291 2648 375 2714 epist.
397 2636 431 2696 ad
453 2637 638 2772 Ctesisslrunt.
660 2648 689 2697 et
709 2636 775 2694 dial.
796 2637 850 2714 1.],
872 2656 904 2695 ac
923 2638 1054 2714 ipsorum
1075 2637 1161 2696 etiam

17 2722 20 2731 '
58 2708 121 2770 serta
138 2714 241 2771 relect:
263 2713 403 2786 „Quodsi
424 2717 513 2794 gratia
563 2714 589 2771 ei
609 2714 637 2771 in
660 2713 744 2771 nobis
764 2713 834 2791 agit,
854 2712 902 2769 illa
922 2731 1005 2792 ergo,
1025 2732 1086 2770 nou
1107 2734 1161 2771 nos

18 2785 91 2863 :gui
106 2808 160 2846 nun
181 2788 357 2862 laboramus,
377 2790 598 2849 coronabitur.“
635 2789 683 2848 De
704 2795 806 2868 poenis
828 2788 994 2866 respondeo
1015 2785 1161 2846 illasione

56 2861 119 2921 subis
137 2865 278 2947 irrogari,
297 2887 313 2925 a
333 2866 438 2944 quibus
458 2868 569 2955 peccati
590 2864 674 2945 culpa
696 2876 817 2924 ernanat.
858 2864 940 2938 Quid
962 2865 1039 2922 enim
1059 2864 1162 2939 refert,

55 2933 163 2999 libernne
183 2942 292 3002 iudicio
313 2964 350 3001 an
371 2942 486 3015 servili,
516 2942 606 3001 modo
633 2942 794 3002 voluntaria
820 2939 980 3020 cupiditate
1006 2952 1159 3019 peccetur:

19 3070 24 3085 ,
54 3018 200 3092 praesertim
221 3041 310 3097 qurum
330 3019 398 3077 inde
419 3031 556 3098 peccator
575 3031 713 3096 arguatur
732 3018 837 3089 bouso,
862 3016 929 3096 quia
955 3027 998 3075 est
1023 3015 1076 3074 sub
1098 3037 1161 3076 ser-

20 3096 24 3109 '
54 3091 122 3153 ritute
140 3096 270 3173 peccati?
310 3095 461 3168 Quantum
482 3096 517 3155 ad
538 3095 663 3154 iustitiae
683 3095 822 3173 praemia,
842 3114 946 3173 magua
965 3113 1036 3151 vero
1057 3091 1161 3152 absur-

53 3165 116 3241 tim,
132 3173 155 3231 si
175 3173 318 3231 fateamur
336 3171 385 3231 illa
406 3192 439 3230 ex
451 3171 509 3230 Dei
528 3171 711 3249 benignitate
731 3173 930 3252 potiusquam
950 3168 1079 3258 propriis
1099 3191 1160 3229 me-

51 3242 98 3303 titis
110 3248 289 3327 dependere.
329 3248 456 3323 Quoties
477 3247 533 3307 hoc
555 3248 631 3325 apud
648 3250 892 3327 Augustinum
910 3257 1050 3305 recurrrt:
1075 3267 1159 3320 „non

51 3324 153 3393 „uerita
165 3324 370 3410 nustrdlleum
383 3344 537 3394 coronare,
556 3324 607 3383 sed
627 3346 676 3384 sna
690 3325 783 3384 ddna:
805 3323 929 3403 praemia
942 3333 1040 3381 autem
1051 3322 1160 3396 vocari,

49 3418 113 3467 ,uuo
132 3421 204 3480 quae
225 3401 336 3459 meritis
356 3401 463 3461 nostris
484 3400 664 3473 debeantur,
683 3400 733 3459 sed
755 3420 829 3478 quae
849 3398 950 3481 gratiis
969 3398 1026 3457 iarn
1046 3398 1160 3458 collatis

49 3477 289 3547 ,retribuantrrri'“
328 3477 423 3536 Acute
448 3497 517 3537 sane
541 3475 598 3536 buc
623 3477 875 3547 animadvertunt,
899 3472 1011 3533 nullum
1035 3473 1092 3533 iam
1112 3497 1160 3535 su·

49 3568 144 3627 preesse
175 3554 273 3615 locum
306 3554 427 3626 mentis,
456 3554 479 3613 si
506 3572 622 3611 nones
648 3552 733 3612 liberi
758 3553 872 3613 arbitrii
892 3550 975 3610 fonte
995 3551 1158 3630 prodeunt:

48 3626 178 3708 sedquod
208 3629 285 3690 istud
319 3641 473 3709 tantopere
499 3629 713 3689 dissentaneum
739 3630 865 3704 ducunt,
897 3627 986 3708 lunge
1010 3625 1159 3685 aberrant.

48 3698 133 3783 Neque
162 3709 241 3766 enim
273 3706 388 3765 dubitat
412 3705 590 3787 Augustinus
622 3706 727 3785 passim
779 3727 811 3765 ro
843 3703 1009 3764 necessario
1040 3702 1159 3774 ducere,

48 3782 111 3855 quud
129 3782 168 3843 ita
187 3782 269 3842 nesae
281 3782 416 3842 confiteri
432 3792 548 3862 putant:
569 3782 743 3860 quemadmu
767 3803 813 3840 nm
826 3779 877 3839 ubi
889 3780 959 3839 dicit
968 3779 1012 3856 (in
1026 3777 1156 3853 Ps.3t.):

47 3854 153 3925 ,llerita
173 3858 374 3939 quorumlibet
394 3858 544 3917 hominum
565 3879 639 3936 qnae
658 3858 745 3917 suot?
789 3857 917 3931 Quando
938 3854 987 3912 ille
1007 3874 1068 3912 nun
1090 3874 1157 3912 cum

47 3936 184 4003 „mercede
204 3935 319 4005 debita,
338 3934 388 3993 sed
409 3957 473 3994 cum
493 3936 619 4015 gratuita
640 3934 731 4015 gratia
749 3936 845 4007 venit,
865 3952 967 3991 omues
987 3940 1157 4008 peccatores

47 4009 129 4079 „sulus
148 4033 163 4070 a
183 4014 310 4092 peccatis
325 4010 399 4069 liber
417 4010 603 4070 acliberator
621 4010 764 4069 invenit.“
792 4010 868 4069 Item
888 4009 935 4085 (in
947 4007 993 4064 Ps.
1005 4007 1081 4122 ‘iil-2:
1101 4004 1157 4080 „Si

46 4088 191 4154 „reddetur
210 4089 265 4147 tibi
287 4087 367 4166 qnod
387 4087 526 4159 debetur,
554 4086 717 4166 puniendus
737 4108 776 4145 es.
817 4086 898 4160 Quid
919 4102 990 4163 ergo
1012 4080 1058 4139 fit.
1094 4101 1157 4139 nou

47 4161 108 4230 „tibi
126 4165 250 4224 reddidit
260 4165 342 4223 Deus
362 4164 488 4225 debitam
508 4183 644 4241 poenam,
663 4163 713 4221 scd
735 4162 826 4222 dunat
844 4159 1004 4220 indebitam
1023 4157 1157 4236 gratiam.

48 4236 91 4306 „Si
108 4240 145 4299 sis
165 4261 226 4301 esse
246 4242 356 4301 alienus
377 4261 392 4299 a
411 4241 516 4321 gratia,
536 4239 609 4299 iacta
626 4240 728 4298 merita
748 4252 826 4299 tuas·
865 4237 939 4293 ltcm
960 4234 1059 4311 (epist.
1078 4235 1156 4308 52.)=

48 4312 132 4381 „bibit
152 4336 180 4377 es
200 4337 254 4398 per
274 4330 321 4377 te:
343 4328 461 4397 peccata
479 4329 549 4379 surra
566 4329 625 4391 tna,
645 4317 749 4376 merita
766 4328 863 4378 autem
875 4312 942 4372 nei.
974 4308 1157 4388 Supplicium

23 4384 27 4417 Ι
70 4410 150 4460 calvini
163 4416 282 4463 territurio
296 4420 315 4461 1.
921 4395 959 4455 'ld
