2700 4732
487 210 564 273 ιιι.
583 208 640 271 ιιι.
680 209 770 275 car.
789 210 904 273 xvrn
1231 217 1271 279 su
1336 284 1339 289 ,

126 352 168 414 ad
186 351 334 415 inllandos
352 353 448 435 gloria
473 353 604 433 mmor,
634 356 801 415 mercedem
832 350 920 417 bonis
951 354 1092 434 operibus
1123 353 1266 433 promitti.

127 430 194 505 Qui
214 450 287 512 ergo
307 431 444 491 meritum
464 450 589 511 operum
607 432 678 522 inde
698 430 827 513 colligit,
860 430 1073 523 velappendit
1096 429 1129 491 in
1152 432 1264 491 trutina

125 507 785 674 ⁰P¹¹⁸t⁰tffttttlnt¹tttplttlt,
803 506 1174 645 lttttttltttn
1193 582 1263 641 aa.

125 658 258 719 daturum
278 658 349 719 olrm
369 661 426 721 suis
445 660 571 721 iustitrae
591 681 732 721 coronam
752 660 808 738 (11.
828 661 908 721 Tim.
927 668 965 733 d,
983 661 1042 737 8),
1067 680 1128 719 non
1147 670 1262 719 tantum

125 757 194 797 curn
214 736 423 826 Augustino
445 735 496 815 [ad
510 736 626 796 Valent.
637 737 673 796 de
693 748 768 830 grat.
789 748 820 796 et
839 737 890 797 lib.
909 736 1011 816 arbit]
1032 735 1165 828 excipior.
1182 732 1262 809 „Cui

126 810 289 888 „redderet
306 824 397 872 custus
416 812 501 871 iudex
520 834 678 888 coronam,
702 836 727 875 ει
749 834 812 873 non
838 814 976 875 donasset
1000 825 1122 894 gratnm
1147 812 1260 871 miseri·

124 909 216 966 „cors
238 888 345 947 Pater?
377 900 407 947 et
436 889 588 968 quomodo
610 901 685 949 esset
715 890 825 952 iustitia
851 890 907 950 nisi
931 891 1131 968 praecessisset
1155 887 1260 980 gratia,

123 984 223 1099 „quae
242 964 377 1024 iustificat
395 963 534 1045 impium?
555 966 707 1045 quomodo
718 966 771 1027 ista
783 966 881 1027 debita
900 966 1095 1027 redderentur
1107 964 1164 1025 nisr
1179 964 1260 1055 prius

122 1040 195 1118 „ila
210 1040 347 1102 indebita
366 1041 546 1102 darentur?“
583 1042 645 1102 Sed
669 1042 746 1103 aliud
767 1042 854 1103 etiam
875 1043 968 1117 addo,
995 1041 1157 1116 Quomodo
1177 1041 1260 1101 rusti·

122 1118 197 1177 tiam
216 1117 373 1197 imputaret
392 1121 499 1178 nostris
519 1117 674 1196 operibus,
703 1118 759 1179 nisi
800 1118 858 1180 uod
888 1120 1044 1181 iniustitiae
1069 1118 1100 1178 in
1127 1117 1192 1177 illis
1205 1128 1260 1192 est,

122 1192 321 1254 absconderet
340 1215 390 1253 sua
409 1193 609 1276 indulgentia?
654 1140 817 1270 Quomoio
841 1207 976 1257 censeret
1000 1195 1089 1277 digna
1112 1194 1259 1275 mercede,

124 1269 274 1349 nisiquod
288 1270 324 1328 in
346 1270 399 1331 illis
419 1291 516 1350 poena
529 1271 649 1351 dignum
670 1282 724 1345 est,
743 1272 884 1333 immensa
904 1272 1085 1352 benignitate
1104 1268 1259 1331 aboleret?

70 1408 73 1415 ,
122 1344 213 1408 Solet
231 1344 310 1405 enirn
335 1345 384 1405 ille
410 1347 455 1407 vir
473 1348 596 1427 gratiam
615 1347 769 1407 nominare
795 1349 883 1407 vitam
907 1359 1074 1423 aeternam,
1099 1348 1165 1427 quia
1190 1366 1256 1425 gra-

65 1484 83 1497 „
120 1422 206 1484 tultis
235 1423 295 1482 Dei
319 1422 405 1483 (lonis
440 1424 591 1497 reddatur,
618 1424 686 1482 dum
717 1424 857 1502 operibns
887 1425 1068 1504 rependitur.
1111 1425 1152 1483 tlt
1175 1423 1257 1485 Scri-

118 1510 211 1591 ptura
229 1516 286 1559 nos
306 1498 381 1559 ultra
401 1498 534 1559 lrumiliat
553 1511 583 1558 et
608 1498 694 1560 sinrul
717 1501 814 1581 erigit.
851 1502 928 1560 Nam
949 1512 1155 1593 praeterquam
1176 1498 1261 1579 quod'

118 1596 154 1636 ιιι
173 1574 314 1654 operibus
356 1575 455 1635 loriari
474 1587 561 1649 vetat,
581 1575 649 1653 quia
668 1588 737 1636 sunt
753 1577 880 1656 gratuitu
898 1576 958 1636 Der
977 1578 1071 1651 dona,
1089 1576 1179 1637 simul.
1194 1576 1257 1634 sae-

122 1650 206 1712 n'bns
226 1596 398 1730 quibusdam
418 1671 534 1730 semper
557 1653 707 1730 inquinata
731 1672 795 1712 esse
819 1653 922 1725 docet,
946 1663 979 1711 ut
997 1652 1064 1712 Deo
1089 1652 1256 1714 satisfacere

122 1727 334 1809 nonpossint,
355 1727 378 1787 si
399 1727 434 1786 ad
454 1729 553 1788 iudicii
573 1729 635 1788 eins
654 1728 785 1810 regulam
805 1728 1019 1790 examinentur:
1039 1727 1106 1802 sed,
1125 1747 1163 1787 ne
1182 1747 1256 1787 con-

122 1802 203 1864 cidat
222 1803 310 1864 nobis
329 1805 478 1879 alacritas,
496 1825 577 1863 mera
596 1805 680 1863 venia
699 1804 824 1884 placere.
862 1804 926 1864 Etsi
944 1816 1041 1863 autem
1062 1802 1150 1882 paulo
1170 1802 1254 1864 aliter

118 1878 355 1961 Augustinus
376 1903 463 1958 quarn
483 1901 537 1940 nos
557 1880 703 1957 loquitur:
728 1882 758 1939 in
784 1900 816 1940 re
840 1890 940 1939 tamen
961 1900 1023 1939 non
1043 1881 1081 1939 ita
1101 1879 1254 1940 dissentire

118 1955 271 2019 comtabit
290 1976 324 2017 ex
343 1957 403 2017 eius
416 1956 512 2018 verbis
531 1956 769 2034 [adllonilacium
782 1956 868 2022 liba.
882 1956 968 2037 c.5.].
995 1954 1054 2016 Ubi
1065 1978 1156 2037 quum
1175 1957 1255 2015 inter

117 2052 153 2094 se
177 2032 253 2093 duos
278 2031 448 2093 contulisset
472 2034 620 2107 homines,
648 2032 772 2093 alterum
797 2033 873 2092 vitae
902 2053 995 2113 usque
1020 2032 1056 2092 ad
1080 2031 1253 2093 miraculum

115 2119 239 2173 nucem
258 2120 288 2169 et
307 2108 471 2169 absolutae:
492 2109 616 2168 alterum
636 2110 764 2187 probum
784 2110 902 2189 quidem
922 2120 953 2169 et
970 2109 1093 2191 integris
1112 2110 1255 2185 moribus,

114 2206 183 2251 non
202 2196 303 2245 tamen
322 2186 397 2245 adeo
440 2186 599 2263 erfectum,
624 2188 694 2266 quin
715 2186 873 2246 desiderari
897 2189 985 2246 ineo
1006 2185 1129 2246 multum
1149 2197 1252 2266 queat:

112 2260 238 2323 tandem
257 2261 289 2321 in
305 2274 363 2323 ert:
382 2305 402 2336 „
433 2282 517 2342 ernpe
538 2263 592 2321 iste
611 2263 661 2341 qui
680 2262 811 2322 moribus
831 2263 883 2323 illo
894 2262 1010 2324 videtur
1028 2262 1254 2342 inferiunpro·
1306 2316 1311 2337 ,

65 2350 69 2361 ·
111 2348 207 2419 „pter
225 2349 335 2399 rectam
355 2339 387 2397 in
406 2338 504 2396 Deum
525 2338 612 2396 sudem
633 2358 666 2396 er
686 2360 742 2417 qua
763 2340 832 2399 vivit
851 2338 943 2416 (llab.
962 2346 992 2415 2,
1010 2341 1071 2416 4.),
1096 2350 1127 2397 et
1144 2358 1252 2399 secun-

65 2480 69 2491 ,
96 2418 210 2493 ¹„dunt
229 2435 317 2493 quarn
337 2416 366 2473 in
388 2415 523 2475 omnibus
544 2414 657 2475 delictis
676 2417 734 2476 suis
752 2435 784 2475 se
803 2428 934 2489 accusat,
955 2416 987 2475 in
1007 2414 1143 2475 omnibus
1163 2415 1251 2479 bunis

77 2510 80 2515 '
109 2489 279 2571 „operibus
299 2492 396 2551 Deum
422 2491 533 2565 laudat,
566 2491 621 2550 sibi
648 2492 780 2552 tribuens
804 2492 1015 2573 ignominiam,
1043 2490 1086 2551 illi
1110 2491 1250 2573 gloriam:

108 2581 229 2647 „atque
248 2567 285 2627 ab
305 2569 368 2647 ipso
388 2588 504 2628 sumens
525 2579 555 2627 et
574 2568 783 2648 indulgentiam
803 2580 992 2647 peccatorum
1012 2580 1043 2628 et
1061 2568 1252 2628 dilectionem

108 2656 220 2723 „recte
244 2644 403 2718 laetorum,
436 2645 473 2703 de
502 2643 557 2704 bac
582 2646 641 2705 vita
670 2645 853 2719 liberandus,
884 2646 914 2704 in
935 2646 1116 2707 consortium
1137 2643 1250 2705 Christi

109 2722 252 2801 „migrat
292 2723 409 2796 Quare,
429 2721 483 2779 nisi
504 2734 627 2811 propter
648 2722 753 2781 fidem?
774 2742 848 2801 quae
869 2721 938 2781 licet
955 2723 1018 2781 sine
1038 2721 1177 2800 operibus
1197 2741 1250 2793 ne·

111 2798 248 2876 „minem
265 2798 355 2859 salvat
374 2800 450 2877 (ipsa
463 2818 541 2856 ennn
561 2811 605 2857 est
625 2819 687 2856 non
706 2797 835 2876 reproba
854 2798 939 2871 fides,
956 2818 1030 2874 quaa
1049 2816 1104 2877 per
1114 2797 1249 2857 dilectio·

112 2892 211 2953 „nem
230 2878 392 2954 operatur),
417 2886 514 2932 tamen
539 2894 593 2953 per
618 2877 710 2953 ipsam
735 2876 962 2952 etiampeceata
982 2873 1149 2948 solvuntur,
1181 2874 1250 2952 quia

110 2949 231 3028 ,justus
251 2968 283 3008 ex
302 2952 359 3010 lrde
379 2951 462 3010 vivit:
483 2952 545 3009 sinc
565 2951 625 3030 ipsa
646 2972 716 3010 vero
737 2971 812 3029 quae
830 2951 967 3011 videntur
986 2949 1066 3010 bona
1086 2970 1190 3029 opera,
1215 2949 1247 3008 in

109 3036 258 3107 „peccata
276 3031 461 3087 vertrrntnr.“
506 3027 563 3086 llic
584 3039 664 3086 certe
690 3049 752 3086 non
777 3026 903 3087 obscure
922 3027 1031 3087 fatetur
1049 3026 1129 3106 quod
1148 3037 1249 3085 tanto-

109 3124 189 3184 pere
208 3105 426 3179 contendimus,
451 3103 519 3161 inde
544 3103 675 3181 pendere
695 3104 842 3166 bonorum
862 3125 985 3185 operum
1009 3104 1147 3164 iustitiam
1166 3102 1249 3183 quod

109 3199 171 3261 ptr
189 3180 303 3240 venian
321 3182 389 3240 Deo
410 3180 620 3259 approbantur.

191 3262 220 3320 6.
259 3257 468 3335 Superioribus
499 3257 570 3316 loeis
602 3256 763 3335 proximum
793 3276 910 3316 sensnm
941 3256 1054 3317 bahent
1081 3256 1130 3317 isti
1159 3255 1248 3334 (Luc.

109 3339 164 3407 16,
182 3334 244 3412 9.):
273 3334 392 3408 „Facite
412 3334 497 3393 vobis
524 3333 632 3394 amicos
653 3333 689 3392 de
715 3354 879 3393 mammone
898 3334 1072 3413 iniquitatis:
1102 3344 1136 3393 ut
1155 3355 1246 3411 quum

106 3410 320 3489 „defeceritis,
348 3410 492 3489 recipiant
521 3432 573 3470 vos
604 3409 636 3468 in
667 3420 786 3469 aeterna
814 3410 1033 3473 tabernacula.“
1075 3408 1247 3486 „Divitibus

105 3487 221 3565 „buius
239 3486 348 3546 saeculi
367 3488 503 3567 praecipe
528 3508 589 3545 non
609 3485 736 3564 superbe
756 3507 877 3566 sapere,
896 3507 992 3577 neque
1011 3510 1024 3547 s
1048 3507 1129 3547 erare
1148 3487 1180 3544 in
1199 3484 1245 3543 in-

105 3564 224 3643 „certis
245 3563 361 3639 divitiis,
380 3563 432 3623 sed
451 3563 481 3620 in
493 3563 560 3622 Deo
580 3565 661 3622 vivo:
683 3563 877 3643 bencagere,
897 3563 1002 3623 divites
1021 3508 1086 3624 lieri
1105 3564 1136 3622 in
1155 3562 1243 3622 bonis

107 3639 292 3720 „0perilrus,
317 3639 514 3699 thesaurizare
538 3638 594 3698 sibi
620 3638 839 3698 lunrlanreuturn
859 3640 971 3700 bonum
990 3641 1021 3699 in
1040 3641 1185 3713 futurum,
1210 3648 1244 3696 ut

106 3715 357 3795 „apprehendant
369 3717 456 3776 vitam
468 3719 637 3774 ιιιιειιιιιιιίιι
657 3714 697 3792 (Ι.
709 3717 785 3774 Tim.
797 3723 826 3790 6,
838 3716 997 3792 17-19.).
1036 3716 1153 3796 Opibus
1164 3713 1245 3773 enim

107 3804 322 3872 comparantur
342 3793 421 3853 bona
433 3812 533 3871 opera,
552 3792 657 3870 quibus
675 3792 706 3850 in
726 3792 992 3853 beatitudinevitae
1011 3803 1147 3852 aeternae
1168 3791 1246 3849 irua-

72 3870 79 3879 “
105 3890 188 3929 mur.
237 3869 433 3949 Respondes,
464 3890 518 3927 nos
543 3869 580 3927 ad
600 3889 697 3927 verant
723 3889 825 3928 eorurn
851 3869 1074 3951 intelligentiam
1092 3887 1243 3945 nunquam

105 3964 291 4017 accessuros,
312 3947 365 4006 nisi
386 3947 488 4005 oculos
508 3946 539 4003 in
555 3966 676 4023 scopum
697 3957 910 4016 convertamus,
929 3967 989 4035 quo
1008 3967 1060 4005 sua
1074 3943 1163 4006 verba
1176 3943 1245 4022 Spi-

105 4024 186 4083 ritus
206 4021 315 4103 dirigit.
353 4023 386 4080 Si
406 4043 506 4080 verum
527 4020 661 4099 estquod
681 4021 720 4079 ait
733 4022 877 4097 Christus,
897 4022 945 4080 Ibr
964 4022 1096 4081 animum.
1110 4032 1244 4080 nostrum

106 4098 253 4173 residere,
273 4099 324 4157 ubi
346 4110 390 4158 est
409 4098 559 4159 tbesaurus
585 4108 686 4158 noster
704 4098 823 4175 (blattb.
842 4104 876 4172 o,
895 4100 973 4178 ⁶21.):
999 4095 1245 4177 quemadmodum

104 4174 163 4236 filii
182 4174 291 4235 saeculi
310 4175 416 4233 intenti
435 4195 497 4233 esse
516 4175 614 4235 solent
631 4174 668 4233 sd
689 4194 721 4234 ea
733 4174 939 4254 comparanda,
955 4194 1030 4254 quae
1049 4173 1085 4234 ad
1105 4190 1246 4257 praesen-

105 4253 149 4312 tis
169 4251 246 4311 vitae
264 4251 380 4311 delicias
400 4252 524 4311 faciunt:
546 4252 586 4310 ita
605 4250 740 4313 fidelibus
750 4251 908 4311 videndum
924 4263 978 4328 est,
995 4263 1152 4333 postquam
1170 4248 1246 4309 banc

107 4328 204 4391 vitam
223 4328 315 4393 instar
334 4328 442 4393 somnii
460 4348 528 4393 mos
548 4327 727 4393 cranituram
744 4328 928 4411 didicerunt,
945 4340 980 4393 ut
997 4347 1035 4394 ea
1052 4325 1160 4411 quibus
1177 4342 1250 4393 sese
