2700 4732
29 162 32 167 ’
107 210 153 275 sii
514 204 606 265 -ιιιι,
625 202 652 265 ι,
692 204 781 273 eiii.
801 202 885 265 xiii.

110 347 128 406 li
136 345 329 483 'ci-usurpatas
349 344 482 409 excusati
502 348 574 423 Quo
595 348 731 409 licentiae
751 348 898 408 interdum
914 346 1030 427 prosilit
1042 342 1249 425 Angustlnos?

110 426 214 498 Quam
234 444 249 483 a
273 424 380 484 similes
398 438 468 485 sunt
488 424 596 485 Graeci
615 424 746 486 Latinis?
771 426 836 485 -Sed
858 425 940 483 buius
959 423 1127 483 variationis
1148 440 1246 479 excin-

133 499 194 560 tum
213 524 305 559 uuum
324 500 460 561 sufficiat.
497 502 614 561 Nomen
635 501 799 573 ipiooooluu,
819 524 907 581 quum
929 500 1052 559 reddere
1069 497 1165 557 Latiiii
1184 496 1247 555 vel·

109 522 186 653 ierit,
207 577 343 638 dixerunt
363 578 663 650 consubstantialem,
682 600 769 637 unam
790 598 852 639 esse
871 578 966 637 Patris
987 588 1017 635 ct
1029 576 1097 635 Filii
1110 574 1246 635 substan-

110 655 184 713 tiam
213 654 393 728 indicantes,
417 667 513 735 ¹atque
537 656 576 713 ita
603 655 793 715 substantiam
822 667 993 734 usurpantes
1019 673 1074 733 pro
1102 649 1245 711 Esseutia.

112 729 206 789 Unde
226 742 256 790 et
275 731 474 811 Hieronymus
494 732 530 791 ad
549 732 718 807 Damasum,
736 732 921 811 sacrilegium
941 749 1003 789 esse
1024 728 1105 803 dicit,
1134 739 1195 787 tres
1214 726 1244 785 io

109 808 180 867 Deo
201 806 374 867 substantias
394 808 573 886 praedicare.
613 809 703 901 Atqui
722 809 786 889 plus
806 810 915 867 centies
935 806 1011 886 apud
1031 805 1175 863 Hilarium
1196 822 1244 861 re-

109 884 209 965 peries
227 894 288 944 tres
307 903 370 944 esse
389 887 421 945 in
440 885 508 945 Deo
528 887 711 945 substantias.
749 884 784 944 lu
809 883 954 945 vocabulo
979 894 1075 942 autern
1097 882 1245 962 llyposta-

109 980 178 1021 seos
198 981 284 1038 quam
303 959 458 1042 perplexus
478 972 522 1021 est
541 960 758 1041 Hieronymus?
779 962 933 1019 Venenum
954 960 1033 1018 euim
1052 958 1172 1017 subesse
1183 972 1245 1016 sus-

108 1038 238 1118 picatur,
258 1057 347 1115 quum
367 1037 556 1097 nominantur
575 1052 632 1097 tres
650 1043 682 1096 i‘n
699 1037 767 1097 Deo
784 1034 968 1115 bypastuseis.
1007 1036 1088 1094 Etsi
1109 1032 1172 1113 quis
1192 1032 1243 1111 pio

111 1132 201 1175 seusu
221 1112 275 1171 liae
299 1128 376 1172 voce
399 1126 513 1188 utatur,
543 1114 731 1195 impropriam
757 1127 856 1173 tamen
876 1113 1080 1192 loquutioneiu
1100 1130 1162 1170 esse
1184 1127 1244 1168 noo

112 1188 288 1250 dissimulat:
314 1189 338 1249 si
356 1200 454 1249 tamen
475 1191 589 1250 sincere
613 1191 652 1251 ita
673 1193 810 1270 loquutus
829 1193 884 1266 sit,
905 1211 938 1248 ae
958 1210 1020 1247 non
1039 1188 1148 1268 potius,
1170 1202 1245 1264 quot

109 1264 217 1327 oderat
235 1264 399 1345 Episcopos
421 1265 571 1341 Orientis,
595 1270 687 1328 sciens
707 1290 741 1327 ac
760 1268 865 1326 volens
883 1283 1005 1347 gravare
1027 1262 1174 1325 studuerit
1198 1261 1245 1319 iri·

110 1346 186 1402 iusta
198 1342 350 1402 calumnia.
392 1344 482 1403 Certe
502 1343 559 1404 boc
577 1365 679 1424 parum
699 1344 828 1425 ingenue
843 1342 954 1416 asserit,
973 1343 1004 1399 iu
1026 1339 1162 1399 omnibus
1195 1356 1246 1397 ro·

109 1418 188 1479 lanis
218 1417 328 1477 scholis
357 1418 458 1474 οὐσίαν
492 1420 564 1480 nibil
591 1420 670 1480 aliud
696 1442 758 1481 esse
783 1440 869 1500 quain
896 1419 912 1477 b
935 1417 1080 1498 postasin,
1104 1357 1194 1495 quod
1210 1432 1245 1473 ex

109 1495 262 1556 communi
286 1494 419 1573 tritoque
443 1517 497 1556 usu
521 1496 625 1577 passim
649 1496 803 1556 refellitur.
849 1498 900 1555 ltlo
923 1496 1013 1554 estior
1035 1504 1066 1552 et
1089 1490 1246 1551 humanior

109 1570 295 1653 Augustinus
316 1570 389 1651 [lib.
408 1579 437 1637 5.
458 1572 494 1632 de
514 1575 606 1633 trinit.
627 1595 652 1635 e.
671 1579 699 1639 8.
720 1585 750 1632 et
768 1574 834 1653 9.],
861 1572 911 1652 qui
932 1572 986 1631 etsi
1006 1589 1116 1629 nomen
1148 1567 1245 1649 hypo·

109 1659 223 1708 ataseos
241 1648 272 1706 in
295 1646 352 1707 boe
370 1669 457 1709 sensu
477 1648 572 1709 latinis
592 1650 710 1710 auribus
730 1671 838 1710 novum
859 1668 921 1709 esse
941 1647 1027 1707 dicit:
1049 1646 1127 1706 adeo
1145 1654 1245 1703 umen

110 1722 235 1785 Graecis
253 1746 333 1783 suain
354 1723 496 1805 loquendi
516 1727 756 1786 consuetudinem
769 1747 829 1786 nou
843 1727 941 1805 eripit,
961 1736 995 1782 ut
1004 1723 1124 1783 Latinos
1144 1720 1246 1793 etiam,

114 1806 167 1881 qui
192 1800 312 1881 pbrasiu
332 1821 467 1881 graecam
487 1803 592 1862 imitati
614 1804 745 1874 lucrant,
784 1802 898 1883 placide
922 1799 1041 1861 toleret.
1096 1800 1137 1857 itt
1162 1794 1244 1889 quod

57 1912 62 1921 ·
109 1878 200 1940 etiam
220 1898 236 1936 a
257 1876 381 1936 Socrate
402 1878 438 1937 de
457 1878 519 1959 ipsa
539 1880 679 1939 scribitur
702 1878 780 1939 libro
800 1880 887 1938 sexto'
902 1877 1051 1938 llistoriae
1069 1875 1248 1954 tripartitae,

103 1953 277 2025 cotendis,
297 1958 377 2033 quasi
397 1955 434 2014 ab
455 1955 596 2036 imperitis
616 1955 782 2015 bominibus
800 1957 837 2015 sit
856 1976 1015 2033 perperam
1034 1953 1069 2012 ad
1090 1951 1163 2011 banc
1182 1968 1247 2009 reus

110 2030 341 2091 accommodata.
382 2030 465 2105 Quin
484 2033 561 2091 iileiu
581 2034 709 2093 Hilarius
731 2032 797 2125 [lib.
817 2039 846 2095 2.
867 2032 903 2090 de
923 2030 1037 2109 trinit]
1057 2048 1167 2109 magno
1186 2024 1246 2085 eri-

111 2108 185 2165 mini
206 2106 287 2167 ilueit
312 2106 475 2181 haereticis,
500 2109 579 2199 quod
606 2129 707 2169 eorum
734 2109 922 2188 improbitate
952 2119 1076 2187 cogatur
1098 2102 1248 2164 subiicere

110 2182 244 2261 periculo
267 2182 385 2241 liuuiani
406 2182 526 2262 eloquii,
550 2205 625 2275 quae
642 2186 785 2244 mentium
812 2184 955 2263 religione
981 2182 1128 2243 contineri
1152 2198 1247 2258 opor·

109 2268 219 2332 tuerat,
239 2279 300 2318 nori
322 2260 501 2320 dissimulans
521 2282 591 2340 quin
612 2261 641 2320 id
661 2263 699 2321 sit
719 2281 805 2343 agere
830 2260 940 2333 illicita,
964 2257 1127 2319 ineffabilia
1151 2254 1247 2335 loqui,

109 2336 285 2395 inconcessa
305 2354 502 2414 praesumere.
541 2337 633 2397 Paulo
653 2350 721 2416 post
740 2336 836 2397 multis
855 2338 950 2396 adliue
970 2346 1084 2395 excusat
1101 2334 1181 2424 quod
1194 2352 1249 2392 au·

111 2412 163 2471 det
182 2411 320 2491 prolerre
339 2432 416 2472 nova
435 2412 564 2474 nomina.
602 2416 676 2474 Nam
701 2415 751 2475 ubi
770 2414 869 2493 posuit
887 2426 1009 2472 naturae
1034 2431 1165 2484 nomina,
1187 2408 1247 2469 Pa-

109 2500 198 2563 trem,
217 2485 324 2546 Filium
346 2499 376 2547 et
395 2488 552 2569 Spiritum:
576 2491 735 2565 subnectit,
759 2502 837 2549 extra
858 2490 1082 2571 significantiam
1101 2484 1247 2546 sermonis

111 2584 187 2637 esse,
218 2576 298 2623 extra
319 2584 419 2625 seusus
438 2565 645 2642 intentionem,
676 2580 754 2626 extra
774 2566 985 2648 intelligentiae
1004 2562 1253 2643 conceptionem,-

132 2641 252 2719 uicquid
277 2640 356 2701 ultra.
378 2636 537 2733 quaeritui.
579 2643 625 2703 Ae
650 2644 718 2703 alibi
747 2644 801 2721 [ile
825 2643 979 2722 conciliis]
1006 2642 1105 2700 felices
1130 2636 1248 2698 Galliae

109 2662 278 2797 {piscopos
297 2719 455 2798 praedicat,
497 2722 525 2778 ui
544 2718 628 2780 aliam
645 2742 700 2780 nec
713 2721 903 2796 excudissent,
914 2742 969 2779 nee
981 2720 1169 2798 recepissent,
1188 2734 1247 2775 nee

110 2795 235 2854 omuino
256 2794 407 2855 novissent
425 2742 652 2871 eoniessiouem,
672 2819 758 2877 quam
778 2809 908 2857 veterem
927 2796 1004 2856 illam
1025 2807 1055 2854 et
1069 2790 1248 2872 simplicissi-

112 2890 201 2943 mam,
222 2890 295 2949 quae
316 2870 352 2930 ab
379 2884 474 2931 aetate
497 2873 711 2953 Apostolorum
737 2874 812 2954 apud
840 2894 941 2933 omnes
966 2871 1103 2932 ecclesias
1127 2878 1247 2947 recepta

111 2947 217 3029 luerat.
256 2948 320 3008 Nee
339 2949 476 3011 absimilis
496 2963 540 3010 est
559 2952 605 3009 Au
629 2952 715 3011 ustini
737 2952 893 3025 excusatio,
913 2949 1084 3009 necessitate
1101 2956 1247 3005 extortam

111 3022 203 3083 fuisse
233 3022 309 3083 bane
334 3044 439 3084 vocem
466 3039 592 3108 propter
608 2971 735 3087 bomani
760 3026 871 3107 eloquii
896 3027 926 3086 in
951 3045 984 3085 re
1002 3036 1081 3084 tanta
1102 3023 1246 3105 inopiam,

111 3120 175 3161 non
195 3114 229 3160 ut
248 3100 459 3192 exprimeretur
478 3104 557 3182 quod
578 3118 637 3179 est,
656 3105 707 3165 aed
727 3124 765 3165 ne
781 3115 928 3164 taceretur
940 3102 1091 3181 quomodo
1104 3111 1163 3158 tres
1173 3098 1246 3171 sint,

105 3177 214 3251 Pater,
234 3177 325 3237 Filius
346 3189 377 3237 et
396 3180 531 3259 Spiritus.
569 3180 668 3261 Atque
690 3183 760 3242 haec
779 3192 946 3240 sanctorum
963 3180 1091 3237 virorum
1103 3176 1247 3235 modestia

110 3272 236 3313 monere
256 3268 313 3313 iios
332 3254 436 3327 debet,
467 3277 505 3316 ne
531 3264 591 3316 tai'il
617 3278 718 3318 severe
742 3257 823 3317 velut
846 3256 981 3316 censorio
1007 3254 1083 3336 stylo
1109 3252 1246 3332 protinus

110 3341 250 3391 notemus
270 3351 332 3404 eos,
351 3332 402 3411 qui
421 3333 451 3391 iii
471 3335 561 3393 verba
581 3354 597 3393 a
617 3335 703 3395 nobis
724 3345 867 3413 concepta
884 3333 982 3392 iurare
1006 3331 1120 3389 nolint:
1151 3327 1246 3387 ruodo

110 3427 152 3467 ue
171 3418 222 3465 aiit
242 3407 326 3481 lastu,
346 3420 397 3467 aut
416 3410 581 3500 protervia,
602 3422 651 3471 aut
670 3411 815 3471 malitioso
836 3420 898 3469 astu
919 3408 947 3467 id
969 3408 1091 3479 iaciant,
1123 3404 1174 3465 sed
1195 3422 1247 3463 ex-

111 3483 247 3563 pendant
264 3484 320 3564 ipsi
338 3485 480 3559 vicissim,
506 3500 613 3565 quanta
634 3488 805 3547 necessitate
829 3486 921 3545 adacti
946 3486 986 3544 sic
1010 3487 1182 3563 loquamur,
1213 3490 1249 3541 ut

111 3562 250 3641 paulatim
272 3558 335 3620 utili
354 3560 494 3640 loqueuili
521 3563 633 3623 formae
652 3564 768 3623 tandem
799 3562 959 3622 assuefiant.
1010 3561 1125 3619 (lavere
1156 3557 1246 3617 etiam

112 3638 243 3709 discant,
270 3658 319 3713 ue,
341 3638 392 3697 ulii
414 3640 627 3699 occurrendum
649 3652 692 3699 cst
712 3662 744 3698 eii
766 3662 822 3698 una
843 3650 925 3717 parte
945 3638 1072 3710 Arianis,
1099 3656 1132 3693 eii
1152 3634 1246 3694 altera

112 3712 305 3789 Sabellianis,
355 3716 423 3773 diiin
465 3717 596 3794 utrisque
637 3718 846 3799 tergiversandi
884 3736 981 3775 ansam
1020 3712 1147 3793 praecidi
1184 3723 1248 3771 sto·

111 3791 294 3866 mechantur,
314 3792 486 3851 nonnullam
507 3794 702 3873 suspicionem
724 3794 853 3852 iniiciant
872 3792 917 3850 vel
938 3792 999 3849 arti
1019 3811 1050 3849 so
1075 3808 1137 3848 esse
1158 3774 1248 3848 disei-

111 3868 211 3949 pulos,
229 3867 277 3928 vel
296 3868 426 3929 Sabellii.
464 3870 546 3930 llicit
566 3872 651 3931 lli-ius
673 3868 815 3929 (liii-istum
834 3891 894 3928 esse
911 3868 1024 3926 Deum:
1044 3868 1094 3927 seil
1114 3867 1248 3924 mussitat

111 3948 229 4025 suetiam
242 3966 303 4006 etse
314 3956 344 4005 et
362 3949 476 4005 initium
494 3944 632 4006 detbuisse.
666 3948 747 4005 llicit
764 3968 927 4005 assumserim
945 3946 1048 4003 Putre:
1068 3942 1119 4002 sed
1131 3939 1205 4001 clam
1218 3940 1249 3999 iu

113 4022 234 4085 sitorum
254 4042 339 4101 qures
350 4022 521 4099 insusurrat,
539 4028 649 4083 iiiii'tiiiii
667 4046 727 4081 esar
743 4036 777 4083 ot
797 4036 928 4083 caeteros
949 4022 1059 4091 fideles,
1080 4038 1246 4107 quanquam

113 4098 487 4180 singulaturaerogaiiva.
523 4102 591 4161 'llic
613 4101 892 4168 consubstantialem:
925 4098 1082 4157 detraxeris
1101 4092 1247 4172 versipelli

84 4246 87 4253 Ι
114 4176 223 4235 larvam
244 4186 390 4235 ettamen
412 4176 484 4235 nibil
510 4178 597 4245 addis,
612 4179 778 4257 Scripturis.
827 4176 907 4235 llicit
933 4174 1091 4245 Sabelliiis,
1116 4170 1247 4241 Patrem,

113 4252 226 4327 Filiae
242 4264 270 4311 el
287 4254 430 4327 Spiritum
446 4252 522 4313 cubil
537 4256 654 4316 iit·er
673 4256 834 4314 distinctum
857 4272 970 4311 souare
1023 4250 1079 4309 llic
1097 4262 1157 4305 tres
1175 4266 1246 4316 esse,

113 4328 326 4391 obelierab'itur
337 4342 365 4391 te
385 4334 538 4393 nominare
557 4346 616 4395 tres
636 4334 715 4393 deos.
755 4332 813 4391 Dic
836 4332 868 4389 iii
885 4352 946 4388 iiiiii
965 4328 1026 4388 Dai’
1042 4327 1163 4385 amatio
1175 4342 1248 4401 pei·-
