2700 4732
250 829 1165 941 trenurrurreep.

605 1009 662 1061 DE

16 1120 33 1197 s
91 1148 456 1225 cocrurloue
512 1150 608 1222 om
657 1136 1174 1263 sANcrrrrcauortrs

436 1283 764 1358 1NSP1R1TU
792 1285 826 1356 s.

506 1448 758 1463 ,ῃ

374 1561 896 1633 ARGUMENTUM.

64 1695 129 1801 De
146 1748 207 1802 Deo
225 1749 350 1802 Creatore
366 1764 391 1802 et
408 1746 583 1822 Redemptore
604 1752 734 1822 prioribus
758 1753 830 1807 labris
847 1753 951 1806 duobus
967 1765 1053 1804 actum
1069 1765 1113 1803 est
1148 1746 1200 1806 llic

64 1832 151 1871 autem
169 1821 202 1871 de
219 1821 300 1869 modo
339 1819 501 1888 ercipiendae
511 1820 606 1873 Christi
622 1821 725 1885 gratiae,
743 1836 768 1873 et
784 1822 828 1902 qui
846 1822 908 1874 inde
925 1820 1023 1873 fructus
1038 1817 1116 1871 nobis
1153 1839 1199 1871 ro·

63 1887 167 1939 veniant
192 1885 279 1953 etqui
298 1838 403 1938 eliectus
421 1902 627 1968 consequantur,
645 1908 690 1941 acu
708 1891 740 1941 de
756 1889 868 1958 Spiritus
887 1887 976 1940 Sancti
995 1886 1091 1939 effectis
1108 1837 1151 1938 ad
1157 1906 1200 1938 aa·

63 1954 144 2076 quem
161 1967 290 2006 ,nostram
314 1952 426 2017 dieserit,
455 1968 555 2008 tertiam
576 1955 724 2026 Apostoliei
745 1956 865 2029 Symboli
890 1971 991 2027 partem
1013 1966 1132 2007 accurate
1156 1972 1200 2005 ex·

103 2043 170 2077 cans.

62 2045 82 2095 Ρ
132 2087 270 2157 Praecipui
286 2087 340 2140 loci
356 2086 431 2140 buius
448 2089 607 2144 tractationis
622 2105 682 2144 aunt
696 2105 803 2162 septem,
820 2091 866 2162 qui
884 2093 995 2144 cundem
1011 2089 1199 2159 fermeufinem,

62 2177 160 2228 nempe
176 2155 263 2208 fidei
281 2156 427 2207 doctrinam
444 2171 565 2225 spectant.

12 2270 24 2299 a·
132 2226 163 2293 1)
181 2223 316 2292 Quoniam
344 2243 437 2276 arcana
465 2238 490 2275 et
509 2225 614 2295 speciali
639 2226 792 2295 operatione
813 2225 924 2297 Spiritus
941 2224 968 2277 S.
985 2225 1029 2287 fit,
1044 2238 1076 2277 ut
1092 2222 1197 2276 Christo

62 2291 192 2361 bonisque
210 2292 264 2342 eiua
282 2290 404 2343 omnibus
422 2293 547 2354 fruamur,
564 2296 597 2346 dc
613 2294 663 2346 hae
676 2294 835 2363 operatione,
852 2315 919 2364 quae
935 2293 1005 2354 fidei,
1020 2312 1106 2345 norae
1123 2291 1205 2353 vitae,

63 2375 90 2415 et
113 2374 262 2413 sanctorum
290 2359 407 2410 omnium
437 2360 615 2413 exercitiorum
646 2375 683 2414 cst
704 2363 917 2423 fundamentum,
948 2358 1195 2431 agiturcap.1i·-

63 2429 97 2512 ἢ)
113 2426 217 2480 Deinde
234 2445 315 2506 quum
333 2426 397 2478 fides
413 2427 445 2480 sit
461 2429 538 2480 veluti
553 2450 653 2490 manns,
670 2450 721 2499 qua
733 2428 864 2482 Christum
881 2428 1084 2497 Redemptorem'
1101 2446 1116 2478 a
1133 2424 1194 2494 Spi-

61 2511 116 2551 rutu
139 2494 166 2546 S.
189 2496 265 2545 nobis
291 2493 408 2545 oblatum
433 2495 626 2575 amplectimur,
651 2499 744 2550 iustam
760 2497 845 2549 iidei
862 2494 1041 2550 tractationem
1056 2491 1194 2556 subiungit.

63 2585 120 2634 cap.
137 2564 162 2615 2.
178 2589 211 2600 -
245 2560 277 2627 3)
293 2560 331 2612 Ut
346 2562 463 2614 salutaris
481 2576 526 2614 ista
544 2565 607 2616 tides
624 2563 890 2627 meiius'innoteseat,
906 2579 1053 2616 ostensurus
1069 2561 1114 2631 qui
1130 2559 1192 2612 inde

62 2635 161 2686 fructus
183 2629 327 2682 necessario
342 2630 520 2697 proveniant,
548 2633 682 2684 contendit
704 2651 790 2683 reram
815 2632 1001 2702 poenitentiam
1023 2650 1038 2683 a
1059 2648 1120 2682 vera
1140 2627 1194 2678 fide

6 2756 9 2763 ,
61 2715 345 2769 ιιημτριὉηιιυπο.
379 2695 497 2749 Primum
508 2714 593 2751 autem
611 2699 639 2750 in
657 2718 749 2764 genere
768 2699 913 2751 doctrinam
931 2694 1195 2768 depoeuitentia

2 2764 10 2781 '
83 2787 113 2820 ro
154 2767 199 2827 nit,
217 2784 272 2844 cap.
289 2765 322 2825 a,
340 2764 434 2817 deinde
452 2768 485 2817 de
501 2767 659 2836 poenitentia
677 2767 804 2836 Papistica
823 2767 928 2835 eiusque
944 2767 1069 2836 partibus,
1086 2784 1142 2834 cap.
1159 2763 1195 2833 4.,

53 2788 98 2901 de
127 2832 281 2896 ndulgenuis
299 2846 323 2883 et
340 2832 490 2903 purgatorio
509 2834 575 2898 igne,
593 2854 648 2904 cap.
664 2838 689 2889 5.
724 2836 864 2903 speciatim
881 2854 942 2885 rere
960 2835 993 2884 dc
1010 2853 1086 2885 verae
1103 2831 1197 2903 poeni-

62 2905 156 2956 tentiae
172 2900 288 2982 partibus
307 2901 487 2952 tractationem
509 2901 630 2964 instituit,
654 2902 772 2954 videlicet
795 2905 828 2955 de
849 2901 1049 2953 mortificatione
1071 2900 1153 2951 carnis
1171 2912 1197 2950 et

61 2968 232 3038 virificatrone
249 2968 372 3037 Spiritus,
399 2988 444 3021 seu
468 2970 501 3020 dc
518 2970 569 3022 vita
586 2970 697 3022 bominis
716 2969 869 3031 Christiani,
892 2989 968 3039 quarn
987 2968 1087 3030 egregie
1103 2968 1198 3018 admo·

63 3039 128 3090 dum
150 3035 284 3098 describit,
311 3055 365 3104 cap.
381 3036 486 3091 6-10.
504 3065 537 3076 -
579 3038 610 3104 4)
632 3037 695 3105 Quo
720 3038 812 3097 clarius
836 3037 953 3089 ostendat
973 3053 1040 3103 quae
1061 3034 1093 3086 sit
1118 3034 1197 3086 buius

60 3105 125 3160 fidei
141 3103 249 3164 utilitas,
275 3117 299 3155 et
345 3104 369 3154 ui
397 3106 502 3157 effectus
525 3119 729 3174 cousequantur,
757 3105 872 3176 primum
890 3101 1214 3156 deiustifieatione'

25 3227 29 3233 „
60 3171 151 3228 fidei
169 3170 227 3233 agit,
244 3123 360 3240 eapdi,
377 3171 471 3223 deinde
488 3186 671 3242 consequentes
688 3175 848 3242 quaestiones
865 3172 990 3240 explanat,
1009 3188 1064 3239 cap.
1076 3168 1196 3221 12-18.

1 3263 2 3270 ¹
60 3262 100 3284 a·
114 3236 234 3290 Tandem
254 3241 287 3290 de
303 3238 597 3302 libertateChristiana,
620 3260 688 3309 quae
705 3255 741 3293 est
757 3241 833 3292 veluti
857 3236 985 3308 appendix
1001 3237 1197 3299 iustificationis,

63 3305 170 3366 diruerit,
180 3325 237 3376 cap.
246 3306 285 3361 19.
293 3336 325 3345 -
343 3306 374 3373 ὗ)
385 3306 507 3375 Sequitur
516 3306 630 3361 Oratio
648 3304 817 3378 praecipuum
834 3307 894 3360 fidei
906 3305 1060 3366 exercitium,
1077 3325 1107 3357 ae
1117 3305 1197 3357 veluti

61 3374 179 3427 medium
188 3374 227 3424 vel
237 3374 444 3435 instrumentum,
460 3393 513 3442 quo
525 3375 574 3427 Dei
592 3377 716 3428 beneficia
743 3376 841 3428 uotidie
858 3372 1023 3444 percipimus,
1040 3375 1142 3442 cap‘bO.
1161 3402 1194 3413 -

52 3444 95 3513 6)
141 3461 202 3492 uum
219 3455 305 3492 autem
322 3462 377 3493 non
396 3460 485 3494 omnes
504 3444 652 3510 promiscue
670 3397 858 3513 atnpicctantur
869 3441 962 3493 Christi
981 3441 1195 3492 communionem

37 3522 40 3527 '
83 3530 111 3562 er
153 3508 295 3573 rangelium
314 3509 441 3569 oblatam,
456 3511 501 3561 aed
520 3510 538 3561 ii
555 3525 654 3562 tantum
672 3530 738 3579 quos
756 3511 866 3580 Spiritus
882 3509 922 3562 aui
940 3508 1053 3560 efficacia
1072 3522 1097 3559 et
1114 3515 1195 3575 pecu-

61 3532 121 3633 iiari
138 3576 217 3641 gratia
240 3576 410 3639 dignatusest
429 3575 573 3639 Dominus,
590 3596 625 3629 ne
643 3581 685 3630 cui
703 3581 845 3631 absurdum
860 3578 912 3629 boc
931 3577 1062 3638 videatur,
1080 3595 1195 3633 necessu·

61 3646 128 3700 riam
139 3659 164 3697 et
178 3644 322 3713 appositam
333 3644 366 3696 de
384 3644 487 3696 electi
498 3665 513 3696 o
522 3666 539 3696 n
548 3665 561 3696 c
571 3646 631 3698 Dei
648 3647 849 3715 disputationem
859 3645 994 3705 subnectit,
1013 3643 1106 3713 capti
1115 3646 1195 3696 -ἳιί,

61 3715 98 3762 .-’
114 3713 145 3780 7)
162 3711 308 3773 Postremo,
325 3712 451 3779 quoniam
467 3715 604 3765 molestum
621 3713 698 3765 nobis
716 3714 895 3766 multismodis
906 3730 958 3764 esse
970 3725 1062 3779 potest,
1077 3711 1125 3762 sub
1144 3711 1194 3763 hae

64 3781 130 3834 dura
150 3778 241 3832 militia
259 3780 379 3841 exerceri,
396 3780 550 3848 quaesitam
567 3781 679 3834 hominia
690 3780 828 3833 Christiani
844 3799 946 3848 semper
963 3778 1109 3838 comitatur,
1128 3798 1195 3829 con·

61 3847 145 3902 tendit
162 3866 220 3898 eam
238 3846 313 3898 leniri
330 3867 406 3915 posse
428 3847 534 3899 ultimae
560 3848 751 3901 resurrectionis
774 3847 955 3901 meditationet
983 3849 1019 3900 ob
1037 3865 1114 3917 quam
1134 3867 1196 3899 cau-

3 3942 9 3969 i
62 3935 118 3973 eam
136 3917 171 3970 de
188 3915 443 3987 recurrectione
459 3915 637 3970 tractationem
653 3916 796 3983 subiungit,
813 3936 868 3987 cap.
884 3917 927 3970 25.

32 4200 131 4344 ia„
