2700 4732
113 206 154 265 oa
520 195 597 256 LIB.
616 195 654 257 t·
681 196 769 267 CAR.
788 196 881 259 x111.

17 360 21 367 ·
114 340 172 403 Dei
191 340 329 401 vindicat.
367 340 401 401 Sl
413 339 538 422 excipiat
553 341 705 422 quispiam,
724 361 868 421 personae
881 362 964 422 qnam
975 344 1215 424 sustinetrespec

113 418 172 479 hoc
193 418 261 489 dici,
281 417 399 478 minime
418 418 459 477 ita
477 418 600 478 solvitur
618 418 724 477 nodus.
761 419 866 497 Neque
890 422 968 479 enim
991 440 1110 493 servus,
1132 420 1215 481 sacri

104 496 190 556 cium
212 494 315 555 oll‘erri
334 494 390 553 sibi
410 495 591 574 permittens,
610 515 694 555 suurn
713 493 781 554 Deo
802 494 946 555 honorem
971 496 1110 575 eriperet.
1154 496 1215 577 Atq

114 570 246 653 Angelus
265 590 370 652 panem
390 591 422 629 se
440 571 680 630 manducaturum
702 592 822 651 negans,
847 571 930 632 iubet
950 572 1055 632 offerri
1073 572 1215 633 sacrificiu

113 648 251 708 lebovae.
290 647 407 706 Deinde
425 668 500 706 vero
520 667 551 707 se
571 646 800 707 illumlebovam
813 666 918 707 esse-re
930 650 990 729 ipsa
1002 646 1117 728 probat.
1142 648 1215 727 Itaqr

112 724 241 785 Maouah
260 722 372 783 eteius
391 745 464 783 uxor
484 743 517 782 ex
537 723 593 782 hoc
612 723 697 804 signo
719 744 778 783 non
798 724 945 802 Angelum
964 723 1066 797 modo,
1084 724 1136 783 sed
1146 724 1215 785 Deu

112 822 145 863 se
164 802 270 863 vidisse
289 799 444 881 colligunt.
485 800 572 860 Unde
591 819 646 859 vox
665 796 727 858 illa:
759 800 943 872 „llloriemur
966 800 1033 881 quia
1052 800 1151 861 Deum
1171 800 1215 861 vid

113 883 209 937 mus.“
265 878 344 935 Dum
365 896 435 937 vero
458 876 618 955 respondet
645 897 731 935 uxor:
776 876 835 950 „Si
855 876 992 937 voluisset
1016 898 1072 937 nos
1107 876 1215 939 occider

112 953 254 1030 lehovab,
273 974 334 1012 non
352 955 527 1033 suscepisset
546 974 563 1012 e
582 973 670 1011 manu
691 963 791 1011 nostra
810 954 1013 1027 sacrificium“,
1044 965 1126 1014 certe
1145 952 1215 1015 Dec

112 1034 221 1093 latetur
250 1029 299 1110 qui
309 1029 440 1110 Angelus
460 1030 642 1089 antedictus
662 1039 713 1089 est.
733 1028 818 1087 Adde
834 1028 914 1109 quod
927 1032 989 1110 ipsa
1002 1028 1169 1111 Angelires
1190 1048 1215 1091 ot

111 1109 157 1173 sio
177 1072 389 1195 dubitationem
405 1105 497 1166 tollit:
516 1107 602 1182 „Cur
621 1104 798 1195 dennuniipe
817 1127 884 1165 meo
904 1106 1082 1187 interrogas,
1100 1052 1189 1185 quod
1203 1126 1215 1167 t

113 1183 287 1247 mirabile?“
318 1183 389 1258 Quo
419 1183 509 1263 magis
529 1180 710 1243 detestandis
730 1181 786 1240 lust
805 1182 920 1242 Serveti
938 1182 1087 1263 impietas,
1110 1182 1215 1243 duma

112 1260 205 1327 seruit
229 1261 324 1320 Deum
354 1281 503 1338 nunquam
527 1258 705 1339 patefactum
736 1258 824 1317 luisse
847 1258 982 1319 Abrabae
1007 1269 1039 1319 et
1063 1257 1126 1318 aliis
1149 1258 1215 1321 Patr

113 1341 179 1410 bus,
210 1338 262 1398 sed
293 1339 353 1395 eius
388 1336 458 1395 loco
487 1338 638 1397 adoraturis
667 1337 756 1395 fuisse
785 1334 941 1417 Angelum.
985 1335 1078 1395 Recte
1097 1346 1198 1396 autem

113 1416 276 1496 prudenter
295 1411 451 1473 orthodoxi
471 1415 608 1474 ecclesiae
627 1414 785 1485 Doctores,
805 1412 979 1472 Sermonem
992 1411 1050 1472 Dei
1069 1432 1133 1471 esse
1152 1412 1215 1471 inte

112 1492 219 1572 pretati
236 1501 306 1551 sunt
323 1488 487 1569 principem
506 1490 587 1549 illurn
602 1490 648 1547 An
671 1488 759 1563 olum,
778 1489 826 1566 qui
846 1489 902 1548 iam
924 1502 993 1549 tunc
1005 1487 1159 1568 praeludio
1169 1510 1215 1569 qur

114 1570 181 1627 dam
201 1567 284 1648 iungi
302 1566 402 1643 coepit
420 1564 590 1626 mediatoris
610 1508 720 1626 oshgcio.
758 1566 819 1624 Etsi
840 1568 918 1624 essina
945 1568 1076 1625 nondum
1097 1576 1162 1625 erat
1179 1586 1214 1625 ce

34 1658 38 1665 ’
113 1664 153 1704 ne
172 1644 302 1716 restitus,
333 1642 484 1701 descendit
508 1654 605 1702 tamen
631 1640 711 1721 quasi
732 1639 931 1715 intermedius,
963 1654 996 1700 ut
1020 1642 1215 1701 familiariusr

113 1718 215 1780 lideles
232 1718 395 1779 accederet.
433 1720 562 1799 Propior
581 1719 670 1798 igitur
688 1719 913 1777 communicatio
934 1718 1015 1777 dedit
1033 1716 1215 1798 eiAngelim

112 1817 196 1857 men:
227 1796 340 1865 interea
361 1796 442 1872 quod
461 1817 545 1854 suum
565 1807 641 1870 erat,
672 1795 809 1865 retinuit,
839 1807 872 1853 ut
891 1796 972 1854 Deus
992 1806 1067 1855 esset
1086 1792 1215 1853 ineffabil

112 1872 235 1957 gloriae.
275 1872 356 1931 ldem
376 1871 433 1931 sibi
451 1872 513 1931 vult
528 1874 650 1940 Hoseas,
671 1871 720 1950 qui
740 1884 806 1948 post
829 1893 893 1929 uam
914 1872 1061 1931 recensuit
1080 1869 1215 1930 luctamb

113 1949 171 2011 eob
184 1970 250 2009 curn
261 1947 377 2028 Angelo
389 1952 451 2025 (12,
462 1950 517 2025 b),
535 1947 676 2023 Ieborali,
698 1947 802 2025 inquit,
850 1968 899 2006 eus
910 1948 1097 2020 exercituum,
1116 1946 1215 2007 lebort

111 2026 284 2086 memoriale
303 2044 414 2084 nomen
435 2026 505 2084 eius.
542 2025 655 2085 lterum
675 2025 798 2103 ogganit
816 2026 969 2095 Senectus,
998 2024 1096 2083 Deum
1114 2034 1215 2105 gestas

135 2122 270 2163 ereonam
289 2100 406 2181 Angeli.
461 2101 553 2174 Quasi
581 2124 652 2161 vero
678 2122 740 2159 non
765 2100 920 2160 contirnret
950 2099 1100 2179 Propheta
1126 2098 1209 2235 quod

110 2124 197 2239 Doce
218 2178 327 2237 dictum
349 2181 446 2237 fuerat
464 2176 558 2255 (Gen.
577 2184 628 2252 32,
647 2184 695 2240 29.
713 2179 786 2253 30.)‚
808 2177 921 2255 thnid
940 2178 1104 2257 interrogas
1150 2193 1168 2234 e
1188 2196 1215 2235 nt

110 2255 192 2316 mine
210 2254 298 2314 meo?
317 2254 356 2314 Et
375 2254 520 2315 confessio
540 2255 634 2314 sancti
652 2253 837 2312 Patriarcbae
856 2255 924 2312 satis
938 2253 1065 2323 declarat
1078 2273 1140 2312 non
1156 2252 1215 2313 luis

111 2343 243 2397 creatum
262 2329 421 2412 Angelum,
448 2331 499 2390 sed
525 2331 554 2389 in
579 2351 638 2408 quo
660 2330 746 2409 plena
766 2330 855 2389 deitas
874 2329 1024 2403 resideret,
1053 2350 1143 2409 quum
1164 2328 1215 2389 dio

113 2407 183 2467 Vidi
209 2406 308 2465 Deum
338 2407 411 2467 lacie
443 2407 477 2466 ad
509 2407 624 2466 faciem.
662 2408 740 2465 llinc
765 2407 851 2466 etiam
877 2407 947 2465 illud
974 2405 1067 2480 Pauli,
1092 2404 1214 2465 Christe

111 2484 201 2543 luisse
220 2483 323 2575 populi
344 2484 447 2542 ducem
467 2486 499 2543 in
519 2486 652 2544 deserto:
673 2483 709 2576 [l.
731 2484 802 2544 Cor.
822 2488 869 2555 10,
889 2491 916 2546 1.
937 2483 975 2541 cl.
996 2483 1078 2543 Calv.
1090 2480 1121 2539 in
1134 2482 1215 2541 Aet.¹

110 2565 160 2625 30.
179 2570 240 2638 atq.
259 2559 326 2619 infr.
347 2580 411 2641 cap.
431 2567 478 2625 11.
497 2581 519 2619 s.
538 2560 599 2639 9.]:
632 2580 700 2639 quia
725 2562 780 2619 etsi
799 2560 930 2619 nondum
950 2559 1105 2619 advenerat
1127 2554 1215 2617 humil

107 2635 219 2696 ationis
244 2647 370 2716 tempus,
397 2637 518 2717 figuram
539 2647 636 2696 tamen
657 2636 811 2717 proposuit
830 2649 965 2696 aeternus
984 2634 1033 2694 ille
1054 2636 1160 2693 Sermo
1182 2632 1215 2694 eir

104 2711 217 2787 officii,
248 2712 295 2771 cui
323 2712 482 2773 destinatus
502 2725 573 2773 erat.
598 2714 660 2773 lam
686 2714 711 2773 si
731 2712 839 2791 absque
859 2713 1052 2772 contentione
1071 2732 1103 2769 ex
1127 2709 1215 2771 enditr

105 2809 144 2848 ea
166 2798 200 2847 ut
218 2789 375 2849 Zachariae
394 2791 519 2870 primum
544 2793 586 2868 (v.
604 2797 632 2854 9.
653 2792 705 2867 ss.)
730 2801 760 2848 ct
778 2789 937 2849 secundum
967 2795 1008 2866 (r.
1026 2794 1056 2853 3.
1076 2733 1139 2864 ssi),
1178 2788 1215 2847 Ar

106 2885 131 2947 g
161 2886 205 2939 us,
223 2864 275 2944 qui
294 2865 417 2927 alterurn
438 2866 585 2948 Angelum
605 2866 705 2941 mittit,
735 2865 811 2925 idem
836 2886 902 2926 mox
926 2864 1146 2944 pronuntiatur,
1161 2862 1215 2923 Der

110 2941 303 3017 exercituum,
322 2953 353 3001 et
372 2942 400 3003 ei
418 2962 529 3004 summa
547 2944 680 3023 potentia
702 2942 863 3002 ascribitur.
902 2942 1058 3000 Innumera
1072 2942 1215 3001 testimon

31 3050 36 3057 ·
111 3017 232 3093 omitto,
252 3018 399 3098 inquibus
418 3030 484 3080 tuto
505 3020 663 3099 acquiescit
681 3018 752 3078 fides
773 3031 883 3091 nostra,
903 3018 1031 3097 quamvis
1043 3017 1170 3076 ludaeos
1182 3034 1215 3077 nr

113 3094 272 3163 admodum
291 3108 437 3156 moveant.
462 3096 537 3155 Nam
570 3118 637 3154 uurn
652 3095 844 3174 diciturapud
855 3093 976 3154 lesaiam
987 3096 1050 3171 (25,
1064 3094 1123 3169 9.):
1142 3090 1215 3166 „Etr

102 3169 194 3232 ‚Deus
213 3183 317 3231 noster
336 3172 405 3231 iste:
432 3172 478 3232 bic
498 3185 543 3233 est
579 3171 704 3231 ebovab:
731 3171 960 3250 exspectabimus
980 3190 1046 3231 eum
1066 3181 1097 3229 et
1116 3168 1215 3229 serreb

102 3250 205 3308 mos“:
224 3247 346 3308 oculatis
358 3260 440 3329 patet
457 3249 614 3309 monstrari
633 3249 740 3320 Deum,
761 3248 809 3326 qui
829 3249 859 3305 in
878 3247 999 3307 salutem
1021 3244 1123 3326 populi
1142 3245 1215 3305 dent

104 3342 179 3384 exau
218 3322 248 3383 it.
288 3324 327 3384 Et
347 3324 526 3404 emphaticae
546 3325 810 3385 demonstrationes
832 3324 874 3382 bis
894 3323 1008 3403 positae
1033 3343 1093 3382 non
1119 3320 1178 3381 alio
1203 3342 1215 3381 s

106 3410 187 3459 erunt
227 3420 263 3459 oc
283 3401 359 3459 trabi
380 3422 467 3480 quam
486 3400 522 3461 ad
543 3402 702 3461 Christum.
740 3401 884 3480 Apertior
903 3403 1059 3458 etiamnum
1080 3397 1215 3459 etsolidit

104 3474 195 3535 doctu
213 3475 373 3536 Malachiae
391 3484 436 3555 (3,
455 3477 508 3552 1.),
526 3477 579 3538 ubi
598 3489 753 3538 venturum
772 3477 1007 3550 nominatorem,
1031 3475 1081 3554 qui
1101 3487 1175 3535 tunc
1194 3494 1215 3533 e

104 3550 277 3632 petebatur,
288 3553 324 3613 ad
336 3554 477 3633 templum
486 3575 570 3613 suum
583 3554 738 3632 promittit.
759 3551 847 3612 Certe
861 3552 977 3612 nonnisi
990 3554 1040 3611 uni
1052 3572 1165 3611 summo
1174 3550 1215 3609 Dr

104 3642 225 3689 aeorum
237 3628 292 3689 luit
310 3632 463 3709 ternplum,
504 3630 563 3689 uod
582 3642 680 3689 tamen
701 3630 850 3708 Propheta
860 3628 980 3689 Christo
992 3628 1128 3691 vindicat.
1155 3627 1215 3687 Um

103 3704 243 3785 nequitur
263 3706 388 3766 eundern
408 3725 470 3766 esse
481 3652 590 3779 Deum,
610 3706 660 3785 qui
670 3727 803 3786 sempera
815 3706 935 3766 doratus
947 3704 1001 3764 luit
1016 3704 1091 3783 apud
1108 3701 1215 3763 ludaen

188 3788 235 3847 11.
274 3783 391 3843 Novum
411 3795 508 3843 autem
528 3783 750 3843 Testamentum
770 3782 931 3842 innumeris
949 3780 1123 3843 testimoniis
1142 3792 1215 3840 scats

104 3855 186 3919 Ideo
206 3857 301 3919 danda
321 3871 364 3919 est
384 3879 485 3939 opera,
505 3872 538 3920 ut
556 3859 684 3920 breviter
698 3859 801 3995 potius
812 3857 965 3941 seligemus
977 3879 1069 3937 pauca
1079 3878 1172 3946 quam·
1180 3876 1215 3917 on

105 3934 160 3995 nia
179 3954 381 4016 congeramus.
422 3935 562 4008 Quamvis
581 3947 677 3995 autern
718 3956 735 3995 e
755 3956 792 3997 eo
812 3934 928 4013 loquuti
951 3935 1010 3995 sint
1033 3932 1185 4013 Apostoli,
1208 3952 1215 3989 s

105 4010 246 4089 quoiam
268 4014 415 4073 exstiterat
434 4012 582 4073 Mediator
609 4012 641 4071 in
670 4031 773 4072 earne:
795 4008 942 4090 =quicquid
972 4024 1071 4070 tamen
1091 4009 1215 4070 adducas

105 4084 281 4164 probandae
306 4088 368 4149 eius
391 4101 530 4149 aeternae
561 4087 663 4149 deitati
686 4099 753 4168 apte
781 4089 949 4148 conveniet.
992 4086 1140 4165 imprimis
1164 4086 1215 4147 ists

107 4171 155 4221 est
166 4161 308 4245 singulari
320 4164 569 4227 animadversione
582 4164 713 4246 dignum,
724 4164 804 4256 quod
814 4163 961 4300 Apostoli,
981 4183 1055 4242 quae
1068 4163 1104 4220 de
1119 4174 1215 4221 aetern

106 4234 177 4298 Deo
196 4241 346 4317 praedicta
367 4254 460 4315 erant,
478 4245 509 4300 in
529 4241 648 4302 Christo
668 4241 715 4300 vel
733 4261 791 4300 ram
811 4261 843 4298 es
856 4241 947 4314 ribita,
967 4239 1013 4300 vel
1033 4238 1104 4299 olim
1123 4258 1215 4317 repra(

107 4314 251 4376 munda
271 4317 389 4378 docent.
435 4319 513 4380 Nam
531 4317 852 4398 ubilesaias(8,14.)
875 4316 1040 4378 Dominum
1065 4316 1214 4377 exercituo
