2700 4732
488 192 565 253 uto.
585 192 639 252 lt‘.
680 190 769 256 CAP.
787 186 857 257 xlt.
1185 198 1244 262 Μ

107 338 210 421 cordia
228 338 326 399 Deum
346 338 492 421 maginae
512 338 601 421 magis
620 350 787 418 provocent
834 338 902 402 dnm
928 337 990 401 eins
1014 336 1136 422 flagellis
1155 339 1243 400 casti-

131 429 225 477 antur.
263 415 395 475 Proin'de
415 414 559 491 Christus,
580 416 705 495 quumll
729 427 794 477 osto
808 436 840 477 os
859 438 927 478 suos
948 416 1063 476 exc'nsat
1081 417 1161 497 quod
1181 436 1244 476 non

107 494 244 554 reiunent
263 490 382 572 (Matth.
401 498 431 566 9,
450 497 497 555 35.
517 492 589 551 Luc.
610 500 639 567 5,
658 438 732 570 Ml,
751 513 812 552 non
834 492 905 553 dicit
924 491 1095 575 abrogatum
1117 512 1179 553 esse
1198 494 1244 552 ie-

108 571 238 631 iunium:
268 570 319 629 sed
340 569 512 629 calamitosis
538 570 719 648 temporibus
743 571 836 648 ipsum
863 570 1002 644 destinat,
1035 580 1065 629 et
1090 569 1230 630 coninn'
1330 582 1333 587 '

108 666 177 707 cunr
209 647 297 704 luctu.
336 645 483 721 „Veniet,
513 646 624 725 iuquit,
653 657 784 726 tempus,
815 666 905 726 quum
935 645 1086 705 auferetur
1116 645 1152 705 ab
1185 646 1244 707 ilis

107 742 124 785 t
147 728 265 784 onsus.“
1149 777 1153 783 .

125 742 146 803 p
188 806 234 862 ts.
271 798 319 858 Ne
338 798 403 878 quis
422 809 526 860 antem,
542 817 627 857 error
644 798 683 859 sit
707 797 737 856 in
761 798 899 873 nomine,
928 797 1097 858 definiamus
1118 797 1187 877 quid
1206 798 1244 860 ait

106 873 268 939 ieiunium:
299 895 359 934 non
391 875 468 935 euim
492 875 667 955 simpliciter
689 876 900 934 continentiam
927 896 960 934 ac
986 875 1191 957 parsimoniam
1211 876 1242 935 io

106 949 189 1015 victu
210 951 258 1010 laic
283 950 490 1031 intelligimus,
520 950 571 1011 sed
596 950 733 1030 quiddam
759 951 848 1011 aliud.
898 950 1018 1010 Piorum
1044 950 1161 1031 quidein
1185 952 1245 1011 vita

107 1026 292 1108 frugalitate,
312 1040 344 1086 et
362 1029 521 1088 sobrietate
541 1039 701 1106 temperata
721 1047 783 1086 esse
802 1026 909 1101 debet,
925 1039 959 1085 ut
979 1029 1122 1106 quandam
1142 1027 1244 1101 ieiunii

108 1103 256 1184 speciem,
287 1103 383 1184 quoad
410 1103 473 1165 lieri
495 1115 592 1184 potest
611 1115 678 1165 toto
699 1122 753 1163 suo
774 1103 896 1163 decursu
918 1120 988 1183 prae
1008 1124 1039 1162 se
1060 1104 1143 1165 ferat
1182 1104 1243 1167 Sed

108 1190 158 1243 est
176 1192 328 1260 praeterea
347 1181 489 1239 ieiunium
509 1180 585 1239 aliod
606 1178 784 1259 temporale,
812 1201 901 1258 quum
921 1179 1028 1257 aliquid
1050 1199 1082 1238 ex
1103 1188 1244 1242 consueti

106 1255 228 1319 vivendi
247 1256 361 1316 ratione
381 1255 567 1331 retrahimus,
586 1255 633 1315 rel
653 1256 688 1314 ad
710 1256 784 1313 diem
805 1277 895 1313 rrnrrm
913 1255 957 1314 rel
978 1256 1013 1315 ad
1033 1268 1146 1316 certum
1166 1269 1242 1317 tem·
1301 1265 1303 1269 ’

107 1352 177 1415 pus,
197 1343 228 1391 et
246 1331 332 1392 nobis
352 1332 565 1392 continentiam
585 1332 737 1391 indicimus
757 1331 879 1390 invicto
900 1331 1046 1392 ordinaria
1066 1331 1114 1393 illa
1134 1332 1244 1394 aretio·

107 1426 174 1471 rem
194 1429 227 1468 ae
246 1411 433 1469 severiorem.
473 1409 539 1467 Hoc
558 1409 589 1467 in
610 1407 702 1469 tribus
721 1408 806 1466 situm
828 1419 885 1482 est,
917 1407 1116 1488 intempore,
1147 1411 1178 1469 iu
1199 1411 1242 1473 ci-

108 1483 218 1567 borum
238 1484 388 1565 qualitate,
408 1496 438 1544 et
456 1484 644 1565 parsimonia.
686 1485 816 1563 Tempus
837 1483 913 1556 dico,
933 1496 966 1544 ut
985 1484 1077 1544 ieiuni
1098 1486 1242 1570 delunga-

107 1580 179 1622 mur
203 1560 237 1621 iis
261 1561 443 1637 actionibus,
463 1582 583 1640 quarum
610 1578 692 1621 causa
712 1559 874 1620 instituitur
889 1560 1054 1621 ieiunium.
1094 1564 1245 1637 Quemad-

107 1637 231 1699 modum
257 1637 379 1718 exempli
403 1659 487 1697 causa
512 1641 536 1696 si
556 1636 596 1696 ob
622 1636 787 1696 sollennern
811 1638 1013 1716 precationem
1054 1636 1097 1696 uis
1121 1638 1243 1716 ieiunet,

106 1724 146 1774 ut
165 1728 201 1771 e'o
221 1713 381 1794 impransus
400 1715 528 1773 accedat.
567 1712 700 1786 Qualitas
720 1713 749 1770 in
771 1728 808 1773 co
828 1713 880 1772 sita
900 1724 954 1788 est,
972 1724 1006 1773 u't
1025 1658 1120 1777 absint
1141 1736 1243 1777 omnes

109 1786 253 1864 lautitiae,
273 1811 308 1851 ac
327 1789 451 1873 plebeiis
469 1788 682 1880 vilioribusque
702 1788 777 1848 cibis¹
794 1791 949 1864 contenti,
962 1790 1092 1871 palatum
1112 1791 1243 1873 delicatis

108 1884 174 1928 non
194 1868 348 1928 irritemus.
389 1865 566 1942 Quantitatis
585 1877 661 1925 retro
682 1865 712 1924 in
734 1863 790 1925 boc
811 1877 869 1940 eat,
900 1878 933 1926 ut
958 1867 1070 1945 parcius
1091 1888 1123 1927 ac
1151 1866 1242 1941 levius

109 1941 201 2006 solito
217 1964 382 2005 vescamur:
403 1956 517 2005 tantum
534 1943 570 2002 od
587 1941 799 2017 necessitatem,
816 1962 877 2002 non
896 1943 983 2003 etiam
1000 1943 1036 2002 ad
1052 1942 1242 2023 voluptatem.

187 2026 235 2086 19.
272 2020 401 2081 atvero
421 2041 538 2101 semper
556 2020 695 2101 imprimis
719 2019 878 2080 cavendum
900 2038 937 2077 ne
978 2020 1028 2078 uid
1049 2018 1174 2101 obrepat
1193 2042 1243 2080 su-

135 2098 311 2174 erstitionis,
332 2097 576 2179 quemadmodum
597 2098 719 2158 antehae
738 2114 845 2178 magno
868 2095 1006 2156 ecclesrae
1024 2096 1102 2156 malo
1128 2094 1243 2159 accidit.

106 2116 207 2238 inulto
233 2176 311 2234 enim
342 2175 430 2234 satius
461 2173 550 2233 luerit
578 2173 689 2232 nullum
721 2194 840 2253 prorsus
859 2192 922 2233 esse
952 2173 1128 2233 ieiuniorum
1149 2196 1243 2250 usum,

108 2268 198 2330 mam
218 2250 376 2332 diligenter
395 2251 543 2310 observari
563 2262 593 2310 et
613 2251 729 2310 interim
749 2259 919 2329 corruptum
945 2268 1008 2310 esse
1039 2250 1243 2329 falsispernlt

108 2325 256 2406 otiosisque
289 2327 492 2406 opinionibus:
523 2326 558 2386 ad
585 2347 654 2406 quas
684 2326 809 2385 mundus
839 2325 965 2385 subinde
986 2324 1156 2401 delabitur,
1187 2328 1243 2388 uiti

110 2412 220 2471 stimma
248 2402 304 2462 tide
330 2424 364 2466 ae
390 2404 541 2484 prudentia
568 2402 682 2464 obviam
708 2414 774 2461 eant
793 2400 939 2462 Pastores.
991 2400 1122 2461 Primum
1144 2406 1242 2464 estut

109 2496 227 2559 temper
247 2493 371 2560 urgeant
382 2480 462 2559 quod
474 2479 560 2539 docet
572 2479 637 2539 loel
652 2484 696 2558 (2,
707 2481 780 2558 13.),
800 2478 959 2539 scindenda
978 2498 1040 2538 esse
1060 2479 1159 2552 corda,
1179 2490 1242 2541 non

108 2561 295 2615 vestimenta:
318 2556 373 2616 boe
394 2564 447 2630 est',
466 2555 645 2616 admoneant
664 2557 797 2650 plebem,
829 2575 890 2615 non
910 2555 1008 2690 mapni
1028 2574 1082 2635 per
1100 2575 1131 2615 ae
1152 2558 1243 2615 aesti'·

109 2632 218 2693 maria
238 2634 304 2691 Deo
324 2633 472 2704 ieiunium,
492 2632 547 2692 nisi
565 2633 639 2692 adsit
662 2628 788 2691 rnt⁴erior
808 2631 904 2691 cordis
924 2633 956 2690 al'
967 2642 1062 2703 ectus,
1082 2652 1148 2690 vera
1169 2651 1241 2710 per-

110 2711 168 2771 tati
188 2721 218 2767 et
236 2709 279 2767 sui
300 2710 388 2790 ipsius
408 2709 608 2788 displicentia,
639 2728 705 2770 vera
727 2708 906 2782 humiliatio,
937 2716 1080 2796 terrisque
1100 2708 1187 2767 dolor
1207 2720 1241 2769 e'a

108 2784 218 2852 'timore
237 2784 303 2844 Dei.
352 2785 416 2845 lmo
436 2785 575 2845 ieiunium
608 2805 668 2844 non
695 2785 777 2844 aliam
800 2784 839 2842 ob
867 2804 980 2843 causam
1001 2784 1072 2841 utile
1092 2803 1165 2858 esse,
1185 2785 1242 2844 nisi

110 2861 192 2941 quod
212 2861 271 2921 istis
290 2861 402 2922 accedit
421 2863 502 2921 velut
528 2861 650 2919 inferius
674 2859 890 2920 adminiculum.
940 2858 1021 2918 Nihil
1045 2859 1123 2918 enim
1150 2860 1242 2942 magis

109 2949 276 2998 exsecratur
292 2939 389 3011 Deus,
414 2957 498 3016 quam
520 2937 587 2995 drrm
621 2937 753 2997 homines
784 2937 865 3027 signa
885 2946 915 2995 et
940 2945 1086 2994 externam
1111 2938 1240 3014 speciem

108 3035 167 3099 pru
187 3015 283 3076 cordis
303 3016 470 3074 innocentia
483 3013 662 3087 obiiciendo,
682 3013 779 3073 sucum
800 3013 855 3073 sabi
876 3012 973 3071 facere
993 3022 1148 3071 conantur.
1179 3012 1241 3072 lta-

108 3110 168 3172 que
189 3091 218 3149 in
240 3092 314 3150 hanc
340 3092 505 3170 hypocrisin
526 3090 704 3150 severissime
723 3089 869 3148 invehitur
889 3089 1009 3163 lesaias,
1040 3088 1119 3166 quod
1139 3089 1242 3151 ludaei
1335 3154 1341 3163 ,

109 3169 286 3229 satisfactum
298 3169 366 3225 Deo
388 3178 536 3245 putarent,
557 3166 606 3224 ubi
626 3167 827 3226 ieiunaverant
847 3166 994 3240 duntaxat,
1015 3176 1165 3245 utcunque
1185 3168 1241 3225 imt·

108 3246 249 3324 pietatem
277 3256 307 3303 et
337 3246 461 3323 impuras
481 3245 676 3322 cogitationes
702 3245 731 3302 in
758 3243 856 3301 animo
884 3243 1030 3302 loverent.
1069 3242 1239 3322 „Numquid

108 3323 169 3381 tale
182 3334 226 3381 est
240 3321 352 3401 (iuquit
365 3341 426 3399 cap.
437 3324 533 3397 58‚5.)
553 3320 693 3377 ieiunium
706 3319 785 3398 quod
800 3319 944 3378 Dominus
965 3317 1095 3400 elegit?“
1115 3331 1145 3378 et
1165 3340 1241 3399 qnae

109 3410 279 3475 sequuntur.
332 3399 401 3458 Non'
422 3396 510 3487 igitur
531 3396 639 3454 inutilis
664 3397 754 3455 modo
774 3415 807 3455 ac
832 3415 1009 3474 supervacua
1036 3395 1168 3477 litigatio
1195 3410 1240 3458 est

109 3471 327 3556 hypocritarum
346 3473 502 3544 ieiumum,
522 3471 572 3531 sed
593 3473 712 3531 maxima
732 3472 924 3531 abominatio.
948 3504 988 3517 -
1010 3470 1158 3551 &Alterum
1178 3494 1241 3533 ma·

105 3548 169 3609 lum
191 3548 258 3607 buic
277 3549 365 3608 allino
383 3567 568 3626 summopere
589 3548 747 3607 cavendum
768 3560 821 3624 est,
841 3568 879 3606 ne
900 3566 1058 3627 prooperc
1077 3549 1241 3627 meritorio,

108 3636 160 3684 aut
191 3624 289 3704 specie
318 3626 406 3683 divini
440 3624 535 3684 cultus
565 3635 725 3686 censeatur.
772 3626 847 3686 Nam
873 3645 962 3703 quom
987 3624 1101 3684 sitres
1129 3644 1183 3705 per
1207 3647 1240 3688 se

108 3700 220 3772 media,
251 3719 306 3761 nec
332 3701 483 3781 quicquam
506 3700 612 3759 habeat
636 3701 778 3760 momenti
805 3700 858 3761 nisi
885 3712 1011 3780 propter
1029 3720 1080 3760 eos
1100 3701 1191 3776 fines,
1207 3703 1240 3765 in
1326 3750 1338 3767 κ

108 3796 184 3856 qnos
196 3777 341 3854 respicere
353 3776 451 3852 debet,
471 3776 713 3856 perniciosissima
723 3776 891 3857 superstitio
906 3788 960 3850 eat,
979 3776 1161 3837 confundere
1173 3800 1240 3841 eum

107 3853 248 3929 operibus
267 3873 283 3911 a
300 3852 365 3912 Deo
386 3853 539 3926 mandatis,
560 3865 589 3913 et
607 3874 663 3945 per
683 3872 714 3912 se
734 3853 914 3928 necessariis,
934 3873 995 3913 uon
1015 3851 1075 3912 alio
1093 3872 1159 3931 res,
1180 3866 1239 3917 ctu.

107 3930 183 3988 Tale
209 3929 264 3986 luit
284 3928 354 3987 olim
380 3928 513 3988 delirium
534 3929 787 3989 lllamcbaeorum:
815 3949 888 4006 quos
914 3929 981 3988 dum
1008 3927 1117 3989 refellit
1165 3950 1241 4012 ugo.

106 4007 199 4073 sunus
214 4008 247 4082 *)
267 4005 335 4066 satis
355 4004 433 4065 clare
453 4006 557 4084 docet,
588 4006 729 4067 ieiunium
748 4004 867 4066 nonnisi
889 4004 925 4066 ab
946 4005 981 4064 iis
1001 4026 1076 4086 quos
1095 4007 1153 4067 disi
1174 4009 1240 4069 fini·
1280 4030 1283 4035 ·

106 4323 150 4377 'ib'
165 4255 208 4380 ἑὲ
229 4255 271 4311 el·
290 4259 397 4326 lupun·
415 4260 448 4313 de
477 4259 573 4312 morib.
598 4258 714 4313 stasim.
737 4258 782 4312 lib.
799 4259 823 4313 2
846 4276 901 4328 cap.
918 4256 959 4312 13.
982 4268 1015 4308 et'
1030 4268 1100 4309 eont-
1115 4255 1239 4310 Faustum
