2700 4732
514 242 592 308 ¹Llll.
613 246 667 309 tv.
706 246 795 313 CAP.
815 244 869 306 vt.
947 278 950 283 ⁴
1074 273 1077 276 ⁴
1203 250 1264 314 243

127 392 179 487 qui
191 403 278 474 caput
288 402 331 454 est
343 390 491 467 ecclesiae,
508 391 664 471 vicarium)
685 391 746 453 eius
766 391 835 452 loco
849 390 989 450 ecclesiae
1001 388 1157 450 universali
1176 410 1263 470 prae-

109 468 239 534 'srdere2
261 490 315 530 nec
335 468 420 529 aliter
438 468 517 528 bene
537 470 725 528 constitutam
747 466 909 541 ecclesiam,
928 467 984 526 nisi
1003 467 1086 528 sedes
1105 466 1155 527 illa
1174 488 1263 548 super

127 547 198 609 alias
218 566 320 606 omnes
339 542 496 628 primatum
516 557 624 604 teneat.
669 545 872 620 Quamobrem
892 543 950 602 hoc
970 560 1090 624 quoque
1110 543 1195 623 quale
1214 545 1262 620 sit,

129 623 331 684 excutiendum
353 634 412 682 est:
433 621 551 702 nequid
573 625 751 696 omittamus,
772 621 852 702 quod
871 622 906 681 ad
927 621 1033 680 iustum
1053 619 1192 681 ecclesiae
1211 640 1260 681 re·

128 701 227 784 gimen
249 701 402 779 pertineat.

203 783 232 839 2.
272 777 329 835 Hic
349 774 438 855 igitur
456 773 494 832 sit
513 772 691 852 quaestionis
710 784 816 846 status,
848 772 954 833 Utrum
974 772 1010 832 ad
1030 792 1127 833 reram
1148 774 1261 834 hierar·

83 852 85 858 ’
128 851 211 914 chiae
231 853 279 930 (ut
297 853 418 925 vocant>
442 869 494 909 seu
514 850 702 910 ecclesiastici
722 851 833 910 ordinis
853 850 998 909 rationem
1020 869 1138 911 necesse
1156 850 1195 911 sit
1213 869 1261 911 so·

122 929 196 1005 ‚dem
217 948 302 988 unam
322 929 402 986 inter
421 925 489 986 alias
511 939 540 986 et
560 927 701 1008 dignitate
720 938 751 985 et
766 937 917 1019 potestate
937 925 1083 996 eminere,
1102 938 1136 986 ut
1154 927 1192 987 sit
1210 937 1259 987 to·
1298 945 1303 959 ¹

127 1005 186 1066 tius
206 1005 338 1084 corporis
359 1014 455 1081 caput.
494 1004 556 1064 Nos
570 1024 641 1063 sero
661 1003 746 1062 nimis
765 1003 871 1081 iniquis
891 1002 1003 1084 legibus
1022 1002 1188 1064 subiicimus
1209 1023 1260 1064 ec·

128 1079 264 1154 clesiam,
292 1085 316 1140 si
336 1079 410 1138 hanc
431 1079 458 1138 ei
480 1079 680 1138 necessitatem
700 1079 763 1138 sine
781 1079 874 1139 verho
894 1078 953 1139 Dei
973 1079 1127 1140 iniicimus.
1177 1079 1259 1162 Ergo

128 1156 153 1217 si
174 1157 277 1217 volunt
296 1156 430 1215 evincere
450 1155 605 1214 adversarii
638 1154 696 1215 nod
717 1154 877 1234 postulant,
896 1153 1052 1216 ostendere
1063 1176 1114 1216 eos
1135 1155 1261 1236 primum

129 1244 250 1324 oportet
270 1231 471 1291 oeconomiam
493 1231 566 1292 hanc
585 1253 601 1291 a
617 1176 739 1292 Christo
760 1251 822 1292 esse
842 1232 1009 1291 institutam.
1048 1233 1083 1291 In
1104 1233 1178 1292 hanc
1199 1251 1261 1292 rem

129 1321 221 1368 citam
241 1328 274 1366 ex
287 1307 366 1389 Lege
378 1329 520 1367 summurn
532 1307 737 1381 sacerdotium,
757 1329 898 1381 summum
918 1308 987 1368 item
1008 1308 1158 1383 iudicium,
1179 1309 1259 1388 quod

123 1385 209 1461 'Deus
231 1383 441 1476 Hierosolymis
460 1384 617 1444 instituit...
631 1384 674 1443 At
694 1384 784 1444 facilis
797 1397 840 1455 est
851 1384 970 1457 solutio,
989 1405 1081 1465 eaque
1101 1384 1261 1465 multiplex,

127 1461 271 1553 siquidem
292 1482 348 1520 una
368 1459 423 1520 illis
443 1481 503 1520 non
524 1460 688 1521 satisfaciat.
727 1460 873 1536 Primum,
898 1460 977 1540 quod
1004 1461 1035 1520 in
1061 1464 1182 1521 natione
1202 1483 1260 1522 uua

129 1536 188 1597 lust
205 1537 289 1610 utile,
309 1537 338 1596 id
359 1537 387 1596 in
408 1537 574 1597 universum
594 1537 697 1597 orbem
714 1538 870 1597 extendere
891 1537 970 1597 nulla
990 1538 1064 1597 ratio
1085 1539 1180 1619 cogite
1202 1540 1261 1597 imo
1280 1562 1304 1593 x

129 1613 225 1698 gentis
246 1614 330 1673 unius
351 1625 381 1674 et
401 1613 489 1673 totius
510 1613 590 1673 orbis
610 1614 699 1705 longe
712 1613 822 1674 diversa
833 1615 888 1674 erit
907 1613 993 1673 ratio.
1033 1611 1110 1686 Quia
1130 1614 1200 1672 undi
1224 1632 1261 1674 ue

92 1702 96 1717 '
129 1690 166 1751 ah
187 1687 349 1750 idololatris
370 1694 445 1768 septi
466 1702 550 1749 erant
569 1690 685 1763 Iudaei,
705 1710 742 1750 uc
762 1691 937 1771 religionum
959 1689 1097 1749 varietate
1117 1636 1260 1749 distrahe-

128 1777 243 1842 rentur,
265 1766 357 1826 cultus
376 1767 420 1825 sui
439 1767 538 1826 sedem
560 1767 591 1826 iu
610 1766 708 1827 medio
727 1779 823 1826 terrae
843 1768 907 1826 sinu
919 1768 999 1826 [leus
1011 1765 1179 1827 collocavit:
1199 1767 1261 1828 illic

128 1862 219 1903 unum
240 1842 396 1902 antistitem
417 1843 569 1922 praefecit,
590 1863 675 1922 quem
693 1863 796 1903 omnes
816 1845 1006 1923 respicerent,
1025 1864 1085 1923 quo
1106 1842 1208 1902 melius
1226 1843 1259 1903 iu

128 1920 241 1979 unitate
266 1919 500 1979 continerentur.
548 1920 635 1978 Nunc
666 1920 716 1979 ubi
745 1939 816 1978 vera
849 1920 952 2002 religio
978 1920 1009 1978 in
1034 1919 1260 1983 totumorbem

129 1995 234 2056 diflusa
258 2007 316 2070 est,
347 1996 398 2055 uni
429 1996 490 2055 dari
517 1993 647 2056 Orientis
673 2008 702 2056 et
723 1995 892 2058 Occidentis
915 1997 1165 2069 moderationem,
1197 1995 1261 2076 quis

112 2093 190 2133 non
209 2071 307 2132 videat
330 2091 392 2131 esse
416 2093 534 2151 prorsus
559 2073 734 2133 absurdum?
781 2072 910 2132 Perinde
936 2073 1012 2131 enim
1041 2083 1084 2132 est
1107 2074 1165 2132 acsi
1197 2072 1261 2152 quis

127 2148 290 2210 contendat
308 2159 403 2208 totum
424 2150 564 2207 mundum
585 2171 601 2209 a
630 2148 772 2210 rraesecto
792 2171 852 2208 uno
873 2148 989 2209 dehere
1002 2149 1079 2231 regi,
1106 2149 1171 2228 quia
1191 2168 1263 2231 agee

127 2247 203 2285 uuus
223 2245 284 2285 non
310 2224 407 2303 plures
432 2225 597 2304 praefectos
617 2173 731 2286 habeat.
756 2259 795 2272 -
832 2225 892 2285 Sed
920 2237 963 2285 est
987 2224 1077 2285 altera
1103 2225 1261 2286 etiamnum

128 2301 222 2375 ratio,
245 2322 297 2361 cur
315 2300 386 2360 illud
406 2304 436 2359 in
457 2301 648 2361 imitationem
669 2302 746 2363 trahi
771 2323 831 2361 non
853 2302 966 2361 debeat.
1005 2301 1259 2363 Summumillum

126 2377 303 2439 Pontificem
323 2389 424 2469 typum
446 2376 531 2437 luisse
553 2378 663 2439 Christi
682 2399 771 2438 nemo
792 2379 923 2459 ignorat:
951 2384 1027 2439 nuhc
1054 2377 1195 2438 translato
1215 2400 1260 2457 sa·

127 2454 275 2528 cerdotio,
295 2455 337 2514 ius
359 2453 429 2513 rllud
450 2454 600 2514 transferri
620 2455 782 2517 convenit..
806 2456 853 2516 hcl
873 2475 959 2535 quem
980 2472 1070 2537 porro
1091 2455 1261 2516 translatum

127 2529 191 2593 est?
229 2532 298 2591 Non
319 2531 354 2588 od
367 2531 473 2609 Papam
493 2552 572 2606 sone,
594 2543 625 2591 ut
644 2532 707 2612 ipse
726 2532 913 2612 impudenter
930 2535 1036 2592 iactare
1052 2532 1150 2605 audet,
1171 2552 1261 2611 quum

110 2607 186 2668 --lroc
206 2607 240 2667 ad
262 2627 293 2667 se
313 2606 441 2686 elogium
461 2608 564 2667 trahit:
597 2608 647 2668 sed
667 2609 703 2668 ad
725 2609 890 2680 Christum,
920 2609 969 2688 qui
994 2620 1027 2668 ut
1050 2607 1129 2669 solus
1156 2629 1259 2668 munus

127 2685 222 2764 ipsum
241 2685 304 2744 sine
323 2683 431 2744 vicario
452 2696 501 2742 aut
520 2704 688 2745 successore
707 2685 847 2759 sustinet,
878 2686 918 2745 ita
941 2686 1084 2746 honorem
1104 2684 1187 2744 alteri
1209 2704 1260 2743 ne·

128 2758 200 2818 mini
218 2761 354 2840 resignat.
405 2761 473 2818 Non
493 2762 569 2819 enim
590 2761 619 2819 in
640 2762 773 2821 doctrina
793 2763 898 2834 modo,
922 2763 972 2819 sed
995 2762 1024 2820 iu
1050 2761 1261 2840 propitiatione

83 2838 86 2845 ’
127 2835 203 2912 Dei,
234 2857 319 2916 quam
351 2837 380 2894 iu
406 2847 501 2894 morte
521 2858 571 2896 sua
596 2838 712 2917 peregit
737 2837 885 2910 Christus,
916 2848 946 2896 et
972 2836 1018 2896 illa
1039 2837 1260 2913 intercessione,

150 2932 194 3005 ua·
207 2933 285 2974 nunc
304 2913 381 2993 apud
401 2912 516 2972 Patrem
537 2912 670 2994 fungitur
688 2913 796 2993 (Hebr.
809 2914 920 2992 7,11.),
939 2914 1071 2974 consistit
1089 2912 1147 2974 hoc
1166 2933 1262 2974 sacer·

150 3002 253 3050 otium.
1175 2996 1179 3007 ‘

204 3072 233 3133 3.
270 3067 339 3127 Nou
362 3075 405 3125 est
424 3065 513 3146 igitur
526 3065 605 3145 quod
618 3064 750 3145 exemplo
771 3065 840 3138 isto,
859 3065 938 3147 quod
952 3064 1160 3146 temporarium
1174 3065 1261 3128 luisse

125 3143 272 3214 ridemus,
291 3145 372 3223 quasi
384 3156 525 3222 perpetua
547 3140 610 3224 lege
623 3163 676 3202 nos
689 3142 884 3224 obstringant.
924 3144 965 3201 Ex
986 3162 1064 3202 noro
1083 3155 1260 3211 testamento

126 3220 200 3281 nihil
214 3220 332 3288 hahent,
349 3219 429 3298 quod
449 3220 478 3277 in
499 3219 661 3278 sententiae
680 3239 749 3279 suae
761 3219 1012 3279 confirmationem
1023 3219 1185 3298 prolhraot,
1205 3220 1261 3281 nisi

126 3297 209 3375 quod
230 3296 280 3355 uni
307 3297 414 3355 dictum
448 3307 491 3353 est
509 3296 628 3372 (llatth.
648 3301 702 3370 16,
721 3298 798 3373 18.):
832 3297 902 3369 „Tu
922 3315 952 3354 es
971 3296 1090 3356 Petrus:
1124 3308 1153 3355 et
1172 3318 1204 3357 su
1228 3316 1261 3357 er

128 3372 205 3432 hane
234 3385 344 3452 petram
376 3371 536 3431 aedificabo
570 3372 720 3432 ecclesiam
751 3377 873 3431 meam.“
924 3373 997 3431 Item
1023 3372 1082 3449 (Io.
1102 3379 1158 3443 21.
1182 3318 1267 3450 'ld->s

127 3449 241 3526 „Petro
261 3470 337 3508 amas
358 3448 422 3508 me?
470 3468 534 3506 osce
554 3468 622 3507 oves
642 3453 750 3508 meas.“
793 3448 903 3508 Verum
930 3461 961 3508 ut
985 3449 1085 3508 firmae
1111 3449 1169 3508 sint
1187 3450 1260 3509 istae

87 3583 92 3587 .
126 3525 331 3607 probationes,
351 3469 508 3584 ostendint
526 3525 669 3603 imprimis
689 3536 818 3604 oportet,
838 3527 865 3584 ei
884 3526 1015 3584 mandari
1034 3537 1210 3604 potestatem
1229 3526 1260 3585 in

128 3621 232 3663 omnes
251 3601 396 3676 ecclesias,
416 3602 464 3680 qui
486 3621 603 3680 pascere
617 3601 726 3661 Christi
745 3614 864 3683 gregem
885 3601 1015 3661 iubetur:
1037 3621 1091 3661 nec
1111 3601 1261 3663 aliudesse

128 3677 221 3762 ligare
241 3690 272 3746 et
290 3677 420 3750 solvere,
449 3699 536 3768 quam
556 3679 610 3737 toti
632 3678 741 3738 mundo
762 3678 934 3757 praesidere.
978 3674 1068 3757 Atqui
1088 3688 1120 3735 ut
1140 3676 1260 3738 marida-

127 3766 192 3816 tum
212 3752 318 3815 Petrus
339 3776 355 3814 a
375 3754 505 3814 Domino
527 3765 689 3832 acceperat,
709 3753 747 3813 ita
767 3754 839 3814 alios
859 3774 961 3814 omnes
980 3751 1260 3832 presbyteroshor-

127 3842 209 3891 tatur
228 3842 262 3890 ut
281 3843 402 3911 pascant
422 3829 571 3890 ecclesiam
591 3830 630 3908 (l.
650 3830 715 3889 Pet.
735 3837 769 3905 5,
788 3833 841 3907 2,).
882 3829 939 3890 Hic
959 3829 1100 3909 colligere
1121 3830 1191 3890 li'cet
1209 3841 1260 3891 aut

127 3906 179 3968 illa
201 3907 311 3968 Christi
330 3927 403 3968 voce
423 3905 496 3966 nihil
517 3906 669 4000 prae-aliis
689 3905 786 3967 datum
808 3926 869 3968 esse
880 3905 987 3966 Petro:
1007 3917 1057 3967 aut
1075 3906 1197 3967 Petrum
1216 3907 1260 3968 ius

151 3984 212 4044 uod
233 3996 387 4064 acceperat
406 4005 471 4043 cum
492 3983 553 4043 altis
573 4002 721 4062 exaequo
741 3983 979 4044 communicasse.
1000 4019 1038 4032 -
1076 3982 1204 4058 Verum,
1222 4002 1261 4045 ue

90 4092 93 4097 ·
143 4073 237 4121 rustra
258 4061 413 4141 litigemus,
434 4059 572 4120 habemus
592 4059 663 4119 alibi
682 4054 876 4138 (Io.20,23.)
888 4057 1003 4118 claram
1024 4079 1057 4118 ex
1077 4078 1130 4119 ore
1150 4054 1262 4120 Christi

130 4137 361 4217 expositionem,
403 4136 450 4196 uid
471 4136 509 4195 sit
526 4136 618 4219 ligare
638 4135 815 4207 etsolvere:
836 4154 902 4196 nem
926 4148 945 4195 e¹
962 4135 1091 4195 retinete
1111 4146 1141 4195 et
1160 4132 1262 4208 remit-

131 4223 196 4274 tere
215 4225 344 4293 peccuta.
418 4213 506 4272 udum
527 4231 596 4272 vero
617 4212 724 4294 ligandi
745 4225 775 4273 et
793 4155 927 4274 solvendi
945 4232 1011 4272 cum
1031 4211 1189 4292 Scriptura¹
1201 4222 1264 4274 tota

131 4289 237 4368 passim
258 4288 398 4360 ostendit,
417 4301 480 4347 tum
500 4287 607 4349 Paulus
626 4290 738 4370 optime
757 4288 897 4365 declarat,
916 4308 1008 4368 quum
1026 4286 1097 4349 dicit
1115 4288 1172 4368 (ΙΙ.
1192 4288 1266 4361 Cor.

131 4372 161 4438 ὁ,
181 4370 229 4432 18.
251 4378 282 4426 et
300 4371 350 4444 10,
369 4367 449 4443 att),
479 4364 631 4449 Evangelii
648 4364 928 4428 ministros-hahere
945 4363 1122 4487 praedatum
1137 4362 1285 4424 recesset*
1338 4404 1345 4411 .
