2700 4732
101 218 173 285 tto·
484 210 564 275 LIB.
582 210 643 275 111.
681 212 773 277 cte.
791 212 857 275 XX.
945 242 952 255 e
1029 216 1033 223 '

182 361 232 424 17.
271 352 402 431 Quando
417 373 490 418 rero
509 376 599 418 nemo
618 368 664 419 est
684 355 837 418 hominum
858 356 976 438 dignus,
994 355 1048 437 qui
1066 374 1098 419 se
1109 354 1182 417 Deo
1198 374 1242 419 se·

107 443 288 573 praeseppet,
305 453 341 525 aq
358 432 471 570 iuleips
491 446 682 570 cepnspectum
701 435 841 571 prodeat:
859 435 922 570 spire
941 433 1079 526 coelestis
1094 432 1198 527 Pateg,
1212 444 1243 495 st

107 533 165 573 nos
245 528 299 570 ore
318 530 391 571 semu
422 528 439 569 e
472 530 519 569 me
534 534 553 569 u
574 530 700 570 sumere
780 534 809 570 ιιι
833 531 889 571 nos
919 530 952 572 os
971 530 1107 571 omnium
1133 528 1242 571 anemos

110 532 239 649 delinire
269 585 433 661 dehebant,
462 586 570 646 Filium
598 587 686 647 nohis
715 532 799 648 dudm
825 586 948 648 donavit
971 586 1071 647 lesum
1096 585 1242 649 Christo·

108 664 271 754 Dominpm
291 675 438 723 nostrum:
454 664 514 753 ‘qui
533 663 609 744 apud
630 664 726 742 ipsum
746 663 831 723 nohis
851 666 889 724 sit
908 664 1067 755 advocatus
1086 674 1119 722 et
1138 661 1242 723 media·

109 753 172 894 ili}
190 760 279 890 iiii,
288 738 379 895 {tlt
397 738 1243 896 ὲέιὲ1Ἇὶι;ῑ““;,ἱῖιἕῑέιξῖἰῗῑῐίΐὲἓιὲέἑξὲἳῖἕὶἒιῗῑὶ

112 893 158 955 illi
176 914 195 955 a
212 892 301 952 Patre
321 889 393 951 nihil
413 891 552 973 denegari
572 903 671 972 potest
689 891 726 970 [Ι.
748 892 824 952 Τίιιι.
842 899 873 966 2,
893 899 921 956 5.
943 892 968 950 I.
988 892 1035 952 Io.
1054 898 1084 964 2,
1105 897 1135 955 1.
1154 891 1194 953 cl.
1209 912 1241 951 st.

115 976 164 1037 36.
184 981 215 1031 et
232 976 278 1035 37.
298 1011 306 1026 .
344 967 443 1047 Atque
469 967 527 1029 huc
552 969 674 1028 omnino
694 968 800 1028 referri
820 988 939 1028 necesse
959 978 1017 1041 est,
1038 967 1180 1048 quicquid
1196 988 1261 1039 w,

115 1047 201 1108 tehac
220 1045 257 1105 de
297 1044 333 1104 de
359 1044 525 1104 docuimuss
551 1046 619 1122 quia
643 1045 727 1105 sicuti
751 1045 906 1126 promissio
927 1043 1077 1105 Christum
1102 1042 1242 1103 mediato-

113 1143 179 1185 rem
203 1120 289 1183 nobis
315 1120 515 1195 commendat,
545 1120 588 1182 ita
613 1122 670 1181 nisi
694 1141 760 1200 spes
784 1120 959 1200 impetrandi
984 1138 1021 1182 eo
1051 1118 1179 1181 subnixa
1199 1118 1243 1197 sit,

115 1197 221 1261 orandi
241 1196 388 1257 beneficio
407 1215 440 1258 se
460 1198 561 1277 privat.
607 1197 683 1258 Nam
702 1198 822 1258 simulac
846 1197 877 1256 in
902 1207 1031 1256 mentem
1051 1196 1136 1257 veuit
1153 1194 1244 1256 horri-

115 1274 184 1337 hilis
202 1274 261 1334 Dei
280 1273 423 1348 maiestas,
442 1273 505 1333 lieri
525 1295 586 1335 non
606 1285 706 1353 potest
724 1274 795 1352 quin
815 1292 1050 1353 expavescamus,
1071 1292 1108 1332 ac
1128 1291 1185 1333 nos
1202 1270 1245 1331 in-

118 1351 147 1411 di
170 1350 268 1411 nitatis
288 1350 424 1431 propriae
443 1351 555 1431 agnitio
601 1349 684 1439 rocul
709 1349 823 1442 abigat,
855 1351 951 1440 donec
970 1350 1083 1440 medius
1103 1358 1246 1424 occurrat,

111 1372 262 1504 ›CCristun
285 1427 335 1505 qui
353 1426 459 1487 solium
480 1426 568 1487 lormi
590 1426 672 1485 abilis
685 1426 797 1507 gloriae
816 1426 846 1485 in
867 1424 971 1487 solium
985 1437 1100 1507 gratiae
1119 1444 1247 1487 commn-
1286 1482 1288 1493 ,

116 1515 176 1565 tet:
207 1503 294 1565 sicuti
319 1502 405 1563 etiam
431 1503 518 1563 docet
535 1502 697 1582 Apostolus
717 1502 809 1581 (Heh.
828 1509 865 1578 4,
884 1503 964 1578 to),
994 1513 1028 1561 ut
1055 1522 1147 1576 „cum
1172 1498 1248 1561 omui

116 1579 221 1641 fiducia
247 1599 388 1672 apparere
407 1579 579 1654 audeamus,
599 1579 827 1639 misericordiam
848 1599 937 1638 conse
958 1579 1059 1639 uuturi
1077 1589 1112 1637 et
1152 1577 1247 1637 ration
1271 1644 1274 1649 ,

116 1657 266 1719 inventuri
284 1677 314 1716 m
334 1656 441 1717 auxilio
462 1658 668 1748 opportuno.“
705 1656 805 1734 Atque
823 1666 858 1713 ut
868 1655 927 1713 Lex
939 1600 980 1713 de
999 1596 1173 1715 invocando
1186 1653 1248 1713 Deo
1272 1668 1275 1677 ·

117 1735 213 1826 posita
232 1743 294 1825 cst,
324 1744 357 1791 ut
373 1752 529 1825 prpmrssso
550 1731 634 1805 data,
654 1731 818 1824 exauditum
839 1732 875 1790 iri
897 1731 947 1810 qui
965 1730 1187 1822 invocaverint:
1212 1734 1250 1791 ita

117 1831 149 1870 sn
169 1830 289 1870 nomme
309 1809 420 1870 chron
438 1828 579 1869 rovocare
597 1808 782 1887 peculiariter
800 1806 951 1899 iubemur,
975 1820 1249 1899 etpromuuoneu

118 1885 259 1947 habemus
277 1886 470 1977 propositam,
488 1886 695 1964 impetraturos
711 1885 791 1963 quod
812 1904 919 1945 merus
939 1896 1249 1976 nomrnnepetsennus·

119 1963 420 2117 ggagtppppe(rlrpeprpp
436 1961 838 2118 dititiel’eiiiciipileii’s.24ih
857 1971 1250 2127 illisndiheih'siihrhlidiqhdens

119 2117 261 2251 „petetisa
288 2126 318 2174 et
337 2114 474 2194 quicquid
504 2115 663 2195 petieritis,
692 2114 810 2188 faciam,
841 2125 874 2172 ut
899 2112 1082 2193 glorificetur
1108 2114 1202 2174 Pater
1221 2130 1250 2171 ιι

120 2235 140 2269 tt

154 2192 251 2251 'ilio.“
288 2191 368 2251 Hinc
386 2192 449 2251 sine
468 2190 669 2251 controversia
690 2190 798 2250 clarum
819 2201 873 2264 est,
893 2190 1014 2269 eosqui
1034 2189 1063 2249 in
1086 2188 1249 2270 alioque!
1286 2264 1288 2271 Ι

122 2268 233 2329 Christi
253 2268 374 2327 nomine
393 2267 489 2326 Deum
509 2268 663 2343 invocant,
682 2267 759 2327 illius
778 2269 852 2327 iussa
872 2265 1088 2327 contumaciter
1108 2264 1250 2345 praenet-
1285 2284 1288 2333 ι

122 2344 193 2418 cari,
212 2343 435 2417 acvoluntatem
457 2364 512 2423 pro
533 2344 623 2403 nihilo
644 2356 796 2434 reputare:
817 2341 1006 2402 nullamvero
1027 2342 1249 2421 promissione
1286 2356 1288 2409 ξ

120 2417 231 2480 hahere
250 2419 403 2499 quicquam
422 2420 606 2500 impetrandi.
657 2419 827 2511 Siquidem,
856 2431 890 2479 ut
914 2420 955 2478 ait
972 2418 1080 2478 Paulus
1101 2418 1163 2498 (ll.
1185 2417 1250 2478 Cor.

121 2502 138 2561 1
170 2496 243 2571 211),
262 2515 386 2570 „omnes
403 2495 460 2554 Ilei
480 2495 686 2574 promissiones
704 2517 737 2554 ιιι
752 2496 870 2558 Christo
890 2506 959 2555 suut
973 2496 1062 2555 etiam
1084 2506 1117 2555 et
1134 2492 1250 2555 aneta*

85 2610 94 2645 ¹.
122 2539 154 2633 id
173 2584 228 2644 est,
247 2570 459 2633 confirmantur
477 2583 508 2631 et
526 2572 693 2650 implentur.

5 2660 8 2667 '
197 2653 245 2713 18.
282 2651 327 2708 Ac
352 2647 510 2731 diligenter
533 2648 661 2708 notanda
686 2659 731 2708 est
754 2648 970 2708 circumstantia
994 2648 1156 2727 temporis,
1190 2645 1250 2706 dun

124 2724 259 2789 Christus
278 2723 437 2804 discipulos
456 2724 492 2785 ad
512 2745 591 2784 suam
611 2724 854 2785 intercessionem
874 2723 957 2784 iuhet
976 2722 1156 2806 confugere,

122 2823 209 2882 quam
228 2802 259 2860 iu
280 2800 395 2861 coelum
414 2800 587 2861 escenderit.
625 2802 683 2875 „ln
702 2801 751 2861 illa
772 2802 843 2861 hora
862 2801 906 2878 (in
930 2801 974 2860 uit
993 2801 1038 2860 lo.
1055 2807 1106 2875 16,
1119 2802 1186 2878 26.)
1203 2816 1251 2891 pfl·

122 2879 190 2939 tetis
209 2878 239 2937 in
261 2878 380 2937 nomine
403 2881 502 2938 meo.“
543 2877 666 2937 Certum
691 2877 809 2957 quidem
836 2890 919 2938 esta
966 2877 1051 2937 initio
1079 2897 1143 2938 noo
1171 2876 1251 2935 tune

121 2953 280 3029 exauditos,
299 2955 468 3034 quicunque
487 2955 599 3034 precati
616 2967 700 3025 sunt,
719 2954 774 3013 nisi
793 2954 964 3014 Mediatoris
982 2953 1085 3035 gratia.
1125 2953 1191 3016 Hac
1209 2970 1252 3012 ra-

43 3074 49 3093 .
121 3031 205 3091 tione
224 3031 389 3090 instituerat
407 3031 437 3089 in
458 3030 538 3123 Lege
558 3031 639 3091 Deus
657 3030 763 3110 (Exod.
782 3036 830 3105 ⁶28,
849 3038 877 3095 9.
897 3037 943 3094 12.
964 3042 995 3090 et
1012 3031 1094 3106 21),
1120 3041 1156 3089 ut
1179 3027 1252 3091 solut

122 3106 257 3168 sacerdos
281 3108 476 3167 sanctuarium
501 3107 669 3188 ingrediens
694 3118 825 3189 gestaret
848 3108 878 3166 in
904 3108 1030 3167 humeris
1054 3106 1181 3166 nomina
1205 3102 1253 3166 tri·

122 3182 213 3242 houm
224 3181 325 3258 lsrael,
345 3194 375 3243 et
393 3182 517 3243 totidem
537 3194 606 3242 ante
627 3195 727 3262 pectus
747 3183 856 3261 lapides
876 3183 1036 3264 pretiosos:
1056 3181 1191 3263 popolus
1208 3200 1254 3241 au·

121 3270 183 3320 tem
205 3258 308 3336 procul
326 3270 417 3319 staret
437 3260 467 3318 in
487 3260 578 3333 atrio,
603 3272 691 3339 atque
716 3260 785 3319 inde
805 3271 872 3320 vota
898 3282 949 3321 sua
973 3260 1176 3340 coniungeret
1194 3276 1254 3319 eu

122 3334 285 3395 sacerdote.
338 3335 526 3408 Quinetiam
551 3335 608 3395 huc
627 3334 743 3395 valebat
760 3337 932 3396 sacrificium
953 3348 986 3396 ut
1004 3347 1086 3394 ratae
1107 3346 1255 3396 essentne
1286 3370 1288 3405 ;

122 3408 223 3470 firmae
242 3430 351 3489 preces.
393 3411 474 3491 Ergo
501 3412 548 3471 illa
570 3411 728 3472 umhratilis
748 3412 835 3494 Legis
854 3413 1021 3472 ceremonia
1042 3411 1149 3471 docuit
1168 3408 1255 3472 arceri
1286 3422 1288 3489 l

122 3507 179 3548 nos
198 3506 301 3547 omnes
319 3507 337 3546 a
358 3486 431 3547 lacie
451 3488 523 3563 Ilei,
543 3487 669 3566 ideoque
689 3488 851 3548 mediatore
871 3511 946 3568 opus
966 3508 1043 3563 esse,
1063 3490 1117 3623 spui
1136 3488 1256 3550 nomine

122 3575 228 3624 nostro
246 3574 395 3643 appareat,
414 3584 528 3643 nosque
547 3575 643 3645 gestet
662 3564 691 3623 in
713 3564 849 3639 humeris,
869 3577 900 3625 et
918 3566 1034 3645 pectori
1053 3586 1068 3624 a
1085 3564 1197 3647 ligatos
1214 3576 1256 3625 te·

122 3651 208 3714 neat,
226 3652 260 3699 ut
278 3641 308 3700 in
329 3642 389 3699 eius
409 3659 534 3720 persona
558 3642 757 3701 exaudiamur:
784 3641 890 3701 deinde
913 3642 1062 3723 sanguinis
1088 3642 1257 3723 aspersione

121 3735 225 3795 preces
244 3715 390 3789 mundari,
431 3738 479 3776 uas
499 3716 610 3796 alioqui
629 3738 777 3796 nunquam
796 3717 931 3778 sordibus
951 3739 1053 3779 vacuas
1072 3718 1256 3779 essedictuu

124 3803 178 3852 est.
215 3792 255 3852 tlt
274 3792 403 3853 videmus
446 3803 558 3868 anctos,
579 3815 668 3872 quum
688 3794 845 3873 impetrare
864 3794 974 3874 aliquid
994 3805 1159 3875 cuperent,
1178 3811 1256 3875 spem

123 3888 206 3928 suam
225 3870 255 3928 in
279 3867 424 3929 sacrificiis
448 3869 600 3930 fundasse:
627 3871 694 3948 quia
718 3869 850 3930 sciebant
872 3884 1010 3931 votorum
1036 3871 1174 3931 omnium
1199 3888 1257 3931 esse

123 3946 299 4006 sanctiones.
337 3943 545 4019 „Recordatur
562 3944 721 4006 oblationis
739 3959 807 4006 tuae
826 3947 939 4026 (inquit
958 3946 1051 4007 David
1069 3947 1243 4022 Psal.‘)‚(t,4.

124 4032 156 4080 et
174 4021 377 4081 holocaustum
396 4032 478 4081 tuum
497 4022 608 4110 pingue
628 4022 761 4083 reddat.“
810 4024 889 4082 Hinc
909 4023 1075 4105 colligitur,
1098 4024 1204 4085 Deum
1223 4043 1238 4083 a
1287 4078 1288 4083 ,

121 4095 209 4159 initio
229 4096 338 4160 Christi
358 4098 566 4177 deprecatione
585 4097 673 4159 luisse
693 4099 852 4177 placatum,
878 4111 910 4158 ut
936 4100 1051 4180 piorum
1075 4112 1148 4162 rota
1169 4100 1258 4163 susci-

121 4184 217 4253 peret.
265 4174 328 4235 Cur
347 4192 420 4256 ergo
439 4195 544 4234 novam
565 4173 667 4235 horam
686 4175 813 4257 assignat
833 4175 977 4251 Christus,
996 4198 1053 4257 qua
1072 4177 1105 4238 in
1125 4198 1184 4239 suo
1204 4198 1259 4239 uo-

121 4250 202 4313 miue
221 4269 308 4313 orare
326 4249 469 4332 incipient
487 4250 636 4331 discipuli,
662 4253 718 4315 nisi
737 4252 806 4333 quia
827 4253 898 4316 haec
917 4253 1028 4336 gratia,
1047 4265 1082 4315 ut
1101 4266 1149 4319 cst
1167 4253 1258 4319 hodie
1286 4298 1288 4351 Ι
