2700 4732
500 210 578 271 tm.
596 210 654 273 111.
694 210 784 275 Cdl’.
802 210 844 272 11.
1185 218 1249 283 3oe

106 370 167 420 tur.
210 357 318 438 Neque
348 355 428 417 enim
456 354 588 438 singulos
615 353 751 419 bomines
770 355 925 431 admonet,
953 355 1005 417 sed
1024 358 1247 451 comparatione

105 436 190 496 inter
206 433 332 495 ludaeos
352 444 383 493 et
402 431 515 494 Gentes
533 431 639 513 posita,
658 443 812 513 postquam
832 432 898 493 illos
911 433 1081 495 ostenderat
1099 435 1247 497 austasiu-

106 509 289 572 erednlitatis
308 521 339 569 et
356 508 573 591 ingratitudinis
593 510 624 568 iu
645 528 682 569 eo
702 529 818 590 poenas
833 509 913 584 dare,
929 509 1010 589 quod
1020 511 1123 572 reiecti
1134 524 1244 590 essent,

106 587 161 649 tas
179 587 267 649 etiam
286 584 422 647 bortatur
440 605 479 645 ne
498 584 696 665 superbiendo
715 607 750 646 ac
768 606 832 647 sese
851 584 1018 660 efferendo,
1036 587 1157 668 gratiam
1169 588 1244 649 ado·

94 663 220 758 'ptionia
239 681 335 742 nuper
353 662 389 721 ad
409 682 440 722 se
465 663 633 722 translatam
659 661 804 722 amittant.
863 660 1119 735 Quemadmodum
1144 676 1243 728 antem

108 761 142 802 nn
160 736 210 800 illa
226 738 405 799 ludaeorum
424 738 585 799 reiectione
603 750 777 820 supererant
793 738 882 818 aliqui
902 758 936 798 ex
947 738 1026 829 ipsis,
1045 739 1096 818 qui
1115 739 1151 800 ab
1171 740 1244 801 ado·

108 814 222 899 ptionia
241 814 362 876 loedere
381 813 501 874 minime
522 814 701 875 exciderant:
721 815 760 876 ita
777 826 915 894 poteraut
933 814 1022 894 aliqui
1042 835 1075 874 ex
1095 814 1244 881 Gentibus

108 888 342 974 emergere-qni
353 889 416 951 sine
435 911 506 951 vera
525 890 595 965 fide,
613 902 726 952 tantum
745 891 834 953 stulta
853 890 949 952 carnis
968 891 1145 952 confidentia
1156 893 1244 955 iolla·

108 978 234 1045 rentur,
258 980 347 1046 atque
371 968 412 1026 ita
431 966 625 1028 abuterentur
643 966 673 1026 in
693 989 774 1028 suam
793 967 953 1058 perniciem
972 966 1030 1027 Dei
1050 966 1120 1027 beni
1144 970 1243 1032 nitate.

109 1044 227 1105 Vermn
243 1042 353 1103 ammai
373 1042 474 1105 electis
492 1065 526 1105 ac
545 1042 681 1104 fidelibus
701 1044 758 1104 boc
776 1045 884 1105 drotum
903 1043 1039 1125 accipias,
1058 988 1183 1105 altiles
1202 1066 1240 1108 eo

108 1130 251 1212 aequet:
266 1118 458 1181 in'eommodi.
495 1120 584 1180 Aliud
610 1124 689 1180 enim
709 1133 753 1180 est
772 1122 982 1196 temeritatem,
1002 1140 1076 1200 quae
1096 1141 1129 1180 es
1148 1122 1245 1185 carnis

109 1196 242 1287 reliqniis
259 1195 406 1269 interdum
426 1196 532 1256 sanctis
551 1196 679 1286 obrepit,
708 1197 879 1276 reprimere,
899 1216 937 1257 ne
963 1197 1043 1256 inani
1063 1197 1244 1260 confidentia

109 1272 252 1334 laciniae:
284 1270 363 1333 aliud
382 1274 589 1333 conscientiam
610 1286 715 1333 tunore
734 1272 907 1354 percellere,
924 1293 963 1332 ne
982 1273 1070 1354 pleua
1088 1275 1244 1336 securitate

107 1350 143 1411 in
161 1349 220 1409 Dei
238 1348 440 1417 misericordia¹
456 1350 627 1428 acquiescat.

188 1430 236 1491 τῇ.
274 1424 392 1485 Deinde
411 1422 462 1484 ubi
481 1426 570 1485 docet
588 1424 679 1503 (tait.
698 1431 728 1500 2,
748 1428 828 1505 12),
858 1437 892 1486 ut
914 1447 980 1487 cum
1005 1426 1112 1487 timore
1132 1439 1163 1488 et
1181 1439 1244 1490 tre-

109 1521 196 1564 more
215 1521 374 1581 operemur
393 1501 514 1561 salutem
534 1514 678 1578 nostram,
708 1524 770 1563 nou
797 1502 874 1563 aliud
894 1504 983 1597 exigit
1001 1503 1057 1563 nisi
1076 1516 1110 1563 ut
1128 1505 1160 1564 in
1177 1506 1245 1565 Do·

107 1578 183 1641 mini
203 1578 350 1649 virtutem,
368 1598 434 1638 cum
453 1577 543 1638 multa
563 1578 657 1638 nostri
678 1579 854 1653 deiectione,
873 1600 1020 1660 suspicere
1040 1600 1245 1643 assuescamus.

98 1654 270 1716 ·-Enimrero
290 1654 363 1714 nibil
382 1664 439 1715 tam
461 1675 515 1715 nos
534 1655 569 1714 ad
589 1654 726 1725 fiduciam
743 1656 945 1717 certitudinem
970 1675 1006 1715 ue
1025 1656 1114 1716 animi
1134 1656 1165 1716 in
1177 1657 1244 1718 Do·

94 1732 223 1805 *minum
243 1729 431 1792 reiieiendam
452 1731 666 1812 expergefacit,
694 1754 780 1812 quam
801 1734 894 1792 nostri
914 1733 942 1792 d'
977 1732 1091 1808 dentia,
1120 1745 1151 1792 et
1170 1753 1245 1795 eon·

109 1818 197 1889 cepta
217 1826 251 1866 es
270 1808 449 1869 conscientia
469 1820 587 1867 nostrae
607 1807 771 1871 calamitatis
792 1809 927 1869 anxietas.
966 1809 1000 1868 ln
1022 1828 1108 1888 quem
1126 1828 1244 1870 sensum

109 1885 174 1947 aeci
195 1883 315 1944 iendnm
334 1895 379 1944 est
398 1884 476 1963 quod
498 1897 541 1943 est
560 1884 637 1965 apud
657 1884 836 1965 Prophetam
860 1885 923 1961 (Ps.
942 1892 972 1962 5,
991 1884 1049 2020 83:
1089 1885 1146 1960 „ln
1166 1885 1244 1945 mul·

109 1905 239 2023 titudine
268 1959 407 2021 bonitatis
432 1973 499 2020 tuae
524 1963 551 2019 in
577 1961 670 2021 rediar
695 1960 837 2041 templum
861 1972 959 2037 tuum,
979 1982 1006 2021 .a
1030 1962 1122 2021 orabo
1148 1961 1179 2020 in
1203 1962 1244 2022 ti·

108 2042 227 2099 more.“
286 2036 345 2095 Ubi
364 2036 504 2096 decenter
523 2038 541 2096 li
565 2038 591 2096 ei
610 2037 774 2111 audaciam,
793 2057 867 2117 quae
886 2038 944 2097 Dei
964 2037 1179 2098 misericordiae
1197 2038 1244 2099 in·

109 2115 226 2187 nititur,
245 2133 312 2172 cum
331 2112 469 2193 religioso
490 2114 596 2174 timore
617 2115 779 2195 coniungit,
799 2134 860 2194 quo
880 2135 934 2175 nos
954 2113 1031 2174 affici
1050 2133 1169 2174 necesse
1189 2125 1245 2192 est,

133 2189 230 2250 notiex
247 2188 278 2249 io
299 2203 487 2268 conspectum
509 2191 622 2250 divinae
642 2190 795 2251 maiestatis
815 2189 1005 2281 prodeuntes,
1026 2210 1059 2250 ex
1071 2191 1131 2251 eins
1144 2190 1244 2271 splen·

132 2286 198 2341 ore,
237 2277 323 2326 nanta
342 2265 379 2325 sit
398 2278 497 2325 nostra
518 2265 713 2341 obscoenitas,
732 2267 928 2349 intelligimus.
978 2268 1057 2327 Vere
1077 2267 1165 2327 etiam
1184 2267 1242 2328 Sa·

109 2342 195 2405 tomo
234 2363 283 2401 um
303 2341 418 2401 beatum
444 2342 593 2402 bominem
618 2344 806 2436 pronuntiat,
842 2344 891 2423 qui
921 2355 1015 2403 terret
1044 2342 1157 2403 assidue
1190 2364 1244 2405 eor

109 2440 213 2483 sunna:
243 2419 380 2498 quoniam
405 2419 593 2478 induratione
618 2442 647 2481 sn
674 2419 780 2478 malum
801 2420 950 2479 corruitur
979 2419 1082 2497 (Prov.
1102 2421 1242 2497 28,14.).

109 2496 153 2557 Ar
170 2506 316 2555 terrorem
337 2492 484 2575 intelligit,
503 2496 553 2574 qui
573 2517 627 2555 nos
653 2496 797 2556 cautiores
822 2496 942 2571 reddat,
973 2516 1035 2555 nou
1064 2508 1160 2555 autem
1182 2517 1242 2576 quo

108 2571 213 2634 afflicti
234 2569 433 2631 concidamus:
467 2573 534 2630 dnm
554 2572 665 2632 scilicet
683 2574 794 2632 animus
813 2573 844 2631 in
863 2592 895 2633 se
914 2573 1051 2633 confusus
1072 2573 1100 2631 in
1122 2574 1189 2634 lleo
1209 2593 1243 2633 se

108 2646 213 2708 recoll‘
236 2647 273 2706 it:
304 2647 334 2706 in
356 2647 406 2706 illo
427 2648 565 2727 erigitur,
595 2647 671 2730 apud
697 2668 727 2707 se
753 2649 846 2726 ipsum
873 2648 1016 2708 deiectus:
1050 2648 1157 2709 diffisus
1177 2648 1244 2725 sibi,

110 2724 188 2783 illins
227 2723 311 2784 dueia
331 2724 460 2804 respirat.
500 2724 629 2784 Proinde
655 2724 724 2783 nibil
751 2725 848 2784 obstat
867 2724 937 2803 quin
957 2723 1042 2784 simul
1063 2736 1093 2782 et
1111 2736 1244 2783 terrean-

113 2798 297 2874 tuttelcr,
329 2811 359 2859 et
384 2800 563 2860 securissima
588 2800 789 2861 consolatione
809 2801 974 2879 potiantur:
1007 2812 1096 2878 prout
1115 2822 1193 2860 nune
1212 2801 1244 2860 in

111 2894 195 2941 mam
213 2877 366 2936 vanitatem
387 2876 488 2936 oculos
513 2889 706 2951 convertunt,
735 2898 814 2935 nunc
839 2877 868 2935 in
895 2877 953 2935 Dei
977 2877 1130 2937 veritatem
1155 2875 1244 2936 animi

113 2950 324 3035 cogitationem
344 2953 485 3011 referunt.
532 2954 693 3027 Quomodo
714 2955 808 3032 (dicet
827 2953 983 3031 quispiam)
1002 2955 1032 3011 in
1055 2951 1158 3011 eodem
1179 2953 1244 3010 ani-

111 3049 162 3089 mo
181 3029 281 3089 sedem
301 3028 452 3088 habebunt
471 3051 560 3109 pavor
582 3041 611 3088 et
630 3030 719 3089 fides?
738 3031 851 3108 Nempe
871 3029 955 3088 sicuti
976 3049 1009 3087 ex
1029 3030 1167 3109 opposito
1178 3039 1243 3087 tor-

112 3126 170 3185 por
188 3117 219 3165 et
238 3105 374 3164 anxietas.
417 3108 490 3164 Nam
517 3128 605 3184 quum
626 3106 705 3184 impii
725 3105 914 3165 indolentiam
935 3105 991 3163 sibi
1011 3117 1174 3179 arcessant,
1203 3124 1243 3164 ne

114 3183 179 3259 quia
197 3181 286 3241 timor
297 3181 356 3240 Dei
377 3201 427 3241 eos
447 3181 595 3256 sollicitet,
614 3194 701 3262 urget
712 3192 810 3241 tamen
824 3203 875 3242 eos
886 3181 944 3240 Dei
959 3181 1108 3256 iudicium,
1118 3201 1156 3239 ne
1168 3201 1245 3241 asse·

114 3268 241 3391 quantur
281 3258 339 3317 nod
360 3269 509 3337 appetunt.
546 3259 591 3318 lta
611 3259 684 3318 nibil
695 3258 828 3393 impedit,
848 3257 1004 3338 quominus
1023 3278 1092 3317 suos
1111 3267 1247 3318 exerceat

148 3352 198 3393 eus
217 3333 251 3394 ad
291 3334 478 3408 umilitatem,
508 3345 541 3393 ut
561 3335 678 3394 sortiter
701 3334 854 3395 smitando
885 3334 939 3394 sub
969 3333 1056 3393 sceno
1084 3333 1245 3394 modestiae

115 3431 149 3470 se
169 3408 333 3470 cobibeant
370 3412 470 3489 Atque
494 3410 551 3469 boc
570 3411 658 3471 luisse
678 3411 813 3490 Apostoli
833 3410 985 3471 consilinm
1004 3409 1097 3489 liquet
1117 3430 1150 3468 ex
1170 3430 1245 3471 eon-

114 3496 208 3559 texto,
232 3485 279 3547 nbi
299 3498 393 3546 metus
425 3499 455 3546 et
478 3487 614 3547 tremoris
643 3508 757 3547 causam
782 3487 909 3567 assignat
932 3485 991 3544 Dei
1018 3485 1245 3566 beneplacitum,

113 3582 176 3643 quo
196 3562 245 3623 dat
262 3564 321 3624 suis
342 3575 371 3622 et
390 3562 467 3622 bene
489 3562 562 3621 velle
583 3575 613 3622 et
631 3576 750 3622 strenue
768 3565 916 3642 prosequi.
965 3562 1000 3621 ln
1025 3561 1104 3622 bunc
1127 3582 1245 3622 sensum

111 3640 248 3775 accipere
266 3640 405 3699 convenit
424 3638 495 3698 illud
515 3639 682 3719 Prophetae
694 3640 885 3716 (flos.3‚5.):
905 3637 1079 3713 „Pavebunt
1093 3637 1142 3696 filii
1154 3634 1245 3696 Israel

111 3714 151 3776 ad
199 3734 268 3783 eum
288 3728 318 3775 et
339 3716 374 3776 ad
395 3716 557 3775 bonitatem
579 3717 674 3775 eins:“
715 3717 781 3793 quia
801 3734 862 3774 non
881 3715 976 3775 solum
996 3715 1086 3793 pietas
1105 3732 1246 3771 reveren-

110 3790 184 3851 tiam
202 3784 261 3851 llei
280 3794 391 3883 gignit,
419 3792 469 3851 sed
489 3792 549 3870 ipsa
570 3791 695 3851 dulcedo
716 3803 745 3850 et
764 3791 886 3850 suavitas
904 3792 1025 3873 gratiae,
1044 3787 1194 3849 bominem
1213 3788 1246 3847 in

111 3886 146 3927 ae
163 3870 229 3947 ipso
248 3868 393 3929 derectum
408 3870 513 3927 timore
533 3867 619 3926 simul
639 3879 669 3926 et
682 3867 873 3927 admiratione
885 3867 1001 3942 imbuit,
1020 3876 1052 3925 ut
1063 3885 1080 3924 a
1090 3865 1159 3924 Deo
1171 3884 1247 3945 pen·

72 4006 79 4017 ,
111 3942 192 4019 deal,
210 3964 300 4025 seque
322 3945 468 4004 humiliter
487 3944 621 4003 subiiciat
640 3945 700 4003 eius
721 3943 879 4023 potentiae.

191 4026 241 4084 24.
279 4022 384 4100 Neque
404 4032 500 4080 tamen
521 4021 561 4080 sic
582 4020 680 4080 locum
701 4020 820 4079 iacimus
839 4018 1090 4099 pestilentissimae
1134 4015 1246 4077 biloso·
1334 4018 1341 4027 '

112 4094 218 4177 plaiae,
270 4117 335 4156 uam
363 4096 499 4156 nonnulli
523 4098 593 4154 sensi
616 4098 724 4175 apistae
748 4096 855 4156 cudere
881 4096 969 4155 bodie
988 4094 1018 4153 in
1039 4038 1152 4174 augulis
1170 4094 1247 4154 inci-

113 4174 212 4252 piunt.
285 4175 329 4233 uia
350 4176 427 4234 enim
447 4191 568 4232 crassam
589 4118 667 4230 illam
689 4171 913 4244 dubitationem,
933 4191 1006 4251 quae
1025 4170 1171 4230 inscbolis
1185 4180 1245 4229 tra-

115 4248 178 4308 dita
197 4248 263 4325 t'uit,
283 4250 361 4310 tucri
381 4261 541 4328 nequeunt,
561 4246 740 4329 confugiunt
755 4247 790 4305 ad
811 4246 1108 4323 aliudeommentum,
1127 4246 1246 4305 trtbdn-

118 4325 193 4384 eiam
210 4325 413 4388 incredulitate
432 4327 549 4384 mixtam
568 4324 682 4386 saciant.
722 4323 848 4397 Quoties
863 4324 896 4386 iu
907 4322 1056 4390 Christum
1068 4322 1248 4404 respicimus,
1294 4390 1300 4401 ,

144 4425 401 4472 carunrrmumor.
596 4434 599 4443 ·
1008 4405 1046 4463 24
