2700 4732
503 224 880 309 mmmm
1000 256 1006 270 ·
1197 250 1258 324 m

121 392 283 488 protulerit
299 390 394 453 Adam
404 389 527 483 ‚referre
545 389 652 465 voluit,
672 390 724 452 sed
741 391 796 454 sub
817 392 909 473 figura
929 403 959 451 et
977 389 1167 452 similitudine
1185 412 1257 484 cou-

120 467 1258 638 :tt'tsttt'h‘tt':¹¹t⁰l⁰.”{3¹„ttt¹'tt?:‘sluttrt‘ttttt'ulltz

120 624 223 685 dicere
242 621 413 693 admonens,
433 620 626 680 correctionis
645 618 714 680 loco
734 642 750 680 a
770 620 837 702 lege
856 621 988 702 coniugii
1007 621 1147 681 discernit
1170 620 1258 700 spiri-

119 698 231 762 tualem
252 696 365 776 Christi
384 708 415 756 et
434 695 573 756 ecclesiae
592 696 842 757 coniunctionem.
882 698 984 771 Quare
1004 698 1090 757 lacile
1110 697 1258 761 evanescit

119 777 196 837 haee
215 774 345 836 futilitas.
395 774 459 832 Nec
484 793 554 831 rero
581 770 651 831 mihi
677 792 797 833 necesse
815 772 944 833 arbitror
963 773 1068 833 similes
1089 772 1257 853 quisquilia

119 854 284 917 discutere:
327 851 374 909 uia
388 869 421 908 er
432 849 598 909 brevissima
620 848 672 908 hac
685 849 864 909 refutatione
874 849 1113 928 deprehendetur
1124 849 1255 909 omnium

118 930 242 991 vanitas.
322 945 374 985 aec
394 924 512 1005 quidem
531 924 674 985 sobrietas
694 925 758 986 filiis
778 926 834 984 Dei
853 925 948 985 solide
970 925 1120 1004 pascendis
1140 925 1257 986 abunde

117 1002 261 1077 sufficiet,
292 1024 382 1081 quum
401 1001 482 1060 seuit
501 1000 654 1080 plenitudo
676 1013 858 1081 temporum,
888 1003 1006 1061 missum
1031 1003 1120 1063 luisse
1147 1001 1255 1061 Filium

118 1082 180 1141 Dei
200 1080 307 1139 lactum
328 1099 361 1136 ex
379 1075 516 1152 muliere,
544 1076 653 1138 lactum
675 1076 731 1139 sub
751 1078 847 1160 Lege,
877 1090 998 1156 utens,
1027 1079 1079 1159 qui
1098 1078 1152 1140 tuh
1172 1078 1254 1159 hege
1312 1108 1316 1113 -

116 1169 216 1233 erant,
234 1156 393 1216 redimeret
410 1151 495 1232 (Gal.
514 1160 544 1228 4,
562 1154 617 1229 h).
1230 1206 1233 1213 ,

483 1413 739 1483 CAPUT
790 1416 881 1484 Xlll.

105 1630 109 1635 ·
195 1607 384 1669 Christum
420 1623 540 1664 veram
575 1603 752 1754 bpnplanae
783 1606 901 1666 carnls
929 1584 1172 1669 substantiam

599 1714 633 1754 ιιι
668 1715 773 1756 ursse.

184 1878 275 1931 Partes
292 1875 368 1928 huius
386 1872 498 1944 Capitis:
532 1872 564 1941 1)
582 1871 754 1927 Orthodoras
770 1873 913 1934 doctrinae,
932 1874 964 1927 do
978 1892 1038 1926 vera
1050 1875 1180 1929 humanae
1192 1895 1249 1930 car·
1277 1889 1281 1903 ‘

111 1964 157 2017 nis
173 1962 271 2017 Christi
284 1959 426 2014 substantia
442 1957 530 2010 multis
553 1957 704 2026 Scripturas
725 1956 875 2010 testimoniis
896 1956 1075 2020 confirmatio,
1096 1972 1157 2013 teet.
1172 1960 1197 2012 1.
1213 1992 1249 2008 .-

111 2047 148 2117 2)
164 2045 396 2119 marcionitarum,
424 2042 640 2094 Manichaeorum
668 2055 693 2093 et
708 2040 837 2096 eiusmodi
853 2040 1043 2096 baereticorum
1061 2042 1157 2115 impiae
1174 2032 1248 2097 obiess

111 2132 217 2185 aiones
232 2130 350 2187 adamim
367 2127 435 2179 hanc
452 2126 597 2179 doctrinam
615 2125 758 2191 diluuntur,
772 2140 833 2182 rect.
848 2128 938 2182 2-4.

191 2302 221 2361 1.
240 2295 288 2353 De
308 2293 420 2355 Christi
438 2292 606 2366 divinitate,
630 2313 706 2373 quae
724 2293 794 2354 alibi
813 2292 896 2354 elaris
915 2305 946 2354 et
964 2293 1055 2355 firmis
1072 2293 1248 2357 testimoniis

133 2373 241 2435 robata
261 2382 315 2445 est,
334 2391 413 2430 nnnc
431 2371 537 2429 iterum
558 2371 698 2431 disserere
717 2390 945 2450 supervacuum,
965 2371 1021 2431 nisi
1044 2370 1141 2444 fallor,
1160 2381 1245 2433 esset.

109 2397 285 2511 bidentum
305 2446 394 2527 igitur
413 2459 511 2521 restat,
531 2447 679 2525 quomodo
699 2465 786 2507 carne
812 2459 910 2506 nostra
937 2447 1055 2508 indutus
1074 2446 1247 2508 lllediatorit

111 2539 212 2610 partes
230 2523 407 2604 impleverit.
456 2524 501 2581 hc
525 2523 668 2582 humanae
692 2523 808 2602 quidem
830 2536 950 2584 naturae
970 2525 1074 2584 veritas
1094 2523 1165 2585 olim
1184 2524 1244 2584 talu

113 2600 330 2665 ablanichaeis
349 2620 435 2677 quam
456 2620 472 2658 a
491 2599 672 2659 Marcionitis
691 2600 859 2689 impugnata
880 2613 936 2660 est:
969 2623 1093 2678 quorum
1123 2601 1155 2658 hi
1178 2598 1244 2682 qui-

115 2682 181 2738 dem
201 2689 348 2756 spectrum
368 2696 423 2754 pro
445 2675 555 2735 Christi
575 2697 702 2754 corpore
721 2677 775 2737 srbi
795 2675 961 2753 fingebant,
995 2677 1037 2735 illi
1056 2688 1152 2735 autern
1171 2690 1243 2736 ‘coe-

114 2754 183 2814 lesti
200 2772 286 2814 earne
308 2752 469 2832 praeditum
488 2753 683 2811 somniabant.
741 2753 801 2811 Sed
826 2752 956 2830 utrisque
976 2753 1144 2832 Scripturas
1162 2751 1244 2811 testi-

116 2830 262 2893 moniaet
281 2828 374 2887 multa
393 2841 422 2887 et
440 2828 533 2888 valida
553 2829 697 2888 resistunt.
736 2831 804 2888 Non
835 2829 913 2886 enim
938 2828 984 2888 vel
1002 2829 1032 2887 in
1054 2828 1177 2887 coelesti
1196 2849 1243 2888 se·
1288 2888 1291 2904 ,

116 2907 213 2977 miae,
234 2906 279 2965 vel
300 2905 330 2963 in
352 2904 477 2964 hominis
496 2904 572 2964 larva
593 2906 761 2964 benedictio
784 2904 979 2982 promittitur,
1010 2904 1060 2964 sed
1081 2905 1113 2964 in
1131 2905 1243 2967 semine

113 2982 250 3043 Abrahae
271 2994 301 3040 et
320 2981 426 3040 Iacob:
454 3001 550 3060 neque
569 2981 681 3040 homini
700 2987 788 3040 uitreo
808 2980 989 3058 promittitur
1007 2979 1130 3041 thronus
1146 2991 1243 3041 aeter·

110 3083 179 3133 ιιιιι,
198 3060 249 3119 sed
260 3057 379 3118 Daridis
399 3057 469 3131 filio,
490 3069 519 3114 et
539 3057 645 3117 lructui
665 3058 773 3118 ventris
793 3061 862 3115 eius.
884 3056 971 3115 Unde
992 3068 1022 3116 et
1040 3058 1070 3115 in
1091 3076 1180 3116 carne
1194 3075 1242 3115 ex-

109 3136 233 3209 hibitus,
251 3134 325 3193 filius
345 3146 470 3193 vocatur
487 3134 607 3193 Davidis
627 3146 657 3194 et
675 3132 842 3217 Abrahaez'
856 3154 917 3192 non
941 3131 1010 3194 ideo
1029 3145 1141 3193 tantum
1161 3132 1243 3212 quod

110 3235 147 3274 ex
166 3210 297 3293 Virginis
316 3222 401 3269 utero
423 3221 506 3269 natus
526 3212 572 3284 sit,
592 3212 622 3268 in
644 3216 711 3269 aire
732 3222 828 3269 autem
841 3221 968 3269 creatus:
987 3209 1037 3270 sed
1072 3209 1241 3286 uia(Paulo

108 3291 276 3368 interprete
295 3288 383 3346 Rom.
403 3293 433 3361 1,
453 3289 497 3364 3.)
520 3285 679 3346 secunduiu
700 3306 816 3346 carnem
837 3285 929 3346 lactus
948 3287 986 3346 sit
1006 3306 1039 3345 ex
1088 3286 1177 3346 avidis
1192 3305 1240 3346 se·

108 3367 206 3426 mine:
229 3363 305 3425 sicut
324 3363 392 3422 alibi
412 3364 499 3421 docet
518 3364 595 3423 idem
614 3362 773 3442 Apostolus
800 3362 884 3439 (ibid.
904 3370 934 3436 9,
952 3365 1012 3439 5.),
1032 3383 1099 3427 eum
1119 3362 1239 3424 descen·

109 3444 187 3503 disse
209 3461 242 3500 ex
262 3440 385 3499 ludaeis.
405 3439 610 3512 Quamobrem
619 3439 762 3498 Dominus
782 3439 843 3517 ipse
863 3459 924 3497 non
945 3451 1101 3500 contentus
1112 3438 1240 3499 hominis

108 3518 244 3591 nominc,
263 3517 369 3576 Filium
390 3536 507 3606 quoquc
527 3515 652 3574 hominis
671 3515 796 3575 subinde
815 3534 846 3574 se
865 3513 1004 3604 appellat,
1022 3515 1125 3574 clarius
1144 3515 1241 3596 expri-

107 3615 193 3665 mere
213 3594 316 3655 volens
335 3613 366 3652 se
386 3592 535 3650 hommem
555 3612 617 3651 esse
638 3612 671 3649 ex
691 3591 817 3651 hominis
836 3609 947 3650 semme
960 3610 1027 3650 vore
1038 3611 1093 3671 pro
1116 3592 1240 3654 enitum.

110 3674 217 3748 Quum
236 3670 365 3749 Spiritus
383 3680 499 3728 sauctus
518 3668 606 3726 toties
626 3688 680 3747 pcr
698 3680 746 3727 tot
770 3687 896 3748 organa,
925 3677 1064 3748 tantaque
1088 3611 1241 3748 diligentia

109 3762 142 3811 et
161 3747 344 3827 simplicitate
364 3763 427 3803 rem
447 3763 551 3823 perse
575 3765 636 3803 non
660 3745 819 3804 abstrusam
845 3743 1037 3817 enarraverit,
1068 3743 1133 3822 quis
1157 3744 1240 3827 cogi-

104 3835 298 3888 mortemer
317 3821 394 3880 ullos
412 3821 551 3879 mortales
568 3821 747 3899 impudentia
759 3819 834 3894 sore,
854 3820 903 3898 qui
923 3819 1045 3880 offucias
1054 3820 1148 3880 adhuc
1157 3839 1241 3898 spar-
1286 3836 1290 3849 ·

108 3920 185 3986 gere
204 3899 365 3959 auderent?
384 3897 424 3955 Et
441 3909 539 3972 tamon
559 3897 614 3956 alia
635 3898 792 3958 etiamnum
816 3896 981 3956 testimonia
1005 3895 1040 3955 ad
1066 3917 1184 3959 manum
1207 3914 1240 3956 se
1325 3893 1332 3919 ‘

108 3978 263 4047 offerunt,
293 3975 317 4034 si
348 3993 510 4054 congerere
535 3973 620 4052 plura
644 3973 749 4031 libeat:
781 3970 866 4050 quale
892 3983 936 4031 est
956 3971 1029 4031 illud
1054 3972 1137 4033 Pauli
1155 3969 1240 4049 (Gal.

106 4055 205 4132 M),
222 4051 321 4111 Deum
339 4050 448 4110 misisse
468 4048 573 4109 Filium
592 4071 675 4109 snum
696 4048 804 4107 sactum
824 4067 857 4106 er
869 4047 1004 4107 muliere:
1025 4060 1057 4109 et
1074 4050 1239 4122 innumera,

108 4128 308 4213 quibusl'ami‚
326 4129 384 4198 siti,
403 4126 518 4206 frigori,
537 4126 657 4204 aliisque
675 4136 797 4183 naturae
816 4135 934 4183 nostrae
952 4123 1167 4186 infirmitatibus
1183 4124 1241 4184 ob·

109 4208 231 4268 noxium
249 4205 337 4265 fuisse
354 4215 481 4263 constat.
519 4201 561 4263 Ar
580 4223 614 4260 ex
633 4202 729 4260 multis
742 4199 896 4279 deligenda
916 4213 985 4260 sunt
1001 4220 1034 4262 ea
1048 4201 1241 4283 potissimum,
1312 4255 1321 4289 ,Ι

135 4302 192 4341 uae
209 4282 311 4342 animis
330 4281 360 4339 in
379 4300 446 4339 vera
466 4278 571 4338 fidncia
591 4276 774 4338 aedificandis
785 4276 951 4336 conducere
961 4290 1086 4356 queant:
1106 4289 1139 4337 ut
1170 4287 1241 4341 uum

112 4305 488 4439 dieitn(ttebr.a,16.)
515 4356 626 4442 angelis
659 4372 841 4437 nequaquam
872 4364 987 4416 mutum
1010 4292 1177 4419 benedab
