2700 4732
167 204 209 268 ω
570 200 648 263 tm.
666 200 691 263 l.
730 200 823 264 GAP.
842 200 900 264 lll.

170 342 252 405 anlla
271 354 318 407 est
334 342 442 423 etiam,
463 356 498 406 nt
515 344 660 408 Etbnicus
679 343 775 425 ille0)
793 345 937 423 ait,-1tam
955 340 1081 407 barbara
1095 344 1203 422 ›natio,
1227 344 1308 409 nulls

170 440 245 503 gens
262 432 322 483 tarn
335 421 467 497 efferata,
486 424 533 484 eni
554 444 615 485 non
635 423 761 485 insident
779 421 853 483 baec
867 421 1031 559 persuasio,
1049 421 1148 483 Deum
1159 444 1230 483 esse.
1267 424 1309 484 Et

172 498 225 578 qul
255 498 285 559 in
316 497 379 559 aliis
403 500 480 561 ritae
507 500 639 578 partibus
663 500 815 559 minimum
838 499 866 559 si
888 511 976 559 entur
1003 519 1019 559 a
1045 498 1149 561 bellule
1173 498 1309 576 differre,

119 604 126 617 ¹
174 574 323 655 quoddam
344 586 442 637 umen
468 587 612 657 perpetuo
633 575 784 657 religionis
801 594 902 636 semen
920 575 1066 635 retinent:
1092 575 1166 637 adeo
1191 575 1308 656 penitus

173 651 305 711 omnium
324 651 438 719 animos
458 653 630 733 occupavit,
654 653 730 713 adeo
756 652 902 712 tenaciter
927 651 1061 711 omniurn
1079 652 1238 713 visceribus
1261 653 1309 712 in·

172 726 277 787 baeret
300 728 466 788 eommunis
488 730 543 790 ista
568 728 775 810 praesumptio.
824 727 912 788 Nulla
941 747 1015 810 ergo
1042 749 1132 807 quum
1157 727 1195 789 ab
1222 728 1308 788 initio

173 803 275 864 mundi
286 804 380 887 regio,
399 803 479 867 nulls
494 803 575 881 urbs,
595 804 672 865 nulla
685 805 813 883 denique
825 803 930 865 domus
949 802 1049 879 luerit,
1068 824 1145 885 quae
1163 805 1309 898 relipione

174 899 277 941 carere
295 892 411 959 posset,
441 881 471 940 in
498 901 536 942 eo
574 883 661 942 tacita
692 882 832 961 quaedam
863 879 1013 940 confessio
1044 893 1103 955 est,
1135 881 1223 941 insen
1246 894 1309 941 tum

174 957 312 1048 omnium·
332 955 471 1050 cordibus
495 958 652 1019 divinitatis
681 977 807 1017 sensum.
858 956 941 1031 Quin
967 969 998 1017 et
1028 955 1200 1051 idololatria.
1223 904 1309 1018 luins

174 1033 985 1190 12“tzitt'tzttftstreiteste·,fito
997 1052 1163 1200 ‘ilidii
1181 1033 1310 1171 ¹23?th

176 1184 307 1245 Proinde
332 1207 422 1267 quum
448 1185 559 1266 liguum
607 1187 683 1246 otius
709 1197 739 1246 et
762 1184 889 1266 lapidem
915 1185 1014 1247 colere
1039 1187 1133 1260 malit,
1162 1208 1249 1266 quarn
1274 1197 1311 1247 ut

175 1261 287 1321 nullom
306 1273 428 1353 putetur
447 1262 555 1322 babere
575 1209 686 1322 lleum:
707 1274 824 1323 constat
840 1262 1124 1352 vehementissimam
1143 1263 1225 1353 istam
1246 1282 1310 1323 esse

176 1337 213 1396 de
234 1357 354 1398 numme
373 1339 411 1397 im
436 1340 613 1414 sessionem,
639 1359 715 1417 quoe
739 1339 814 1399 adeo
835 1358 867 1397 er
887 1339 1014 1398 bominis
1038 1349 1137 1397 mente
1157 1337 1309 1397 obliterari

175 1425 321 1494 nequeat,
347 1425 381 1476 ut
405 1358 517 1475 titilius
542 1415 580 1476 sit
605 1427 727 1475 naturae
751 1414 891 1474 affectum
917 1413 1030 1506 lrarrgi:
1058 1413 1309 1505 ‘quemadmodum

175 1503 257 1550 certe
277 1490 439 1574 frangitur,
469 1491 538 1551 durn
569 1490 660 1551 bomo
686 1510 721 1550 ex
746 1490 795 1550 illa
820 1489 946 1550 naturali
971 1490 1127 1552 inflatione
1151 1490 1188 1552 ad
1208 1490 1310 1552 snflrne

177 1585 312 1646 quaeque
325 1578 439 1646 sponte
456 1587 489 1627 se
508 1567 647 1643 demittit,
667 1588 727 1647 quo
746 1566 844 1626 llenm
864 1578 1042 1626 revereatur.

253 1649 281 1706 ‘f-
321 1640 425 1716 Quare
442 1644 627 1703 vanissimum
647 1642 796 1721 estquod
821 1663 836 1702 a
856 1640 1029 1722 quibusdam
1052 1641 1174 1717 dicitur,
1199 1661 1311 1722 pauco·

176 1739 242 1811 rum
253 1718 375 1853 lpafritia
395 1730 426 1779 et
442 1719 812 1855 {²¹¹³‘l⁵¹²¹‘ffi²t⁰⁰ssl¹²{t¹¹¹
833 1738 895 1853 exsp
908 1718 1154 1854 ''eiigiinff’eui
1167 1717 1227 1810 ⁸bap
1245 1730 1311 1853 arpo

176 1815 230 1855 srrn
275 1815 339 1855 cem
380 1815 398 1855 o
423 1818 502 1854 uum
522 1817 592 1856 sno
628 1816 676 1855 rso
696 1814 901 1856 conrneren:
954 1816 1021 1853 uum
1078 1816 1105 1853 ιιι
1126 1816 1145 1853 n
1165 1817 1175 1853 ι
1196 1816 1235 1868 er,
1301 1816 1312 1855 ι

175 1811 497 1933 atibpauetorisiiram
515 1872 573 1932 Dei
592 1871 727 1947 colendi,
754 1870 825 1930 nibil
848 1815 951 1930 minusq
968 1871 1125 1930 crederent
1143 1815 1230 1951 quiin
1255 1814 1312 1931 alt-

178 1968 267 2028 quern
287 1966 350 2009 esre
369 1949 476 2008 Deum.
516 1948 626 2010 Fateor
644 1947 763 2027 quidem
787 1947 911 2026 plurima
936 1947 967 2006 in
991 1945 1138 2028 religione
1158 1966 1312 2009 commen·

176 2036 225 2087 tos
241 2043 305 2084 esse
323 2036 434 2085 astutos
454 2025 599 2099 bomines,
620 2025 725 2105 quibus
747 2024 943 2084 reverentiam
964 2022 1135 2103 plebeculae
1153 2022 1312 2085 iniicerent

177 2112 209 2161 et
227 2112 374 2161 terrorem
393 2101 572 2175 incuterent,
591 2122 651 2181 quo
673 2101 817 2161 bebereut
836 2099 1082 2181 obsequentiores
1101 2099 1163 2161 eius
1182 2098 1312 2161 animos:

175 2177 228 2239 sed
248 2177 278 2236 id
297 2197 438 2257 nusquam
459 2177 674 2252 obtinuissent,
700 2176 755 2237 nisi
776 2177 831 2236 iam
852 2180 932 2258 prius
951 2176 1096 2236 constanti
1116 2175 1164 2237 illa
1184 2176 1221 2235 de
1241 2176 1312 2237 Deo

175 2253 368 2335 persuasione
392 2252 523 2313 imbutae
548 2255 670 2313 fuissent
695 2252 848 2314 bominum
871 2264 1001 2325 mentes,
1025 2272 1058 2311 ex
1085 2273 1145 2333 quo
1164 2251 1245 2313 velat
1262 2270 1313 2314 se-

175 2330 256 2390 mine
275 2329 400 2411 emergit
412 2330 448 2389 ad
469 2329 643 2412 religionem
663 2351 717 2410 pro
741 2330 832 2389 ensio.
875 2330 921 2390 Ao
940 2349 978 2388 ne
998 2328 1064 2390 illos
1082 2329 1201 2410 quidem
1220 2328 1313 2411 ipsos,

175 2406 228 2488 ‘¹⁰³
241 2404 402 2541 “ltu
430 2351 1313 2545 tlt-ott‘frete,tttttsttttistttt

173 2502 586 2640 pffippuptppppgpppeppupi
606 2504 771 2642 idergunr,
790 2506 840 2639 quii
852 2558 949 2620 Deum
969 2578 1033 2621 esse
1050 2558 1212 2642 etegent*⁴
1232 2581 1241 2618 ι
1260 2577 1314 2620 ee·

174 2634 231 2695 lint
249 2646 348 2695 tamen
368 2633 475 2712 nolint,
494 2635 575 2717 quod
586 2637 700 2696 nescire
719 2636 854 2717 cupiunt,
871 2634 997 2697 subinde
1015 2637 1188 2697 sentiscunt.
1243 2655 1313 2697 emo

174 2711 206 2773 in
226 2710 414 2771 audaciorem
439 2723 489 2772 aut
513 2711 736 2773 effrenatiorem
755 2711 888 2774 numinis
912 2724 1116 2792 contemptum
1141 2710 1313 2793 prorupisse

175 2787 286 2881 legitor
299 2796 397 2879 'poam
419 2788 454 2850 C.
475 2787 626 2871 Caligula:
650 2808 739 2849 nemo
759 2801 857 2849 tamen
877 2788 1009 2849 miserius
1029 2788 1201 2869 trepidarit,
1220 2808 1313 2870 quum

174 2863 294 2942 aliquod
314 2884 377 2925 rrae
396 2864 512 2925 divinae
531 2865 671 2929 inditium
690 2886 723 2926 se
746 2864 934 2946 proferebat:
954 2865 994 2925 ita
1014 2864 1121 2940 Deum,
1142 2867 1229 2944 qutun
1248 2875 1313 2925 stu·

174 2941 265 3002 debat
285 2961 320 3002 es
339 2940 473 3022 professo
492 2954 698 3017 contemnere,
718 2943 826 3002 inritus
846 2941 1080 3002 esborrescebet.
1119 2942 1186 3002 lloc
1205 2940 1313 3023 passi·

174 3018 316 3096 eiusque
340 3037 376 3077 ue
400 3017 543 3079 similibus
563 3020 681 3078 evenire
708 3018 820 3079 videas:
837 3031 880 3088 ,ut
905 3018 983 3079 enirn
1004 3018 1128 3097 quisque
1154 3030 1198 3079 est
1221 3016 1314 3078 anda-

175 3094 305 3157 cissinrus
318 3039 375 3155 det
391 3106 593 3175 contemptor,
613 3096 652 3155 ita
670 3095 716 3155 vel
735 3095 771 3155 ad
793 3094 858 3155 folii
878 3094 1006 3156 cadentis
1017 3096 1171 3186 strepitum
1190 3094 1314 3187 manime

173 3170 375 3253 perturbatur.
416 3171 505 3231 Unde
524 3172 565 3246 id,
584 3171 639 3232 nisi
652 3193 686 3232 es
695 3172 810 3231 divinae
830 3173 985 3233 maiestatis
1005 3170 1129 3246 ultione,
1148 3191 1223 3250 quae
1242 3170 1314 3231 allo-

173 3268 245 3384 ‘tt
261 3248 458 3386 ‘iiiiii‘
479 3247 751 3404 ‘tttlft‘tltt
765 3247 915 3387 iiiiii?
932 3248 1120 3405 ,iiiiii
1139 3247 1315 3404 tttf‘tz

171 3343 281 3461 ibdant
300 3399 454 3461 aDoruini
473 3400 649 3482 praesentia,
669 3413 700 3462 et
718 3422 781 3462 eam
801 3422 915 3461 rursum
936 3421 969 3462 er
990 3401 1088 3463 animo
1105 3368 1162 3463 luo
1182 3399 1315 3461 deleaute

170 3477 222 3540 sed
247 3476 341 3537 velint
364 3476 479 3552 nolint,
503 3477 611 3538 irretiti
635 3478 753 3558 semper
778 3488 928 3537 tenentur.
980 3477 1139 3556 Utcunque
1164 3476 1314 3567 interdum

171 3553 305 3620 videatur
316 3572 491 3618 evanescere
510 3554 547 3616 ad
567 3568 749 3617 momentum
762 3553 893 3636 aliquod,
912 3552 1038 3616 subinde
1058 3566 1156 3619 tameo
1176 3565 1316 3631 recurrit,

783 3712 1313 3731 *δ--ῲφ-Ε-ῄω-ΟἈ

237 3779 268 3847 θ)
286 3777 339 3830 cie
358 3780 392 3831 de
408 3793 460 3834 nat
478 3781 551 3834 deos.
569 3780 615 3833 lib.
633 3786 657 3838 1.
676 3801 733 3851 eap.
750 3784 792 3837 17.
827 3781 961 3846 „Intelligi
978 3800 1081 3835 merrae
1098 3795 1136 3836 est
1156 3784 1228 3845 deos,
1245 3802 1316 3854 quo,-

168 3844 240 3898 niam
257 3845 345 3899 insitas
362 3869 454 3901 eorum
471 3849 512 3903 rel
529 3849 617 3918 potius
632 3848 734 3903 innatas
753 3848 914 3914 cognitiones
933 3851 1065 3903 babemus.
1084 3880 1117 3893 -·
1142 3850 1219 3918 Quae
1235 3852 1315 3905 nob‘u

167 3927 261 3967 nature
278 3911 493 3970 informationem
511 3918 623 3969 deorum
639 3919 759 3986 ipsorum
777 3919 861 3980 dedit,
879 3919 970 3970 eadem
988 3919 1121 3988 insculpsit
1136 3917 1165 3971 in
1183 3919 1316 3976 mentibus

167 3995 198 4035 ut
215 4001 259 4035 ene
275 3995 394 4035 aeternos
413 3996 439 4035 et
455 3984 545 4046 beatos
562 3984 747 4039 haberemw
763 3987 820 4038 Lib.
837 3989 863 4041 2.
882 4007 939 4056 cap.
957 3989 981 4040 d.
1015 3986 1126 4056 „ltaque
1142 3986 1210 4043 inter
1224 4007 1317 4041 ornnes

169 4048 289 4128 omniurn
306 4048 421 4113 sendum
437 4066 671 4116 summeseonstau
693 4055 816 4109 omnibus
834 4054 911 4136 enirn·
922 4054 1040 4133 innatum
1058 4069 1108 4118 est,
1136 4068 1161 4107 et
1177 4053 1205 4109 in
1223 4055 1315 4113 animo

168 4135 248 4211 ιι»
259 4116 600 4256 ”obtinerent
617 4118 1144 4270 t‘zttgttttttttstrat
1161 4188 1245 4241 ι...
1255 4188 1317 4243 m.

169 4252 201 4304 ef.
218 4251 290 4304 Suet.
308 4250 388 4318 Calig.
410 4274 466 4324 cap.
484 4256 526 4308 bl.
560 4254 624 4308 ltem
648 4257 681 4308 ds
700 4256 815 4324 Diagora
833 4271 881 4313 ete.
915 4257 972 4312 cie.
994 4260 1028 4312 de
1051 4272 1103 4313 nat.
1120 4258 1202 4313 Dens.
1224 4257 1271 4309 lib.
1292 4259 1317 4312 1.

169 4340 190 4374 e.
205 4320 248 4375 Ἀ
283 4318 369 4373 Vrtsr.
386 4321 455 4373 blaa.
474 4322 519 4378 tib.
537 4324 561 4376 1.
579 4344 601 4377 e.
619 4326 643 4379 1.
