2700 4732
472 209 855 277 crescerem.
941 216 945 225 ·
1110 165 1114 175 ’
1191 216 1252 298 ³⁶⁵.

113 362 151 424 ad
175 360 310 421 ultimum
336 369 519 440 persevereta
545 355 652 416 deinde
672 376 688 416 a
707 357 819 431 Petro,
843 356 911 419 dum
931 356 1073 438 Baptismi
1097 356 1264 431 veritatem,
1330 404 1333 409 .

112 460 175 499 non
197 439 227 497 in
248 447 366 496 esterna
386 435 509 513 positam
530 434 684 493 ablutione
703 445 842 506 testatur,
866 435 917 494 sed
943 434 1024 494 bono
1052 434 1250 495 conscientiae

113 514 295 576 testimonio.
335 514 374 571 ht
385 513 499 571 videtur
511 509 569 570 alio
582 511 668 569 etiam
688 509 757 571 loco
771 510 1032 571 Circumcisionem
1043 532 1129 570 manu
1143 509 1248 571 iactam

114 592 231 672 penitus
252 600 458 662 contemnere,
488 587 556 646 dum
577 607 640 645 eam
661 608 726 646 cum
749 586 857 647 Christi
879 586 1109 647 Circumcisionc
1129 607 1250 665 compa-

115 680 170 730 rat.
210 665 399 745 Respondes,
419 684 515 767 neque
542 663 597 722 hoc
623 661 691 721 loco
716 663 823 743 aliquid
845 663 993 724 extenuari
1013 663 1050 721 de
1070 663 1130 721 eius
1152 663 1248 743 digni·

113 756 185 806 tate.
224 742 290 801 Illic
311 752 412 801 contra
434 760 485 800 eos
505 740 632 818 disputat
651 739 767 813 Paulus,
787 740 837 818 qui
864 744 925 798 each
950 738 1031 800 velut
1055 740 1248 799 necessariam

114 818 321 900 requirebant,
352 839 440 896 quum
474 827 548 875 esset
578 815 634 874 iaus
659 815 808 906 abrogata.
847 816 954 875 Monet
974 817 1065 897 igitur
1083 814 1194 891 fideles,
1214 828 1249 876 ut

114 894 227 958 omissis
248 893 394 953 veteribus
415 892 523 952 umbris
544 891 573 950 in
595 891 716 952 veritate
736 893 879 952 rnsistant.
919 893 1036 975 Urgent
1054 893 1179 970 (inquit)
1199 892 1249 952 isti

113 973 253 1054 magistri,
274 982 307 1029 ut
327 991 453 1049 corpora
472 979 566 1029 vestra
586 969 842 1029 circumcidantur.
870 967 963 1049 Atqui
980 967 1171 1048 spiritualiter
1190 967 1249 1029 c'ir-

115 1048 234 1109 cumcisi
255 1047 323 1106 estis
342 1046 501 1106 secundum
521 1045 644 1103 animam
666 1057 697 1105 et
716 1066 832 1124 corpus.
883 1045 1006 1106 Habetis
1026 1045 1116 1126 igitur
1135 1047 1178 1104 rei
1199 1065 1249 1105 ex-

114 1125 408 1200 hibitionem,'quae
435 1122 526 1202 longe
551 1121 651 1199 potior
676 1134 719 1181 est
745 1143 832 1201 quam
858 1121 969 1183 umbra.
1007 1121 1131 1182 Poterat
1149 1133 1248 1182 autem

115 1202 256 1282 quispiam
277 1212 379 1259 contra
400 1200 460 1258 cxci
484 1217 545 1272 ere,
566 1217 627 1257 non
648 1196 715 1257 ideo
735 1199 927 1277 spernendam
947 1217 1010 1259 esse
1027 1197 1159 1280 figuram,
1179 1199 1248 1279 quia

114 1301 178 1338 rem
199 1277 357 1336 haherent:
378 1220 495 1355 quando
517 1286 547 1331 et
565 1273 641 1352 apud
663 1274 764 1334 Patres
786 1274 887 1336 luisset
906 1273 953 1335 illa
974 1274 1121 1355 depositio
1138 1274 1248 1339 veteris

114 1355 252 1427 hominis,
271 1352 307 1412 de
323 1372 379 1431 qua
400 1350 586 1430 loquebatur,
606 1350 713 1430 quibus
732 1362 831 1410 tamen
849 1372 912 1411 non
932 1351 1033 1411 fuisset
1052 1351 1249 1412 externaCir·

115 1429 251 1493 cumcisio
280 1448 464 1561 sqpervacua.
514 1428 599 1487 llanc
624 1425 822 1499 obiectionem
849 1428 1023 1508 praevertit,
1054 1448 1143 1563 quum
1168 1427 1250 1490 addit

114 1508 276 1580 continuo,
317 1504 390 1564 uisse
411 1503 602 1564 Colossenses
623 1502 742 1575 Christo
769 1503 958 1584 consepultos
983 1524 1038 1583 per
1084 1505 1248 1583 aptismum.

115 1587 186 1661 Quo
207 1581 349 1664 significat
369 1580 397 1639 id
419 1579 505 1638 bodie
527 1600 588 1640 esse
606 1579 786 1671 Baptismum
798 1580 981 1652 Christianis,
1002 1581 1081 1658 quod
1101 1581 1249 1642 veteribus

114 1656 398 1720 eratCircumcisio:
418 1655 546 1736 ideoque
564 1656 627 1717 sine
647 1656 724 1717 rllius
744 1656 849 1718 iniuria
861 1677 920 1717 non
933 1677 1020 1739 posse
1040 1656 1114 1718 hanc
1133 1657 1249 1739 iniungi

115 1735 297 1798 Christianis.

189 1819 235 1874 25.
275 1811 316 1870 nt
336 1808 414 1888 quod
434 1809 580 1889 sequitur,
605 1820 635 1870 et
655 1809 713 1870 iam
738 1832 835 1892 nuper
854 1811 959 1887 citavi,
986 1810 1129 1892 difficilius
1149 1821 1193 1870 est
1211 1808 1249 1871 ad

114 1888 304 1959 solvendum,
330 1886 460 1946 Iudaicas
480 1906 582 1946 omnes
605 1889 785 1948 ceremonias
805 1886 894 1949 fuisse
913 1888 1030 1948 umbras
1051 1909 1148 1947 rerum
1169 1887 1250 1946 iutu-

114 1986 228 2037 rarum,
254 1984 361 2042 corpus
381 1982 443 2022 csse
468 1962 498 2020 in
511 1961 639 2023 'Christo
659 1963 878 2040 (Col.2,17.):
906 1966 996 2047 longe
1015 1984 1087 2025 vero
1111 1961 1249 2024 difficilli-

113 2063 192 2101 mum
213 2039 292 2118 quod
319 2038 418 2098 multis
438 2039 582 2118 capitibus
602 2038 743 2118 epistolae
763 2042 798 2100 ad
819 2041 972 2102 Hebraeos
996 2051 1155 2113 tractatur,
1183 2060 1249 2099 san·

113 2117 232 2199 guinem
254 2115 397 2193 pecudum
418 2136 478 2175 non
507 2116 663 2198 pertigisse'
682 2116 718 2176 ad
739 2112 948 2179 conscientias:
974 2117 1017 2178 Le
1040 2137 1086 2176 em
1113 2115 1249 2177 habuisse
1283 2157 1287 2170 ·

112 2193 245 2254 umbram
266 2193 432 2251 futurorum
454 2192 613 2263 bonorum,
633 2212 694 2252 uon
714 2195 869 2274 imaginem
890 2200 1021 2272 rerum(
1053 2194 1116 2253 ebs.
1127 2199 1176 2268 10,
1189 2195 1247 2265 1.)s

113 2271 242 2331 cultores
263 2288 296 2327 ex
316 2267 489 2333 ceremoniis
509 2268 645 2329 hlosaicis
672 2269 742 2330 nihil
765 2271 954 2350 perfectionis
973 2270 1062 2332 suisse
1081 2290 1170 2330 conse
1194 2292 1249 2328 uu·

111 2361 170 2421 tos,
190 2356 220 2405 et
237 2343 348 2407 similia.
387 2343 503 2425 Repeto
524 2345 680 2424 quodiam
701 2347 795 2429 attigi,
815 2346 936 2407 Paulum
957 2368 1018 2408 non
1039 2347 1107 2419 ideo
1128 2291 1247 2405 umbra-

111 2424 178 2484 tiles
199 2422 295 2481 lacere
315 2422 505 2497 ceremonias,
547 2421 605 2480 uod
621 2421 694 2481 nihil
715 2422 858 2483 baberent
876 2423 975 2500 solidi,
994 2423 1044 2486 sed
1057 2423 1124 2504 quia
1145 2443 1248 2483 eorum

112 2496 375 2579 complementum,
395 2442 544 2576 usquead
565 2497 676 2566 Christi
695 2499 920 2573 exhibitionem,
945 2499 1164 2581 quodammodo
1184 2521 1248 2560 sus-

112 2597 235 2655 pensum
256 2585 327 2634 crat.
359 2573 482 2640 'Deinde
502 2595 563 2633 non
585 2574 622 2633 de
642 2576 781 2648 efficacia,
800 2576 851 2636 sed
872 2577 970 2659 potius
991 2579 1027 2637 de
1047 2577 1137 2637 modo
1157 2576 1248 2658 signi·

111 2653 217 2712 ficandi
238 2650 293 2710 boc
313 2650 537 2730 intelligendum
560 2671 621 2711 esse
642 2651 719 2712 dico.
758 2654 865 2714 Donec
886 2656 962 2713 enim
983 2654 1182 2714 manifestatus
1202 2662 1248 2711 est

111 2733 143 2789 in
165 2747 251 2787 carne
272 2727 421 2802 Christus,
442 2729 537 2787 omnia
557 2729 639 2808 signa
657 2729 738 2787 velut
755 2729 907 2791 absentem
928 2750 994 2789 eum
1019 2729 1247 2788 adumbrabant:

113 2817 262 2880 utcunque
275 2803 387 2862 virtutis
407 2822 486 2876 suae,
505 2805 609 2882 suique
630 2804 704 2862 adeo
724 2805 812 2883 ipsius
834 2806 1027 2884 praesentiam
1046 2804 1179 2863 fidelibus
1200 2805 1247 2863 in-

112 2894 160 2940 tus
171 2889 323 2937 exsereret
363 2875 423 2936 Sed
443 2878 500 2937 hoc
520 2880 642 2937 maxime
658 2881 806 2941 observari
827 2885 976 2955 convenit,
996 2882 1024 2940 in
1046 2881 1088 2940 bis
1109 2879 1246 2940 omnibus

113 2951 187 3018 locis
207 2954 329 3012 Paulum
350 2974 411 3012 non
432 2953 618 3032 simpliciter,
639 2956 689 3014 sed
710 2977 763 3034 per
783 2957 1006 3017 contentionem
1025 2956 1116 3036 loqui.
1157 2957 1245 3031 Quo-

112 3035 191 3093 niam
216 3030 258 3089 illi
285 3042 431 3089 certamen
460 3041 523 3088 erat
549 3052 613 3089 cum
645 3033 915 3111 pseudoapostolis,
948 3035 998 3114 qui
1019 3034 1049 3093 in
1069 3030 1245 3107 ceremoniis

112 3109 192 3183 solis,
213 3105 294 3166 nullo
315 3106 425 3167 Christi
444 3119 595 3186 respecto,
615 3109 755 3186 pietatem
774 3112 858 3169 sitam
879 3130 941 3171 esse
960 3110 1114 3171 volebant:
1135 3108 1171 3169 ad
1192 3128 1265 3200 eosq

111 3183 309 3247 confutandos
328 3183 396 3243 satis
416 3193 478 3241 erat
497 3183 633 3242 duntaxat
658 3195 798 3260 tractare,
813 3187 884 3267 quid
904 3207 958 3268 per
977 3207 1008 3248 se
1027 3186 1142 3247 valeant
1162 3205 1246 3256 cerev

111 3263 238 3322 moniae.
282 3261 369 3318 Hunc
390 3279 508 3351 quoque
533 3279 655 3337 scopum
678 3275 817 3396 sequutus
842 3276 886 3323 est
910 3275 1014 3324 auctor
1039 3261 1180 3355 epistolae
1206 3261 1264 3322 a'd'

111 3339 275 3397 Hebraeos.
315 3337 532 3395 hlemrnerrmus
553 3357 625 3416 crgo
646 3337 692 3396 bic
734 3340 955 3416 eceremoniis,
976 3361 1037 3400 non
1057 3362 1088 3398 rn
1108 3360 1158 3402 sua
1172 3358 1244 3398 vera

111 3427 141 3472 et
162 3414 256 3473 nativa
275 3413 491 3493 significatione
501 3432 568 3472 acce
591 3412 636 3489 tis,
656 3413 706 3473 sed
727 3416 762 3475 ad
783 3415 880 3476 falsam
899 3436 1077 3497 pravamque
1096 3415 1244 3494 interpre-

110 3491 252 3549 tationem
274 3488 409 3563 detortis,
430 3509 490 3547 non
512 3489 549 3548 de
568 3435 700 3581 legitimo
721 3511 821 3552 earum
840 3514 911 3567 usu,
930 3493 981 3553 sed
1001 3493 1039 3552 de
1057 3492 1244 3571 superstitio·

110 3568 155 3625 nis
175 3566 266 3624 abusu
287 3565 433 3642 disputari.
474 3565 555 3640 Quid
576 3567 665 3648 igrtur
684 3567 789 3628 mirum
809 3568 832 3627 si
853 3581 1002 3650 separatae
1022 3568 1172 3629 aChristo
1192 3587 1243 3627 ce-

109 3644 275 3713 remoniae,
295 3641 375 3699 omni
393 3642 501 3700 virtute
521 3641 682 3703 exuuntur?
706 3645 736 3703 in
758 3644 880 3705 nihilum
899 3646 977 3715 euim
998 3646 1142 3726 redigitur
1162 3644 1244 3722 quic·
1267 3667 1270 3673 Δ

110 3719 180 3796 quid
203 3729 246 3776 est
265 3718 426 3797 signorum,
445 3716 496 3776 uhi
517 3737 563 3778 res
582 3720 694 3800 signata
714 3721 836 3780 tollitur.
875 3717 926 3782 Sic
938 3722 1072 3783 Christus
1084 3721 1242 3798 (10.6‚26.

108 3795 223 3870 et27.),
243 3792 292 3852 ubi
313 3795 464 3874 negotium
485 3793 611 3855 habebat
630 3818 696 3856 cum
717 3797 759 3870 iis,
779 3798 829 3877 qui
848 3819 953 3858 manna
974 3799 1045 3857 nihil
1065 3798 1142 3856 aliud
1156 3818 1241 3875 quarn

108 3872 206 3931 cibum
227 3870 335 3930 ventris
367 3872 455 3930 foisse
486 3872 674 3952 cogitabant,
703 3894 869 3934 sermonem
901 3875 1106 3935 accommodat
1131 3893 1242 3932 crassae

108 3969 211 4007 eorum
232 3945 377 4024 opinioni,
398 3946 525 4026 dicitque
544 3969 575 4008 se
594 3949 747 4010 meliorem
768 3949 865 4010 cibum
885 3951 1097 4024 administrare,
1117 3950 1165 4028 qoi
1178 3950 1243 4008 ani-

107 4046 167 4084 mas
188 4023 224 4083 ad
243 4040 325 4157 spem
351 4023 576 4084 immortalitatis
602 4037 708 4106 pascat.
754 4025 872 4099 Quodsi
891 4025 1044 4088 clariorem
1063 4025 1241 4087 solutionem

107 4101 243 4180 requiris,
285 4120 320 4158 uc
340 4101 436 4158 tendit
456 4102 586 4159 omnium
606 4123 726 4162 summa.
765 4102 866 4162 Primo
885 4115 982 4164 totum
1002 4102 1085 4163 illsim
1106 4121 1241 4162 ceremo-

107 4176 219 4235 niarum
240 4188 427 4255 apparatum,
447 4173 546 4255 quiin
567 4176 633 4260 lege
652 4177 779 4239 hlosaica
802 4179 872 4250 suit,
891 4180 949 4240 nisi
969 4181 1004 4240 ad
1027 4178 1176 4241 Christum
1197 4177 1242 4236 di-
1286 4226 1289 4233 Α

107 4253 235 4333 rigatur,
254 4273 318 4313 rem
339 4273 401 4313 esse
422 4252 571 4313 evanidam
590 4275 624 4314 ac
642 4253 735 4315 nihili.
774 4255 951 4317 Deinde·sic
971 4258 1002 4317 in
1023 4255 1173 4318 Christum
1194 4274 1242 4313 re·

106 4330 241 4408 spexisse,
260 4341 293 4390 ut
313 4349 350 4390 eo
371 4330 487 4391 demum
506 4329 538 4390 in
558 4350 647 4392 carne
664 4329 872 4412 manifestato,
888 4333 1138 4414 complementum
1157 4352 1244 4394 suum
