2700 4732
527 240 603 306 utu.
624 245 677 305 tv,
717 242 806 305 CAP.
826 244 867 306 Ii.
1190 252 1261 312 dit

115 391 225 475 (Exod.
237 389 351 468 29,9.).
390 386 482 523 quod
502 407 573 448 vero
594 399 682 467 caput
701 399 746 449 est
766 389 856 449 totius
877 388 1066 469 quaestionis,
1082 389 1119 450 ad
1139 389 1252 465 nullum

114 469 350 550 superstitiosum
376 477 484 526 cutum
511 464 720 546 adigebantur:
753 467 813 526 imo
845 465 917 526 nibil
936 465 1152 546 suscipiebant,-
1172 467 1252 547 quod

115 566 179 607 non
200 556 277 604 esset
296 565 312 603 a
329 543 396 601 Deo
417 540 590 602 institutum.
630 543 717 622 Apud
738 542 910 616 hosantem,
930 542 1060 622 Papistas
1080 543 1159 618 diro,
1180 543 1250 623 quid

115 621 230 683 simile?
269 620 324 679 Vix
343 619 421 678 enim
442 618 532 676 ullum
554 640 618 677 cum
640 621 707 698 ipsis
728 631 904 681 conventum
918 638 1067 698 possumus
1080 619 1197 694 habere,
1216 621 1248 679 iu

116 720 177 778 quo
199 718 258 757 non
280 708 379 774 aperta
400 693 566 754 idololatria
579 716 631 754 nos
652 695 824 774 polluamur.
864 696 953 756 Certe
966 697 1152 775 praecipuum
1167 717 1250 756 com-

70 830 76 845 ,
115 775 263 834 munionis
283 771 429 831 vinculum
452 773 479 829 in
495 772 579 830 Missa
591 783 643 846 est,
664 793 749 851 quam
770 793 825 830 nos
844 783 878 831 ut
897 772 1047 831 maximnm
1066 773 1250 852 sacrilegium

115 851 328 911 abominamur.
368 855 466 927 Atque
487 848 514 905 id
537 848 642 906 rnerito
663 869 699 906 an
721 860 832 906 temere
853 870 867 908 a
889 849 974 911 nobis
995 851 1057 924 fiat,
1077 847 1147 908 alibi
1166 850 1249 909 vide-

114 928 198 987 bitur
217 926 279 1003 [lib.
301 924 383 985 lanius
411 947 474 1004 cap·
495 928 542 987 18.
576 925 624 983 Cf.
642 937 672 984 et
692 925 741 983 lib,
761 931 789 989 2.
810 930 942 990 εζ·15.ἐ.
962 926 1016 1005 6.].
1064 926 1151 985 Nunc
1180 925 1250 986 satis

115 1016 162 1063 est
182 1003 337 1063 ostendere
358 1002 440 1060 aliam
462 1002 491 1059 in
514 1000 566 1059 lrac
588 1013 669 1078 parte
690 1021 803 1061 causam
824 1014 951 1062 nostram
973 1008 1139 1081 essequam
1161 1003 1249 1061 luerit

114 1079 348 1160 Prophetarum,
373 1077 422 1156 qui
443 1090 475 1135 ut
495 1076 651 1154 impiorum
670 1078 756 1138 sacris
776 1077 968 1154 interessent,
1001 1078 1095 1139 nullas
1114 1098 1249 1138 ceremo-

114 1156 179 1216 nias
205 1155 251 1215 vel
283 1166 413 1234 spectare
438 1153 482 1212 vel
513 1173 652 1232 usurpare
677 1153 862 1235 cogebantur
888 1148 943 1215 nisi
968 1175 983 1214 a
1004 1155 1070 1215 Deo
1091 1156 1247 1215 institutas.
1325 1180 1327 1185 ·

114 1233 177 1306 Ae,
203 1232 227 1291 si
254 1230 417 1325 exemplum
438 1231 559 1289 omnino
580 1229 674 1290 simile
694 1229 805 1291 babere
823 1229 909 1302 libet,
935 1253 1078 1292 sumamus
1099 1250 1133 1291 ex
1153 1248 1247 1313 reguo

114 1308 288 1370 Israelitico.
333 1307 501 1366 becundum
522 1306 685 1366 institutum
706 1307 861 1367 Iarobeam
881 1309 920 1385 (Ι.
940 1309 1013 1391 Reg.
1033 1315 1086 1383 12,
1105 1311 1167 1385 3¹12)
1188 1330 1249 1368 ma·

114 1385 207 1445 nebat
227 1384 419 1456 circumcisio,
439 1382 549 1441 fiebunt
568 1384 717 1458 sacrificia,
737 1384 799 1443 Lex
818 1397 915 1444 sancta
937 1385 1109 1458 habebatur,
1129 1386 1248 1445 invoca·

114 1462 203 1521 batur
222 1461 303 1520 Deus
322 1461 389 1534 ille,
413 1480 501 1540 quem
528 1481 543 1517 a
564 1459 700 1519 Patribus
720 1473 908 1538 acceperant:
941 1462 991 1522 sed
1017 1473 1140 1542 propter
1164 1462 1248 1521 cum·

114 1538 266 1598 mentitIos
286 1558 319 1597 ae
338 1537 446 1596 vetitos
467 1535 577 1610 cuitus,
610 1538 676 1614 quic
700 1537 748 1596 niu
770 1536 828 1596 illic
848 1537 1008 1619 agebatur,
1035 1538 1117 1597 Deus
1137 1539 1249 1618 impra-

113 1613 206 1674 babat
224 1636 257 1673 ac
277 1612 440 1673 damnabat.
485 1612 568 1672 Cedo
596 1612 667 1695 mibi
714 1612 865 1694 rophetam
892 1636 996 1688 unum,
1017 1614 1066 1674 vel
1091 1615 1248 1694 pium-jali-

137 1711 203 1750 uem
223 1691 332 1764 virum,
361 1690 410 1768 qui
429 1688 519 1748 semel
540 1689 705 1749 adoraverit
729 1692 758 1748 in
778 1690 898 1764 Bethel,
928 1703 978 1757 aut
1002 1711 1114 1750 sacrum
1137 1683 1248 1751 iecerit:

112 1710 269 1828 llorerant
289 1767 367 1825 enim
391 1785 421 1824 se
442 1766 470 1824 id
491 1786 551 1824 non
574 1766 718 1840 facturos,
740 1768 809 1848 quin
831 1767 867 1827 ali
892 1767 1108 1847 no'sacrilegio'
1122 1773 1157 1826 se'
1173 1776 1247 1826 con·

113 1842 300 1904 taminarent,
340 1841 487 1900 Habemus
507 1862 589 1924 ergo,
608 1865 670 1902 non
692 1864 821 1923 eousque
840 1791 937 1904 valere
956 1845 1033 1925 apud
1053 1845 1117 1924 pios
1138 1843 1248 1902 debere

112 1919 255 1980 eeclesiae
275 1917 528 1990 communionem,
561 1932 593 1978 ut
616 1921 641 1980 si
667 1919 770 1981 illaad
795 1920 934 2001 profanos
961 1921 1151 2001 pollutosque
1175 1920 1247 1980 ritus

114 1995 319 2080 degeneraret,
339 1997 420 2074 sequi
440 1996 573 2074 protinus
595 2017 713 2056 necesse
733 1999 779 2057 sit.
1176 2026 1197 2063 ,-

178 2078 239 2138 '10.
278 2073 389 2131 Verum
422 2072 458 2130 de
487 2071 576 2132 altera
609 2084 691 2151 parte
722 2071 812 2155 magis
842 2074 1000 2135 etiamnum
1031 2073 1246 2135 contendimus.

113 2150 191 2211 Nam
213 2149 236 2209 si
257 2147 548 2209 ecclesiasecundum
570 2168 636 2207 eum
657 2149 776 2208 modum
797 2151 1008 2226 consideratur,
1028 2151 1108 2210 cuius
1121 2151 1250 2212 revel-'eri

111 2227 264 2298 iudicium,
284 2225 364 2284 cuius
376 2224 540 2284 auctoritati
553 2224 679 2300 deferre,
701 2226 782 2285 cuius
802 2228 1015 2287 monitionibus
1034 2247 1147 2306 parere,
1168 2230 1248 2288 cuius

111 2301 353 2384 castigationibus
372 2301 562 2371 commoveri,
583 2302 663 2358 cuius
685 2304 920 2361 communionem
942 2304 1078 2383 religiose
1099 2305 1127 2360 in
1149 2303 1246 2362 omni-

110 2379 169 2439 bus
188 2377 286 2437 colere
307 2389 455 2456 oporteat:
479 2377 629 2436 ecelesiam
649 2375 705 2437 illis
725 2379 890 2439 concedere
909 2401 970 2440 nou
1012 2400 1152 2452 ossnmus,
1172 2381 1243 2459 quin

110 2454 305 2516 subiectionis
327 2453 553 2512 etobedientiae
573 2455 730 2514 necessitas
749 2476 803 2514 nos
823 2468 948 2515 mancat.
987 2401 1131 2515 ilibenter
1148 2466 1248 2517 tamen

111 2530 141 2592 ei
163 2532 367 2601 concedemus,
387 2529 466 2608 quod
479 2529 591 2588 ludaeis
612 2542 642 2589 et
662 2530 797 2594 Israelitis
817 2532 861 2591 sui
882 2532 988 2592 saeculi
1009 2532 1154 2592 dederunt
1171 2528 1247 2593 Pio-

135 2607 231 2683 hetae,
252 2628 339 2686 quum
363 2626 407 2665 res
427 2617 477 2664 aut
497 2606 525 2664 in
546 2608 607 2686 pari
628 2619 720 2679 statu,
740 2620 790 2667 ant
809 2611 896 2668 etiam
915 2609 1039 2668 'meliore
1059 2608 1118 2670 illic
1140 2622 1246 2670 essent.

110 2630 255 2743 b'idemus
275 2693 370 2742 autem
392 2695 424 2742 ut
444 2683 546 2760 passim
568 2683 695 2743 clament
715 2686 837 2763 profana
858 2705 919 2744 esse
940 2684 1157 2756 conventicula,
1183 2685 1247 2765 qui·

111 2761 170 2821 bus
190 2781 251 2819 non
270 2760 360 2895 mappis
380 2759 548 2820 consentire
568 2760 654 2819 liceat
673 2781 760 2839 qnam
780 2762 876 2820 Deum
898 2762 1044 2841 abnegare
1055 2761 1127 2894 ges.
1136 2763 1245 2837 1,14.).

110 2838 155 2896 Et
174 2847 253 2895 certe
271 2837 295 2897 si
315 2839 380 2895 ilae
400 2834 540 2896 ecelesiae
560 2837 689 2910 suerunt,
708 2838 840 2914 sequitur
858 2835 894 2895 ab
916 2839 1034 2897 eeclesia
1086 2838 1112 2894 ei
1134 2839 1245 2896 alienos

112 2913 221 2985 fuisse,
240 2912 269 2971 in
289 2913 398 2974 israele
423 2913 540 2992 quidem
565 2912 673 2987 Eliam,
693 2912 874 2987 Michaeam,
895 2925 925 2974 et
944 2913 1067 2973 similes:
1089 2914 1118 2970 in
1139 2914 1247 2974 Irrilaea

109 3000 211 3052 autem
231 2989 367 3064 Iesaiam,
387 2990 555 3061 ieremiam,
584 2989 731 3065 Hoseam,
763 3002 793 3049 et
813 2990 941 3070 reliquos
958 2991 1023 3049 'eius
1044 3000 1147 3059 notae,
1170 3010 1245 3068 quos

108 3067 197 3149 peius
217 3066 366 3147 quibusvis
392 3066 600 3126 incircumcisis
626 3067 750 3126 oderant
775 3079 804 3124 et
829 3066 1052 3126 exsecrabantur
1076 3064 1120 3129 sni
1139 3065 1246 3129 saeculi

106 3142 286 3225 prophetae,
303 3143 481 3214 sacerdotes,
502 3154 531 3201 et
572 3142 685 3219 opulus.
725 3144 757 3202 Si
777 3143 842 3202 illae
861 3143 1009 3215 ecelesiae,
1030 3158 1110 3225 ergo·
1123 3142 1245 3203 ecclesia

108 3240 177 3280 non
197 3219 333 3280 columna
349 3219 490 3292 veritatis,
509 3163 569 3278 sed
580 3221 793 3280 firmamentum
814 3219 970 3280 mendacii:
990 3240 1052 3279 nou
1071 3218 1247 3280 tabernacu-

109 3296 176 3356 lum
195 3295 253 3355 uei
272 3297 411 3371 viventis,
430 3296 480 3356 sed
501 3295 648 3355 idolorum
667 3297 892 3378 receptaculum.
939 3295 1066 3357 Necesse
1086 3295 1176 3430 iqitur
1194 3295 1245 3356 ba·

111 3371 225 3432 bebant
244 3372 279 3433 ab
300 3395 404 3436 eorum
417 3383 554 3433 coetuum
576 3374 769 3434 consensione
790 3372 961 3444 desciscere,
981 3390 1056 3453 quae
1076 3393 1105 3432 m
1127 3372 1148 3431 il
1167 3372 1246 3432 aliud

110 3460 179 3509 erat
199 3470 284 3529 quam
309 3451 397 3530 impia
428 3449 683 3509 adversus‘Deum
714 3449 903 3530 conspiratio.
951 3449 1060 3508 Eadem
1087 3451 1203 3509 ratione
1222 3451 1248 3508 si

109 3525 179 3606 quis
199 3538 364 3606 praesentes
389 3537 491 3586 coetus
527 3525 709 3599 idololatria,
743 3525 967 3605 superstitione,
998 3526 1088 3605 impia
1114 3525 1247 3584 doctrina

110 3606 329 3663 contaminatos
349 3623 404 3681 pro
426 3603 553 3662 ecclesiis
573 3615 724 3693 agnoscat,
743 3604 772 3662 in
792 3618 911 3681 quarum
932 3603 1018 3682 plena
1037 3604 1247 3661 communione

107 3679 299 3759 perstandum
327 3680 363 3739 sit
389 3679 501 3739 bomini
528 3679 694 3740 Christiano
719 3699 812 3758 usque
836 3678 870 3737 ad
897 3678 1048 3738 doctrinae
1073 3678 1245 3757 consensio·

108 3773 193 3828 nem,
213 3756 296 3816 vaide
318 3757 434 3816 errabit.
472 3758 547 3815 Nam
568 3757 592 3815 si
613 3755 750 3815 ecciesiae
771 3768 848 3830 sunt,
870 3764 996 3835 potestas
1015 3754 1135 3814 clavium
1155 3771 1246 3834 penes

107 3833 121 3891 i
144 3852 188 3891 sas
209 3835 266 3893 est:
288 3835 368 3912 atqui
390 3834 482 3892 claves
502 3832 682 3893 individuum
703 3833 812 3891 lrabeat
831 3838 936 3891 nexum'
956 3853 1021 3892 eum
1040 3830 1146 3905 verbo,
1166 3827 1246 3910 quod

105 3852 194 3968 illiue
215 3911 401 4002 proiligatum
423 3922 474 3969 est.
526 3909 646 3974 Deinde
671 3911 694 3969 si
720 3909 858 3970 ecclesiae
883 3920 966 3984 sunt,
998 3908 1075 3968 valet
1098 3908 1175 3987 apud
1199 3926 1247 3966 eas

109 3984 231 4046 Christi
245 3988 409 4066 promissio,
432 3987 640 4066 Quodcunque
661 3986 814 4069 ligaveritis
836 3997 890 4046 etc.
931 3987 1045 4046 Contra
1067 3982 1247 4058 autem,‘ab-'
1333 4024 1336 4034 ·

109 4061 252 4122 dieant'a
278 4085 328 4123 sua
355 4064 563 4123 communione
616 4064 700 4124 uicun
726 4085 761 4122 ue
792 4084 823 4122 se
844 4062 954 4124 Christi
981 4082 1078 4122 servos
1098 4082 1159 4119 non
1179 4059 1248 4119 ficte

107 4138 300 4273 profitentur.
339 4140 419 4232 Ergo
440 4154 491 4199 aut
511 4086 629 4201 evanida
650 4085 816 4201 estijtnistt
832 4140 999 4219 promissio,
1020 4149 1068 4196 aut
1088 4157 1150 4196 non
1170 4147 1248 4210 sunt,

134 4234 172 4272 oe
190 4215 291 4275 saltem
313 4217 430 4290 intuitu,
452 4216 598 4277 eeclesiae.
636 4217 774 4296 Denique
795 4215 946 4294 proverbi
966 4212 1249 4273 ministeriobabent

108 4289 226 4352 scholas
247 4293 404 4371 impietatis
426 4305 456 4352 et
484 4314 617 4352 errorum
638 4313 726 4353 omne
747 4314 839 4374 genus
859 4291 1013 4352 sentinam.
1052 4290 1182 4348 Proinde
1202 4300 1253 4348 aut

110 4365 263 4446 ecclesiae,
282 4369 443 4433 secuudum
463 4369 537 4430 banc
558 4369 721 4446 rationem,
741 4391 802 4431 non
824 4380 907 4430 sunt:
929 4380 981 4427 aut
999 4365 1110 4427 nullum
1130 4365 1251 4427 restabit

877 4445 947 4509 14*
