2700 4732
498 211 576 274 uus
596 211 650 273 ιν.
689 208 865 291 canst-
1196 214 1259 283 tta.

113 377 167 419 sua
192 357 289 418 suerat
312 355 498 439 gubernandi
522 356 615 432 rado,
645 376 733 437 quam
756 357 788 417 iu
801 353 935 421 'ecelesia
958 375 1009 418 sua
1036 353 1148 417 stabilit
1166 353 1256 418 Cbri·

112 446 176 495 atus
206 433 303 512 quoad
327 453 430 525 puram
460 433 694 508 institutionem,
717 445 806 568 atpue
830 433 862 493 in
887 432 968 516 gravi
1000 432 1162 494 sanctione.
1201 432 1253 493 Sic

114 515 195 572 enim
216 521 363 589 oportun,
383 531 472 590 quum
493 510 632 570 ecclesiae
658 509 762 592 ignobr
774 509 797 569 is
818 520 848 569 et
868 519 1057 589 contemptae
1077 508 1214 569 iudicium
1234 529 1252 569 a

112 588 276 646 temerariis
296 597 327 645 et
347 586 481 646 fastuosis
501 586 669 646 hominibus
688 609 701 647 s
724 587 795 646 erni
808 586 920 666 alioqui
940 596 1047 664 posset.
1085 585 1133 645 Ac
1149 605 1191 643 ue
1208 584 1251 645 le·

115 676 214 723 ctores
234 662 384 743 impediat,
404 662 484 744 quod
506 663 639 724 Christus
660 608 761 724 iisdem
780 661 877 723 verbis
903 682 950 721 res
973 661 1158 742 aliquantum
1172 661 1251 721 inter

110 760 144 799 se
166 739 293 799 diversas
313 748 408 815 notat,
428 739 506 799 hunc
525 740 637 798 nodum
656 738 774 800 solvere
794 739 866 799 utile
886 738 951 801 erit
991 738 1062 798 Duo
1082 736 1174 819 igitur
1183 747 1253 797 sunt

111 815 175 876 loci
205 817 255 894 qui
288 815 325 874 de
356 815 377 875 ti
398 815 477 876 ando
506 827 537 877 et
567 815 712 875 solvendo
733 815 904 895 loquuntur.
942 813 1029 874 atter
1046 826 1091 874 est
1109 813 1252 874 Matthaei

112 913 179 972 cap.
199 898 256 964 16,
285 890 337 951 ubi
406 893 508 967 ristus,
541 904 695 972 postquam
715 912 746 952 se
766 890 860 952 claves
880 892 964 973 regni
986 889 1136 951 coelorum
1157 890 1249 951 Petro

111 968 247 1028 daturum
267 967 417 1061 promisit,
436 969 580 1029 continuo
599 967 751 1050 subiungit
776 969 917 1046 (v.19.),
948 967 1158 1045 Quodcunque
1187 969 1196 1024 i
1219 984 1250 1027 se

110 1045 240 1104 interra
261 1043 392 1126 ligaverit
410 1056 460 1106 aut
477 1044 609 1114 solverit,
628 1056 722 1104 ratum
743 1045 772 1103 iu
794 1045 880 1105 coelo
902 1043 975 1104 lore.
1016 1041 1133 1116 Quibus
1153 987 1250 1103 verbis

110 1119 187 1181 nibil
205 1121 282 1180 aliud
302 1121 447 1202 significat
464 1141 551 1256 poam
571 1120 636 1180 aliis
676 1141 729 1180 uae
741 1119 887 1181 habentur
899 1120 974 1200 apnd
986 1119 1140 1194 Ioannem,
1160 1138 1250 1199 quum

110 1197 270 1276 discipulos
290 1199 461 1257 missurusa
502 1143 744 1276 praedicandum,
776 1209 930 1277 postquam
952 1195 1113 1257 insufflavit
1139 1196 1169 1255 in
1196 1214 1249 1254 eos

109 1275 192 1353 (cap.
204 1280 253 1347 20,
271 1276 348 1351 23.):
367 1274 540 1350 „Quorum
560 1273 667 1352 inquit,
686 1273 853 1334 remiseritis
867 1284 998 1353 peccata,
1017 1273 1135 1332 remissa
1147 1281 1248 1331 erunt:

111 1363 168 1423 „et
188 1370 312 1424 quorum
338 1349 533 1422 retinueritis,
562 1361 678 1409 retenta
704 1361 791 1408 eruut
817 1351 848 1407 in
875 1347 992 1409 coelo.“
1042 1344 1175 1409 Alleiam
1202 1347 1248 1407 in·

107 1423 353 1502 terpretationem
374 1442 437 1482 non
456 1435 600 1498 argutam,
620 1445 681 1481 non
702 1435 843 1496 coactam,
861 1443 924 1480 non
938 1422 1098 1484 detortam:
1118 1424 1248 1506 sedger·

108 1519 237 1571 manem,
255 1499 414 1572 fluentem,
432 1498 559 1558 obviam.
599 1498 666 1558 Hoc
687 1497 724 1558 de
743 1498 926 1558 remittendis
946 1510 976 1557 et
994 1501 1156 1560 retinendis
1176 1520 1247 1579 pec·

109 1574 182 1636 eatis
200 1575 380 1648 mandatum,
400 1586 431 1633 et
449 1574 499 1634 illa
520 1575 556 1632 de
577 1573 696 1655 ligando
716 1585 747 1634 et
764 1574 907 1634 solvendo
928 1574 1019 1634 Petro
1032 1574 1247 1655 saetapromis-

108 1652 166 1724 sio,
187 1670 247 1709 non
269 1650 325 1710 alio
346 1651 456 1710 debent
474 1650 577 1708 relerri
598 1671 685 1730 quam
704 1651 740 1710 ad
760 1651 841 1709 verbi
863 1650 1064 1724 ministerium,
1084 1651 1162 1745 quod
1177 1650 1248 1709 dum

107 1727 260 1805 Apostolis
281 1726 485 1787 committebat
503 1725 666 1799 Dominus,
692 1725 778 1788 simul
798 1739 828 1786 et
847 1726 904 1786 boc
923 1727 1056 1786 solvendi
1076 1726 1246 1808 ligandique

107 1822 232 1863 munere
252 1803 332 1883 ipsos
350 1801 521 1862 instruebat.
572 1802 659 1876 Quae
683 1803 764 1863 enim
789 1815 834 1863 est
858 1823 969 1862 summa
990 1802 1162 1886 Evangelii,
1190 1801 1247 1863 nisi

131 1881 191 1939 uod
212 1899 314 1939 omues
334 1881 410 1939 servi
430 1879 540 1959 peccati
560 1891 590 1939 et
608 1879 710 1939 mortis
729 1878 871 1939 solvimur
894 1899 927 1938 ac
947 1878 1107 1940 liberamur
1124 1899 1179 1961 per
1197 1897 1248 1939 re·

108 1900 324 2036 demptionem,
341 1975 416 2035 quae
436 1967 480 2014 est
499 1957 530 2014 in
552 1954 670 2017 Christo
691 1955 779 2016 tesut
808 1955 857 2035 qui
878 1974 948 2015 vero
969 1955 1118 2016 Christum
1139 1955 1246 2015 libera-

107 2044 206 2095 torem
227 2053 260 2091 ac
281 2033 497 2110 redemptorem
519 2053 582 2091 non>
600 2032 761 2112 suscipiunt
780 2051 835 2092 nec
861 2043 1042 2167 agnoscunt,
1072 2052 1123 2093 eos
1148 2044 1245 2093 aeter·

108 2110 155 2170 nis
175 2109 298 2168 vinculis
319 2108 469 2181 damnatos
488 2107 679 2188 addictosque
699 2107 781 2168 esse?
799 2145 837 2157 -
901 2129 954 2169 auc
967 2108 1143 2188 legationem
1156 2127 1246 2186 quum

108 2185 262 2266 Apostolis
281 2184 339 2245 suis
359 2183 390 2243 in
418 2204 520 2244 omnes
544 2186 680 2245 nationes
704 2183 909 2264 perferendam
934 2187 1067 2245 traderet
1089 2184 1247 2258 Dominus,

109 2275 144 2322 ut
162 2282 242 2321 suam
263 2280 325 2320 esse
346 2272 376 2319 et
396 2280 462 2320 ase
483 2261 644 2339 prolectam
664 2261 853 2341 approbaret,
872 2262 930 2322 boe
949 2261 1100 2342 praeclaro
1112 2262 1246 2322 testimo·

107 2340 161 2399 nio
182 2357 245 2397 eam
266 2336 435 2397 bonoravit:
457 2337 545 2416 idque
565 2338 594 2397 in
614 2334 746 2397 eximiam
767 2339 1019 2399 confirmationem
1040 2350 1101 2398 tum
1113 2336 1246 2417 Aposto-

109 2414 208 2475 lorum
226 2415 372 2491 ipsorum,
404 2425 465 2472 tum
499 2434 601 2473 eorum
626 2434 746 2495 quoque
769 2415 900 2475 omnium
920 2416 955 2475 ad
976 2435 1050 2495 quos
1069 2425 1248 2495 perventura

107 2502 182 2552 erat.
220 2489 382 2549 Referebat
400 2502 433 2550 ut
452 2491 477 2549 Α
502 2490 590 2550 ostoli
610 2502 793 2552 constantem
814 2512 847 2552 ac
866 2491 988 2553 solidam
1008 2495 1077 2552 suae
1096 2491 1246 2572 praediea·

107 2569 197 2629 tionis
217 2566 422 2627 certitudinem
443 2511 600 2627 baberent:
634 2588 719 2647 quam
745 2588 807 2627 non
831 2570 922 2630 modo
943 2568 1061 2629 infinitis
1075 2566 1245 2639 laboribus,

109 2646 206 2716 curis,
227 2642 382 2715 molestiis,
407 2642 542 2723 periculis
563 2643 673 2703 obituri
692 2656 792 2718 erant,
820 2646 871 2704 sed
891 2667 945 2706 suo
966 2646 1082 2705 demum
1102 2643 1244 2726 sanguine

108 2719 302 2801 obsignaturi.
332 2719 455 2799 ipsam,
475 2722 610 2798 inquam,
637 2732 670 2780 ut
689 2721 799 2781 scirent
818 2742 879 2779 non
899 2742 1001 2781 vanam
1023 2741 1084 2781 esse
1104 2741 1160 2779 nec
1180 2721 1243 2777 ina-

108 2816 190 2871 nem,
210 2796 260 2855 sed
280 2797 430 2875 potentiae
448 2796 564 2870 plenam
586 2817 620 2855 ae
639 2797 769 2856 virtutis:
789 2797 939 2856 referebat
958 2809 990 2854 ut
1010 2797 1039 2856 in
1050 2808 1132 2856 tanta
1142 2796 1242 2855 anxie·

108 2883 169 2933 tate
190 2882 221 2930 et
240 2886 335 2930 rerum
356 2872 524 2932 difficultate
544 2873 692 2950 tantisque
712 2873 943 2945 discriminibus,
962 2872 1018 2931 Dei
1038 2893 1074 2945 sc¹
1089 2872 1242 2954 negotium

108 2969 197 3028 agere
217 2950 345 3028 persuasi
365 2960 477 3008 essent:
512 2960 545 3006 ut
574 2960 640 3008 toto
673 2948 784 3009 mundo
804 2949 977 3009 adversante
998 2962 1028 3008 et
1046 2959 1242 3042 repugnante,

107 3026 207 3085 Deum
232 3045 287 3104 pro
312 3044 344 3084 se
372 3037 449 3084 stare
481 3037 713 3106 cognoscerent:
748 3037 783 3094 ut
812 3026 961 3087 Christum
992 3027 1144 3086 doctrinae
1174 3042 1244 3085 suae

108 3114 274 3173 auctorem,
305 3122 333 3160 as
358 3116 424 3160 ectu
444 3102 475 3160 in
496 3113 576 3161 terra
593 3115 776 3180 praesentem
797 3123 858 3162 non
879 3102 1038 3175 habentes,
1065 3102 1159 3197 ipsum
1180 3119 1243 3160 esse

106 3181 139 3239 in
160 3177 246 3238 coelo
266 3122 478 3259 intelligerent,
498 3178 535 3236 ad
555 3178 725 3238 firmandam
747 3179 807 3241 eius
827 3201 914 3259 quam
934 3179 990 3239 sibi
1008 3179 1168 3240 tradiderat
1187 3176 1243 3236 do-

106 3255 219 3316 ctrinae
238 3255 400 3313 veritatem.
440 3253 608 3333 Oportebat
631 3277 744 3316 rursum
765 3270 796 3317 et
820 3256 1003 3317 auditoribus
1021 3256 1181 3318 certissime
1199 3266 1244 3313 te-

106 3331 262 3391 stificatum
284 3352 362 3404 esse,
392 3330 469 3389 illam
493 3331 646 3412 Evangelii
676 3334 840 3393 doctrinam
867 3354 928 3393 non
950 3333 1161 3413 Apostolorum
1181 3349 1244 3392 esse

107 3426 285 3482 sermonem,
304 3409 354 3467 sed
375 3408 431 3466 Dei
452 3409 555 3487 ipsius:
577 3429 637 3468 non
659 3430 761 3470 vocem
781 3412 811 3470 in
831 3422 910 3471 terra
932 3421 1035 3484 natam,
1054 3410 1105 3471 sed
1123 3407 1241 3469 ecoelo

109 3481 264 3559 delapsam.
302 3482 372 3543 Non
392 3484 469 3543 euim
490 3485 519 3542 in
541 3485 668 3545 hominis
687 3498 833 3566 potestate
853 3486 925 3547 baec
946 3506 1007 3547 esse
1021 3495 1153 3567 possunt,
1194 3504 1241 3543 ec·

109 3570 244 3617 catorum
265 3560 411 3634 remissio,
452 3561 586 3620 romissio
607 3562 685 3619 vitae
705 3575 856 3635 aeternae,
875 3563 974 3623 salutis
995 3563 1141 3622 nuntium.
1211 3580 1242 3619 e·
1302 3611 1305 3619 .

108 3633 246 3693 stificatus
267 3647 310 3693 est
329 3656 402 3716 ergo
423 3583 556 3697 doristus
575 3636 648 3696 nihil
666 3638 699 3697 in
715 3639 867 3721 Evangelii
884 3637 1244 3719 praedieationedposto-

109 3710 208 3769 lorum
229 3729 290 3767 esse
310 3723 427 3790 praeter
445 3712 653 3773 ministerium:
681 3735 712 3775 se
732 3734 797 3775 esse
814 3715 863 3795 qui
882 3730 937 3798 pe'r
955 3735 1057 3776 eorum
1077 3735 1145 3790 ora,
1162 3712 1245 3776 velut
1313 3751 1327 3773 .

108 3806 164 3868 per
184 3806 309 3866 organa,
329 3786 502 3865 loqueretur
521 3790 619 3848 omnia
640 3802 670 3849 et
689 3791 884 3870 promitteret.
931 3793 1243 3872 Itaque-peccatorum

107 3863 310 3925 remissionem
341 3885 425 3943 quam
457 3865 678 3939 annuntiarent,
710 3887 806 3928 veram
833 3888 895 3930 esse
918 3869 976 3926 Dei
1002 3868 1242 3948 promissionem:

109 3938 328 3999 damnationem
349 3962 434 4018 quam
455 3943 691 4020 pronuntiarent,
711 3957 823 4004 certum
843 3944 1130 4005 esseDeiiudicium.
1162 3944 1245 4004 llaec

109 4028 207 4076 autem
228 4017 394 4076 testificatio
415 4016 535 4077 saeculis
555 4019 692 4080 omnibus
712 4020 778 4081 data
798 4032 852 4093 est,
873 4021 1013 4100 firmaque
1034 4032 1148 4094 manet,
1169 4038 1244 4098 quae

109 4095 251 4153 certiores
272 4114 375 4153 omnes
393 4113 511 4153 securos
535 4114 572 4153 ue
591 4095 701 4170 reddat,
721 4097 872 4180 Evangelii
887 4097 1020 4172 verbum,
1038 4113 1247 4177 aquoeunque

109 4168 229 4228 tandem
272 4169 393 4230 bomine
434 4115 620 4251 praedicetur
674 4174 846 4253 ipsissimam
876 4192 939 4234 esse
962 4173 1022 4235 Dei
1057 4172 1247 4246 sententiam,

110 4245 188 4323 apud
208 4267 352 4307 summum
371 4245 500 4307 tribunal
520 4268 626 4327 promn
658 4261 753 4327 aum,
782 4251 813 4310 in
833 4249 912 4311 libro
930 4248 1010 4310 vitae
1028 4250 1184 4332 scriptam,
1213 4247 1247 4309 in

113 4320 200 4382 coelo
220 4333 323 4409 ratam,
342 4324 465 4404 firmam,
483 4343 517 4386 ac
536 4324 629 4387 baana
666 4325 829 4405 Haemus
845 4335 1024 4410 poemenem
1041 4324 1166 4393 ὠνίου
1184 4342 1250 4391 etse
