2700 4732
486 239 561 298 um.
583 240 635 298 ιν.
676 239 764 303 cae.
785 240 866 299 xvr.
1117 320 1124 329 .
1193 248 1249 309 ass

117 384 182 444 nis“
201 383 278 461 (Tit.
293 389 323 456 3,
338 384 390 459 5.).
431 383 517 443 Unde
528 384 740 444 ratiocinantur
758 384 868 444 nemini
888 385 943 445 nisi
963 404 1062 445 earum
1080 402 1178 444 rerum
1199 407 1247 446 ca·

116 460 181 539 paci
200 458 422 519 conferendum.
460 460 520 519 Sed
539 462 618 520 enim
639 459 726 522 nobis
746 480 779 520 ex
797 461 921 522 adverso
942 460 1175 541 exciperelieet,
1195 482 1248 522 ne-

117 556 175 615 que
201 536 459 597 circumcisionem
490 535 553 595 aliis
583 559 669 616 quam
698 538 879 619 regeneratis
911 539 997 599 luisse
1029 538 1248 616 conserendam,

116 633 191 690 qnae
212 633 243 670 re
267 613 466 673 onerationem
487 613 670 694 designabat.
716 615 813 693 Atque
833 615 872 674 ita
892 615 951 674 Dei
971 616 1136 674 institutum
1156 636 1171 675 a
1192 636 1248 675 no-

116 689 160 748 bis
180 632 430 749 condemnabitur.
469 688 600 750 Proinde
607 690 715 827 (qquod
735 690 791 750 iam
812 691 965 771 aliquoties
977 691 1138 774 attigimus)
1159 710 1248 770 quae·

116 784 232 844 cunque
262 766 296 824 ad
329 765 579 845 quatelaciendam
635 767 867 827 ircumcisionem
900 789 932 828 ar
954 780 1071 829 umenta
1097 766 1249 840 inclinant,

116 841 172 901 vim
194 841 300 900 nullam
322 842 431 902 habent
450 844 479 901 in
500 843 700 933 oppugnando
720 844 880 922 Baptismo.
944 865 1019 925 eque
1039 845 1205 918 elabuntur,
1224 844 1249 905 si

116 917 240 977 dixerint
259 930 364 977 statum
376 939 438 978 esse
458 918 543 978 notu
563 941 597 979 ac
617 920 713 995 briam,
734 921 813 999 quod
826 920 882 979 Dei
903 923 1078 982 auctoritate
1098 934 1182 982 certo
1202 922 1248 979 ni-

115 995 197 1065 titur,
217 993 327 1054 etiamsi
350 994 426 1055 nulla
448 998 508 1056 eius
529 997 602 1055 ratio
616 1007 722 1055 exstet:
743 1017 816 1075 quae
837 998 999 1058 reverentia
1018 1018 1116 1078 neque
1136 997 1247 1076 paedo-

115 1069 259 1149 baptismo
281 1071 419 1147 debetur,
452 1094 548 1151 neque
567 1072 628 1131 aliie
648 1072 804 1145 similibus,
825 1096 898 1152 quae
922 1095 1058 1155 expresso
1078 1075 1134 1134 Dei
1155 1073 1247 1134 verbe

115 1166 176 1206 non
201 1160 269 1207 sunt
292 1148 377 1207 nobis
404 1149 618 1209 commendata:
653 1148 772 1240 quando
805 1149 860 1209 hoc
885 1151 1052 1211 dilemmate
1072 1149 1247 1231 deprehensi

113 1243 229 1303 semper
248 1237 395 1284 tenentur.
435 1228 494 1284 hiat
514 1226 591 1284 enim
613 1224 773 1306 legitimum
794 1226 939 1305 nullisque
959 1228 1247 1299 cavillisobnoxium‚

114 1312 164 1358 aut
193 1301 423 1380 reprehensione
449 1303 569 1384 dignum
595 1301 649 1361 luit
676 1301 712 1360 de
736 1304 976 1365 circumcidendis
1003 1304 1162 1364 infantibus
1188 1302 1247 1363 Dei

112 1389 309 1455 praeceptum.
349 1380 381 1437 Si
401 1378 474 1438 nihil
494 1379 597 1439 absoni
617 1398 673 1437 nec
692 1378 810 1437 absurdi
830 1379 860 1438 in
881 1379 932 1439 illo
953 1381 1025 1455 suit,
1051 1381 1156 1443 necin
1177 1400 1246 1461 pae-

112 1453 288 1534 dobaptismi
307 1455 513 1515 observatione
533 1456 681 1534 quippiam
700 1453 818 1514 absurdi
840 1457 937 1517 notari
977 1460 1076 1519 oterit.

187 1538 235 1596 21.
275 1531 373 1604 Quam
385 1552 454 1592 vero
475 1544 620 1592 conantur
637 1532 695 1591 boc
714 1529 782 1591 loco
802 1531 921 1593 inurere
940 1479 1126 1595 absurditatis
1146 1553 1247 1593 macu-

110 1610 181 1684 lam,
201 1608 242 1669 sic
262 1609 393 1668 eluimus.
433 1609 518 1684 Quos
532 1608 679 1670 electione
697 1629 747 1668 sua
767 1607 903 1701 dignatus
924 1623 968 1671 est
979 1610 1134 1683 Dominus,
1153 1610 1177 1668 si
1196 1630 1245 1669 ac-

111 1698 199 1765 cepto
224 1686 456 1765 regenerationis
485 1684 586 1765 siguo,
618 1684 763 1764 praesenti
787 1696 845 1746 vrta
875 1698 943 1746 ante
968 1687 1134 1767 demigrent
1159 1706 1246 1764 quam

110 1762 308 1833 adoleverint,
332 1782 383 1821 eos
401 1761 509 1821 virtute
535 1766 579 1822 sui
599 1761 726 1842 Spiritus
746 1762 832 1822 nobis
852 1763 1095 1845 incomprehensa
1114 1773 1246 1836 renovat,

111 1859 171 1919 quo
184 1838 273 1899 modo
287 1839 423 1918 expedire
442 1837 520 1898 solus
540 1841 601 1919 ipse
620 1837 764 1918 providet.
803 1839 837 1898 Si
857 1840 1050 1920 grandescere
1070 1840 1098 1898 io
1119 1850 1244 1898 aetatem

110 1916 280 1994 contingat,
309 1937 366 1995 qua
386 1915 523 1996 Baptismi
542 1917 692 1975 veritatem
713 1914 832 1974 edoceri
851 1928 976 1996 queant,
1003 1916 1072 1977 hinc
1096 1916 1187 1996 magia
1207 1914 1244 1974 ad

109 1993 312 2052 renovationis
332 1992 458 2052 studium
477 1992 689 2065 accendentur,
714 1995 795 2053 cuius
819 2003 927 2052 tessera
947 2013 978 2053 se
998 2013 1015 2052 a
1036 1992 1128 2072 prima
1147 1992 1243 2052 statim

109 2069 233 2128 infantia
253 2068 378 2128 donatos
399 2088 460 2128 esse
480 2067 608 2143 discent,
629 2089 688 2148 qno
709 2088 770 2128 eam
790 2079 857 2129 toto
879 2070 954 2128 vitae
974 2069 1098 2129 decursu
1117 2068 1242 2129 medita-

109 2157 224 2204 rentur.
274 2145 388 2205 Eodem
415 2145 561 2204 reseratur
584 2145 662 2224 quod
684 2144 799 2205 duobus
824 2144 895 2207 locis
921 2146 1028 2206 Paulus
1053 2147 1157 2221 docet,
1188 2166 1241 2204 nos

111 2220 230 2282 Christo
250 2242 310 2314 per
333 2221 511 2302 Baptismum
538 2221 713 2300 consepeliri
732 2221 833 2301 (llum.
844 2227 874 2295 6,
885 2228 913 2286 d.
934 2222 1125 2300 Calata).
1168 2223 1242 2281 Nam

109 2319 148 2359 eo
168 2319 230 2357 noo
249 2298 396 2379 intelligit,
416 2299 617 2377 consepultum
631 2297 751 2360 Christo
769 2299 826 2359 iam
846 2301 925 2379 prius
938 2319 1004 2359 eum
1017 2314 1078 2359 esse
1092 2313 1243 2378 oportere,

109 2377 160 2468 qni
185 2376 335 2454 Baptismo
360 2376 397 2435 ait
420 2375 591 2434 initiandus:
623 2375 674 2435 sed
698 2395 773 2455 quae
792 2377 942 2455 Baptismo
972 2375 1073 2437 subest
1096 2377 1243 2450 doctrina,

107 2452 279 2532 simpliciter
305 2452 444 2512 declarat:
475 2452 565 2532 idque
588 2450 645 2511 iam
670 2450 840 2532 baptizatis,
869 2465 903 2511 ut
933 2473 970 2512 ne
1000 2452 1092 2512 insani
1123 2452 1241 2532 quidem

108 2530 260 2609 baptismo
287 2531 400 2605 praeire
425 2548 458 2587 en
485 2527 630 2589 hocloco
660 2531 818 2611 pugnaturi
844 2528 909 2589 sint.
958 2530 993 2589 ln
1019 2529 1097 2590 hunc
1120 2528 1240 2587 modurn

106 2607 205 2666 Moses
225 2616 255 2664 et
266 2607 433 2686 Prophetae
451 2605 592 2685 populum
612 2606 821 2682 admonebant,
842 2607 909 2683 quid
929 2607 984 2666 sibi
1004 2604 1092 2666 vellet
1106 2605 1241 2666 Circum·

106 2682 197 2753 cisio,
217 2705 272 2761 qua
292 2695 389 2742 tamen
410 2684 535 2742 inlantes
553 2683 659 2765 signati
681 2683 804 2742 lucrant.
857 2682 1043 2742 Tantundem
1063 2682 1139 2742 valet
1159 2679 1240 2761 quod

107 2770 140 2816 et
160 2756 272 2817 Galatis
293 2759 410 2830 scribit,
440 2761 499 2819 Eos
524 2760 591 2818 dum
618 2759 755 2838 baptizati
778 2759 912 2831 luserunt,
943 2758 1092 2817 Christum
1113 2757 1240 2815 induisse

107 2832 317 2911 (Gal.3,27.).
357 2836 505 2908 Quorsum
527 2835 574 2893 id?
613 2836 727 2913 Nempe
747 2848 779 2893 ut
800 2835 919 2893 Christo
939 2835 968 2892 in
990 2845 1139 2913 posterum
1159 2834 1240 2891 vive·
1319 2866 1320 2870 κ

106 2922 191 2968 rent:
213 2912 280 2988 quia
301 2931 360 2968 nou
382 2922 448 2968 ante
469 2912 611 2969 vixissent.
655 2912 693 2968 Et
712 2931 874 3000 quanquam
894 2911 923 2968 in
945 2922 1015 2969 natu
1034 2907 1240 2991 grandioribus

107 2988 241 3063 mysterii
261 2986 484 3067 intelligentiam
504 2987 579 3067 signi
599 3000 745 3121 susceptio
760 2989 899 3066 consequi
912 2986 1015 3046 dehet:
1037 2985 1173 3066 parvulos
1191 2996 1238 3043 ta·

106 3084 175 3122 men
197 3064 254 3123 alio
276 3063 342 3122 loco
363 3084 396 3121 ac
423 3084 546 3122 numero
578 3063 741 3138 habenas,
770 3084 836 3122 mox
855 3076 1027 3143 exponetur.
1078 3065 1140 3122 Nec
1159 3060 1238 3120 aliud

106 3142 293 3201 statuendum
315 3153 358 3199 est
378 3139 414 3197 de
435 3139 502 3198 loco
514 3139 606 3214 Petri,
626 3141 655 3198 in
676 3160 735 3219 quo
754 3139 965 3222 sihi'rnagnum
986 3139 1160 3219 praesidium
1181 3149 1239 3198 sta·

105 3229 209 3276 tuunt:
240 3238 327 3296 quum
360 3216 432 3275 dicit
456 3237 515 3274 non
538 3234 599 3275 esse
619 3216 800 3275 ablutionem
820 3218 856 3276 ad
877 3216 1084 3352 absterlgendas
1104 3215 1238 3350 corporis

106 3295 219 3367 sordes,
239 3296 289 3351 sed
310 3295 406 3352 honae
426 3293 622 3353 conscientiae
642 3293 839 3354 testimonium
852 3315 951 3356 coram
995 3313 1042 3368 eo,
1062 3292 1151 3373 perC
1176 3291 1238 3350 risti

106 3373 351 3430 resurrectionem
367 3371 406 3448 (I.
421 3371 484 3429 Per:
495 3377 524 3443 3,
536 3371 608 3445 21.).
648 3368 843 3429 Contendunt
854 3370 969 3460 quidem
990 3369 1043 3446 illi,
1062 3391 1095 3428 ex
1108 3389 1144 3428 eo
1165 3366 1238 3426 nihil

130 3445 347 3525 aedobaptismo
368 3446 596 3526 reliqunmfieri,
616 3446 671 3506 nisi
692 3446 828 3506 utinanis
847 3459 885 3506 stt
904 3445 1012 3506 sumus:
1033 3467 1099 3506 nem
1124 3464 1237 3521 eaque

106 3467 197 3602 longe
208 3524 333 3602 seposita
353 3525 390 3582 sit
409 3525 480 3583 haec
493 3524 604 3582 veritas.
636 3523 746 3582 Verum
760 3523 986 3583 hallucinatione
1006 3523 1059 3583 ista
1078 3524 1086 3581 i
1110 3521 1238 3580 entidem

105 3611 245 3735 peccant,
279 3600 357 3677 quod
390 3621 450 3658 rem
478 3600 618 3679 temporis
637 3599 741 3660 ordine
760 3620 876 3691 semper
894 3600 978 3682 signo
1004 3601 1117 3678 praeire
1136 3597 1239 3657 velint.

126 3677 181 3733 *am
204 3686 233 3734 et
246 3675 482 3735 Circumcisionis
495 3677 597 3736 veritas
618 3670 930 3737 eodemconsdaentiae
951 3675 1047 3735 bonae
1067 3674 1238 3734 testimonio

107 3750 269 3811 constabat.
315 3751 432 3824 Quodsi
456 3753 619 3812 necessario
647 3754 823 3833 praecedere
844 3753 1005 3827 debuisset,
1025 3771 1172 3830 nunquam
1192 3749 1239 3808 in·

107 3828 204 3887 lantes
225 3828 281 3886 Dei
304 3829 441 3888 mandato
469 3828 591 3889 luissent
614 3829 783 3889 circumcisi.
834 3830 944 3889 Verum
969 3830 1031 3908 ipse
1051 3828 1145 3887 honae
1165 3845 1239 3885 con-

105 3905 247 3964 scientiae
266 3905 464 3964 testimonium
486 3905 722 3966 Circumcisionis
742 3905 856 3965 veritati
875 3907 993 3967 subesse
1013 3903 1180 3973 ostendeus,
1199 3900 1239 3961 si-

106 3982 168 4039 mul
188 3993 286 4039 tamen
313 3983 494 4061 praecipiens
523 3983 661 4062 parvulos
686 3983 870 4055 circumcidi,
902 4003 934 4042 ea
955 3993 1039 4062 parte
1059 3980 1088 4039 in
1108 3980 1240 4037 futurum

107 4069 222 4136 tempus
239 4058 499 4118 Circumcisionem
520 4059 649 4120 conferri
668 4059 735 4119 satis
755 4059 873 4119 indicat.
913 4063 1013 4133 Quare
1032 4056 1105 4115 uiuit
1125 4054 1188 4134 plus
1207 4053 1240 4111 in

108 4135 350 4215 paedobaptismo
372 4137 530 4214 praesentis
548 4136 693 4195 efficaciae
713 4156 744 4195 re
767 4135 920 4195 uirendum
942 4147 996 4209 est,
1016 4154 1101 4227 quarn
1121 4142 1155 4189 ut
1174 4129 1240 4189 loe-

108 4211 163 4269 dus
183 4233 248 4271 cum
269 4211 324 4272 illis
351 4212 518 4272 aDomino
542 4232 711 4292 percussum
736 4157 874 4272 obfirmet
896 4223 928 4272 et
949 4221 1066 4272 noceat.
1114 4206 1240 4285 Reliqua

109 4287 172 4346 cius
191 4288 364 4349 sacramenti
378 4287 560 4372 significatio,
570 4309 631 4371 quo
646 4301 781 4369 tempore
792 4288 872 4350 Deus
881 4288 944 4373 ipse
954 4285 1128 4371 providerit,
1135 4294 1243 4367 postea

110 4375 316 4443 consequetur.
926 4392 958 4407 -·
984 4386 998 4411 ¹·
1104 4398 1108 4407 ·
1158 4392 1164 4405 ν
1222 4388 1237 4401 ··
