2596 4726
94 170 156 235 sm
311 238 315 245 ,
479 166 556 227 ιιι.
575 164 635 227 ιιι.
676 144 768 229 cael
785 164 826 231 ιι

96 306 180 373 serbi
200 306 258 368 Del
278 318 383 389 partes.
405 306 552 371 'Tantum
573 310 651 372 enim
671 309 801 371 indicare
821 310 894 371 baec
913 308 974 371 duo
993 306 1140 386 volumus,
1157 328 1240 373 onn-

96 406 184 467 quam
205 384 317 446 scilicet
342 385 432 466 ipsam
452 389 628 463 consistere,
654 386 750 447 donec
769 388 806 446 ad
832 388 989 470 gratuitam
1010 386 1238 467 promissionem

96 461 279 546 pervenerit:
305 461 413 523 deinde
438 485 498 523 non
524 464 609 525 aliter
634 482 689 523 uos
713 481 767 542 per
787 464 876 545 ipsam
897 462 1048 524 conciliari
1067 464 1154 540 Deo,
1178 464 1239 525 uisi

97 538 167 632 guia
185 558 241 601 nos
252 538 372 630 Christo
392 541 520 630 copulet.
561 542 666 600 Utrum
689 539 886 611 uenotatudi
910 562 989 600 num.
1027 538 1131 599 Fidem
1165 559 1238 603 uae·

95 636 199 690 umus,
218 634 291 694 quae
303 614 361 677 Des
380 615 457 677 blros
476 638 492 678 a
512 617 646 698 reprobis
666 561 821 688 discernat,
841 628 872 677 et
888 560 990 678 lactes
1010 615 1047 676 ab
1063 562 1238 691 incredulis.

101 692 134 755 Sl
154 692 219 772 quis
239 692 335 751 Deum
356 705 386 753 et
410 693 485 753 iuste
509 696 606 774 praeci
630 713 679 753 ere
704 692 844 773 quiequid
891 692 1013 773 raecipit
1043 705 1073 751 et
1091 713 1160 753 vere
1181 693 1238 753 mi·

99 766 163 829 nari
182 767 293 843 credat,
312 790 349 829 an
370 784 528 850 propterea
549 716 641 831 mels
662 770 835 831 vocabitur?
891 768 954 829 'ibil
976 771 1080 829 minus.
1117 769 1237 831 rimus

99 865 173 927 ergo
198 845 266 905 fidei
291 856 381 906 status
402 868 462 906 non
483 849 555 922 erit,
581 846 635 907 nisi
660 846 689 905 in
710 846 768 905 Dei
793 846 991 906 misericordia
1010 844 1137 905 sistatur.
1174 846 1236 907 lam

123 942 240 982 eorsum
266 921 303 981 de
327 922 384 980 fide
416 914 745 1003 disputamuss⁹nonne
774 932 808 982 nt
838 934 988 983 teneamus
1012 922 1086 981 viam
1118 921 1238 983 salutis?

135 999 265 1060 uomodo
286 1010 382 1058 autem
402 998 473 1059 fides
491 1000 627 1075 salvifica,
646 999 701 1061 nisi
721 1012 864 1077 quatenus
885 1019 938 1059 nos
957 999 986 1057 in
1001 996 1110 1059 Christi
1129 1018 1239 1079 corpus

97 1074 216 1136 inserit?
253 1075 336 1135 Nihil
355 1096 428 1156 ergo
448 1075 584 1150 absurdi,
603 1077 626 1137 si
655 1076 684 1135 in
705 1075 878 1136 delinitione
904 1076 1090 1154 praecipuum
1111 1075 1173 1135 eius
1193 1074 1239 1135 al-

99 1151 210 1211 lectum
230 1150 269 1210 ita
290 1173 324 1210 ur
347 1172 437 1227 emus,
457 1165 487 1212 et
513 1153 580 1213 loco
606 1151 791 1212 differentiae
816 1151 984 1211 subiicimus
1030 1153 1111 1210 eneri
1136 1161 1240 1221 uotam

99 1226 195 1300 illam,
215 1247 290 1317 quae
310 1172 410 1289 aletes
429 1228 466 1289 ab
486 1228 645 1290 incredulis
663 1241 788 1309 separat.
826 1228 965 1307 Denique
984 1169 1056 1287 nlltt
1077 1226 1188 1317 habent
1207 1228 1240 1287 in

101 1303 155 1365 bac
176 1303 310 1364 doctrina
330 1304 465 1366 malevoli
484 1306 564 1385 quod
586 1317 723 1386 carpant,
765 1304 812 1363 uin
825 1304 948 1363 Paulum
968 1303 1120 1393 nobiscum
1141 1302 1242 1369 snyol-

99 1391 170 1441 sant
188 1380 220 1440 in
241 1380 363 1440 eandem
389 1382 649 1461 repehensionem,
678 1382 728 1462 qui
743 1326 937 1463 ‘brangelium
963 1399 1082 1461 proprie
1106 1378 1240 1460 appellat

101 1454 171 1517 fidei
191 1475 357 1516 sermonem
379 1457 480 1535 (Rom.
500 1464 548 1532 10,
567 1462 620 1536 st).
764 1512 769 1519 .

176 1537 224 1624 31,
266 1534 342 1593 ilinc
362 1555 433 1593 vcro
463 1556 577 1594 rursum
602 1533 766 1613 colligimus
786 1534 866 1615 quod
892 1544 962 1592 ante
987 1532 1149 1623 expositum
1171 1530 1241 1622 luit,

99 1610 403 1765 tl‘z.t'5¹”t.t‘t¹'.⁰.
418 1632 492 1760 tlt?
512 1610 872 1766 l.².l.“t.lls‘53‘..tl.².¹t
889 1608 1243 1765 rimiiimpillini‘iii

102 1761 152 1841 qui
172 1773 319 1851 noverunt
340 1783 448 1823 nomen
471 1764 541 1823 eius.
582 1765 662 1825 llaec
682 1776 777 1825 atstem
799 1765 931 1845 cognitio
953 1782 987 1821 ex
1007 1762 1146 1841 cuiusque
1166 1760 1242 1822 ima·

100 1839 252 1988 ggnatpopde
272 1859 336 1973 nup
354 1852 413 1974 estp
432 1839 483 1974 ped
501 1840 915 1993 pltpatenupilleuts(ipse9sua1e¹
925 1839 1066 1993 lponitastisl
1085 1839 1167 1974 testtis
1186 1847 1242 1973 eset:

137 1935 174 1973 oo
214 1934 292 1973 rem
340 1938 372 1975 ro
417 1936 711 1977 caarsconrma
784 1938 808 1975 s.
901 1939 958 1975 <.:
1041 1936 1101 1974 aus
1136 1934 1206 1974 uas

101 1989 230 2052 cundum
256 1938 406 2070 eloquiulls
430 1999 548 2051 tuum.“
597 1994 672 2053 ltcm
696 1998 785 2069 (119,
804 1960 894 2069 ll-lz.
912 1958 1057 2073 „spelaei
1087 1991 1116 2050 in
1142 1988 1241 2050 rerho

101 2078 165 2141 tuo,
184 2066 293 2126 salvum
314 2087 361 2126 me
383 2068 457 2128 lac.“
507 2067 568 2128 Ubi
595 2069 723 2129 notanda
751 2081 795 2129 est
819 2070 887 2128 fidei
913 2070 949 2129 ad
976 2069 1097 2128 verbum
1123 2066 1241 2142 relatio,

103 2141 209 2202 deinde
229 2142 327 2203 salutis
348 2146 567 2223 consequentia.
613 2148 659 2206 Ne
682 2165 718 2205 ue
741 2157 840 2205 tamen
866 2145 977 2205 interea
998 2144 1161 2225 potentiam
1181 2143 1242 2203 Dei

102 2218 289 2293 excludimus,
310 2220 391 2279 cuius
410 2220 517 2280 intuitu
538 2221 594 2281 nisi
612 2242 644 2282 se
660 2168 735 2283 bdes
753 2232 908 2297 sustentet,
928 2242 987 2280 nun
1011 2242 1076 2280 uam
1096 2220 1166 2280 Deo
1186 2221 1242 2279 tri·

81 2293 175 2356 -buet
193 2316 277 2355 suum
298 2295 451 2355 bonorem.
498 2298 622 2359 Videtur
640 2297 912 2379 Paulos,srigidrrm
939 2242 1075 2377 quiddam
1101 2308 1152 2356 aut
1177 2294 1242 2358 vol·

101 2391 172 2453 gare
192 2369 304 2431 reserre
325 2372 361 2431 de
381 2372 542 2433 Abraham:
563 2374 643 2452 quod
663 2374 830 2446 crediderit,
850 2374 958 2447 Deum,
978 2375 1029 2454 qui
1050 2373 1242 2433 benedictum
1283 2386 1296 2399 ‘

104 2466 204 2507 semen
224 2448 251 2505 ei
294 2449 458 2523 comiserat,
482 2462 637 2529 potentem
658 2470 721 2511 esse
740 2450 842 2525 (Rom.
862 2457 891 2523 l,
910 2452 985 2528 21.).
1017 2450 1091 2508 Item
1113 2447 1183 2510 alibi
1203 2448 1243 2510 de

103 2544 134 2584 se
154 2524 220 2602 ipso
241 2468 297 2601 (ll.
318 2523 395 2582 Tim.
414 2532 449 2597 1,
468 2528 546 2602 12.):
573 2529 667 2601 „Scio
702 2527 748 2588 cui
777 2526 967 2600 crediderim,
992 2538 1022 2585 et
1047 2538 1142 2585 certus
1166 2546 1244 2601 sum,

103 2600 184 2692 quod
205 2612 310 2680 potens
331 2601 368 2660 sit
388 2601 553 2680 depositum
574 2625 670 2663 mcum
690 2623 806 2663 servare
826 2603 856 2662 in
878 2604 955 2661 diem
975 2602 1089 2661 illum.“
1128 2604 1244 2662 Verum
1267 2630 1274 2637 ·

102 2677 1058 2851 tt.t¹'.³‚tt'2{.t.‘¹¹?.tlitllstttllltldittltlltltft
1076 2678 1245 2837 iigii‘lli

334 2797 343 2826 s
567 2807 571 2815 ·
997 2800 1006 2831 s

104 2852 166 2891 non
194 2852 299 2910 parvos
324 2831 427 2891 secisse
455 2853 627 2971 progressus
653 2834 682 2892 in
709 2832 775 2892 fide.
820 2832 992 2891 latebimus
1016 2852 1119 2891 omnes
1144 2832 1244 2893 Deum

104 2927 192 2988 posse
212 2907 352 2986 quicquid
372 2909 448 2968 sulti
475 2930 505 2970 se
547 2911 614 2969 dum
635 2931 690 2970 nos
710 2922 792 2968 metu
810 2920 981 2969 consternat
1001 2920 1032 2968 et
1052 2908 1177 2968 horrore
1197 2920 1244 2968 at·

105 2985 220 3045 tonitos
241 2985 337 3044 reddit
355 2986 474 3046 minima
493 3008 626 3068 quaeque
646 2987 786 3059 tentatio,
810 2985 879 3044 binc
899 2985 993 3064 palam
1014 2997 1058 3044 est
1078 3006 1132 3044 nos
1153 2985 1245 3045 dero-

104 3080 176 3150 gare
197 3063 347 3140 potentiae
367 3062 434 3136 Dei,
455 3067 501 3124 cui
522 3064 711 3145 praeferimus
733 3082 807 3142 quae
828 3074 931 3122 contra
952 3065 1012 3120 eius
1033 3062 1245 3141 promissiones

11 3176 13 3181 »
104 3148 234 3196 minatur
245 3138 344 3197 Satan.
381 3139 462 3199 Haec
482 3143 559 3201 ratio
576 3152 620 3200 est
639 3162 691 3201 cur
703 3140 818 3211 lessias,
838 3139 906 3197 dum
925 3138 1024 3198 salutis
1037 3138 1245 3199 certitudinem

104 3210 172 3272 vult
191 3212 359 3290 imprimere
379 3217 516 3277 cordibus
541 3217 659 3296 populi,
691 3227 749 3275 tam
781 3215 935 3296 magnifice
960 3215 996 3273 de
1023 3214 1162 3275 immensa
1182 3214 1245 3277 Del

106 3288 216 3348 virtute
236 3289 365 3349 disserat.
405 3291 530 3350 Videtur
549 3313 652 3383 saepe,
676 3293 728 3351 ubi
747 3312 913 3351 sermonem
935 3311 1052 3350 exorsus
1072 3303 1115 3349 est
1135 3291 1172 3349 de
1191 3312 1246 3370 spe

106 3364 210 3425 reniae
231 3376 261 3423 et
280 3366 545 3442 reconciliationis,
566 3368 622 3429 also
644 3369 757 3450 digredi
777 3381 808 3428 et
826 3369 924 3505 vagari
945 3388 997 3448 per
1018 3368 1119 3448 longas
1139 3388 1246 3446 super-

106 3461 211 3503 vacuas
235 3439 388 3521 ambages,
419 3464 652 3505 commemorans
677 3467 762 3524 quam
793 3446 864 3504 mira
890 3445 967 3503 iliter
999 3446 1079 3503 Deus
1112 3445 1188 3503 coeli
1215 3458 1248 3505 et

107 3529 204 3577 terrae
228 3517 386 3576 machinam
407 3540 472 3580 cum
497 3532 563 3581 toto
590 3535 709 3582 naturae
731 3521 835 3580 ordine
856 3522 1014 3602 gubernet:
1046 3519 1118 3577 nibil
1145 3533 1246 3581 tamen

108 3594 252 3672 estquod
273 3614 334 3653 non
356 3595 590 3656 circumstantiae
611 3599 755 3677 praesenti
776 3599 895 3658 serviat:
939 3598 983 3656 uia
1006 3597 1058 3655 nisi
1072 3598 1160 3656 virtus
1175 3598 1246 3673 Dei,

109 3691 167 3751 qua
188 3682 285 3750 potest
305 3671 419 3746 omnio,
450 3673 542 3733 oculis
568 3676 675 3736 nostris
694 3685 846 3743 occurrat,
873 3619 992 3733 scrlmm
1014 3693 1097 3732 aures
1116 3674 1247 3753 maligne

107 3747 265 3809 admittent
283 3747 328 3808 vel
349 3768 411 3806 non
431 3748 625 3809 aestimabunt
644 3753 720 3811 iusto
740 3752 846 3830 pretio.
885 3752 969 3809 note
983 3750 1061 3827 quod
1083 3749 1247 3815 ellectoalis

108 3823 242 3905 potentia
262 3823 309 3885 bic
330 3834 463 3883 notatur:
489 3827 557 3904 quia
577 3828 685 3906 pietas,
710 3841 742 3887 ut
761 3827 829 3886 alibi
851 3831 942 3887 visum
963 3827 1034 3898 luit,
1058 3827 1114 3884 Dei
1136 3838 1247 3904 poten.

108 3902 180 3961 tiam
198 3919 315 3979 semper
333 3900 369 3960 ad
389 3922 472 3960 usum
493 3914 523 3961 et
543 3923 617 3982 opus
637 3905 854 3965 accommodat:
884 3904 1052 3982 praesertim
1074 3923 1164 3982 opera
1184 3904 1247 3966 oet

108 3976 166 4038 sibi
187 3978 337 4055 proponit,
356 3978 461 4056 quibus
480 3998 512 4038 se
532 3980 649 4039 Patrem
674 3999 735 4041 esse
760 3991 880 4039 testatus
905 3991 957 4039 est.
1007 3979 1086 4038 Hinc
1111 3979 1160 4037 illa
1184 3990 1247 4042 tam

110 4052 214 4113 crebra
233 4052 434 4133 inscripseris
453 4054 664 4135 redemptionis
683 4056 834 4130 memoria,
854 4075 888 4115 cx
899 4076 955 4136 qua
975 4055 1086 4115 discere
1106 4066 1248 4135 poterant

109 4127 276 4205 israelitae,
295 4129 410 4202 Deum,
436 4132 488 4210 qui
507 4132 598 4192 semol
617 4144 721 4193 auctor
746 4133 842 4192 lucrat
864 4132 980 4203 salutis,
1005 4143 1158 4191 aeternum
1178 4131 1246 4192 sore

109 4205 172 4266 eius
191 4204 355 4267 custodem.
394 4208 457 4267 Suo
478 4209 565 4269 etiam
586 4228 666 4270 exem
689 4208 718 4268 lo
739 4230 794 4269 nos
814 4208 952 4268 admonet
961 4209 1070 4281 David,
1110 4228 1163 4268 uas
1182 4210 1245 4288 pri-

108 4283 194 4343 vatim
212 4281 335 4364 singulto
353 4282 497 4347 beneficia
516 4285 644 4349 contidit
684 4304 745 4363 eus,
764 4282 801 4347 ad
820 4282 1075 4347 confirmationem
1088 4230 1162 4347 bost
1182 4285 1246 4347 eius

480 4618 490 4627 ⁸
601 4628 604 4637 ¹
633 4636 636 4641 .

491 4646 639 4678 osenla-a
