2700 4732
474 177 550 237 ΗΒ.
570 177 622 235 lV.
663 175 751 237 CllP.
771 173 889 235 xvnn
926 183 928 191 ’
1185 178 1241 238 411

110 333 144 382 ut
162 321 296 383 diximus:
315 334 346 382 et
365 321 468 404 exiguo
490 332 557 401 post
575 333 710 402 ternpore
730 316 881 378 visibiliter
900 314 987 376 rediit
1005 316 1086 397 virga
1105 315 1141 374 ad
1161 333 1243 375 suam

110 400 244 459 formam.
282 396 367 458 Adde
379 398 459 476 quod
478 399 616 473 nescitur,
633 396 849 458 substantiaene
869 392 959 453 luerit
977 391 1027 452 illa
1038 390 1242 470 extemporalis

110 479 266 536 conversio
280 476 324 552 ¹³).
373 475 540 554 spectanda
570 474 657 546 etiarn
690 486 733 532 est
760 471 862 532 allusio
887 470 923 530 ad
952 469 1047 550 virgas
1077 488 1243 548 magorum,

112 572 182 631 quas
206 552 273 612 ideo
295 550 433 611 colubros
454 551 551 610 dicere
578 542 673 609 noluit
692 549 856 627 Propheta,
888 566 926 605 ne
944 545 1093 605 videretur
1119 545 1243 603 innuere

111 629 349 702 conversionem,
370 648 444 706 quae
464 627 543 686 nulla
563 638 637 700 erat,
664 629 730 704 quia
776 624 990 704 caestigiatnres
1009 621 1051 681 illi
1071 619 1144 680 nihil
1163 620 1242 680 aliud

111 724 198 782 quam
221 704 358 765 tenebras
381 705 576 783 spectantium
600 701 691 763 oculis
717 722 734 760 u
765 700 895 760 uderant.
945 698 1027 773 Quid
1053 710 1149 757 autem
1176 717 1243 756 cum

112 800 148 839 eo
160 779 251 839 simile
262 780 371 840 habent
381 782 451 840 istae
464 780 641 839 locutiones:
662 778 770 853 „l'anis
781 796 868 856 quens
880 776 1050 856 frangimus,
1061 807 1099 820 -
1114 771 1243 848 Quoties

112 856 230 917 ederitis
241 877 344 948 panem
360 857 448 929 hunc,
461 890 498 901 -—
516 855 784 916 Communicabant
802 852 831 913 in
853 852 995 913 fractione
1014 851 1129 931 pauis,“
1150 862 1180 910 et
1189 849 1244 909 alia

114 933 274 993 eiusmodi?
325 934 527 992 lncautatione
553 932 671 1011 quidem
696 950 851 1010 magorum
881 928 984 990 oculos
1018 939 1131 989 tantum
1155 926 1243 987 luisse

111 1009 252 1087 deceptos
266 1021 379 1069 certum
401 1020 452 1068 est.
495 1010 585 1081 Quod
605 1009 640 1067 ad
653 1009 768 1076 Mosen,
789 1006 878 1086 magis
897 1005 1031 1084 ambigua
1052 1025 1097 1064 res
1118 1014 1170 1078 est,
1191 1024 1244 1082 per

112 1085 192 1144 cuius
212 1107 327 1145 manum
352 1086 415 1145 Deo
441 1084 532 1144 nihilo
557 1085 647 1166 magis
673 1081 793 1142 difficile
818 1082 874 1141 luit
899 1100 932 1141 ex
953 1083 1032 1162 virga
1057 1080 1156 1140 lacere
1180 1099 1243 1140 ser-

111 1174 229 1240 pentem
257 1174 288 1220 et
307 1185 402 1221 rursus
422 1163 532 1243 virgam
558 1181 592 1219 ex
616 1170 768 1239 serpente,
788 1179 874 1238 quam
896 1157 1019 1217 induere
1039 1177 1075 1216 an
1099 1156 1159 1216 elos
1179 1177 1243 1216 car·

112 1238 174 1296 neis
200 1238 374 1317 corporibus
399 1248 429 1296 ct
453 1236 541 1318 paulo
567 1248 635 1317 post
655 1255 769 1295 exuere.
813 1234 846 1294 Si
866 1234 966 1293 eadem
987 1232 1032 1291 vel
1053 1177 1146 1292 alhnis
1167 1244 1244 1292 essct

113 1313 197 1374 huius
228 1316 358 1395 mysterii
388 1315 479 1388 ratio,
509 1325 585 1372 esset
613 1312 716 1393 aliquis
741 1309 826 1371 color
850 1331 952 1369 eorum
977 1309 1134 1373 solutioni.
1174 1310 1243 1369 Hoc

111 1389 204 1470 igitur
224 1390 309 1448 fixum
329 1401 460 1463 mancat,
486 1410 545 1449 non
566 1409 634 1448 vere
654 1407 709 1447 nec
729 1399 798 1466 apte
816 1385 950 1467 promitti
970 1387 1056 1447 nohis
1076 1387 1108 1446 in
1129 1385 1244 1463 Coena,

111 1485 228 1525 carnem
250 1465 359 1526 Christi
379 1485 450 1526 vere
469 1485 531 1526 esse
551 1465 581 1524 in
602 1463 715 1539 cibum,
736 1464 790 1523 nisi
809 1484 876 1523 vera
897 1463 1008 1522 externi
1028 1462 1153 1543 symboli
1173 1462 1244 1522 sub-

109 1542 214 1601 stantia
234 1543 420 1632 respondeat.
440 1581 479 1591 -
516 1541 614 1621 Atque
640 1543 688 1618 (ut
708 1560 792 1599 error
811 1558 886 1598 unus
906 1560 939 1598 ex
958 1539 1016 1598 alio
1037 1539 1177 1615 nascitur)
1197 1539 1244 1598 lo-

112 1640 162 1677 cus
187 1619 328 1676 Ieremrae
353 1620 501 1696 (11,19.)
534 1630 594 1677 tam
623 1616 731 1677 insulse
763 1618 895 1677 detortus
926 1625 971 1674 est
998 1615 1034 1674 ad
1062 1614 1244 1696 probandam

112 1693 484 1769 transsubstantiationem,
515 1706 548 1752 ut
573 1692 684 1753 referre
717 1693 821 1773 pigeat
874 1691 1075 1770 Conqueritur
1094 1691 1246 1770 Propheta

110 1768 221 1850 lignum
243 1769 368 1848 positum
388 1770 417 1828 in
445 1789 520 1851 pane
539 1791 609 1844 suo,
638 1769 823 1851 significans,
855 1767 981 1827 hostium
1001 1767 1118 1859 sqevitia
1140 1790 1244 1846 panem

111 1868 194 1905 suum
215 1847 356 1905 infectum
371 1866 432 1906 esse
448 1846 649 1906 amaritudine.
683 1844 940 1924 Quemadmodum
953 1844 1044 1904 David
1058 1843 1245 1924 (Ps.69,22.)

111 1922 198 1981 simili
218 1922 308 2002 figura
329 1921 426 1981 cibum
446 1945 530 1983 suurn
558 1922 647 1982 luisse
672 1921 741 1980 l'elle
766 1931 939 2000 corruptum
972 1932 1002 1979 et
1052 1931 1134 1979 otum
1161 1932 1244 1981 aceto

112 1998 148 2057 de
161 1998 256 2058 vlorat.
296 1997 347 2056 Isti
366 1998 525 2081 allegorice
547 2019 653 2078 corpus
673 1998 783 2058 Christi
802 1996 886 2079 ligno
906 1997 999 2057 crucis
1018 1943 1108 2057 fiisse
1127 1996 1244 2058 al'lixum

110 2086 225 2134 vount.
263 2075 305 2133 At
324 2075 363 2134 ita
382 2086 537 2135 senserunt
556 2074 692 2134 nonnulli
712 2084 857 2135 veterum.
898 2074 990 2151 Quasi
1009 2093 1080 2134 vero
1100 2094 1164 2132 non
1184 2095 1245 2135 ma·

111 2149 155 2231 gis
176 2150 387 2231 ignoscendum
407 2151 444 2211 sit
463 2171 566 2212 eurum
584 2150 716 2211 inscitiae
738 2162 769 2211 et
787 2148 1137 2230 sepeliendumdedecus,
1158 2149 1244 2230 quam

111 2226 243 2286 addenda
272 2227 311 2285 im
334 2228 469 2298 udentia,
500 2240 534 2288 ut
558 2239 704 2309 cogantur
727 2249 794 2288 cum
819 2227 950 2311 genuino
970 2227 1138 2307 Prophetae
1157 2248 1244 2288 sensu

111 2302 258 2363 hostiliter
277 2248 370 2362 adhuc
390 2304 561 2386 confligere.
677 2306 689 2320 ⁶
853 2325 854 2328 ’

187 2385 235 2444 16.
272 2378 341 2452 Alii,
360 2380 532 2458 quivident,
551 2401 613 2441 non
633 2400 719 2460 posse
730 2378 895 2461 analogiam
907 2379 984 2461 signi
1002 2391 1032 2440 et
1050 2379 1094 2439 rei
1112 2381 1243 2520 spgnatae

111 2454 252 2527 convelli,
276 2455 346 2534 quin
371 2456 501 2538 mysterii
525 2459 629 2518 veritas
655 2456 808 2532 concidat,
829 2455 974 2532 latentur,
992 2477 1100 2536 panern
1149 2478 1243 2523 oenae

109 2553 179 2593 vere
204 2530 393 2592 substantiam
418 2553 479 2594 esse
504 2533 615 2593 terreni
636 2545 665 2593 et
691 2532 890 2614 corruptibilis
917 2532 1055 2594 elementi
1081 2554 1135 2594 nec
1161 2536 1243 2614 quic·
1302 2601 1304 2605 y

110 2631 197 2688 quam
217 2612 246 2666 in
267 2629 298 2668 se
324 2608 385 2700 pati
409 2610 596 2687 mutationis,
625 2610 675 2671 sed
700 2609 754 2669 sub
780 2629 812 2671 se
837 2608 945 2671 habere
970 2610 1112 2670 inclusum
1134 2611 1243 2671 Christi

109 2708 225 2766 corpus.
265 2685 298 2743 Si
322 2697 362 2744 xta
388 2704 505 2746 sensum
531 2709 613 2746 suurn
634 2686 828 2766 explicarent,
855 2686 923 2745 dum
943 2686 1026 2767 panis
1052 2687 1081 2744 in
1102 2688 1242 2766 mysterio

108 2762 285 2842 porrigitur,
310 2781 449 2821 annexam
470 2783 531 2822 esse
552 2763 760 2822 exhibitionem
781 2763 929 2841 corporis,
955 2763 1022 2839 quia
1042 2762 1243 2853 inseparabilis

112 2849 156 2896 est
175 2857 191 2895 a
210 2837 295 2927 signo
316 2840 508 2912 suoveritas,
534 2859 593 2897 nnn
615 2839 697 2898 valde
723 2858 894 2928 pugnarem.
937 2836 997 2896 Sed
1019 2838 1084 2917 quia
1109 2861 1139 2897 ιιι
1167 2862 1242 2920 pane

111 2934 217 2990 corpus
236 2933 329 2991 ipsum
351 2911 491 2981 locantes,
511 2913 702 2991 ubiquitatem
723 2913 763 2973 dli
783 2913 929 2995 allingunt
948 2925 1069 2973 naturae
1088 2934 1156 2974 suae
1169 2938 1243 2977 con·

110 2989 245 3061 traciam,
276 2987 411 3048 addendo
436 2999 533 3048 autem
555 2989 617 3052 sub
638 3009 733 3069 pane,
760 2987 819 3050 illic
840 2988 987 3051 occultum
1012 2989 1103 3050 latere
1127 2991 1243 3071 volunt,

109 3065 182 3126 tales
202 3066 319 3124 astutias
340 3084 355 3122 e
379 3065 438 3124 suis
464 3063 583 3126 latebris
608 3066 754 3145 paulisper
778 3065 927 3126 extrahere
952 3086 1070 3128 necesse
1091 3079 1143 3127 est.
1180 3070 1243 3131 Ne·

110 3164 168 3223 qne
189 3143 266 3200 enim
286 3139 380 3199 adhuc
399 3161 433 3200 ex
453 3141 586 3233 professu
605 3155 700 3203 totam
715 3141 789 3203 hauc
802 3163 915 3204 causam
929 3142 1080 3204 absolvere
1099 3144 1242 3208 inanimo

111 3232 168 3280 est:
188 3219 240 3278 sed
260 3229 372 3276 tanturn
392 3231 424 3277 ut
436 3218 649 3298 disputationis,
669 3239 743 3297 quae
760 3240 826 3280 mox
844 3238 897 3281 suo
919 3217 987 3280 loco
1006 3232 1155 3299 sequetur,
1173 3223 1242 3284 lun·

109 3299 243 3358 damenta
263 3295 372 3354 inciam.
410 3294 524 3354 Volunt
536 3315 618 3376 ergo,
639 3295 749 3357 Christi
767 3316 874 3375 corpus
893 3295 1036 3356 invisibile
1057 3317 1118 3358 esse
1140 3311 1169 3360 et
1189 3300 1243 3360 im·

109 3393 256 3445 mensum,
281 3384 313 3430 ut
332 3372 386 3431 sub
407 3392 482 3452 pane
503 3371 603 3446 lateat,
635 3372 701 3451 quia
727 3392 757 3432 se
778 3394 843 3432 cum
864 3391 900 3432 eo
921 3374 1137 3434 communicare
1156 3376 1243 3437 aliter

112 3472 172 3509 non
195 3460 307 3528 putant,
330 3470 415 3527 quam
434 3449 459 3508 si
478 3448 508 3507 in
530 3469 632 3528 panem
654 3448 826 3522 descendat,
845 3449 964 3508 modum
985 3470 1055 3510 vero
1077 3451 1242 3528 descensus,

110 3547 170 3606 quo
196 3546 250 3585 nos
270 3525 306 3585 ad
329 3544 361 3585 se
386 3547 498 3586 sursum
520 3524 631 3601 evehit,
660 3545 722 3585 non
742 3524 1005 3604 comprehendunt.
1054 3525 1242 3604 Obtendunt,

96 3623 300 3682 quoscunque
320 3614 442 3692 possunt
460 3601 592 3662 colores:
612 3603 663 3662 sed
684 3602 734 3662 ubi
755 3603 853 3662 omnia
873 3602 1016 3676 dixerunt,
1034 3605 1102 3665 satis
1121 3619 1243 3685 apparet

108 3679 196 3738 locali
220 3679 328 3739 Christi
359 3680 539 3758 praesentiae
566 3680 708 3738 insistere.
759 3679 848 3755 Unde
866 3678 915 3738 id?
947 3700 1053 3759 nempe
1083 3682 1150 3759 quia
1179 3703 1241 3742 non

109 3757 193 3817 aliam
214 3757 307 3815 carnis
328 3767 357 3814 et
377 3755 523 3836 sanguinis
542 3755 798 3835 participationem
818 3755 975 3836 concipere
998 3756 1158 3831 sustinent,
1188 3759 1242 3819 nisi

108 3853 182 3925 quae
202 3831 248 3892 vel
267 3831 325 3891 luci
346 3830 555 3893 coniunctione
574 3843 662 3912 atque
682 3843 820 3893 contactu
840 3831 886 3894 vel
910 3853 1005 3895 crassa
1029 3833 1125 3913 aliqua
1145 3835 1241 3896 inclu·
1318 3873 1330 3898 v

106 3929 192 3971 stone
212 3920 336 3970 constet.
400 3926 404 3929 '

93 4169 101 4175 “
176 4168 205 4236 ⁴)
225 4167 333 4222 Confer.
352 4169 419 4220 inter
444 4189 472 4220 se
490 4167 657 4221 Ambrosium
675 4171 709 4220 de
726 4168 763 4231 iia,
780 4167 825 4238 qui
840 4168 964 4241 mysteriis
981 4169 1115 4223 initiantur
1137 4190 1192 4239 cap.
1208 4167 1241 4232 9.,

108 4250 134 4288 et
149 4237 320 4302 Augustinum
337 4237 383 4289 lib.
401 4237 434 4289 de
451 4235 610 4294 Trinitatad·
628 4257 683 4308 cap.
696 4238 737 4292 tu
754 4251 779 4290 et
796 4254 914 4303 agnosce,
930 4238 1022 4293 amhoa
1038 4237 1082 4291 hic
1098 4237 1175 4291 etiarn
1195 4240 1242 4292 ad-

109 4305 201 4367 versari
218 4302 480 4363 Transaubatautioni.
1040 4323 1044 4332 ‘
