2700 4732
144 210 203 272 aaa
264 192 268 201 '
519 202 596 265 tur.
616 203 660 264 ιι.
700 202 789 266 cae.
808 202 890 264 ιιι.

221 354 270 413 16.
308 347 387 408 llioe
416 345 607 426 multiplicem
639 345 768 409 lructum
798 346 912 428 colligit
937 346 1008 408 fides
1027 348 1071 425 *).
1128 347 1284 430 Siquidem

144 425 294 504 iutelligit,
312 423 476 485 llomiuum
495 445 549 484 suo
570 425 600 483 iu
620 424 736 485 coelum
756 445 878 487 ascensu
902 425 1011 483 aditum
1032 423 1117 507 regni
1138 424 1287 502 coelestis,

146 503 196 582 qui
217 522 271 583 per
289 500 382 560 Adam
403 499 569 580 praeclusus
589 500 694 576 luerat,
713 502 870 581 aperuisse.
909 500 1041 574 Quando
1062 501 1139 560 eninr
1153 502 1183 561 in
1195 523 1287 565 carne

146 588 248 638 nostra
267 577 348 656 quasi
369 590 474 636 nostro
494 575 615 636 nomine
635 596 672 637 eo
692 578 838 671 ingressus
864 588 925 652 est,
953 577 1022 636 inde
1047 579 1180 657 sequitur
1205 578 1288 659 quod

146 655 189 715 ait
206 653 379 734 Apostolus,
414 673 468 712 nos
509 653 707 713 uorlammodo
726 676 757 713 rra
778 653 955 713 coelestibus
975 654 1032 712 iam
1052 655 1082 713 iu
1103 654 1168 733 ipso
1188 656 1288 716 cousi·

140 731 228 803 -elere,
249 742 352 809 utpote
372 730 422 807 qui
442 674 557 788 codlum
579 749 640 788 non
660 751 712 809 spe
732 729 809 789 nuda
829 740 1044 808 exspectemus,
1067 732 1119 789 sed
1139 731 1169 789 iu
1189 731 1287 812 capite

146 818 250 867 nostro
271 805 478 884 possideamus.
537 805 653 863 Deinde
678 807 813 887 agnoscit
832 805 913 864 illum
935 825 996 864 non
1017 806 1080 865 siue
1100 827 1208 888 magno
1227 828 1287 869 uo-

144 876 209 942 'stro
230 883 312 942 hono
333 882 409 959 apud
430 881 546 940 Patrem
566 881 703 940 residere.
761 882 968 941 sanctuarium
995 882 1072 940 enim
1098 903 1160 943 uon
1179 904 1283 945 muu-

148 959 256 1018 lactum
275 959 436 1037 ingressus,
461 976 559 1016 coram
585 958 661 1017 iacie
681 957 774 1018 Patris
794 959 923 1017 assiduus
965 978 997 1016 ro
1019 956 1106 1017 nobis
1126 958 1285 1023 advocante

147 1039 179 1094 et
198 1036 375 1093 intercessor
393 1045 515 1112 apparet
534 1033 637 1109 (Rom.
656 1040 686 1107 8,
704 1038 783 1111 340:
805 1034 866 1094 eirrs
885 977 987 1093 oculos
1007 1035 1037 1093 in
1054 1056 1134 1094 suam
1147 1035 1284 1095 iustitiam

147 1112 187 1171 ita
207 1110 364 1179 convertit,
385 1121 417 1167 ut
437 1130 452 1168 a
474 1109 599 1188 peccatis
619 1113 726 1182 nostris
746 1121 873 1169 avertat:
908 1110 970 1169 eius
990 1111 1117 1185 animum
1137 1112 1175 1170 ita
1195 1111 1284 1173 uobis

148 1186 330 1259 reconciliat,
351 1197 384 1243 ut
402 1186 475 1244 viam
496 1197 526 1244 et
546 1206 690 1245 accessum
711 1186 797 1246 nobis
816 1198 926 1246 sternat
946 1186 981 1245 ad
1002 1187 1064 1246 eiua
1081 1186 1221 1247 thronum
1230 1207 1284 1249 sua

148 1262 371 1330 intercessione,
392 1262 484 1340 ipsum
505 1262 599 1342 gratia
620 1274 651 1320 et
670 1262 824 1322 clementia
845 1262 978 1341 replens,
998 1263 1048 1341 qui
1068 1262 1177 1343 alioqui
1196 1263 1285 1325 tolse·

148 1339 188 1398 ris
208 1337 412 1418 peccatoribus
434 1336 537 1417 plenus
557 1338 687 1398 horroris
706 1338 820 1397 iuturus
832 1351 903 1397 erat.
923 1339 1028 1397 Tertio
1046 1341 1210 1417 potentiam
1220 1343 1284 1399 eius

147 1415 357 1493 apprehendit,
383 1415 413 1472 in
434 1435 490 1492 qua
510 1415 595 1473 situm
617 1426 661 1474 est
681 1427 812 1474 nostrum
834 1415 936 1488 robur,
955 1415 1057 1490 virtus,
1079 1436 1162 1490 ores,
1181 1426 1211 1475 et
1230 1416 1283 1476 ad·

147 1511 249 1551 versus
270 1490 382 1551 iuseros
402 1490 549 1571 gloriatio.
607 1490 681 1550 Nam
701 1492 861 1550 ascendens
882 1491 910 1549 iu
931 1490 1047 1551 coelum
1068 1438 1109 1569 (d
1132 1490 1159 1550 h.
1178 1498 1209 1565 4,
1226 1494 1283 1570 (i),

148 1568 295 1646 captivam
314 1566 393 1625 duxit
412 1567 622 1645 captivitatem:
650 1579 711 1626 ets
734 1567 829 1627 oliatis
851 1567 997 1640 hostibus,
1018 1514 1208 1647 locupiirtarit
1247 1589 1284 1627 o·

149 1645 250 1723 pulum
269 1665 363 1716 suum,
382 1664 415 1702 ac
435 1643 569 1721 quotidie
587 1666 600 1701 s
624 1589 785 1705 irituaiihus
804 1644 910 1703 divitiis
931 1644 1069 1703 cumulat.
1107 1643 1144 1702 In
1164 1663 1232 1703 eree
1259 1644 1283 1707 is

150 1740 222 1801 ergo
243 1719 335 1790 sedet,
355 1730 388 1778 ut
406 1719 548 1778 transfusa
569 1665 637 1778 inde
657 1719 693 1779 ad
713 1739 769 1780 nos
787 1742 838 1779 sua
858 1720 974 1794 virtute,
994 1721 1025 1778 in
1045 1719 1284 1799 vitamspiritua-

149 1796 207 1855 lem
227 1817 282 1857 nos
301 1795 437 1869 vivificet,
458 1807 490 1855 ut
510 1795 623 1873 Spiritu
641 1815 695 1855 suo
715 1798 887 1870 sanctificet,
907 1808 939 1855 ut
958 1797 1045 1856 variis
1057 1797 1213 1877 gratiarum
1227 1797 1284 1859 do·
1334 1798 1342 1833 ¹

149 1872 229 1932 tibus
249 1872 399 1931 ecclesiam
420 1893 500 1931 suam
520 1884 658 1947 exornet,
690 1885 723 1931 ut
751 1874 938 1950 protectione
964 1894 1015 1932 sua
1035 1885 1127 1932 tutam
1148 1873 1285 1934 adversus

151 1968 254 2007 omncs
275 1969 362 2008 noxas
382 1959 546 2017 conservet,
565 1961 598 2008 ut
617 1948 794 2008 ferocientes
814 1948 908 2008 crucis
928 1969 996 2008 suae
1016 1970 1050 2009 ac
1069 1961 1188 2009 nostrae
1206 1948 1284 2011 salu-

148 2027 185 2085 tis
208 2025 305 2085 hostes
325 2046 425 2083 manus
445 2045 513 2084 suae
534 2025 708 2085 fortitudine
728 2037 878 2097 coerceat,
899 2025 1026 2104 denique
1045 2038 1080 2084 ut
1098 2046 1216 2087 omnem
1236 2037 1283 2085 te·

149 2111 219 2160 neat
238 2112 411 2178 potestatem
434 2101 462 2159 in
483 2100 568 2160 coelo
589 2113 621 2160 et
639 2103 669 2160 in
689 2114 786 2162 terra:
807 2101 903 2162 donec
923 2102 1058 2162 inimicos
1077 2122 1181 2162 omues
1199 2122 1281 2179 suos,
1335 2108 1342 2115 '

148 2178 199 2257 qui
221 2177 306 2235 etiam
327 2177 419 2236 nostri
439 2189 517 2249 sunt,
538 2178 738 2256 prostraverit,
758 2198 791 2235 ac
811 2178 949 2237 ccclesiae
969 2199 1036 2238 suae
1048 2178 1282 2239 aedificationem

149 2255 365 2314 consummarit.
423 2255 522 2331 Atque
549 2254 593 2312 hic
619 2274 701 2313 verus
723 2266 766 2313 est
785 2254 868 2335 regni
889 2255 950 2313 eius
969 2267 1077 2327 status,
1102 2254 1173 2315 baec
1193 2267 1282 2336 pote-

147 2341 218 2399 stas,
239 2351 322 2406 quarn
342 2331 371 2387 in
395 2350 461 2388 curn
481 2330 609 2389 contulit
628 2331 735 2405 Pater,
755 2330 851 2390 donec
869 2330 1006 2390 ultimum
1027 2344 1123 2392 actum
1141 2332 1179 2403 ad
1200 2332 1282 2393 vivo-

146 2427 212 2464 rum
233 2417 262 2462 et
282 2418 467 2464 mortuorum
489 2405 625 2466 iudicium
647 2406 803 2466 adveniens
823 2405 980 2486 compleat.

222 2487 268 2545 li·
307 2482 376 2540 Nou
403 2481 526 2543 obscura
550 2482 670 2561 quidem
694 2482 944 2563 praesentissimae
968 2483 1083 2545 virtutis
1102 2483 1278 2543 documenta

87 2621 93 2635 v,
147 2556 270 2648 praebet
289 2558 345 2616 stris
368 2558 514 2623 Christus:
535 2559 585 2617 scd
606 2560 673 2637 quia
692 2558 746 2620 suh
767 2558 861 2618 caruis
881 2558 1045 2619 humilitate
1059 2558 1276 2639 quodammodo

146 2655 178 2692 m
199 2633 283 2692 terris
303 2633 447 2693 delitescit
467 2636 527 2693 eins
547 2655 687 2715 regnum,
717 2637 832 2714 optimo
857 2635 921 2695 iure
940 2648 1060 2696 vocatur
1078 2635 1149 2695 tides
1168 2635 1203 2693 ad
1225 2654 1278 2693 co-

168 2709 293 2768 'tandanr
313 2710 453 2769 visibilem
474 2711 551 2769 illam
572 2712 774 2790 praesentiam,
793 2732 878 2790 quam
898 2730 1035 2792 supremo
1046 2710 1093 2771 die
1108 2710 1279 2771 manifesta-

145 2730 198 2846 ih.
241 2786 352 2845 Visibili
375 2787 450 2845 enirn
472 2787 566 2846 forma
586 2808 602 2846 e
622 2789 708 2848 coelo
729 2789 895 2857 descendet,
916 2789 1006 2879 qualis
1024 2787 1181 2849 ascendere
1193 2780 1279 2847 irisus

145 2874 190 2922 est
209 2863 274 2938 trs),
305 2884 339 2921 ac
359 2864 495 2922 omnibus
516 2863 671 2944 apparebit
698 2886 763 2925 eum
788 2864 931 2923 ineffabili
954 2866 1037 2944 regni
1055 2864 1101 2925 sui
1119 2863 1281 2936 maiestate,

145 2960 211 3000 curn
231 2940 454 2998 immortalitatis
475 2939 515 2999 lul
538 2961 601 3013 ore,
621 2962 685 2999 cum
706 2941 845 3000 immensa
867 2941 1023 3001 divinitatis
1044 2942 1192 3020 potentia,
1209 2961 1276 2999 cum

142 3014 314 3096 angelorum
333 3016 477 3076 satellitio.
516 2961 591 3079 inde
611 3017 701 3098 igitur
719 3016 798 3076 illum
820 3017 954 3076 iubemur
973 3016 1204 3096 Redemptorem
1225 3036 1275 3074 ex-

141 3104 273 3171 spectare
293 3092 327 3150 ad
349 3093 426 3151 diem
447 3092 538 3167 illum,
557 3114 616 3171 quo
638 3114 729 3173 agnos
749 3093 915 3173 segregabit
933 3092 969 3152 ab
991 3093 1108 3164 hoedis,
1128 3095 1239 3154 electos
1259 3112 1277 3153 a

140 3168 291 3247 reprobis:
312 3188 366 3226 nec
386 3169 443 3226 erit
461 3169 523 3247 quis
547 3191 611 3228 uam
631 3182 681 3227 aut
700 3169 831 3231 rivorum
851 3181 900 3228 aut
919 3179 1115 3242 mortuorum,
1136 3169 1185 3247 qui
1198 3169 1276 3228 iudi-

143 3243 219 3302 cium
239 3244 300 3302 eius
320 3243 451 3324 effugiat.
508 3246 534 3304 Α
588 3247 722 3306 extremis
753 3246 832 3304 enirn
861 3245 940 3303 orbis
972 3243 1086 3325 angulis
1105 3246 1277 3304 exaudietur

140 3320 230 3382 tubae
252 3319 382 3400 clangor,
403 3340 462 3398 quo
483 3320 517 3379 ad
540 3321 627 3399 ipsius
647 3321 776 3382 tribunal
795 3332 1101 3395 arcesseuturomncs,
1121 3333 1182 3380 tum
1198 3343 1273 3402 quos

140 3395 201 3456 dies
221 3395 270 3454 illc
290 3397 461 3474 superstites
481 3397 693 3476 deprehendet,
725 3410 788 3457 tum
818 3418 891 3477 quos
919 3397 975 3456 iam
995 3409 1080 3456 antea
1102 3419 1118 3458 e
1139 3399 1274 3458 vivorum

140 3473 292 3531 consortio
313 3492 392 3531 mors
412 3472 570 3533 sustulerit.
628 3474 705 3533 Sunt
731 3475 782 3553 qui
800 3494 882 3537 secus
900 3476 1027 3532 vivorum
1047 3486 1078 3533 et
1096 3489 1275 3534 namuurum

135 3545 276 3610 vocabula
297 3548 344 3607 hic
363 3549 521 3628 accipiant:
553 3561 583 3609 et
602 3570 670 3609 saue
689 3551 818 3611 videmus
861 3551 981 3610 uosdam
1000 3562 1132 3610 veterum
1153 3552 1183 3610 in
1205 3574 1272 3632 par-

135 3623 242 3684 ticulae
261 3626 342 3684 istius
363 3625 545 3705 expositione
566 3627 734 3687 haesitasse:
771 3627 820 3686 sed
840 3572 891 3687 dte
911 3648 1022 3701 seusus,
1053 3639 1086 3685 ut
1105 3627 1208 3706 planus
1228 3640 1274 3689 est

136 3712 167 3760 et
186 3700 344 3774 dilucidus,
361 3702 400 3760 ita
420 3701 565 3781 Symbolo
586 3701 636 3762 lon
660 3723 676 3761 e
696 3702 921 3764 convenientior
941 3715 1001 3776 est,
1023 3704 1103 3781 quod
1145 3702 1273 3783 epulari·

135 3788 182 3837 ter
200 3778 343 3856 scriptum
363 3797 425 3837 csse
445 3790 568 3838 constat.
656 3800 730 3859 eque
751 3791 894 3914 repuquat
912 3726 1174 3870 quod'Apostoius
1193 3802 1273 3841 asse-

134 3854 184 3930 rit,
204 3854 340 3914 omnibus
361 3853 528 3915 horninibus
549 3856 739 3916 constitutum
752 3876 831 3917 seme
852 3875 937 3914 mort.
976 3853 1052 3916 Nam
1067 3858 1120 3916 etsi
1132 3878 1193 3916 uon
1207 3879 1272 3917 mo·

132 3931 247 3990 rientur
266 3930 391 3990 naturali
410 3931 501 3992 modo
522 3942 552 3989 et
571 3932 692 4007 ordine,
724 3932 774 4023 qui
794 3932 830 3991 ed
850 3932 988 3991 iudicium
1009 3932 1141 3991 ultimum
1162 3934 1191 3991 in
1213 3936 1271 3995 vita

131 4007 250 4068 mortali
270 4021 455 4086 supererunt,
476 4007 598 4081 neuntio
618 4019 716 4069 tamen
736 4008 784 4068 rlla
805 4029 892 4088 quam
912 4009 1071 4088 patientur,
1092 4010 1158 4086 qula
1178 4010 1271 4071 instar

192 4254 220 4317 ⁸)
236 4256 341 4321 Angrrst.
358 4230 452 4310 dpfid.
471 4272 496 4309 et
512 4261 623 4330 symbol.
642 4280 670 4312 ea
692 4297 699 4310 .
716 4257 740 4313 8.
759 4286 792 4301 -
809 4257 877 4327 Eph.
894 4262 920 4322 2,
937 4260 961 4314 6.
978 4260 1142 4322 hebetata.
1156 4268 1181 4310 et
1192 4260 1266 4315 llll·

79 4314 217 4452 hu)
235 4324 290 4375 llct.
308 4327 332 4387 l,
349 4329 390 4383 ss·
423 4324 516 4377 Matth.
536 4329 579 4395 24,
598 4330 638 4382 30.
705 4327 767 4379 atth.
784 4326 827 4390 25,
842 4331 884 4384 31.
914 4329 933 4381 l.
952 4328 1039 4381 Thess.
1056 4329 1082 4390 4,
1100 4329 1141 4383 lli.
1159 4330 1198 4381 li·
