2700 4732
102 192 164 257 did
477 186 555 251 tut.
572 185 615 250 11.
654 187 744 252 CAP.
762 187 861 250 XVII.

104 332 185 415 quod
204 332 287 395 Dens
304 330 446 413 operibus
464 334 574 396 nothis
592 333 623 394 iu
643 333 725 416 Lege
743 331 892 414 promisit:
924 331 1009 409 „Qui
1028 331 1134 394 lecerit
1150 332 1238 407 haee,

48 428 51 435 ·
103 411 181 471 rivet
200 411 231 469 in
250 407 341 489 ipsis“
361 409 446 485 (laer.
465 415 519 485 18,
538 412 591 487 5.).
632 409 724 485 Quod
744 431 805 470 non
825 410 921 470 minus
942 409 1017 471 clare
1036 410 1067 470 in
1088 411 1236 471 concione

104 486 280 548 Antiochiae
299 485 397 544 hahita
417 485 586 563 confirmat,
616 485 765 547 credendo
792 486 822 545 in
844 485 992 547 Christum
1011 487 1161 546 iustificari
1180 506 1237 549 nos

103 583 233 624 asserens
253 562 289 622 ah
311 562 460 640 omnihus,
480 585 496 623 a
517 563 621 642 quihus
641 584 703 623 non
723 563 875 642 potuimus
889 563 919 622 in
940 564 1020 644 Lege
1038 562 1133 624 Mosis
1151 561 1236 624 iusti-

56 640 62 653 '
103 639 184 701 licari
204 641 285 715 (Act.
304 645 357 712 13,
375 641 448 714 38).
498 641 573 700 Nem
599 641 622 700 si
647 637 816 700 observatio
837 639 923 720 Legis
947 639 1055 699 iustitia
1081 651 1140 714 est,
1170 639 1237 721 quis

103 727 195 799 neget
209 715 381 790 Christum,
407 715 474 774 dum
503 716 559 776 hoc
579 730 671 776 onere
691 716 721 775 in
741 735 772 776 se
791 727 927 795 suscepto
948 737 1003 774 uos
1021 716 1090 776 Deo
1111 715 1236 795 perinde

104 791 254 865 conciliat,
273 793 330 851 acri
350 810 476 852 essemus
487 792 577 875 Legis
596 792 811 862 observatores,
832 792 963 851 fauorem
984 790 1071 851 nohis
1091 791 1237 871 promeri-

103 866 185 929 tum?
224 868 337 927 Eodem
356 879 470 948 spectat
487 869 568 949 quod
588 880 691 948 postea
710 867 746 929 ad
767 866 885 927 Galatas
906 868 1006 928 tradita
1027 868 1108 928 Deua
1127 868 1235 928 Filium

104 966 186 1006 suurn
207 945 286 1004 misit
297 942 369 1025 Legi
389 945 564 1018 subiectum,
583 957 617 1005 ut
635 966 686 1006 eos
706 944 829 1025 qui„suh
849 945 931 1025 Lege
951 956 1035 1004 erant
1055 945 1237 1005 redimeret“

104 1020 188 1101 (Gal.
208 1028 237 1095 l,
255 1023 308 1098 4.).
349 1022 502 1096 Quorsum
527 1023 604 1081 enim
629 1021 775 1081 subiectio
804 1021 875 1096 ista,
908 1021 962 1081 nisi
988 1021 1066 1099 quod
1095 1021 1237 1081 iustitiam

104 1098 190 1158 nohis
209 1097 342 1178 peperit,
361 1097 521 1176 suscipiens
539 1096 761 1191 praestandum,
786 1098 833 1158 cui
854 1117 908 1157 nos
927 1097 1069 1157 soluendo
1089 1118 1149 1158 non
1171 1117 1237 1157 era·

104 1174 188 1235 mus?
226 1175 305 1235 flius
325 1172 376 1233 illa
395 1171 521 1235 iustitiae
539 1174 695 1254 imputatio
720 1175 784 1234 sine
804 1174 959 1253 operibus,
989 1173 1025 1232 de
1050 1194 1107 1253 qua
1125 1173 1237 1233 Paulus

105 1251 221 1311 disserit
238 1251 341 1327 (Rom.
360 1255 390 1325 d,
409 1253 467 1327 ωε
499 1251 566 1331 quia
592 1251 704 1310 scilicet
724 1262 842 1330 accepta
862 1250 948 1310 nohis
969 1249 1078 1325 ier-tur,
1108 1250 1237 1328 quaein

103 1326 169 1387 solo
190 1326 310 1387 Christo
330 1338 446 1405 reperta
464 1327 523 1387 luit
539 1328 657 1387 iustitia.
697 1326 759 1386 Nec
779 1338 860 1386 certe
878 1325 934 1387 alia
953 1324 990 1384 de
1010 1344 1095 1385 causa
1114 1335 1238 1384 vocatur

105 1422 174 1465 caro
194 1402 304 1464 Christi
325 1402 407 1463 cibus
426 1416 529 1464 noster
547 1406 606 1483 (lo.
625 1410 662 1479 6,
680 1405 759 1479 hh),
786 1402 842 1462 nisi
867 1402 935 1483 quia
959 1402 988 1460 in
1009 1421 1046 1460 eo
1072 1401 1237 1493 reperimus

104 1480 180 1539 vitae
198 1478 398 1540 substantium.
447 1480 490 1540 Ea
530 1500 602 1542 orro
621 1480 662 1541 vis
686 1500 749 1539 uon
769 1478 888 1538 aliunde
908 1478 1059 1559 provenit,
1090 1479 1146 1538 ursi
1188 1480 1236 1536 uia

86 1555 136 1614 .in
155 1555 281 1616 iustitiae
300 1566 417 1616 nostrae
443 1569 568 1638 pfetrum
594 1555 745 1631 crucifixus
770 1555 825 1615 luit
843 1554 902 1614 Dei
922 1554 1022 1614 Filius.
1061 1553 1144 1614 Sicut
1164 1498 1238 1614 dicit

27 1698 33 1709 ¹
103 1629 222 1707 Paulus,
242 1630 321 1712 quod
341 1651 373 1692 ae
391 1632 486 1713 ipsum
505 1633 658 1694 tradiderit
675 1631 843 1692 sacrificium
864 1632 894 1690 in
915 1632 1037 1691 odorem
1059 1630 1154 1691 honae
1174 1631 1237 1690 lra-

104 1709 237 1788 grentlae
254 1707 346 1789 (eph.
365 1715 395 1782 5,
414 1712 468 1788 2·)s
507 1710 546 1771 Et
564 1709 634 1770 alibi
654 1708 755 1787 (Rom.
774 1715 803 1783 4,
821 1711 899 1783 *25ι>ι
924 1708 1080 1781 „Mortuus
1101 1718 1144 1767 est
1162 1727 1238 1787 pro-

103 1796 171 1922 ptedr
191 1795 308 1920 pcccgta
332 1797 445 1846 nostra:
475 1786 634 1846 resurrexit
663 1797 787 1921 propter
811 1784 1237 1919 iulstihcationbemdnostram.“

35 1918 42 1925 ·
103 1861 1237 2021 ,h‘aitte'ttttttt‘gl‘d‘th:tttptttlthffwnstituit

104 2032 142 2074 eo
162 2013 277 2093 impleri
296 2033 359 2073 non
380 2013 500 2075 duhium
522 2028 581 2088 est,
600 2016 679 2095 quod
700 2033 754 2097 per
772 2014 894 2075 lesaiam
914 2012 968 2074 suh
988 2014 1081 2095 figura
1094 2033 1237 2148 pronun·

103 2090 159 2151 cist
176 2090 258 2150 Deus
277 2089 349 2167 (les.
367 2096 417 2166 37,
435 2094 513 2169 35.):
533 2093 683 2172 „Propter
702 2110 749 2150 me
769 2091 883 2165 faciam,
903 2101 933 2150 et
952 2102 1075 2170 propter
1124 2089 1237 2150 aridem

103 2172 219 2227 sertum
240 2173 367 2226 meum.“
415 2169 506 2230 Cuius
526 2169 570 2228 rei
588 2169 718 2249 optimus
736 2168 819 2229 testis
839 2178 883 2226 est
902 2167 1063 2246 Apostolus
1083 2187 1172 2246 quum
1193 2165 1238 2224 di·

104 2243 146 2302 cit
169 2241 425 2337 (1.10.a,1a.):
456 2245 679 2319 „Remittuntur
708 2243 792 2305 vobis
821 2256 941 2322 peccata
971 2255 1094 2324 propter
1126 2261 1236 2303 nomeu

105 2318 198 2378 eiua.·⁴
246 2319 322 2379 Nam
350 2331 404 2380 ctsx
429 2341 490 2381 non
512 2322 680 2402 exprimitur
699 2321 810 2382 Christi
836 2340 961 2392 nomen,
986 2319 1114 2381 loannes
1136 2331 1237 2378 tamen

104 2414 159 2455 suo
178 2415 262 2455 more
286 2395 339 2457 sub
365 2398 542 2476 pronomine
562 2398 643 2459 udaie
667 2418 733 2457 eum
754 2398 896 2491 designat
948 2396 1019 2471 Quo
1040 2398 1131 2461 etiam
1147 2416 1236 2455 sensu

103 2472 278 2551 pronuntiat
300 2472 445 2534 Dominus
467 2475 529 2551 (lo.
547 2481 582 2550 6,
600 2479 680 2552 57.):
709 2474 827 2551 „Sicutr
855 2493 912 2556 ego
942 2474 1008 2533 vivo
1033 2485 1156 2553 propter
1177 2470 1235 2530 Pa·

104 2558 199 2622 trem,
223 2547 263 2608 ita
282 2560 312 2608 et
330 2571 382 2611 vos
401 2551 503 2612 vivetis
549 2564 650 2631 ropter
669 2557 746 2611 me.“
797 2550 855 2612 Cui
879 2549 1040 2630 respondet
1058 2548 1136 2629 quod
1162 2545 1233 2605 dicit

104 2623 212 2685 Paulus
230 2624 322 2701 (Phil.
341 2633 372 2701 1,
383 2628 471 2704 '29.):
501 2669 521 2703 „
553 2628 616 2689 obis
641 2628 739 2689 datum
764 2639 809 2688 est
834 2639 958 2707 propter
978 2626 1123 2687 Christum
1147 2622 1233 2694 (ὑπὲρ

104 2701 257 2814 lfewffogil‘s
279 2721 340 2762 uon
359 2703 454 2764 solum
473 2715 507 2765 ut
526 2704 558 2765 in
577 2724 643 2765 eum
663 2704 798 2782 credatis,
818 2703 870 2765 sed
890 2704 976 2764 etiam
988 2702 1030 2762 'ut
1049 2721 1103 2785 pro
1123 2720 1159 2761 eo
1179 2720 1250 2781 pa··

104 2788 227 2838 tranum.

182 2861 214 2937 ⁶2
251 2853 404 2928 Quaerere
422 2875 505 2933 vero,
524 2879 560 2918 an
581 2857 637 2918 sihi
656 2858 718 2938 ipse
737 2856 877 2917 meruerit
896 2854 992 2936 (quod
1013 2853 1126 2916 iaciunt
1144 2854 1236 2915 Lom-

105 2929 213 2991 hardus
233 2944 264 2992 et
282 2933 455 3009 scholastici,
473 2935 556 2996 Sent.
577 2936 627 2996 lib.
646 2941 675 2999 3.
695 2934 760 2994 dist.
779 2939 844 3012 18.)
868 2954 929 2992 non
949 2933 1043 2991 minus
1073 2931 1160 2992 stulta
1193 2941 1238 2990 est

106 3008 267 3082 euriositas,
288 3032 372 3091 quam
393 3013 547 3073 temeraria
568 3012 709 3086 delinitio,
729 3010 779 3070 uhi
801 3010 857 3071 hoc
877 3010 953 3068 idem
974 3020 1114 3068 asserunt.
1153 3007 1237 3082 Quid

106 3082 185 3143 enim
206 3105 280 3165 opus
308 3088 364 3147 suit
384 3089 561 3150 descendere
582 3089 697 3149 unicum
718 3087 775 3148 Dei
795 3087 918 3159 Filium,
944 3097 977 3144 ut
994 3084 1049 3144 sihi
1069 3085 1237 3162 acquireret

107 3159 260 3240 quicquam
283 3165 370 3225 nori?
407 3167 448 3227 Et
467 3166 619 3227 consilium
640 3186 723 3225 suum
744 3184 892 3244 exponens
911 3163 992 3221 Deus
1012 3180 1128 3221 ornnem
1150 3160 1236 3220 dubi·

104 3236 247 3297 tationem
268 3241 373 3301 eximit.
411 3245 481 3302 Non
500 3244 578 3302 enim
600 3242 667 3300 Filii
686 3241 804 3301 utilitati
824 3238 1002 3301 consuluisse
1022 3237 1128 3296 dicitur
1147 3237 1238 3295 Pater

105 3312 139 3373 in
159 3312 220 3372 eius
239 3316 360 3392 meritis,
377 3319 428 3378 sed
449 3340 514 3379 eum
534 3319 683 3379 tradidisse
703 3319 732 3377 in
754 3330 889 3386 mortem,
908 3332 1006 3393 neque
1019 3312 1046 3372 ei
1060 3315 1237 3393 pepercisse,

107 3387 173 3479 quia
192 3386 332 3452 mundum
351 3394 487 3479 diligeret
506 3395 606 3474 (Rom.
626 3402 660 3469 8,
679 3396 752 3473 32.)
801 3394 840 3453 Et
864 3392 1010 3452 notandae
1034 3402 1102 3449 sunt
1128 3389 1236 3468 loquu-

106 3476 202 3524 trones
223 3469 423 3547 propheticae,
442 3472 522 3532 Puer
539 3486 623 3533 natus
643 3484 687 3534 est
706 3471 802 3531 nohis.
840 3470 927 3542 Item,
946 3465 1062 3527 Exsulta
1082 3466 1237 3527 hliaSion:

107 3561 177 3600 ecce
196 3540 257 3602 tter
277 3557 342 3604 tuus
361 3548 444 3607 venit
463 3549 517 3609 tihi
537 3547 605 3624 (les.
625 3556 658 3623 9,
678 3556 706 3615 6.
726 3547 813 3608 Zach.
832 3556 862 3620 9,
882 3548 935 3624 9.).
989 3544 1013 3603 F
1016 3544 1126 3625 rigeret
1146 3543 1237 3601 ctiam

106 3616 216 3710 alioqui
244 3618 427 3685 confirmatio
452 3624 500 3685 illa
526 3628 649 3701 amoris,
679 3647 764 3705 quam
785 3624 892 3684 Paulus
921 3621 1122 3693 commendat,
1155 3619 1236 3699 quud

108 3693 240 3756 Chrrstus
260 3718 314 3778 pro
335 3701 460 3762 inimicis
479 3713 603 3762 rnorteua
624 3702 748 3765 subierit
770 3701 872 3791 (Rorn-
891 3706 926 3774 5,
945 3700 1018 3773 w.)-
1063 3696 1136 3756 lssde
1157 3695 1236 3754 enlm

105 3771 282 3855 colligimus,
298 3778 442 3838 rationem
461 3779 506 3839 sui
525 3800 586 3839 non
607 3780 755 3840 hahuisse:
775 3777 953 3857 1dqueclare
972 3775 1107 3846 affimant,
1127 3774 1239 3845 dicens,

82 3900 85 3913 .
104 3847 166 3909 Pro
186 3850 241 3912 illis
260 3854 409 3915 sanctifico
429 3874 476 3915 me
496 3856 589 3935 ipsum
609 3858 822 3935 (10.17,19.).
862 3855 902 3911 Se
923 3853 1000 3912 enim
1020 3848 1076 3909 sihi
1097 3847 1166 3907 nihil
1188 3869 1237 3906 ac-

106 3926 225 4005 quirere
242 3939 373 4004 testatur,
393 3932 442 4011 qui
463 3932 589 3992 fructum
608 3933 768 3993 sanctitatis
787 3950 855 3990 suae
876 3931 906 3987 in
927 3929 999 3988 alios
1020 3926 1164 3985 transfert.
1197 3926 1238 3984 Et

105 4013 186 4063 certe
206 4004 263 4064 hoc
284 4009 406 4067 maxime
424 4009 543 4091 dignum
564 4010 734 4083 observatu,
759 4007 838 4086 quod
860 4005 1008 4079 Christus,
1034 4016 1066 4062 ut
1086 4022 1116 4063 se
1140 4013 1238 4061 totum

105 4078 257 4142 addiceret
276 4082 306 4142 in
325 4085 448 4145 salutem
468 4097 610 4162 nostram,
631 4083 849 4165 quodammodo
869 4085 913 4143 sui
935 4081 1043 4141 oblitus
1063 4091 1114 4139 est.
1145 4079 1238 4137 Prac-

107 4172 227 4236 postere
246 4181 317 4221 vero
344 4162 400 4223 huc
421 4162 540 4221 trahunt
558 4162 641 4223 Pauli
667 4161 865 4221 testimonium
885 4160 976 4237 (Phil.
995 4166 1031 4233 2,
1048 4158 1110 4232 9.):
1142 4156 1239 4228 „Pro-

108 4249 209 4317 pterea
240 4238 373 4302 exaltavit
405 4238 488 4300 illurn
508 4238 613 4318 Pater,
643 4251 676 4300 et
699 4238 780 4298 dedit
801 4236 844 4297 illi
863 4241 994 4299 nomen“
1014 4239 1069 4295 et'c.
1121 4230 1241 4308 Quibus
