2700 4732
492 203 566 262 ΠΒ.
586 201 642 261 111.
682 201 771 264 CAP.
792 200 843 261 Xl.
942 206 945 210 '
1212 206 1233 265 9

99 347 131 407 in
150 347 240 407 Patre
260 357 290 406 et
309 346 420 428 Spiritu
439 367 455 406 a
477 347 583 420 estius,
608 359 641 406 ut
665 345 738 420 dixi,
762 344 862 439 prodit
885 343 956 424 quid
979 344 1100 405 sentiat:
1126 363 1232 424 nempe

99 423 249 484 iustificari
269 445 322 483 nox
343 444 405 482 non
424 366 486 484 sola
505 423 677 484 Mediatoris
696 433 807 504 gratia,
832 441 888 481 uec
908 421 939 479 in
959 423 1019 480 eius
1039 441 1166 502 persona
1186 423 1232 479 iu-

98 501 206 560 stitiam
230 500 401 579 simpliciter
421 499 466 559 vel
490 499 584 560 solide
605 500 691 560 nobis
710 498 828 560 ollerri:
859 497 909 557 sed
937 518 991 558 nos
1015 498 1079 558 lieri
1106 497 1232 559 iustitiae

99 576 214 639 divinae
234 589 397 649 consortes,
417 575 484 635 dum
504 577 697 636 essentialiter
715 574 803 635 nobis
821 575 923 634 unitur
940 574 1031 637 neus.

176 658 205 717 6·
243 652 276 713 Si
295 664 408 713 tantum
422 653 532 712 diceret
542 653 692 713 Christum
708 672 763 711 nos
783 649 977 723 iustificando,
997 649 1143 711 essentiali
1158 670 1231 710 con·
1304 670 1308 679 ·

98 729 254 789 iunctione
273 742 406 789 nostrum
426 729 502 788 beri:
524 751 578 789 nec
598 727 692 789 solum
714 741 857 806 quatenus
876 725 966 787 homo
988 739 1042 800 est,
1062 746 1124 788 esse
1144 737 1232 805 caput

97 817 252 880 nostrum,
279 806 330 866 sed
351 805 466 865 divinae
485 826 604 884 quoque
629 817 748 864 naturae
776 804 929 876 essentiam
955 804 986 863 in
1014 825 1068 865 nos
1089 802 1230 862 dillundi:

96 880 217 941 minore
236 902 310 942 noxa
330 881 441 941 deliciis
460 902 491 942 se
511 893 656 962 pasceret,
686 901 740 941 nec
765 881 843 941 sorte
867 891 991 971 propter
1016 880 1073 941 boc
1096 877 1232 939 delirium

96 968 180 1019 tanta
202 970 277 1017 esset
296 958 446 1018 excitanda
466 960 637 1018 contentio:
657 959 707 1018 sed
750 978 817 1016 uum
842 956 1016 1038 principium
1044 954 1101 1017 boc
1125 956 1163 1016 sit
1185 956 1232 1015 in·

97 1046 159 1094 star
178 1034 287 1112 sepiae,
307 1055 381 1114 quae
403 1036 552 1115 egestione
573 1034 627 1093 atri
646 978 814 1112 turbidique
834 1033 981 1114 sanguinis
1001 1031 1105 1093 multas
1126 1031 1231 1091 caudas

98 1110 241 1183 occultat,
262 1111 315 1171 uisi
335 1111 454 1170 velimus
473 1112 596 1170 scientes
617 1122 647 1169 et
657 1113 790 1170 volentes
809 1109 869 1189 pati
889 1108 976 1170 nobis
995 1109 1133 1169 iustitiam
1152 1108 1231 1167 illam

98 1187 188 1278 eripi,
207 1184 281 1266 quae
301 1187 362 1247 sola
384 1188 419 1245 de
438 1187 531 1247 salute
551 1186 695 1269 gloriandi
721 1186 854 1247 fiduciam
880 1186 967 1247 nobis
991 1185 1094 1260 allent,
1125 1188 1233 1246 acriter

95 1275 237 1323 mittere
256 1283 374 1323 necesse
394 1274 446 1322 est.
489 1263 564 1322 Nam
590 1264 620 1322 in
642 1263 694 1323 hac
720 1275 781 1323 tota
803 1262 998 1341 disputatione
1019 1283 1128 1322 nomen
1147 1261 1231 1321 iusti-

93 1338 159 1400 tiae
178 1352 210 1399 et
228 1340 348 1399 verbum
369 1339 539 1398 iustificandi
558 1341 592 1400 ad
613 1340 682 1399 duas
703 1353 800 1421 partes
818 1340 957 1412 extendit,
977 1350 1010 1398 ut
1027 1338 1175 1399 iustificari
1194 1338 1233 1398 ait

92 1436 163 1477 nou
183 1415 279 1477 solum
299 1414 481 1476 reconciliari
502 1416 567 1476 Deo
588 1417 714 1498 gratuita
733 1415 833 1490 venia,
847 1416 898 1475 sed
918 1416 1006 1475 etiam
1024 1417 1116 1477 iustos
1136 1413 1231 1474 ellici:

93 1504 132 1553 ut
160 1492 268 1552 iustitia
292 1493 329 1551 sit
354 1512 413 1552 non
445 1493 570 1572 gratuita
601 1494 772 1572 imputatio,
802 1489 853 1553 sed
880 1493 1016 1553 sauctitas
1048 1504 1079 1551 et
1108 1493 1171 1552 inte
1193 1491 1233 1550 ri-

89 1579 161 1643 tas,
180 1590 267 1648 qnam
290 1568 346 1628 nei
371 1569 495 1629 essentia
521 1570 552 1628 in
573 1569 658 1630 nobis
689 1568 818 1629 residens
849 1568 980 1649 inspirat.
1029 1568 1146 1631 Deinde}
1167 1512 1231 1632 lir-

89 1644 172 1706 titer
206 1657 293 1725 negat
316 1645 390 1721 (vid.
408 1667 431 1703 s.
449 1647 508 1720 8.),
540 1659 682 1725 qnatenus
709 1646 843 1708 Christus
872 1645 1009 1705 sacerdos
1026 1657 1156 1726 vpeccata
1184 1665 1233 1704 ex-

90 1722 229 1803 piando,
252 1722 368 1782 Patrem
394 1720 479 1781 uobis
498 1721 635 1802 placavit,
655 1723 749 1803 ipsum
769 1742 831 1782 esse
851 1722 988 1781 iustitiam
1009 1734 1156 1799 nostram,
1180 1723 1233 1784 sed

90 1810 133 1859 ut
163 1810 209 1859 est
238 1800 318 1859 Deus
351 1809 503 1873 aeternus,
538 1810 568 1859 et
598 1800 664 1859 vita.
692 1832 733 1846 -
791 1799 832 1857 Ut
863 1798 971 1878 probet
994 1797 1065 1857 illud
1095 1798 1232 1878 primum,

89 1876 200 1937 Deum
219 1896 279 1935 non
298 1886 413 1935 tantum
434 1873 632 1954 ignoscendo,
657 1875 707 1935 sed
728 1873 932 1956 regenerando
951 1874 1121 1949 iustificare,
1142 1898 1217 1957 quae

89 1953 139 2013 rit
164 1973 201 2013 an
221 1973 294 2031 quos
319 1951 455 2011 iustificat
474 1951 619 2031 relinquat
643 1952 741 2031 quales
772 1962 857 2011 erant
887 1962 1005 2028 natura,
1038 1951 1112 2012 nihil
1137 1973 1170 2013 ex
1190 1955 1232 2013 vi·

89 2029 148 2089 tiis
178 2026 328 2088 mutando.
378 2026 542 2106 Responsio
572 2049 713 2107 perquam
739 2026 830 2088 facilis
856 2038 914 2088 est:
945 2029 1020 2088 sicut
1044 2049 1106 2088 non
1131 2041 1232 2109 potest

89 2105 226 2184 discerpi
246 2103 380 2165 Christus
400 2105 429 2163 in
450 2114 560 2184 partes,
584 2106 625 2164 ita
645 2103 850 2183 inseparabilia
870 2123 933 2163 esse
962 2103 1034 2164 baec
1054 2105 1131 2177 duo,
1158 2128 1233 2186 quae

89 2181 186 2244 simul
207 2191 237 2239 et
255 2181 435 2241 coniunctim
454 2184 484 2242 in
504 2180 568 2259 ipso
588 2180 781 2261 percipimus,
808 2181 946 2241 iustitiam
972 2193 1003 2241 et
1025 2181 1233 2242 sanctificatio·

89 2279 179 2319 nem.
231 2256 432 2336 Quoscunque
464 2278 536 2338 ergo
561 2258 590 2316 in
615 2258 738 2338 gratiam
764 2258 871 2337 recipit
895 2256 987 2331 Deus,
1014 2257 1101 2318 simul
1126 2260 1232 2351 spiritu

89 2333 268 2414 adoptionis
300 2333 405 2406 donat,
439 2335 520 2394 cuius
539 2335 644 2393 virtute
665 2355 714 2394 eos
739 2332 880 2394 reformat
899 2333 935 2394 ad
960 2355 1042 2394 suam
1065 2335 1232 2417 imaginem.

89 2411 213 2471 Verum
232 2412 256 2469 si
280 2409 349 2469 solis
373 2409 485 2470 claritas
506 2430 567 2469 non
585 2421 684 2492 potest
701 2431 717 2470 a
737 2411 835 2471 colore
859 2411 1003 2490 separari,
1035 2431 1072 2471 an
1099 2414 1167 2473 ideo
1187 2413 1233 2475 di·
1303 2447 1306 2453 ·

93 2508 200 2549 cemus
221 2485 285 2545 luce
305 2485 430 2545 calefieri
450 2499 573 2560 terram,
599 2487 697 2547 calore
717 2507 787 2547 vero
808 2486 965 2547 illustrari?
1014 2488 1078 2548 llac
1098 2491 1232 2551 similitu·

94 2566 170 2625 dine
191 2562 262 2622 nibil
283 2563 317 2621 ad
338 2584 399 2621 rem
420 2575 601 2641 praesentem
621 2564 711 2642 magis
730 2565 966 2625 accommodum:
991 2564 1036 2624 sol
1057 2566 1156 2626 calore
1176 2588 1231 2629 suo

95 2652 210 2702 terram
235 2650 351 2720 vegetat
376 2660 408 2698 ac
439 2639 593 2713 fecundat,
617 2642 701 2700 radiis
721 2642 779 2701 suia
799 2640 923 2700 illustrat
944 2652 973 2699 et
992 2639 1149 2719 illuminqt:
1182 2645 1230 2705 hic

97 2729 203 2777 mutua
223 2729 266 2776 est
284 2736 317 2772 ac
338 2716 482 2794 individua
502 2718 661 2776 connexio:
682 2717 839 2777 transferre
859 2729 954 2775 tamen
972 2717 1051 2795 quod
1073 2720 1157 2780 unius
1177 2742 1231 2800 pe-

99 2792 212 2853 culiare
232 2792 328 2851 estad
348 2792 482 2863 alterum,
502 2794 576 2852 ratio
598 2795 657 2871 ipsa
678 2793 825 2872 prohibet.
865 2794 899 2851 ln
921 2794 973 2852 hac
988 2793 1109 2871 duplicis
1121 2798 1231 2876 gratiae

100 2870 292 2941 confusione,
325 2889 408 2946 quam
429 2868 562 2927 obtrudit
583 2869 743 2942 Osiander,
774 2868 872 2928 similis
894 2881 937 2927 est
959 2867 1133 2929 absurditas:
1164 2876 1232 2951 quia
1328 2916 1331 2931 .

101 2949 181 3006 enirn
202 2966 234 3004 re
259 2946 318 3023 ipsa
344 2945 380 3002 ad
401 2943 553 3003 colendam
572 2946 711 3004 iustitiam
731 2957 852 3023 renovat
872 2945 963 3019 Deus,
984 2966 1056 3023 quos
1077 2967 1132 3026 pro
1151 2949 1232 3012 iustis

99 3025 191 3103 gratis
212 3033 325 3094 censet,
349 3020 418 3078 illud
446 3023 675 3100 regenerationis
696 3023 806 3080 donum
826 3021 928 3080 miscet
947 3042 1012 3081 cum
1033 3020 1086 3083 bac
1105 3029 1232 3104 gratuita

99 3099 320 3178 acceptatione,
350 3118 497 3175 unumque
518 3110 546 3156 et
571 3098 648 3156 idern
669 3119 730 3158 esse
750 3099 913 3157 contendit.
959 3098 1050 3176 Atqui
1068 3098 1233 3182 Scriptura,

100 3189 257 3253 utrumque
273 3174 467 3310 coniungens,
488 3174 623 3234 distincte
643 3187 738 3233 tamen
751 3186 912 3248 enumerat,
932 3194 991 3253 quo
1011 3175 1162 3257 multiplex
1174 3181 1233 3243 Dei

96 3253 194 3391 gratia
220 3251 321 3309 melius
347 3272 385 3308 no
411 3251 432 3308 is
464 3263 569 3329 pateat.
621 3253 725 3330 Neque
750 3253 827 3310 enim
853 3270 1063 3330 supervacuum
1089 3267 1133 3315 eat
1159 3257 1232 3319 illud

125 3328 197 3403 auli,
217 3328 314 3387 datum
336 3327 422 3387 luisse
442 3327 526 3386 nobis
548 3326 694 3391 Christtcm
716 3328 900 3388 iniustitiam
922 3338 953 3386 et
970 3329 1231 3396 sanctificationem

94 3407 140 3481 (Ι.
155 3405 225 3465 Cor.
246 3411 274 3473 1,
293 3406 364 3478 ao).
403 3403 441 3461 Et
461 3403 575 3481 quoties
595 3425 610 3462 a
630 3404 721 3463 salute
741 3404 825 3465 nobis
846 3415 937 3484 parta,
956 3425 973 3463 a
994 3417 1117 3484 paterno
1130 3431 1231 3473 amore

93 3482 170 3554 Dei,
190 3502 205 3540 a
223 3479 331 3540 Christi
350 3480 441 3559 gratia
461 3479 659 3553 ratiocinatur,
681 3501 734 3540 nos
754 3481 789 3540 ad
809 3482 988 3541 sanctitatem
1009 3494 1040 3541 et
1059 3486 1231 3548 munditiem

93 3569 221 3619 vocatos
242 3576 320 3624 esse,
351 3568 451 3634 aperte
471 3556 580 3615 indicat
599 3556 676 3616 aliud
699 3578 760 3616 esse
780 3557 929 3616 iustificari
948 3578 1034 3637 quam
1056 3560 1118 3620 fieri
1140 3584 1231 3625 novas

94 3645 256 3697 creaturas.
296 3632 356 3690 Ubi
376 3652 445 3691 vero
466 3632 500 3690 ad
522 3632 700 3711 Scripturam
713 3647 831 3693 ventum
852 3645 905 3705 est,
922 3635 1048 3693 totidem
1070 3642 1232 3721 corrumpit

92 3713 194 3782 locos,
214 3721 287 3787 quot
306 3709 385 3767 citat.
427 3709 485 3766 Ubi
502 3709 609 3769 Paulus
629 3710 698 3768 dicit
717 3711 844 3788 reputari
864 3711 951 3768 fidem
971 3711 1006 3771 ad
1020 3712 1155 3774 iustitiam
1170 3739 1231 3776 non

93 3787 253 3867 operanti,
277 3785 327 3844 sed
349 3785 479 3843 credenti
498 3786 528 3843 in
549 3787 684 3864 eum-qui
705 3787 840 3845 iustificat
864 3789 984 3865 impium
1005 3789 1105 3866 (Rom.
1124 3799 1154 3868 4,
1173 3794 1231 3869 5.),

94 3861 223 3944 exponit
241 3863 347 3920 iustum
374 3862 500 3919 elficere.
550 3862 659 3921 Eadem
691 3863 856 3922 temeritate
875 3863 1012 3941 depravat
1037 3877 1131 3926 totum
1158 3869 1231 3931 illud

93 3950 235 4020 quartum
257 3951 343 4016 caput
363 3938 396 3996 ad
417 3938 574 3998 Romanos.
620 3941 724 4017 Neque
745 3939 859 3999 dubitat
879 3940 983 3998 eodem
1010 3940 1078 4001 suco
1099 3944 1232 4019 inficere,

94 4015 182 4096 quod
208 4035 301 4092 nuper
327 4014 425 4096 citavi:
456 4015 553 4088 „Quis
578 4018 724 4075 accusabit
750 4016 858 4075 electos
883 4015 959 4075 Dei?
1002 4017 1083 4078 Deus
1110 4033 1154 4080 est
1179 4025 1230 4102 qui

92 4092 271 4153 iustificatz‘⁶
304 4090 353 4148 ubi
374 4091 410 4149 de
437 4104 516 4150 reatu
538 4104 567 4150 et
586 4092 776 4151 absolutione
800 4092 972 4170 simpliciter
989 4096 1037 4175 agi
1063 4097 1155 4175 palam
1176 4113 1231 4178 est,

90 4191 132 4235 ac
154 4188 188 4226 ex
207 4167 342 4226 antithesi
364 4167 638 4246 penderehpostoli
650 4189 774 4228 sensum.
814 4169 894 4250 Ergo
914 4180 973 4229 ιιιιι
994 4170 1024 4229 in
1044 4172 1160 4235 ratione
1179 4176 1230 4237 illa

92 4265 189 4327 qnam
213 4245 242 4303 in
270 4243 390 4303 citandis
410 4243 579 4324 Scripturas
604 4244 748 4326 sullragiis
772 4244 893 4305 nimium
919 4244 1009 4306 sutilis
1034 4248 1232 4328 deprehendi·

92 4337 159 4388 tur.
180 4356 218 4372 -·
255 4320 355 4383 Nihilo
382 4322 469 4383 etiam
493 4323 600 4383 rectius
629 4321 666 4382 de
691 4320 812 4383 nomine
837 4320 966 4403 iustitiae
991 4322 1121 4405 dimna,
1149 4330 1231 4413 quud
