2700 4732
395 226 474 290 bnt.
493 227 518 290 1.
557 226 646 291 cat’.
666 228 747 289 xlv,
1074 240 1133 301 ιιι

81 372 179 437 ιιιῖΙιῑΙ
196 371 292 457 magis
311 372 370 433 Dei
388 373 543 453 proprium
568 372 605 433 sit
625 394 712 452 quam
732 374 903 449 aeternitas,
935 387 965 436 et
983 376 1127 449 odrooutu,

81 494 92 525 ,
110 474 127 513 a
146 472 180 513 ae
200 452 265 533 ipso
278 450 441 523 existentia,
461 462 494 508 ut
513 450 552 509 ita
573 450 692 529 loquar:
710 452 764 529 qui
778 450 896 531 diaholo
914 452 970 513 hoc
983 454 1127 531 tribuunt,

81 550 94 587 e
112 526 334 607 qrrodammodo
355 546 421 585 eum
436 526 589 585 divinitatis
611 539 719 585 ornant
739 526 844 587 titulo?
883 528 942 589 lam
964 530 1012 589 ubi
1030 532 1127 590 omni·

81 606 125 665 uia
144 606 221 679 Dei,
251 604 275 663 si
296 602 416 661 diabolo
436 602 495 661 tale
515 602 689 661 conceditur
709 604 877 681 imperium,
909 616 940 663 ut
959 606 1010 665 illo
1031 608 1125 667 invito

81 702 115 761 pu
159 694 242 751 ante,
262 678 537 758 quicquidvoluerit
557 680 747 757 exsequatur?
779 681 870 752 Quod
889 692 986 740 autern
1007 685 1125 743 unicum

81 770 103 815 rt
133 758 343 816 rrrsdamentum
357 754 532 826 Manichaei,
551 755 632 813 nesae
653 774 714 813 esse
734 756 838 814 ascribi
860 756 1017 815 bonolleo
1038 758 1124 819 ullius

81 832 148 894 salae
168 833 367 903 creationem,
398 832 428 889 iil
449 831 640 889 orthodoxam
668 831 752 889 sidem
773 832 891 891 minime
912 833 1018 903 laedit,
1050 854 1125 913 quae

82 910 203 969 admittit
223 907 350 985 aliquam
371 928 431 965 esse
463 909 492 965 in
519 907 618 964 ιιιιιιιιΙί
640 910 824 966 ιιιιίι·ιι.ιιιιιε
849 909 951 967 malam
978 922 1124 971 naturam:

81 984 232 1065 doquidem
253 1004 310 1042 nec
331 984 454 1061 pravitas
482 996 511 1041 ct
536 984 643 1040 malitia
670 995 729 1041 trrrn
752 984 891 1058 bominis,
924 998 984 1046 tum
1006 985 1125 1059 diaboli,

81 1082 135 1139 quae
155 1062 226 1120 inde
253 1072 410 1119 nascuntur
435 1072 570 1139 peccata,
596 1080 627 1116 ex
649 1071 749 1119 natura
769 1073 851 1132 sunt,
879 1062 929 1120 sed
950 1084 983 1121 ex
1004 1075 1125 1122 naturae

81 1138 201 1215 cptione:
234 1137 463 1215 necquicquam
485 1136 605 1192 omraiuo
628 1134 663 1193 ab
684 1136 768 1195 initio
789 1138 910 1210 exstitit,
930 1141 960 1196 in
982 1159 1040 1215 quo
1063 1160 1124 1198 ιιοιι

81 1213 204 1291 pientiae
231 1223 261 1271 et
288 1212 412 1271 iustitiae
442 1232 510 1271 suae
534 1212 681 1289 specimen
706 1213 829 1271 ediderit
850 1215 936 1271 Deris.
979 1217 1029 1273 llis
1050 1234 1124 1295 ergo

81 1290 135 1349 ersis
155 1290 332 1349 commentis
352 1300 383 1345 ut
404 1288 516 1345 obviam
543 1300 642 1360 eatrrr,
669 1287 752 1347 altius
777 1290 888 1347 animos
914 1292 1049 1349 attollere
1069 1312 1124 1349 ue-

95 1378 238 1445 estquam
259 1363 337 1421 oculi
357 1365 449 1423 nostri
470 1375 633 1443 penetrent.
674 1364 745 1437 Quo
759 1366 880 1425 consilio
895 1366 1047 1425 uerisimile
1067 1379 1123 1441 cst,

81 1440 251 1521 asymbolo
264 1441 394 1499 Nicaeno
414 1440 623 1499 vocaturllcus
643 1443 772 1499 onudmn
793 1442 940 1514 conditor,
960 1464 1004 1501 res
1025 1443 1123 1502 invisi-

89 1517 175 1577 l'uisee
195 1536 352 1597 expressas.
391 1517 510 1575 hlodum
531 1528 637 1585 tamen,
650 1536 735 1593 quem
749 1518 919 1594 praescribit
939 1519 1053 1597 pietatis
1074 1540 1125 1578 re·

93 1605 194 1653 tenere
215 1612 302 1654 curae
323 1592 389 1663 erit,
409 1612 446 1649 ne
466 1592 549 1650 altius
570 1614 654 1669 qnam
675 1593 791 1671 expedit
813 1595 1007 1671 spru-alauda,
1029 1596 1123 1655 lecto·

96 1670 163 1729 fidei
182 1668 370 1748 simplicitate
397 1668 514 1727 abducti
540 1681 690 1746 vagentur.
740 1670 776 1727 et
800 1682 878 1728 certe
899 1692 986 1749 quum
1012 1671 1123 1729 utiliter

81 1766 112 1805 er
138 1766 195 1807 nos
222 1746 328 1805 doceat
347 1746 488 1823 Spiritus,
521 1744 675 1822 inquibus
699 1765 770 1802 vero
796 1766 895 1822 parurn
917 1759 960 1804 est
980 1747 1123 1807 momenti

81 1822 294 1891 edificationem,
314 1820 358 1878 vel
377 1821 519 1879 subticeat
540 1842 666 1897 prorsus,
687 1820 732 1877 vel
753 1821 857 1878 leuiter
877 1834 988 1879 taotruu
1008 1836 1036 1881 et
1056 1843 1122 1883 cur·

81 1899 205 1981 attingat:
224 1897 320 1958 nostri
339 1917 458 1976 quoque
478 1897 568 1957 oflicii
589 1909 643 1971 est,
663 1895 790 1955 libenter
810 1898 946 1977 ignorare
965 1918 1040 1977 quae
1060 1920 1123 1959 non

81 1987 175 2035 ueuut.
719 2006 724 2015 ·

81 2058 100 2115 Ι.
135 2048 270 2129 Angelos
288 2069 373 2123 sane,
399 2072 487 2129 qurum
507 2050 564 2109 Dei
590 2052 648 2110 sint
668 2049 790 2110 ministri
810 2050 846 2110 ad
867 2050 941 2111 iussa
962 2050 1022 2111 eius
1042 2070 1123 2111 exse·

81 2128 112 2187 da
129 2127 273 2197 orilinati,
300 2146 362 2185 esse
383 2146 500 2205 quoque
520 2126 593 2185 illius
615 2142 775 2199 creaturas,
795 2139 873 2187 extra
893 2128 1122 2189 controversiam

84 2202 173 2263 debet.
222 2204 271 2261 De
290 2215 424 2281 tempore
445 2202 489 2260 rel
509 2204 629 2275 ordine,
649 2226 708 2293 quo
729 2206 818 2262 creati
840 2204 963 2278 suerint,
995 2219 1121 2265 couten-

81 2298 111 2337 ua
128 2299 247 2339 movere
269 2278 322 2357 [cl.
341 2278 498 2337 hembard.
518 2280 568 2339 lih.
590 2288 617 2341 2.
638 2280 702 2337 dut.
721 2286 748 2341 2.
768 2280 848 2359 sqq]
871 2302 970 2339 nonrre
992 2282 1121 2361 persica·

87 2376 123 2415 ma
143 2357 165 2415 is
185 2375 274 2435 quam
295 2354 460 2433 diligentiae
480 2356 542 2414 est't'
580 2356 701 2414 'l'erram
723 2376 784 2414 esse
805 2356 977 2433 perlectam,
1002 2369 1031 2415 et
1051 2358 1134 2416 coe·'

81 2378 217 2506 erlictos,
237 2452 301 2490 cum
316 2430 396 2489 omni
408 2432 533 2492 exercitu
554 2451 665 2502 eorum,
686 2444 783 2491 narrat
794 2434 904 2491 hloses:
926 2433 994 2511 quid
1015 2436 1122 2493 attinet

81 2508 282 2587 rpereontari,
302 2519 394 2584 quoto
414 2506 462 2565 die
486 2520 602 2586 praeter
620 2521 696 2566 astra
717 2521 745 2567 et
766 2508 910 2585 planetas,
935 2510 981 2568 alii
1002 2530 1121 2600 quoque

81 2606 91 2643 ι
118 2584 262 2643 reconditi
292 2582 434 2642 coelestes
459 2584 599 2642 exercitus
627 2604 688 2642 esse
712 2584 883 2662 coeperint?
926 2584 971 2642 Ne
1002 2586 1121 2666 longior

84 2661 296 2719 meminerimus
317 2659 373 2729 hic,
392 2670 426 2717 ut
445 2660 473 2717 in
494 2673 556 2721 tota
568 2660 719 2739 religionis
730 2660 871 2733 doctrina,
891 2662 1046 2719 tenendam
1058 2681 1121 2720 esse

81 2760 85 2793 ι
103 2737 261 2795 modestiae
282 2747 311 2794 et
329 2735 495 2795 sobrietatis
513 2736 653 2817 regulam,
674 2756 711 2794 ne
732 2738 768 2794 de
789 2736 875 2795 rebus
893 2736 1023 2797 obscuris
1043 2738 1119 2794 aliud

81 2832 223 2891 aquamur,
243 2810 288 2870 vel
308 2812 473 2879 sentiamus,
493 2812 537 2868 vel
557 2814 630 2871 scire
651 2813 736 2870 etiam
756 2825 923 2889 appetamus
936 2834 1020 2889 squam
1041 2813 1121 2889 ιμιιιιΙ

81 2888 165 2947 r'erbo
187 2888 277 2946 luerit
295 2888 381 2946 nobis
401 2888 545 2946 traditum.
584 2887 726 2955 Alterum,
747 2902 779 2947 ut
799 2891 827 2946 iu
849 2886 1121 2963 lectioncSrriptu-

81 2964 112 3021 iis
132 2964 319 3023 continenter
338 2964 508 3041 quaerendis
528 2987 559 3023 ac
585 2965 755 3023 meditandis
784 2965 971 3022 immoremur
991 2984 1063 3042 quae
1084 2963 1119 3021 acl

81 3040 224 3099 :tationem
265 3040 407 3097 ertinent:
430 3061 488 3098 non
501 3041 662 3098 curiositati
684 3053 733 3097 aut
752 3062 847 3097 rerum
868 3040 1012 3097 inutilium
1024 3040 1120 3097 statilio

81 3135 203 3249 peamus.
242 3062 282 3174 lit
300 3116 366 3193 quia
386 3114 529 3175 Dominus
548 3138 608 3175 non
629 3117 658 3174 iu
680 3116 791 3175 frivolis
810 3115 1043 3194 quaestionibus,
1068 3114 1120 3172 sed

80 3192 138 3251 aida
157 3196 282 3271 pietate,
302 3192 406 3249 timore
427 3192 552 3251 ιιοιιιίιιῖι
571 3192 629 3264 sui,
648 3212 714 3251 vera
735 3192 856 3264 brioria,
876 3192 1032 3249 sanctitatis
1053 3190 1121 3247 offi-

81 3268 183 3327 erudire
204 3290 258 3329 nos
277 3267 381 3343 uoluit,
401 3266 431 3326 iu
453 3288 485 3325 ea
504 3268 623 3326 scientia
643 3268 867 3345 acquiescamus.
910 3264 1121 3339 eramobrem,

81 3342 108 3401 'ue
127 3365 227 3404 caere
251 3342 401 3417 volumus,
431 3343 620 3421 relinquenda
645 3354 714 3402 sunt
739 3343 823 3401 nohis
848 3342 895 3400 illa
927 3340 1119 3413 ,irirruulpuuq

81 3430 155 3477 ceta
194 3420 298 3481 otiosis
318 3418 482 3478 bominibus
495 3420 530 3477 de
544 3419 715 3499 augelorum
733 3432 845 3488 natura,
866 3417 1026 3487 ordinibus,
1046 3414 1120 3472 rnul-

81 3490 128 3551 llue
142 3496 249 3575 absque
268 3494 325 3553 Det
339 3495 438 3554 Verbo
458 3496 618 3553 traduntur.
657 3496 727 3554 Scio
749 3495 820 3552 hacc
840 3492 968 3571 cupidius
989 3512 1003 3549 a
1025 3492 1122 3549 naultis

81 3566 114 3644 pi,
132 3583 158 3629 et
173 3571 279 3631 maiori
298 3570 364 3628 solu
388 3570 438 3628 tati
458 3590 531 3641 esse,
550 3589 720 3659 quamquae
741 3572 770 3628 in
791 3591 842 3627 usu
863 3567 1034 3646 quotidiano
1055 3577 1123 3625 sunt

82 3654 113 3701 ΙΙ·
144 3648 265 3720 Verum,
290 3646 343 3705 nisi
365 3594 474 3705 illusisti
495 3646 651 3725 discipulos
671 3666 733 3705 esse
754 3666 807 3703 nos
829 3643 856 3723 pi
880 3656 925 3717 et,
952 3664 1015 3701 earu
1036 3662 1120 3719 quam

90 3723 245 3783 methodum
263 3723 461 3813 praescripsit,
479 3724 562 3801 sequi
582 3742 618 3779 ne
660 3722 746 3801 igeat.
793 3721 836 3778 lta
859 3666 908 3778 liet
928 3731 959 3777 ut
980 3719 1040 3775 eius
1062 3739 1121 3774 ιιιιι-

81 3796 121 3857 'n'o
139 3812 286 3871 contenta,
311 3820 327 3857 a
346 3798 531 3876 supervacuis
550 3744 814 3877 speculationibus,
839 3816 853 3853 a
876 3795 979 3874 quibus
1000 3814 1054 3879 nos
1075 3812 1122 3849 re·

81 3884 103 3941 t,
124 3898 182 3935 nou
204 3888 317 3934 tantum
338 3872 546 3945 abstineamus,
572 3875 621 3933 sed
646 3874 732 3931 etiarn
752 3872 967 3930 abhorreamus.
1004 3869 1122 3944 Diony-

92 3950 183 4025 illum,
234 3953 379 4027 uic-unque
405 3947 506 4021 suerit,
537 3970 623 4007 neruo
648 3949 800 4027 negaverit
818 3947 907 4005 multa
927 3944 1072 4030 subtil-iter
1093 3952 1124 3997 et

81 4028 148 4103 teiu
167 3972 288 4087 cocilesti
309 4026 478 4084 llierarchia
498 4026 670 4104 disputasse:
689 4044 788 4082 verum
807 4023 830 4083 si
851 4022 915 4100 quis
936 4038 1053 4097 propius
1074 4034 1122 4073 es-

81 4114 103 4175 t,
129 4102 331 4183 deprehendet
358 4100 477 4161 maxima
507 4120 540 4159 ex
568 4113 650 4180 parte
681 4119 789 4159 rueram
821 4117 883 4157 esse
914 4093 1123 4178 garrulitatem:

81 4176 153 4259 dago
174 4192 270 4239 autern
297 4198 358 4235 non
385 4178 540 4259 garriendo
560 4198 641 4236 aures
662 4177 827 4246 oblectare,
853 4172 903 4231 sed
929 4190 1010 4253 vera,
1028 4166 1125 4256 'eadm

100 4254 244 4330 docendo,
264 4252 455 4313 conscientias
475 4253 649 4312 consumare
668 4251 852 4331 propositum
874 4260 925 4305 est.
965 4244 997 4302 Sa
1018 4242 1126 4300 librum

99 4328 192 4413 legas,
222 4341 308 4411 putes
335 4328 482 4391 bominem
503 4330 540 4388 de
564 4329 649 4389 coelo
669 4329 820 4406 delapsum
840 4324 951 4411 referre
971 4340 1031 4381 nou
1051 4332 1128 4397 quae

81 4430 112 4475 ίιιί
125 4432 244 4475 tortitudo
258 4432 280 4475 t.
909 4407 930 4461 δ
