2700 4732
81 228 140 293 174
453 222 531 287 ΗΒ.
548 224 608 287 ΠΙ.
649 226 737 291 cte.
756 228 849 289 XXV.

82 368 162 443 cilis,
191 367 243 429 ubi
261 366 418 449 putredine
438 382 611 453 consumpta
629 370 739 432 luerint
758 390 812 433 eor
833 392 901 449 ora,
926 372 1050 436 tandem
1069 394 1127 437 suo
1145 386 1214 437 tn·

82 466 157 526 pore
186 456 383 505 resurrectura
408 466 479 506 esse.
529 448 633 527 ltaque
653 468 742 526 quum
768 470 815 507 rou
831 448 852 509 ti
872 470 905 509 ex
929 450 1121 545 pbilosophis
1143 472 1213 515 etse·

81 523 196 581 ruerint
215 521 394 582 immortales
414 542 476 582 esse
487 524 606 598 animas,
626 524 720 585 carnis
738 526 914 587 resurrectio
935 547 951 588 a
971 549 1077 609 paoers
1095 528 1214 609 probate

82 597 152 658 tuit:
184 599 213 656 in
235 619 295 678 qno
317 598 370 657 etsi
389 598 467 658 nulla
487 599 543 658 suit
563 601 726 676 excusatio,
757 600 827 659 inde
847 613 944 663 tamen
970 624 1137 665 monemur
1158 624 1212 667 ren

83 694 145 735 esse
164 676 255 757 magis
275 675 392 733 arduam
413 696 497 753 quam
524 687 555 735 nt
580 676 730 735 hominnm
759 696 858 737 sensus
884 678 919 738 ad
945 700 977 740 se
997 680 1110 741 trabat.
1148 682 1212 757 Quo

80 763 195 811 tantum
215 750 395 811 obstaculum
415 772 448 810 su
471 764 534 810 eret
555 752 637 825 ludes,
659 752 717 811 duo
738 753 910 814 adminicula
932 756 1091 852 Scriptura
1109 778 1211 839 suppe-

81 825 168 889 ditat:
188 828 310 888 alterum
331 839 374 887 est
394 828 422 885 in
464 827 545 886 bristi
556 828 754 903 similitudine,
773 830 895 890 alterum
913 852 986 893 vero
1005 854 1038 893 tn
1049 832 1114 895 Dei
1125 836 1213 897 omni-

79 905 223 996 potentia.
272 904 334 963 lam
360 902 474 982 quoties
500 904 536 963 de
560 906 775 965 resurrectione
800 906 909 988 agitur,
941 921 1084 972 oecumt
1109 910 1213 973 cereri

80 1002 190 1063 mago,
211 981 311 1061 quiin
330 990 443 1054 natura,
463 1001 547 1059 quam
568 1002 584 1039 a
604 981 689 1040 nobis
709 994 880 1063 sumpserat,
899 985 940 1045 sic
959 1004 1033 1077 pere
1058 986 1084 1047 ‘t
1103 1008 1211 1049 mm!

80 1057 212 1119 mortalis
232 1059 308 1118 vitae
332 1068 366 1115 ut
390 1076 468 1117 nnnc
498 1056 745 1117 immortalitatem
776 1059 914 1138 adeptus,
943 1074 980 1121 stt
1000 1084 1041 1123 uo
1067 1064 1212 1147 ispignnt

79 1134 197 1194 loturae
216 1132 446 1194 resurrectionis.
489 1133 562 1193 Nam
582 1134 612 1192 in
633 1134 754 1194 miseriis
774 1135 877 1215 quibus
898 1134 1073 1199 obsidemur
1090 1140 1213 1213 „moni-

78 1210 249 1270 ficationem
268 1209 329 1269 eius
356 1208 584 1269 circumferimus
610 1211 639 1268 in
664 1230 751 1270 carne
771 1224 886 1286 nostra,
905 1223 938 1272 ut
955 1214 1015 1274 rlta
1036 1216 1105 1275 eius
1124 1216 1212 1277 mani·

79 1284 204 1346 lestetur
223 1286 253 1346 iu
273 1286 379 1345 uobis“
397 1285 454 1357 (11.
469 1284 581 1361 Comi,
594 1286 668 1361 lb).
705 1286 745 1346 Et
763 1307 898 1368 separare
918 1309 983 1349 eum
1005 1310 1022 1349 a
1042 1291 1136 1353 nobis
1154 1314 1213 1355 non

80 1362 167 1437 licet,
186 1382 219 1423 ac
239 1381 277 1421 ne
318 1359 435 1421 ossibile
454 1363 571 1441 quidem
591 1374 636 1422 est
655 1362 724 1453 quin
744 1361 897 1426 laceretur.
949 1365 1039 1427 Unde
1060 1368 1114 1429 illa
1133 1368 1211 1437 Pauli

78 1437 266 1499 ratiocinatio
286 1382 326 1517 il.
348 1438 582 1572 Cor-15‚13.p:
612 1439 668 1514 „Su
688 1439 797 1498 mortui
823 1459 883 1500 non
910 1456 1089 1535 resurgunt,
1119 1464 1212 1527 neque

81 1514 214 1576 Christos
226 1515 416 1575 resurrexit:“
436 1515 551 1592 quiesci
565 1515 622 1573 icet
640 1515 806 1574 confessum
825 1515 897 1576 illud
918 1517 1100 1599 principium
1120 1522 1212 1597 sumit,

81 1590 229 1653 Christum
249 1611 309 1651 uon
337 1591 391 1650 sibi
416 1591 548 1669 privatim
568 1592 656 1650 morti
677 1591 763 1651 luisse
781 1591 959 1669 subiectum,
988 1594 1036 1655 vel
1058 1596 1101 1657 de
1119 1608 1211 1659 morte

79 1667 217 1748 adeptum
237 1688 299 1729 esse
317 1668 468 1728 victoriam
489 1667 681 1749 resurgendo,
700 1668 750 1727 sed
771 1666 938 1729 inchoatum
960 1670 1052 1731 fuisse
1074 1674 1208 1757 incapite

80 1745 161 1824 quod
180 1745 294 1826 impleri
314 1746 343 1803 in
365 1745 500 1804 omuibus
518 1743 657 1803 membris
676 1764 794 1804 necesse
814 1756 866 1819 est,
885 1748 1052 1809 secundum
1072 1750 1210 1831 cuiusque

1 1819 2 1829 ’
101 1822 199 1882 eadum
221 1834 252 1880 et
270 1821 414 1882 ordinem.
464 1822 536 1880 Nam
557 1821 583 1881 ei
608 1840 662 1901 per
681 1822 777 1882 omnia
804 1821 920 1955 lcitum
945 1844 984 1882 ne
1008 1837 1129 1887 rectum
1148 1827 1209 1909 qni·

77 1840 146 1960 dem
166 1910 251 1959 esset.
299 1898 415 1957 Dicitur
440 1894 471 1957 iu
491 1896 606 1958 Psalmo
626 1900 695 1975 (to,
715 1904 760 1962 10.
784 1922 791 1957 ε
820 1940 839 1971 „
869 1918 907 1957 on
940 1902 1103 1979 permittes
1133 1924 1208 1965 nten-

77 1988 192 2039 suetum
211 1988 293 2035 tuum
314 1975 413 2035 videre
432 1974 687 2052 corruptionem.“
722 1976 816 2034 Iluius
836 1974 958 2033 fiduciae
977 1978 1084 2057 portio
1105 1980 1160 2041 etsi
1175 1978 1209 2041 etl

78 2074 134 2115 nos
153 2053 280 2131 pertinet
299 2051 456 2111 secundum
474 2070 636 2110 mensuram
650 2049 826 2124 donationis,
845 2050 953 2113 solidus
972 2064 1076 2115 tamen
1089 2056 1209 2119 ellectu

77 2130 196 2191 nonnisi
215 2130 244 2188 in
267 2127 387 2188 Christo
407 2127 558 2217 apparuit,
584 2127 632 2205 qui
653 2127 786 2186 immunis
807 2124 843 2188 ab
868 2127 949 2186 omni
971 2130 1141 2221 putredine
1166 2131 1208 2193 in·

76 2220 108 2267 te
146 2228 193 2265 um
213 2226 319 2284 corpus
340 2215 459 2283 recepit
479 2240 515 2251 —
555 2204 616 2263 lam
638 2224 675 2261 ne
700 2204 835 2285 ambigua
854 2202 891 2265 sit
909 2204 997 2267 nobas
1016 2206 1130 2269 beatae
1148 2230 1209 2271 ιιι

79 2284 104 2345 C
126 2283 198 2343 risto
218 2279 440 2341 resurrectionis
459 2279 598 2353 societas,
619 2292 650 2338 ut
670 2280 727 2340 hoc
744 2281 871 2371 pignore
890 2280 977 2341 simus
997 2284 1152 2361 contenti,
1166 2286 1209 2349 ὅ·

77 2371 156 2421 serte
181 2357 335 2417 confirmat
358 2356 464 2415 Paulus
488 2355 578 2431 (Phil.
598 2362 632 2429 3,
651 2359 713 2433 ⁶21.)
742 2357 811 2417 rdeo
840 2356 942 2416 sedere
972 2358 1004 2417 in
1037 2360 1153 2439 coelis,
1180 2372 1209 2423 et

77 2446 230 2496 venturum
250 2432 353 2491 ultimo
374 2433 420 2491 die
446 2432 586 2506 iudicem,
617 2444 649 2491 ut
674 2453 780 2513 corpus
805 2445 935 2493 nostrum
961 2433 1077 2497 bumile
1106 2450 1139 2500 et
1160 2438 1207 2501 ab·

77 2514 185 2573 iectum
205 2510 370 2589 configuret
389 2509 506 2587 corpori
526 2530 579 2568 suo
600 2508 741 2589 glorioso.
780 2509 860 2570 lllibi
879 2511 966 2569 etiam
989 2511 1096 2589 docet,
1114 2514 1208 2577 nen

76 2610 138 2650 non
159 2586 310 2648 suscitasse
330 2584 433 2643 Filium
455 2605 470 2644 a
490 2597 595 2655 morte,
615 2596 647 2642 ut
666 2586 813 2664 specimen
833 2608 921 2646 unum
943 2586 1047 2647 ederet
1068 2611 1141 2653 suae
1154 2591 1207 2653 vie·

76 2667 160 2727 tutis:
181 2664 232 2723 sed
252 2661 373 2722 eandem
386 2681 417 2721 er
439 2682 454 2720 a
474 2681 528 2721 nos
550 2660 648 2719 fideles
659 2662 784 2741 Spiritus
796 2663 951 2723 efficaciam
972 2679 1104 2741 exserat,
1145 2688 1208 2729 nen

75 2744 145 2803 ideo
156 2742 243 2801 sitem
262 2739 399 2818 appellat,
418 2680 485 2799 dum
507 2737 618 2797 habitat
636 2738 773 2811 innobis,
793 2741 860 2819 quia
880 2740 908 2797 in
930 2739 1007 2801 hunc
1020 2741 1116 2805 finem
1124 2688 1207 2807 datus

76 2832 135 2888 est,
167 2830 200 2878 ut
224 2817 303 2896 quod
328 2817 358 2875 io
389 2816 475 2876 nobis
504 2815 628 2875 mortale
659 2828 701 2875 est
720 2816 843 2875 vivificet
861 2815 961 2892 (lions.
982 2822 1019 2890 8,
1039 2824 1092 2884 10.
1115 2833 1145 2882 et
1164 2829 1207 2887 11.

77 2895 144 2958 Col.
163 2901 193 2969 3,
211 2896 263 2971 4.).
304 2892 490 2972 Compendio
536 2892 681 2973 ersis-ingo
708 2913 781 2983 quae
802 2905 831 2952 et
856 2893 973 2953 uberius
994 2898 1121 2957 tractari
1142 2918 1206 2979 pos-

75 2984 157 3047 sent,
188 2983 217 3030 et
248 2981 399 3029 merentur
424 2913 603 3048 splendidius
628 2989 741 3028 ornan:
771 2983 801 3028 et
820 2981 915 3028 tameo
936 2971 964 3027 io
987 2974 1093 3049 paucis
1115 2974 1206 3035 verbis

75 3050 144 3109 satis
168 3046 307 3107 materiae
339 3046 401 3125 pios
431 3044 556 3105 lectores
587 3057 755 3123 reperturos
785 3045 917 3117 confido,
948 3047 1029 3124 quod
1055 3050 1096 3109 ad
1123 3050 1206 3111 fids·

76 3146 177 3186 eorum
197 3123 402 3183 aedificandam
422 3120 552 3181 sufficiat.
591 3121 757 3181 Resurrexit
777 3142 848 3203 ergo
871 3122 1002 3184 Christus
1022 3136 1058 3183 ut
1079 3126 1205 3187 norba-

74 3202 160 3262 beret
178 3200 274 3259 socios
295 3200 409 3258 suturae
429 3197 513 3257 vitae.
563 3197 722 3256 suscitatus
743 3212 786 3258 est
805 3220 820 3258 a
840 3199 944 3271 Patre,
997 3212 1129 3263 uotenus
1147 3214 1207 3265 ent

75 3276 213 3337 ecclesiae
234 3287 336 3368 caput,
361 3295 377 3333 a
398 3295 453 3366 qua
472 3272 554 3333 nullo
574 3274 664 3333 modo
686 3275 794 3350 patitur
815 3275 921 3335 divelli.
974 3220 1148 3341 inscitatus
1164 3290 1206 3341 est

74 3354 181 3413 virtute
201 3352 341 3432 Spiritus,
369 3373 417 3431 qur
448 3349 535 3410 nobis
569 3350 604 3409 ad
635 3351 796 3409 vivificandi
827 3374 929 3411 munus
961 3356 1133 3417 communis
1156 3368 1207 3417 est

73 3429 211 3506 Denique
235 3428 386 3488 suscitatus
411 3438 454 3485 est
479 3437 511 3485 ot
535 3438 610 3485 esset
634 3429 807 3486 resurrectio
834 3439 863 3486 et
883 3430 947 3486 vita.
998 3429 1088 3491 Sicut
1110 3444 1231 3493 sutent'

74 3505 196 3565 diximus
215 3506 244 3564 in
265 3503 322 3564 hoc
341 3502 460 3581 speculo
481 3503 665 3638 conspicuam
688 3502 771 3562 nobis
792 3504 954 3563 csseuisnm
975 3509 1206 3571 resurrectionis

73 3582 243 3675 imaginem,
270 3581 310 3639 lta
329 3580 366 3639 sit
385 3579 471 3638 nobis
490 3581 525 3638 ad

73 3669 169 3733 stasne,
199 3657 287 3717 inodo
308 3678 345 3715 nc
365 3654 506 3747 longioris
526 3676 625 3715 morae
645 3677 699 3714 nos
719 3656 833 3716 taedeat
852 3656 895 3714 vcl
917 3657 1028 3737 pigeat:
1055 3659 1129 3739 quia
1150 3682 1206 3723 oo·

72 3746 162 3795 stmm
183 3754 243 3792 non
266 3744 309 3793 est
329 3752 449 3813 proprio
470 3731 592 3791 arbitrio
613 3743 776 3810 temporum
797 3733 933 3792 articulos
948 3733 1054 3808 metiri,
1077 3738 1134 3796 sed
1154 3760 1205 3817 pa·

72 3810 180 3869 tienter
199 3810 363 3890 quiescere,
387 3809 454 3881 dum
482 3832 536 3889 pro
556 3830 606 3868 sue
626 3830 643 3868 o
665 3810 846 3898 portunitate
865 3810 944 3868 Deus
969 3830 1101 3889 regnum
1121 3834 1204 3873 suunt

71 3887 220 3946 instauret.
275 3884 344 3959 Quo
375 3897 487 3964 spectat
517 3884 565 3945 illa
589 3829 671 3943 Pauli
697 3886 858 3945 exhortatio
877 3887 932 3964 (Il.
954 3885 1026 3945 Cor.
1046 3894 1105 3963 15,
1124 3892 1203 3969 m:

70 3963 244 4097 pl'flfflffl‘
265 3962 420 4098 ίξιπιίειιιε,
451 3962 557 4096 deeindp
576 3960 788 4098 depopjhsspspistrie
805 3963 1043 4097 puppszupppsqitple
1069 3986 1204 4101 suosor·

72 4058 148 4173 dil:
158 4126 202 4175 est
221 4058 326 4174 nostiae
335 4058 475 4189 iburllurls,
495 4059 1202 4198 rixbveretnrinrisui,rs·idsn1usi1u0tqll⁸qubb

69 4188 156 4253 varis
174 4192 267 4250 modis
289 4190 364 4249 illam
386 4189 471 4249 nobis
481 4202 613 4251 testatam
627 4190 737 4250 lecerit.
775 4190 926 4250 Ridebnnt
946 4193 1041 4250 nasuti
1061 4191 1203 4255 homines

141 4267 153 4325 i
183 4267 295 4346 puerile
325 4264 484 4341 ludicrum,
512 4286 585 4346 quae
612 4264 649 4325 ab
674 4266 867 4349 Evangelistis
888 4268 1015 4326 refertur
1035 4266 1201 4331 historiam.

28 4284 161 4440 babillus
180 4343 257 4403 enim
277 4342 419 4403 momenti
440 4346 496 4404 erit
514 4342 650 4420 nuntius,
670 4363 756 4424 quem
775 4343 895 4424 pavidae
915 4341 1110 4407 mulierculae
1130 4367 1201 4429 per·

565 3578 712 3638 ulciemlos
733 3581 843 3638 animos
865 3592 979 3640 nostros
1001 3582 1088 3643 firma
1109 3584 1205 3667 bppo·
