2700 4732
73 187 133 251 m
468 177 543 241 unt
564 176 620 239 111.
661 180 748 241 CAP.
767 178 821 239 lx.

117 323 185 387 'bus
203 322 300 385 risum
322 332 405 387 esto
426 323 530 384 timum
551 343 613 385 non
635 322 727 393 nasci:
757 323 937 403 proximum,
968 343 1055 417 quam
1079 324 1223 387 citissime

76 400 209 465 anleri:
242 400 385 481 siqnidem
403 342 463 461 bet
482 399 593 460 lumine
613 412 643 460 et
661 418 730 461 uera
748 400 895 483 religione
915 402 1063 478 destituti,
1095 400 1171 482 quid
1190 402 1223 463 in

78 497 112 541 ea
132 496 255 539 cernere
274 488 414 558 poterant
434 499 496 538 non
521 476 679 538 infaustum
706 497 740 536 ac
767 478 893 538 tetrum?
921 478 985 539 Nec
1010 478 1073 539 sine
1099 478 1224 541 ratione

77 555 132 631 illi,
152 555 202 635 qui
222 553 332 615 natales
351 574 472 615 cuorum
491 573 629 614 moerore
649 574 682 613 ac
700 552 852 633 lacrymis,
872 554 976 615 lunera
995 553 1124 617 sollenni
1145 576 1223 637 gau-

80 632 130 692 dio
151 630 416 711 prosequebantur.
453 630 514 689 Sed
539 629 568 689 id
593 628 741 690 faciehant
767 630 830 691 sine
858 632 1007 711 proiectu:
1039 631 1110 711 quia
1138 644 1223 693 recta

80 707 150 769 lidei
170 707 305 768 doctrina
326 706 438 778 orbati,
458 727 520 766 non
542 706 680 767 videbant
699 707 849 785 quomodo
874 708 979 787 piis'in
999 708 1112 768 bonum
1133 708 1224 772 cedat

81 785 162 865 quod
181 806 236 865 per
262 805 293 844 se
319 805 374 843 uec
401 782 517 842 beatum
547 804 602 842 uec
632 782 823 843 desiderabile
855 796 913 844 est:
946 784 1046 864 itaque
1078 783 1223 847 iudicium

80 881 164 923 suum
185 860 390 938 desperatione
415 858 621 919 terminabant.
678 860 736 917 llic
756 880 828 940 ergo
848 861 886 920 sit
904 881 1010 940 scopus
1035 860 1169 921 fidelium
1188 860 1223 921 in

79 936 256 1001 aestimanda
275 935 392 995 mortali
411 935 478 1009 vita,
498 948 531 995 ut
551 935 620 994 dum
639 934 807 1017 intelligunt
827 936 899 998 nibil
918 958 973 1016 per
991 957 1022 997 se
1035 958 1123 1016 quam
1133 938 1223 999 mise·
1267 960 1269 969 ·

82 1015 154 1075 riam
174 1033 252 1085 esse,
284 1032 320 1072 eo
347 1011 504 1071 alacriores
531 1023 561 1070 et
579 1012 671 1093 magis
693 1013 819 1091 expediti
839 1027 919 1073 totos
939 1036 969 1075 se
989 1014 1026 1074 ad
1046 1014 1165 1077 suturae
1183 1012 1224 1075 il·

81 1092 136 1151 lios
155 1102 186 1150 et
205 1101 341 1149 aeternae
360 1088 580 1149 meditationem
600 1087 764 1149 conferant.
800 1090 858 1149 Ubi
880 1091 914 1149 ad
935 1112 997 1152 eam
1017 1090 1222 1181 comparatio-

81 1168 194 1228 tionem
214 1177 333 1227 venturu
353 1176 408 1235 est,
427 1176 489 1223 tum
508 1184 578 1226 vero
599 1164 646 1225 illa
666 1186 726 1226 non
747 1166 836 1227 modo
856 1186 959 1227 secure
979 1167 1090 1250 negligi
1133 1178 1224 1239 otest,

80 1243 132 1305 sed
153 1260 224 1321 prae
249 1240 303 1301 bac
335 1242 453 1321 penitus
477 1240 694 1302 contemnenda
725 1254 770 1303 est
798 1263 831 1303 ac
861 1243 1043 1303 fastidienda.
1130 1244 1224 1305 amsi

83 1319 201 1381 coelum
220 1318 314 1397 patria
335 1330 396 1393 est,
415 1317 485 1398 quid
509 1317 587 1379 aliud
607 1329 686 1378 terra
705 1340 791 1397 quarn
813 1319 959 1380 exsilium?
989 1321 1023 1379 Si
1041 1318 1184 1402 migratio
1205 1340 1225 1381 e

82 1395 193 1457 mundo
213 1394 308 1454 estin
328 1394 416 1454 vitam
437 1395 594 1474 ingressus,
614 1393 684 1472 qnid
704 1394 781 1453 aliud
802 1396 1225 1476 mundusquamacpulcrunui

82 1472 114 1533 iu
134 1472 199 1551 ipso
219 1490 339 1531 manere
359 1470 428 1551 quid
448 1471 527 1531 aliud
546 1491 633 1561 quana
653 1472 683 1530 in
704 1483 799 1530 morte
826 1471 989 1533 demersum
1015 1472 1099 1533 esse?
1124 1472 1166 1532 'Si
1185 1471 1224 1535 li·

83 1546 182 1610 berari
201 1569 217 1608 a
238 1567 382 1626 corpore,
411 1557 455 1606 est
475 1568 562 1608 asseri
583 1547 613 1605 in
632 1546 755 1607 solidam
775 1547 956 1621 libertatem,
986 1549 1056 1631 quid
1075 1548 1155 1609 aliud
1175 1562 1227 1611 est

83 1645 193 1705 corpus
224 1624 312 1704 qdam
342 1622 461 1683 carcer?
493 1623 525 1682 Si
545 1623 601 1683 Ilei
629 1626 789 1702 praesentia
820 1624 877 1683 srui
907 1646 1040 1704 suprema
1072 1624 1225 1689 felicitatis

84 1722 196 1763 summa
216 1711 392 1776 est,·nonne
413 1720 447 1758 ea
466 1720 564 1760 carere
583 1700 737 1759 miserum?
754 1700 846 1780 Atqui
867 1701 962 1763 donec
982 1721 999 1762 e
1019 1702 1139 1762 mundo'
1151 1722 1225 1764 eva·

83 1778 217 1853 serimus,
236 1777 459 1871 peregrinamur
477 1798 493 1835 a
514 1775 645 1836 Domino
677 1776 732 1853 (ll.
753 1778 823 1836 Cor.
843 1785 873 1852 5,
891 1780 944 1854 6,),
982 1778 1063 1870 Ergo
1093 1779 1119 1838 si
1153 1801 1224 1839 cum

85 1854 207 1917 coelesti
226 1866 283 1914 vita
302 1865 420 1913 terrena
439 1864 640 1932 comparetur,
670 1874 731 1912 non
758 1853 880 1913 dubium
899 1854 969 1934 quin
990 1855 1074 1915 lncrle
1094 1865 1128 1915 et
1146 1876 1227 1917 con-

83 1930 243 1994 temnenda
263 1942 294 1990 et
312 1929 508 2011 proculcanda
528 1929 574 1989 sit.
633 1926 713 1988 Odio
738 1941 817 1989 certe
844 1930 975 1993 habenda
995 1952 1146 2009 nunquam
1165 1942 1225 2007 est,

83 2008 140 2069 nisi
160 2018 302 2088 qnatenus
322 2027 377 2066 nos
397 2017 520 2097 peceato
540 2016 624 2066 tenet
642 2005 801 2066 obnoxios:
822 2028 988 2087 quanquam
1008 2030 1046 2068 ne
1065 2006 1139 2067 illud
1153 2007 1223 2087 qui-

84 2084 152 2145 dem
177 2083 277 2145 odium
304 2102 424 2163 proprie
454 2082 483 2140 in
509 2082 598 2161 ipsam
623 2082 853 2142 convertendum
878 2097 929 2144 est.
979 2084 1141 2163 Utcunque
1171 2084 1225 2159 sit,

84 2182 140 2223 nos
159 2171 259 2221 tamen
278 2160 318 2219 ita
338 2161 401 2218 eius
420 2158 466 2218 vel
485 2158 584 2218 taedio
604 2157 649 2218 rel
669 2158 740 2219 odio
762 2159 837 2219 allici
858 2160 958 2233 decet,
991 2172 1023 2219 ut
1047 2162 1138 2219 linem
1157 2158 1225 2223 eiua

83 2236 298 2310 desiderantes,
328 2236 419 2370 parati
439 2254 558 2315 quoque
577 2234 664 2295 simus
683 2236 719 2295 ad
738 2236 889 2296 arbitrium
909 2237 1031 2296 Domini
1051 2240 1081 2296 in
1102 2256 1139 2296 ea
1159 2256 1225 2297 roa·

83 2333 171 2387 nere,
203 2333 263 2391 quo
289 2313 330 2371 sci
343 2313 401 2371 icet
427 2310 556 2370 taedium
581 2323 712 2371 nostrum
733 2313 770 2372 sit
788 2313 891 2392 procul
910 2312 947 2373 ab
968 2314 1049 2371 nunni
1068 2333 1226 2374 murmure

84 2402 115 2452 ct
133 2388 325 2470 impatientia.
369 2388 423 2448 Est
447 2388 526 2447 enim
550 2387 643 2447 instar
665 2390 814 2465 stationis,
848 2392 877 2448 in
903 2410 960 2469 qua
988 2411 1043 2449 nos
1070 2390 1227 2453 Dominus

84 2464 257 2540 collocavit,
276 2464 388 2524 tamdiu
407 2464 494 2525 nobis
514 2465 715 2525 conservanda
740 2466 837 2544 quoad
857 2465 906 2525 ille
926 2466 1079 2526 revocarit.
1118 2466 1227 2529 Deflet

83 2543 202 2624 quidem
222 2552 331 2603 sortem
351 2562 430 2600 suam
450 2540 555 2600 Paulus
576 2539 676 2616 (Rom.
696 2547 725 2615 7,
744 2546 804 2619 24.)
835 2541 914 2622 quod
939 2554 1011 2602 voto
1035 2565 1088 2604 suo
1101 2541 1226 2605 diutius

84 2617 219 2699 corporis
236 2616 359 2678 vinculis
378 2617 510 2699 alligatus
530 2629 682 2691 tenentur,
706 2629 737 2677 et
755 2619 881 2698 suspirat
899 2619 1013 2679 ardenti
1039 2618 1226 2700 redemptio·

84 2696 129 2757 nis
155 2693 315 2755 desiderio:
335 2694 541 2765 nihilominus,
560 2705 593 2753 ut
611 2693 670 2753 Dei
689 2694 812 2775 imperio
834 2708 948 2773 pareat,
980 2696 1168 2773 paratum0se
1187 2696 1226 2757 ad

85 2782 183 2832 utrum
207 2792 243 2831 ue
255 2770 464 2851 profitebatur:
485 2770 551 2862 quia
571 2790 602 2830 se
621 2770 650 2829 id
671 2771 738 2830 Deo
758 2771 867 2831 debere
886 2773 1036 2851 agnoscit,
1055 2784 1088 2831 ut
1108 2784 1225 2835 nomc'n

85 2850 147 2909 eius
158 2792 205 2908 vel
217 2847 467 2927 permortcm,vcl
476 2859 562 2906 vitam
592 2846 728 2906 lorificet:
742 2848 829 2926 ipsius
840 2861 934 2908 autem
948 2859 992 2907 est
1002 2848 1226 2929 statuere,quid

86 2926 209 2985 maxime
221 2924 256 2984 ad
268 2923 393 3007 gloriam
403 2946 483 2983 suam
495 2866 628 3002 expediat
639 2924 917 3001 (Philisto-M).
937 2925 1042 3005 ltaque
1051 2926 1075 2985 si
1084 2926 1227 2987 Domino

87 3002 186 3061 vivere
198 3022 232 3061 ac
249 3000 326 3061 mori
343 3023 396 3061 nos
408 3002 503 3072 dccet,
523 3001 584 3059 eius
604 3000 726 3062 arbitrio
746 3001 942 3081 relinquamus
962 3003 1064 3061 mortis
1083 3002 1228 3085 vitaeque

84 3090 205 3139 nostrae
223 3077 397 3139 terminum:
417 3077 468 3137 sed
487 3076 538 3151 ita,
558 3088 592 3135 ut
610 3088 640 3137 et
660 3075 736 3137 illius
754 3079 850 3137 studio
871 3079 1037 3159 flagremus,
1057 3090 1087 3138 et
1105 3079 1139 3158 in
1159 3100 1227 3143 me·

87 3154 232 3215 ditatione
250 3155 339 3215 simus
357 3153 476 3215 assidui:
498 3152 572 3212 hanc
591 3174 679 3227 vero,
705 3175 773 3233 prae
792 3154 888 3214 sutura
908 3155 1128 3215 immortalitate
1147 3176 1227 3217 con-

86 3243 259 3305 temnamur,
278 3242 309 3291 et
328 3230 367 3290 ob
389 3230 502 3310 pcccati
521 3230 691 3289 servitutem
711 3232 737 3289 ei
758 3231 938 3307 renuntiare,
958 3233 1072 3312 quoties
1084 3232 1227 3297 Domino

87 3306 242 3388 placuerit,
261 3319 405 3386 optemus.
1267 3308 1269 3319 '

162 3389 191 3449 5.
230 3384 298 3443 Hoc
316 3403 388 3442 vern
408 3380 540 3461 portenti
558 3382 667 3454 simile,
694 3383 774 3463 quod
795 3404 849 3462 pro
869 3382 920 3443 illo
940 3384 1042 3443 mortis
1062 3384 1228 3465 desiderio,

85 3470 166 3520 tanta
185 3458 246 3519 eius
267 3458 425 3519 formidine
445 3470 584 3518 tenentur
603 3459 696 3533 multi,
716 3460 766 3539 qui
784 3481 815 3519 se
828 3461 1009 3521 Christianus
1026 3481 1089 3521 esse
1099 3462 1227 3541 iactant,

86 3549 121 3597 ut
139 3536 176 3597 ad
195 3535 356 3615 quamlibet
375 3538 436 3597 eius
456 3537 637 3595 mentionem
658 3539 896 3611 contremiscant,
928 3537 1008 3597 velut
1034 3538 1076 3597 rei
1099 3538 1225 3628 penitus

87 3615 239 3675 ominosae
260 3624 290 3672 et
309 3611 461 3672 infaustae.
498 3611 643 3690 Equidem
663 3633 724 3671 non
745 3624 790 3673 est
807 3615 912 3672 mirum
937 3614 961 3675 si
986 3613 1123 3675 naturalis
1151 3634 1226 3677 sen-

85 3712 135 3751 sus
154 3689 184 3748 in
206 3688 291 3748 nobis
312 3689 505 3764 exhorrescat,
522 3688 619 3748 audita
639 3689 731 3748 nostri
752 3689 950 3750 dissolutione.
988 3690 1029 3750 At
1047 3689 1127 3751 istud
1138 3688 1226 3755 nullo

87 3765 178 3826 modo
208 3764 378 3840 serendum,
408 3786 470 3824 non
501 3784 563 3825 csse
589 3765 618 3823 in
645 3776 766 3843 pectore
787 3766 953 3826 Christiano
974 3768 1087 3848 pietatis
1107 3768 1227 3845 lumen,

87 3840 169 3922 quod
190 3842 291 3901 maiori
312 3840 516 3902 consolatione
541 3841 773 3922 qualemcunque
792 3841 872 3903 illum
893 3843 1028 3905 timorem
1047 3858 1170 3923 superet
1188 3868 1226 3907 ac

88 3917 259 3998 supprimat.
297 3919 371 3978 Nam
391 3919 415 3978 si
434 3917 597 4000 cogitemus
618 3917 674 3978 hoc
686 3918 831 3992 instabile,
850 3921 995 3993 vitiosum,
1015 3921 1227 3999 corruptibile,

89 3994 241 4069 caducum,
262 3994 448 4068 emarcidum,
468 4005 554 4072 putre
568 3994 700 4072 corporis
720 3997 814 4056 nostri
833 3997 1050 4056 tabernaculum
1072 3997 1140 4058 ideo
1163 3999 1224 4061 dis-

89 4070 175 4144 solri,
194 4083 228 4130 ut
246 4070 276 4129 in
296 4070 420 4143 firmam,
440 4071 612 4150 perlectam,
630 4071 895 4152 incorruptibilem,
915 4074 1072 4134 coelestem
1091 4073 1227 4155 denique

88 4146 214 4231 gloriam
233 4168 300 4208 mor
320 4149 511 4209 instauretur:
532 4167 632 4208 annon
653 4149 791 4209 ardenter
810 4150 880 4211 fides
892 4163 1027 4230 expetere
1038 4163 1127 4232 coget
1140 4154 1226 4231 quod

68 4228 193 4287 'natura
210 4222 402 4287 reformidat?
426 4225 459 4286 Si
479 4224 642 4307 cogitemus
662 4246 716 4305 per
735 4238 859 4287 mortem
880 4226 916 4288 ab
938 4228 1037 4289 exsilio
1058 4249 1113 4289 cros
1134 4250 1227 4293 revo-

28 4304 130 4432 Ιιι.
