2700 4732
479 280 553 340 blll.
575 270 638 339 lll.¹
671 278 758 341 (ΖΜ).
779 282 860 341 XlV.
1201 292 1240 354 35

108 444 195 496 ..non
216 434 259 483 est
271 422 328 485 vir:
350 433 379 483 et
398 421 554 483 admiratus
574 435 628 496 est,
646 426 711 503 quia
733 446 792 483 non
814 437 858 485 est
876 426 926 505 qui
944 425 1121 489 intercedat:
1141 438 1172 489 et
1191 449 1238 490 sa-

107 500 222 577 „lutem
241 500 339 579 posuit
357 500 387 558 in
408 498 529 560 brachio
548 519 612 573 suo,
632 512 663 559 et
680 500 788 561 iustitia
808 520 857 561 sua
876 522 907 562 se
925 502 1138 563 confirmarit.“
1178 504 1238 565 Ubi

108 588 180 637 sunt
199 589 316 636 nostrae
335 574 477 647 institiae,
505 574 529 634 si
549 595 651 634 veruna
672 588 716 636 est
735 576 814 654 quod
834 576 874 636 ait
893 576 951 636 Pro
975 576 1057 649 heta,
1090 581 1236 640 neminem
1265 608 1273 621 ·

110 672 174 711 esse
194 652 244 731 qui
264 652 293 711 in
320 651 517 730 recuperanda
543 672 592 710 sna
611 651 704 711 salute
726 653 856 712 Domino
877 598 1055 745 opituletur?
1094 654 1144 713 Sic
1164 656 1236 714 alius

109 726 278 807 Propheta,
302 726 351 787 ubi
372 727 530 785 Dominum
551 727 587 784 de
612 728 832 788 reconciliandis
851 728 905 788 sibe
926 730 1128 809 peccatoribus
1147 752 1237 811 agen·

110 816 172 863 tem
191 804 314 865 inducit:
335 802 549 883 „Desponsabo
562 802 790 882 (inquitllos.·d,
802 810 849 868 19.
857 804 960 881 etet.)
979 817 1009 863 te
1028 806 1100 865 mihi
1119 808 1149 865 iu
1169 826 1236 885 per·

109 890 252 957 „petuam
272 882 302 939 in
323 878 446 951 iustitia,
467 879 593 953 iudicio,
613 880 706 961 gratia
727 892 757 939 et
775 880 981 941 misericordia.
1024 880 1127 941 Dicam
1147 882 1235 943 mise·

110 956 288 1031 „ricordiam
314 976 374 1015 non
400 966 614 1033 consequutae,
639 954 869 1017 Misericordiam
894 961 1104 1036 consequuta.“
1153 958 1236 1018 Eius·

109 1030 192 1089 modi
211 1030 331 1105 foedus,
362 1030 441 1110 quod
468 1034 589 1109 primam
614 1031 699 1089 nobis
723 1050 785 1107 esse
809 1054 873 1091 eum
898 1032 966 1091 Deo
996 1033 1235 1093 coniunctionem

111 1118 243 1183 constat,
274 1106 298 1167 si
321 1106 518 1166 misericordia
537 1106 594 1165 Dei
622 1106 739 1181 nititur,
772 1106 883 1167 nullum
910 1108 1082 1187 relinquitur
1111 1108 1235 1168 iustitiae

110 1192 230 1243 nestrae
256 1182 484 1241 tundamentum.
541 1182 579 1240 Et
607 1201 677 1241 vero
707 1182 871 1263 intelligere
892 1202 925 1243 ex
944 1183 993 1255 iis,
1012 1184 1062 1263 qui
1086 1182 1235 1245 hominem

111 1278 178 1319 cum
197 1257 291 1349 aliqua
311 1278 329 1317 o
352 1278 432 1317 erum
452 1258 559 1317 iustitia
572 1256 638 1317 Deo
658 1256 774 1317 obviam
794 1260 955 1340 procedere
967 1259 1092 1341 lingunt,
1112 1260 1236 1340 cupiam,

109 1352 147 1393 an
169 1344 290 1393 omnino
311 1278 396 1394 ullam
416 1333 552 1393 iustitiam
573 1353 634 1393 esse
675 1344 773 1409 stent,
794 1334 848 1393 nisi
868 1356 943 1413 quae
962 1334 1001 1394 sit
1020 1347 1139 1426 accepta
1158 1334 1235 1395 Deo.

109 1408 145 1469 ld
166 1410 297 1491 cogitare
315 1412 340 1469 si
358 1410 491 1471 insanum
511 1419 570 1467 est:
591 1408 639 1487 qui
671 1408 738 1468 Dee
759 1421 873 1491 gratum
885 1410 921 1471 ab
943 1412 1003 1469 eius
1023 1410 1143 1471 inimicis
1164 1430 1235 1491 pro-

110 1484 195 1559 deat,
215 1505 289 1565 quos
307 1496 386 1545 totos
407 1507 471 1544 cum
490 1483 624 1545 omnibus
643 1484 701 1545 suis
728 1484 809 1545 iactis
833 1484 999 1546 aversatur?
1037 1484 1164 1560 Omnes,
1188 1487 1235 1547 in-

112 1578 213 1641 quam,
232 1582 286 1621 nos
306 1580 367 1621 esse
387 1560 525 1653 capitales
546 1580 580 1619 ac
606 1560 753 1641 professos
774 1560 905 1621 inimicos
924 1552 983 1619 D‘ei
1002 1563 1095 1621 nostri
1115 1574 1238 1623 testatur

109 1638 227 1710 veritas,
246 1637 341 1697 donee
361 1636 504 1695 iustificati
525 1636 554 1692 in
574 1635 728 1695 amicitiam
749 1636 906 1729 recipimur
924 1636 1060 1717 (hamb,
1069 1642 1097 1703 6.
1108 1658 1145 1697 ss.
1167 1636 1236 1699 Cel.

111 1718 141 1783 1,
157 1714 230 1789 21.).
270 1714 301 1772 Si
322 1712 494 1793 principium
512 1711 675 1771 dilectionis
696 1724 739 1770 est
758 1712 934 1785 iustificatio,
974 1731 1027 1771 uae
1048 1732 1170 1791 operum
1190 1714 1237 1773 iu·

110 1788 208 1847 stitiae
237 1788 313 1847 illam
343 1786 539 1867 praecedent?
589 1788 634 1846 lta
663 1799 695 1846 nt
722 1787 905 1868 pestilentem
935 1787 956 1846 il
985 1808 1013 1847 m
1039 1788 1236 1869 arrogantiam

108 1874 220 1923 avertat
238 1864 379 1937 Ioannes,
398 1862 554 1945 diligenter
574 1885 627 1923 nos
647 1876 764 1938 monet,
784 1863 934 1942 quomodo
954 1884 1015 1923 non
1036 1862 1149 1945 priores
1170 1884 1235 1924 eum

110 1938 293 2000 dilexerimus
314 1938 354 2016 (l.
376 1958 391 1997 e
414 1983 421 1997 .
441 1948 471 2012 t,
492 1942 560 2017 tlt).
599 1940 638 1997 Et
657 1940 685 1998 id
706 1941 798 2019 ipsum
818 1939 874 1999 iam
895 1939 964 1999 olim
985 1959 1038 2018 per
1057 1939 1116 1999 Pro
1140 1938 1236 1999 hetam

108 2036 194 2075 suum
218 2016 363 2077 Dominus
390 1960 544 2074 docuerat:
583 2015 731 2097 „Diligarn
757 2016 868 2095 (inquit
896 2014 1008 2075 Hoseas
1032 2020 1087 2093 14,
1110 1960 1153 2091 d)
1183 2034 1236 2077 eos

107 2102 270 2173 spontanea
296 2092 465 2152 dilectione:
491 2092 559 2181 quia
584 2111 740 2151 conversus
760 2102 804 2151 est
830 2090 913 2151 furor
936 2096 1048 2151 meus.“
1087 2089 1114 2150 0
1138 2090 1236 2151 eribus

108 2178 192 2227 certe
212 2188 272 2227 non
293 2168 459 2258 instigatur,
484 2190 507 2225 ss
528 2178 634 2247 sponte
659 2167 693 2227 ad
720 2188 774 2227 nos
798 2166 945 2227 inclinavit
968 2186 1000 2227 se
1025 2166 1086 2227 eius
1107 2112 1235 2227 dileetio.

107 2240 172 2303 Sed
191 2243 263 2303 rude
287 2243 436 2303 hominum
457 2242 558 2324 vulgus
584 2241 655 2300 nibil
682 2242 712 2301 id
731 2242 808 2303 aliud
828 2263 891 2303 esse
917 2254 997 2323 putat
1017 2242 1071 2302 nisi
1092 2242 1181 2322 quod,
1201 2252 1236 2303 ut

107 2318 342 2399 redemptionem
362 2332 488 2379 nostram
511 2330 663 2399 perageret
675 2318 818 2392 Christus,
838 2338 925 2377 neme
945 2318 1120 2399 promeritus
1135 2318 1233 2379 suerit:

107 2406 258 2454 utentem
278 2394 486 2473 redemptionis
506 2394 717 2474 possessionem
738 2394 882 2467 adeamus,
902 2394 1040 2487 operibus
1060 2395 1166 2455 nostris
1185 2394 1236 2455 ad-

107 2470 210 2529 iuvari.
248 2468 313 2529 Imo
332 2492 417 2542 sero,
444 2482 592 2549 utcunque
612 2491 628 2530 a
649 2469 766 2531 Christo
788 2471 930 2550 redempte
949 2470 1052 2547 simus,
1077 2470 1173 2531 donec
1192 2482 1237 2531 ta·

106 2566 177 2605 nren
196 2547 351 2606 vocatione
371 2546 465 2606 Patris
484 2547 638 2606 inserimur
664 2549 691 2605 in
718 2546 795 2605 illius
820 2546 1071 2623 communionem,
1096 2556 1126 2606 et
1150 2559 1235 2606 tene-

107 2622 181 2683 brae
201 2633 231 2681 et
250 2624 351 2682 mortis
379 2622 515 2681 haeredes
544 2636 573 2682 et
593 2623 649 2681 llei
673 2622 828 2683 aniversarii
852 2644 958 2683 sumus.
1006 2623 1074 2681 Non
1101 2622 1178 2681 enim
1198 2621 1235 2682 ab

108 2696 297 2759 immunditiis
317 2698 423 2757 nostris
443 2699 561 2789 purgari
581 2719 635 2758 nos
656 2709 685 2758 et
704 2698 782 2757 ablui
803 2698 908 2758 Paulus
933 2697 1021 2757 doeet
1041 2698 1151 2758 Christi
1169 2718 1235 2756 san-

107 2773 210 2913 guine,
228 2773 284 2834 nisi
303 2774 370 2832 dum
388 2786 595 2865 purgationem
615 2773 691 2833 illam
708 2774 833 2908 Spiritus
853 2773 882 2831 in
903 2772 989 2833 nobis
1009 2773 1101 2834 elficit
1107 2773 1151 2906 pl.
1164 2774 1237 2833 Cor.

131 2853 232 2928 ,ll·)·
276 2849 367 2923 Quod
388 2852 464 2909 ulem
486 2850 583 2909 dicere
602 2852 703 2910 volens
750 2862 826 2909 etrus
847 2849 887 2926 (l.
908 2850 1082 2927 ep.1‚2·),
1128 2849 1236 2909 celarat

110 2924 239 3005 Spiritus
260 2925 518 2986 sanctificationem
544 2926 640 2984 valere
671 2925 700 2983 in
734 2924 948 2997 obedientiam,
977 2937 1007 2983 et
1037 2924 1237 3005 aspersionem

108 2999 258 3081 sanguinis
279 3001 396 3062 Christi.
435 3003 468 3061 si
489 3001 599 3061 Christi
625 3002 764 3093 sangnine
785 3000 814 3058 in
842 3000 1073 3081 purificationem
1094 3020 1147 3081 per
1165 3000 1232 3081 Spi-

108 3076 199 3138 ritum
218 3078 413 3160 aspergimur,
437 3100 475 3136 ne
495 3091 627 3167 putemus
648 3078 719 3136 ahos
740 3099 792 3137 nos
813 3097 875 3137 esse
899 3089 968 3136 ante
989 3076 1152 3137 huiusmodi
1171 3076 1237 3136 irri-

107 3152 276 3237 gationem,
308 3177 393 3233 qoam
418 3167 547 3213 estsine
573 3153 691 3213 Christo
719 3164 864 3232 peccator.
914 3154 1033 3213 Maneat
1056 3172 1127 3244 ergo
1153 3152 1236 3227 illud,

108 3228 284 3309 principium
312 3244 427 3290 nostrae
450 3230 564 3302 salutis,
596 3250 656 3290 esse
677 3230 818 3309 quandam
843 3229 923 3288 velot
946 3250 961 3287 a
983 3241 1079 3288 morte
1098 3250 1127 3287 1n
1148 3229 1236 3289 vitam

108 3306 369 3365 resurrectionem:
400 3306 466 3385 quia
500 3306 550 3363 ubi
581 3318 704 3384 propter
724 3306 872 3365 Christum
899 3304 986 3363 nobis
1011 3304 1109 3364 datum
1136 3317 1180 3364 est
1203 3305 1236 3365 ie

108 3402 176 3442 eum
197 3382 317 3443 eredere
330 3382 543 3462 (Phil.1,2o.),
563 3394 632 3441 tune
652 3381 804 3459 incipimus
825 3382 940 3440 dentum
962 3382 1083 3441 transire
1102 3402 1119 3440 a
1138 3392 1236 3441 morte

106 3458 139 3517 in
161 3457 256 3517 vitam.

186 3540 214 3599 7.
253 3534 316 3593 Sub
336 3534 389 3593 hac
408 3534 533 3606 ratione,
553 3532 602 3612 qui
622 3534 763 3594 secundus
784 3546 814 3593 et
832 3533 935 3592 tertius
955 3531 984 3591 in
997 3531 1138 3593 divisione
1149 3552 1237 3610 supra

107 3611 205 3690 posita
231 3623 348 3671 notatus
374 3611 428 3670 luit
459 3610 608 3670 hominum
630 3610 704 3669 ordo
725 3608 991 3689 comprehenditur.
1029 3606 1236 3669 Conscientiae

110 3687 189 3744 enim
209 3684 358 3766 impuritas
379 3700 518 3765 utrosque
539 3686 669 3745 nondum
691 3706 752 3745 esse
771 3684 827 3742 Dei
848 3684 959 3765 Spiritu
980 3695 1168 3767 regeneratos
1188 3703 1234 3742 ar-

130 3761 182 3819 uit.
220 3762 344 3822 llursum
366 3776 473 3836 autem,
493 3785 523 3821 re
546 3762 745 3822 onerationem
765 3760 795 3820 in
816 3760 857 3820 eis
878 3760 983 3820 nullam
1007 3780 1079 3833 esse,
1100 3758 1156 3819 hoc
1183 3758 1235 3818 de-

108 3782 219 3897 lectum
240 3840 339 3918 prodit
358 3839 434 3898 fidei.
473 3784 560 3897 Unde
580 3837 672 3917 liquet
685 3837 753 3896 Deo
774 3837 904 3896 nondum
924 3835 1137 3907 reconciliatos,
1157 3854 1234 3893 non-

110 3912 230 3973 dumio
252 3915 312 3974 eius
333 3928 492 3994 conspectu
512 3914 694 3974 iustificatos:
721 3914 837 3991 quando
863 3912 898 3971 ad
920 3912 990 3970 haee
1010 3912 1088 3971 bona
1108 3909 1162 3969 nisi
1181 3929 1236 3989 per

109 3989 198 4047 fidem
219 4011 278 4048 non
306 3992 482 4069 pervenitur.
532 3989 613 4065 Quid
662 3989 754 4048 ariant
785 4000 953 4067 peccatores
979 3986 1082 4046 alleo
1107 3984 1236 4060 alienati,

109 4064 166 4123 uisi
186 4064 262 4125 illins
282 4066 389 4126 iudicio
411 4064 603 4127 exsecrabile?
670 4086 703 4125 ac
716 4064 831 4142 quidem
851 4063 955 4123 stolida
972 4061 1148 4122 confidentia
1169 4082 1234 4119 cum

108 4140 191 4219 impii
212 4163 313 4200 omnes
333 4155 467 4223 turgent,
499 4156 560 4201 tum
581 4141 749 4221 praesertim
771 4139 955 4219 hypocritae,
986 4138 1065 4217 quod
1085 4148 1235 4215 uteunque

109 4230 206 4275 totum
228 4239 280 4276 eor
300 4241 381 4278 suurn
403 4220 604 4277 obscoenitate
629 4229 740 4277 scatere
766 4217 884 4276 norint:
908 4215 932 4275 si
952 4235 1007 4293 qua
1027 4224 1122 4271 umen
1144 4211 1237 4270 edunt

108 4293 239 4370 speciosa
260 4314 366 4372 opera,
387 4295 473 4376 digna
493 4296 647 4354 aestimant
666 4312 739 4372 quae
759 4292 839 4351 lleus
859 4311 920 4349 non
939 4298 1118 4371 aspernetur.
1155 4286 1236 4347 Hine

107 4369 291 4447 perniciosus
312 4371 361 4431 ille
381 4390 480 4448 error,
500 4370 580 4450 quod
598 4370 756 4431 sceleratae
778 4378 808 4429 et
827 4366 956 4427 nefariae
974 4362 1081 4427 mentis
1099 4360 1238 4443 corneti,

884 4442 937 4507 30
