2700 4732
480 199 556 261 LlB.
577 201 633 261 lll.
674 200 763 263 cet.
783 201 880 262 xvtt.
1213 210 1257 273 ω

110 326 243 426 l'es)'aut
259 344 446 406 iustificatum
465 344 562 407 noluit
582 343 696 419 dicere,
728 322 824 437 qnasi,
840 346 1019 427 promeritus
1043 346 1081 408 rit
1102 358 1137 409 ut
1160 348 1253 412 iustus

110 435 294 489 censeretur.
335 422 417 496 Quid
437 420 531 504 ergo?
557 422 649 482 Certe
669 422 710 482 de·
730 423 860 483 iustitiae
879 422 1096 501 declaratione,
1117 445 1179 486 non
1199 447 1253 487 au-

108 514 175 563 tem
193 498 392 580 imputatione
412 499 506 578 ipsum
527 496 611 578 loqui
630 510 766 589 apparet,
787 501 844 559 acsi
865 499 992 575 diceret,
1023 501 1085 575 Qui
1104 523 1172 563 vera
1193 504 1252 565 fide
1284 514 1291 535 '

109 576 181 639 iu'sti
199 588 279 650 sunt,
300 576 319 634 ii
338 597 419 635 suam
439 576 576 635 iustitiam
588 576 768 647 obedientia,
789 574 933 655 bonisque
953 578 1093 657 operibus
1113 579 1253 658 probant,

110 676 176 717 non
196 654 273 713 nuda
295 664 325 711 et
343 653 515 734 imaginaria
534 652 602 710 fidei
624 652 709 712 larva.
760 653 796 711 ln
816 674 943 727 summa,
965 676 1025 714 non
1047 655 1175 735 disputat
1194 678 1257 735 qua

109 732 229 793 ratione
248 729 453 799 iustificemur,
478 730 528 788 sed
549 730 687 788 iustitiam
708 729 903 808 operatricem
924 751 940 790 a
959 729 1094 791 fidelibus
1114 732 1251 812 requirit.

109 808 151 869 Et
193 805 418 867 uemudmodum
431 804 538 865 Paulus
558 807 629 864 citra
642 827 765 885 operum
786 806 991 866 adminiculum
1011 808 1160 869 iustificari
1176 830 1257 870 con-

82 892 88 903 '
108 898 163 946 ten
186 897 227 945 rt:
247 885 287 942 ita
307 883 355 941 bic
373 882 465 942 iustos
486 881 587 940 baberi
603 903 668 942 non
690 883 808 961 patitur,
830 885 881 962 qui
903 883 992 945 bonis
1011 887 1265 967 careant'operi·.

111 962 177 1022 bns.
212 961 310 1020 -lluins
329 959 413 1037 scopi
434 960 633 1018 consideratio
654 979 709 1018 nos
733 960 814 1018 omni
834 960 972 1039 scrupulo
993 962 1159 1023 extricabit:
1184 984 1250 1025 nam

109 1039 182 1098 binc
202 1040 359 1126 praecipue
388 1034 527 1095 falluntur
551 1036 644 1094 nostri
670 1035 845 1107 adversarii,
877 1036 956 1115 quod
984 1049 1088 1117 putant
1107 1039 1251 1101 Iacobum

109 1113 325 1175 iustificationis
354 1113 498 1172 rationem
524 1112 662 1171 delinire:
695 1133 785 1192 quum
805 1112 888 1171 'nibil
908 1113 987 1175 aliud
1006 1115 1138 1190 studeat,
1162 1134 1251 1195 quam

111 1212 232 1272 pravam
253 1209 357 1248 eorum
383 1190 570 1249 securitatem
592 1187 723 1261 diruere,
744 1189 794 1268 qui
816 1191 979 1250 excusando
1006 1191 1157 1252 bonorum
1178 1212 1252 1274 ope·

109 1289 178 1327 runi
204 1264 388 1344 contemptui
418 1265 505 1324 iidem
532 1266 660 1324 inaniter
685 1264 898 1325 obtendebant.
950 1267 1032 1351 Ergo
1052 1268 1201 1349 quoslibet
1220 1269 1252 1329 in

107 1344 218 1405 modos
237 1342 340 1402 laeobi
360 1339 449 1401 rerba
475 1354 651 1420 torqueant,
678 1341 750 1400 nihil
781 1354 899 1435 praeter
924 1343 994 1405 dues
1018 1345 1178 1406 sententias
1204 1366 1254 1406 ex·

108 1420 258 1513 priment,
296 1418 389 1481 Inane
414 1417 483 1477 fidei
513 1430 661 1497 spectrum
688 1439 748 1478 non
781 1419 955 1494 iustificare,
987 1433 1018 1480 et
1041 1420 1174 1497 fidelem,
1198 1422 1252 1483 tali

105 1497 322 1637 rei-:aginatione
347 1517 410 1555 non
435 1506 625 1568 contentum,
653 1495 792 1577 operibus
818 1495 905 1557 bonis
929 1518 1009 1557 suam
1035 1498 1173 1560 iustitiam
1198 1500 1253 1561 de-

155 1593 232 1634 rnre.
288 1602 292 1609 ·

187 1654 236 1715 13.
277 1647 369 1723 Quod
388 1659 486 1707 autern
513 1668 546 1707 ex
566 1646 661 1707 Paulo
681 1648 784 1725 (Rom.
803 1654 834 1725 ⁶2,
855 1650 918 1727 13.)
937 1649 968 1708 in
988 1650 1114 1709 eundern
1135 1672 1252 1712 sensum

110 1726 214 1800 citant,
233 1726 384 1784 minimum
401 1745 452 1784 eos
470 1724 559 1798 iuvat,
579 1726 720 1783 Factores
732 1725 830 1806 Legis,
849 1748 911 1786 non
922 1725 1072 1787 auditores
1092 1728 1252 1788 iustificari.

110 1802 191 1865 Nolo
212 1801 362 1863 solutione
372 1800 521 1860 Ambrosii
541 1800 678 1875 evadere,
697 1800 766 1860 ideo
787 1821 849 1863 esse
869 1802 940 1862 illud
952 1802 1072 1878 dictum,
1083 1806 1149 1883 quia
1170 1825 1253 1865 com·

109 1878 293 1960 plementum
310 1878 399 1958 Legis
419 1878 457 1936 sit
482 1879 513 1936 in
535 1876 685 1937 Christum
706 1876 785 1938 fides.
837 1880 934 1939 Video
955 1880 1034 1939 enim
1053 1902 1167 1941 merum
1189 1900 1252 1941 esse

109 1958 174 2019 etto
198 1958 273 2030 ium,
324 1977 364 2014 uo
390 1953 462 2013 nibil
483 1975 557 2032 opus
579 1967 638 2029 est,
658 1955 709 2015 ubi
734 1967 834 2034 operta
860 1967 943 2037 patet
962 1957 1017 2016 via.
1057 1958 1123 2018 lllic
1145 1957 1254 2019 stolida

109 1976 291 2096 eonddsmtia
304 1976 438 2090 ludaeos
464 2030 566 2090 deiicit
584 2031 762 2111 Apostolus,
787 2033 837 2112 qui
861 2032 922 2093 sula
941 2033 1029 2113 Legis
1048 2035 1201 2117 agnitione
1220 2054 1253 2097 se

108 2109 320 2182 venditabant,
345 2129 435 2187 quum
463 2108 580 2167 interim
605 2108 710 2167 summi
732 2120 829 2169 essent
848 2110 910 2170 eius
935 2124 1166 2191 contemptores.
1205 2112 1253 2173 Ne

108 2208 185 2270 ergo
206 2185 283 2246 nuda
303 2186 394 2266 Legis
412 2184 520 2262 peritia
544 2196 702 2263 tantopere
721 2185 777 2244 sibi
802 2186 967 2266 placerent:
992 2187 1149 2264 admonet,
1173 2187 1197 2248 si
1218 2208 1253 2248 ex

108 2266 192 2347 Lege
212 2274 370 2343 quaeratur
389 2262 506 2332 iustitia,
527 2282 587 2320 non
600 2262 660 2321 eius
672 2261 817 2337 notitiam,
829 2263 879 2322 sed
891 2263 1128 2325 observationem
1137 2266 1252 2346 quaeri.

106 2343 172 2403 Nos
192 2352 273 2402 certe
293 2339 372 2400 istud
389 2338 421 2397 in
443 2336 562 2396 dubium
583 2359 644 2398 non
664 2358 812 2413 vocamus,
832 2341 901 2418 quin
913 2341 1001 2422 Legis
1021 2341 1130 2402 iustitia
1151 2342 1260 2403 cousia

108 2430 168 2479 stat
187 2418 217 2477 iu
240 2416 395 2496 operibus:
428 2435 460 2474 ac
487 2434 536 2472 ne·
551 2413 621 2472 illud
643 2414 777 2493 quidem,
808 2418 879 2495 quin
905 2417 1053 2478 consistat·
1067 2420 1100 2479 in
1126 2412 1258 2499 operum·

110 2494 254 2577 dignitate
275 2504 309 2552 et·
324 2492 436 2551 meritis·
457 2491 574 2550 iustitia.
619 2491 680 2549 Sed
707 2492 839 2551 nondum
864 2493 1021 2572 probatum
1041 2507 1087 2556 est
1111 2496 1254 2576 operibns

109 2594 165 2633 nus
186 2570 348 2642 iustificari,
368 2569 424 2627 nisi
443 2590 534 2626 unum
555 2566 680 2646 aliquem
702 2569 856 2645 proferant
876 2571 925 2649 qui
945 2572 1261 2653 Legemdmpleverib'·

108 2649 179 2709 Non
203 2647 278 2708 aliud
298 2657 396 2705 auteur
415 2645 539 2703 sensisse
555 2644 689 2715 Paulum,
710 2646 766 2702 erit
784 2649 852 2705 satis
873 2647 970 2726 anrplo
992 2641 1162 2708 testimonio
1184 2670 1253 2709 ora·

108 2725 201 2785 tionis
220 2735 381 2783 contextus.
425 2722 584 2798 Postquam
607 2721 778 2781 Gentesne
798 2723 923 2782 ludaeos
947 2724 977 2781 in
999 2742 1156 2785 commune
1176 2727 1252 2785 iniu-

112 2800 212 2861 stitiae
232 2800 431 2870 damnaverat,
456 2810 517 2855 tum
538 2798 573 2855 ad
595 2797 833 2856 distributionem
855 2800 1019 2872 descendit,
1045 2823 1078 2860 nc
1099 2803 1169 2862 dicit
1189 2820 1252 2879 eos,

111 2877 186 2955 „qui
206 2876 268 2935 sine
280 2876 360 2956 Lege
380 2886 587 2952 peecaverunt,
607 2874 764 2953 siueLege
784 2875 913 2952 perire,“
934 2878 1013 2954 quod
1027 2878 1061 2936 ad
1076 2876 1190 2939 Gentes
1203 2900 1252 2938 re-

110 2958 221 3014 fertur:
242 2954 310 3032 „qui
331 2972 401 3011 vero
424 2951 453 3010 in
464 2951 545 3029 Lege
566 2963 771 3029 peceaverunt,
792 2972 845 3041 per
863 2952 976 3032 Legem
995 2954 1150 3028 iudicari,“
1169 2955 1263 3034 quod'

108 3031 287 3093 Iudaeorum
319 3039 370 3087 est.
402 3060 440 3073 --
488 3029 585 3087 Porro
615 3027 756 3085 (nutriam
791 3028 835 3086 rlli
866 3032 923 3088 suis
953 3032 1252 3108 praevaricationibus

111 3107 322 3180 conniventes,
347 3104 510 3182 sola-Lege
530 3051 753 3185 superbiebant:
780 3105 912 3185 adiungit
936 3107 1016 3184 quod
1043 3110 1155 3187 optime
1176 3130 1252 3168 con-

110 3184 252 3268 gruebat,
283 3204 342 3241 non
373 3181 439 3239 ideo
467 3182 553 3238 latoni
575 3202 637 3241 csse
654 3181 781 3259 Legem,
812 3193 844 3239 ut
864 3183 961 3241 audita
981 3183 1167 3245 solummodo
1189 3186 1250 3247 eius

108 3280 182 3327 voce
203 3259 272 3318 iusti
288 3258 505 3330 redderentur,
530 3259 581 3315 sed
609 3271 669 3316 tum
691 3262 806 3317 demum
831 3259 857 3317 si.
882 3259 1054 3319 obedirent:
1087 3262 1144 3321 arsi
1168 3261 1251 3322 diee-

106 3351 168 3410 ret‚
187 3337 222 3396 In
236 3336 318 3416 Lege
331 3335 443 3414 quaeris
464 3335 621 3393 iustitiam?
640 3355 678 3392 ne
698 3335 829 3394 auditum
845 3337 906 3394 eius
927 3349 1086 3415 praetexas,
1106 3338 1250 3419 quiparvi

108 3427 154 3476 est
185 3407 239 3495 per
268 3433 301 3472 se
332 3411 486 3489 ponderis,
517 3411 568 3469 sed
599 3411 704 3470 alteras
731 3431 822 3490 opera
848 3412 952 3491 quibus
983 3414 1113 3475 declares
1137 3417 1249 3498 Legem

107 3512 171 3551 non
194 3490 249 3549 tibi
271 3490 376 3548 frustra
400 3488 533 3566 positam.
585 3487 639 3547 llis
659 3490 799 3566 quoniam
820 3487 1031 3549 deliciebantur
1054 3512 1173 3567 omnes,
1203 3514 1249 3553 se·

107 3567 271 3659 quebatur,
289 3565 377 3644 Legis
398 3564 576 3645 gloriatione
598 3584 690 3623 esses
714 3564 829 3624 oliatos.
867 3565 972 3645 ltaque
993 3569 1172 3627 eontrarium
1192 3591 1249 3648 po-

107 3658 166 3705 trus
188 3663 221 3702 ex
241 3656 341 3701 mente
362 3640 444 3699 l’auli
464 3653 669 3720 argumentum
689 3586 874 3700 lbrmaodum
896 3654 954 3714 est,
975 3642 1089 3703 lustitia
1110 3645 1198 3725 Legis
1218 3649 1248 3705 in

109 3741 235 3798 operum
262 3718 447 3798 perfectione
471 3718 526 3776 sita
552 3730 610 3777 est:
644 3722 731 3775 nemo
764 3717 871 3776 iactare
898 3731 998 3797 potest
1021 3740 1052 3780 re
1077 3741 1132 3801 per
1157 3741 1250 3804 opera

107 3796 185 3879 Legi
205 3796 386 3868 satisfecisse,
407 3793 486 3853 nulla
505 3815 577 3875 ergo
598 3804 642 3853 est
660 3816 677 3853 a
695 3794 778 3874 Lege
798 3794 914 3854 institia.

188 3878 235 3936 14.
274 3874 337 3931 larn
358 3883 389 3931 et
408 3891 441 3929 ex
467 3869 539 3930 locis
560 3870 614 3930 illis
635 3883 778 3952 pugnant,
799 3871 903 4006 guribus
922 3893 1002 3931 suam
1023 3871 1161 3933 iustitiam
1175 3872 1249 3934 fide·

109 3948 151 4015 les
172 3948 389 4009 examinandam
409 3947 467 4007 Dei
488 3947 597 4006 iudicio
618 3948 758 4007 audacter
777 3969 795 4006 o
824 3960 925 4023 erunt,
950 3969 985 4008 ac
1004 3950 1164 4009 secundum
1184 3968 1250 4011 eant

111 4026 148 4087 de
167 4046 199 4087 se
219 4027 312 4088 statui.
327 4025 457 4104 cupiunt.
498 4024 758 4101 Quales.sunt*):
784 4025 905 4099 „ludica
926 4045 974 4085 me
993 4025 1123 4086 Domine
1142 4046 1250 4086 seeun-

114 4185 328 4194 ....----...-
339 4185 421 4192 -m
435 4184 602 4193 -10---
614 4183 750 4192 *-

178 4274 380 4344 neratde.
423 4277 596 4338 lbid.1l,1.
640 4275 708 4326 lbid.
732 4275 836 4335 18,21.
881 4274 947 4327 lbid.
963 4276 1013 4338 26,
1030 4279 1053 4332 l.
1070 4274 1095 4329 9.
1114 4290 1138 4329 st
1156 4276 1195 4333 10.
1214 4304 1248 4321 -··

109 4342 175 4397 Post
192 4345 272 4396 finem
289 4346 412 4398 locorum
434 4346 484 4397 vid.
503 4364 559 4413 cap.
577 4344 618 4400 14.
634 4364 653 4396 s.
672 4343 712 4396 18.
730 4358 755 4395 et
772 4361 827 4412 cap.
845 4343 886 4397 20.
902 4365 921 4396 a.
939 4346 979 4400 10.
