2700 4732
511 196 586 257 tut.
606 194 663 256 111.
704 195 793 259 CAP.
812 194 850 256 x·
1197 200 1257 261 ldb

393 296 397 325 l

118 349 215 421 petuo
233 340 366 420 evagari,
389 339 445 402 nisi
463 341 590 402 severius
609 351 796 415 coerceatur,
823 338 977 422 corrigere
992 349 1090 399 autern
1107 349 1168 401 taus
1186 356 1256 419 per-

116 416 264 477 niciosum
283 418 391 479 malum
411 429 567 498 cuperent:
587 437 663 497 quae
683 438 740 477 uua
759 417 816 477 illis
836 415 1012 478 occurrebat
1031 414 1125 489 ratio,
1144 434 1254 495 eorpo-

118 492 180 553 reis
199 490 286 554 bouis
305 496 348 554 uti
369 494 481 555 bomini
500 496 710 575 permiserunt,
729 505 872 572 quatenus
891 492 1073 553 necessitatis
1091 491 1255 551 interesset.

117 567 207 629 Pium
226 568 343 649 quidem
363 571 531 631 consilium:
566 570 617 631 sed
637 570 788 649 impendio
807 569 982 631 austeriores
1006 567 1135 629 suerunt.
1179 568 1255 628 Nam

67 694 72 703 .
116 645 216 737 (quod
236 656 280 706 est
297 646 381 708 ualde
400 647 612 726 periculosum)
631 646 773 706 arctiores
792 646 913 725 laqueos
928 645 1089 705 induerunt
1099 644 1254 706 conscien-

119 720 181 799 titt,
199 742 287 803 quam
307 722 412 803 quibus
435 724 530 783 verbo
550 722 675 782 Domini
697 724 923 803 stringerentur.
981 721 1144 782 Necessitas
1162 739 1255 801 porro

117 796 178 859 illis
196 809 242 859 est
258 799 310 879 ⁴¹),
329 797 366 859 ab
387 800 523 860 omnibus
542 799 689 859 abstinere
708 799 814 878 quibus
833 816 933 858 carere
953 798 1059 879 possis:
1089 798 1130 858 ita
1148 817 1255 857 secuu-

119 872 192 933 dum
212 892 263 935 eos
281 875 326 936 vis
345 874 382 935 ad
402 896 505 955 pauens
526 876 666 935 cibarium
687 887 717 935 et
737 896 841 955 aquam
860 874 968 935 addere
994 874 1149 954 quicquam
1181 872 1255 933 lice-

117 962 176 1010 ret.
213 948 349 1013 Aliorum
368 952 464 1011 maior
481 953 643 1025 austeritas,
661 950 754 1031 qualis
773 952 901 1012 relertur
917 952 954 1011 de
966 950 1086 1012 Cratete
1098 948 1257 1024 Thebano,

141 1026 172 1085 ui
193 1045 267 1106 opes
285 1049 350 1088 suas
370 1029 399 1088 in
419 1049 499 1088 mare
518 1029 657 1108 proiecit:
678 1029 745 1107 quia
765 1028 819 1088 uisi
839 1030 983 1108 perirent,
1002 1026 1149 1108 perditum
1168 1046 1200 1087 se
1216 1024 1254 1085 ab

117 1046 177 1193 illis
195 1102 235 1163 iri
254 1103 385 1184 putabat.
422 1102 509 1173 Multi
529 1117 626 1164 autem
646 1104 734 1164 hodie
755 1104 821 1163 dum
830 1114 1012 1196 praetextum
1025 1114 1182 1181 quaerunt,
1194 1121 1254 1183 quo

118 1200 152 1239 ιιι
170 1198 270 1241 rerum
291 1193 475 1241 externarum
494 1203 547 1242 usu
567 1182 660 1241 carnis
679 1181 869 1259 intemperies
888 1186 1061 1255 excusetur,
1087 1191 1118 1239 et
1136 1179 1254 1239 iuterim

118 1253 282 1315 lascivienti
300 1257 375 1317 viam
394 1260 526 1317 sternere
545 1256 664 1330 volunt,
695 1278 749 1335 pro
775 1257 912 1317 confesso
931 1266 1080 1317 assumunt
1098 1256 1179 1335 quod
1198 1256 1255 1315 mi·

118 1330 200 1390 nime
219 1331 276 1391 illis
295 1334 440 1406 concedo,
460 1333 538 1392 nulla
559 1332 777 1393 modificatione
796 1332 1030 1414 restringendam
1050 1351 1112 1392 esse
1132 1331 1206 1394 hanc
1218 1330 1255 1392 li·

116 1405 277 1484 hertatem,
296 1406 347 1468 scd
368 1408 595 1489 permittendum
616 1409 755 1485 cuiusque
768 1410 975 1483 conscientiae,
988 1420 1022 1469 ut
1031 1420 1152 1487 usurpet
1160 1429 1255 1487 quau·

117 1492 184 1543 tum
203 1482 261 1543 sibi
280 1482 369 1543 licere
388 1485 493 1544 uideat.
529 1484 675 1563 Equidem
695 1485 790 1544 fateor
808 1504 864 1544 nec
884 1485 993 1545 debcre
1013 1504 1069 1543 nec
1084 1504 1255 1563 possecnn-

67 1562 71 1569 '
115 1557 256 1619 scientias
275 1560 356 1620 statis
376 1560 569 1640 praecisisque
589 1560 687 1641 legum
708 1559 841 1622 formulis
860 1560 908 1622 hic
932 1558 1060 1643 alligari:
1092 1561 1144 1621 sed
1164 1582 1254 1640 quum

115 1633 273 1715 Scriptura
292 1636 445 1716 generales
463 1634 587 1718 legitimi
617 1658 684 1698 usus
713 1637 811 1698 tradat
839 1637 969 1721 regulas,
999 1636 1159 1699 secuudum
1190 1636 1255 1701 illas

117 1724 202 1773 certe
222 1711 387 1773 limitandus
406 1712 494 1773 nobis
515 1725 567 1773 est.

196 1794 226 1854 2
248 1789 312 1849 ·Sit
340 1789 398 1849 hoc
427 1790 619 1869 principium,
649 1811 733 1851 usum
765 1788 912 1849 donorum
936 1789 995 1849 Dei
1019 1809 1081 1850 non
1106 1788 1255 1868 aberrare,

117 1886 211 1944 quum
230 1865 261 1924 in
282 1885 348 1926 eum
367 1866 456 1925 finem
475 1865 614 1938 refertur,
633 1864 664 1926 in
684 1887 770 1947 quem
790 1866 840 1926 illa
859 1866 945 1927 nobis
965 1879 1070 1928 auctor
1088 1866 1151 1947 ipse
1170 1889 1254 1930 crea-

116 1942 162 2001 vit
180 1962 215 2001 ac
233 1940 399 2002 destinavit:
430 1942 573 2022 siquidem
599 1942 630 2002 in
657 1943 768 2002 honum
792 1954 926 2003 nostrum
945 1943 1055 2006 crearit
1073 1963 1134 2003 non
1156 1946 1255 2024 pemi-

116 2018 204 2079 ciem.
243 2018 446 2092 Quamobrem
467 2038 555 2079 nemo
574 2019 632 2079 iter
649 2020 757 2079 rectius
777 2018 908 2093 tenebit,
926 2040 1012 2100 quam
1032 2021 1083 2100 qui
1096 2020 1254 2113 diligenter

116 2094 210 2154 finem
229 2093 308 2156 hunc
327 2094 498 2156 intuebitur.
535 2096 597 2156 lam
616 2095 642 2156 si
659 2107 827 2174 reputemus
846 2115 934 2176 quem
954 2096 985 2155 in
1005 2097 1094 2157 finem
1114 2096 1255 2161 alimenta

117 2172 279 2245 creaverit,
305 2173 484 2250 reperiemus
504 2191 566 2232 oon
586 2174 748 2233 necessitati
765 2171 867 2250 modo,
884 2171 935 2232 sed
948 2171 1167 2236 oblectamento
1177 2197 1253 2256 quo·

116 2266 178 2326 que
197 2268 231 2308 ac
249 2246 385 2307 hilaritati
404 2248 529 2309 voluisse
548 2249 712 2310 consulere.
751 2248 800 2308 Sic
825 2247 856 2308 iu
879 2249 1026 2323 vestibus,
1058 2263 1176 2330 praeter
1200 2272 1254 2313 ue-

115 2323 283 2385 cessitatem
303 2324 369 2384 huis
389 2325 416 2385 ei
436 2325 501 2400 luit,
520 2323 660 2386 decorum
680 2338 711 2385 et
730 2326 875 2387 honestas.
916 2324 952 2385 In
968 2325 1077 2402 herbis,
1097 2327 1253 2391 arboribus

116 2410 153 2459 ct
169 2400 315 2493 frugibus,
336 2412 538 2480 praeternam
558 2402 663 2478 varios,
682 2414 815 2482 aspectus
834 2402 940 2483 gratia,
959 2415 990 2462 et
1004 2403 1166 2466 iucunditas
1178 2406 1255 2467 odo·

115 2476 175 2539 ris:
194 2478 251 2538 nusi
273 2477 350 2536 enim
370 2477 400 2536 id
419 2498 519 2537 verum
540 2490 631 2550 esset,
659 2501 720 2539 non
746 2492 914 2540 recenseret
932 2480 1083 2559 Propheta
1103 2482 1182 2542 iuter
1201 2481 1254 2543 be·

115 2552 225 2614 ncficia
244 2553 312 2628 Dei,
332 2553 413 2633 quod
431 2556 531 2614 vinum
549 2554 686 2615 laetificat
705 2576 758 2616 cor
777 2555 918 2632 hominis,
939 2558 1019 2637 quod
1038 2556 1136 2619 oleum
1155 2558 1254 2640 splen-

115 2628 215 2690 didam
237 2631 298 2691 eius
319 2630 422 2690 laciem
441 2631 538 2689 reddit
557 2632 618 2710 (l‘s.
635 2638 703 2707 104,
722 2633 793 2709 15.).
830 2635 900 2693 Non
912 2649 1177 2695 commemorarent
1187 2658 1254 2715 pas-

115 2706 172 2767 sim
194 2707 365 2786 Scripturas
384 2708 420 2767 ad
440 2708 702 2768 commendandam
723 2710 783 2767 eius
803 2708 1032 2789 benignitatem,
1061 2712 1156 2790 ipsum
1176 2713 1254 2773 eius·

115 2783 201 2844 modi
221 2785 319 2857 onnia
340 2783 452 2844 dedisse
472 2784 647 2844 hominibus.
686 2786 726 2843 Et
757 2786 836 2863 ipsae
863 2786 1006 2846 naturales
1038 2796 1135 2847 rcrtrm
1168 2788 1253 2850 dotes

114 2860 185 2921 satis
207 2859 417 2932 demonstrant,
437 2882 576 2938 quorsum
597 2873 628 2920 et
647 2873 788 2939 quatenus
808 2862 864 2920 frui
885 2860 980 2922 liceat.
1018 2863 1066 2922 An
1086 2884 1160 2924 vero
1184 2877 1254 2925 tau-

115 2946 177 2997 tam
203 2936 327 2997 lloribus
352 2937 576 3016 pulcritudinem
596 2937 737 2997 indiderit
755 2937 918 3012 Dominus,
935 2957 1011 3018 quae
1031 2939 1109 3000 ultro
1129 2940 1160 2999 iu
1180 2962 1253 3002 oeu-

116 3011 163 3073 los
181 3014 361 3073 incurreret:
388 3025 497 3073 tantam
517 3013 616 3074 odoris
635 3014 821 3089 suavitatem,
840 3033 916 3094 quae
935 3016 966 3074 in
986 3015 1127 3077 olfactum
1146 3017 1254 3079 influe-

116 3100 178 3149 ret:
212 3101 242 3148 et
262 3091 343 3151 nefas
363 3091 419 3150 erit
447 3089 494 3150 vel
521 3090 586 3151 illos
610 3089 824 3170 pulcritudine,
858 3091 903 3151 vel
930 3092 1009 3152 huuc
1035 3093 1136 3154 odoris
1159 3097 1253 3176 gratia
1316 3152 1326 3163 ..

115 3164 214 3227 altri?
234 3165 335 3240 Quid?
355 3188 455 3226 annon
476 3166 592 3227 colores
611 3168 652 3227 sic
672 3167 810 3242 distinxit,
831 3180 863 3227 ut
882 3166 955 3229 alios
975 3167 1037 3230 aliis
1057 3169 1168 3232 laceret
1185 3194 1254 3266 gra·

115 3242 229 3305 tiores?
254 3243 355 3318 Quid?
386 3265 485 3304 annon
507 3264 578 3303 auro
600 3256 630 3303 et
648 3256 789 3321 argento,
814 3243 899 3305 ebori
918 3267 952 3305 ac
972 3248 1111 3307 marmori
1130 3263 1253 3330 gratiam

112 3320 266 3394 attribuit,
291 3343 346 3399 qua
368 3342 437 3400 prae
456 3321 519 3381 aliis
539 3333 590 3380 aut
607 3320 732 3381 metallis
752 3333 803 3382 ant
822 3320 966 3402 lapidibus
990 3323 1119 3402 pretiosa
1146 3327 1253 3387 redde·

112 3398 241 3457 rentur?
269 3398 408 3476 Denique
427 3419 526 3457 annon
547 3417 593 3459 res
612 3397 728 3474 multas,
752 3399 824 3458 citra
844 3400 1038 3461 necessarium
1056 3422 1151 3480 usum,
1170 3425 1252 3465 com-

111 3473 298 3535 mendabiles
319 3476 404 3535 uobis
424 3473 570 3535 reddidit?

192 3555 223 3614 3.
260 3550 395 3612 Facessat
414 3572 486 3633 ergo
506 3551 663 3610 inhumana
682 3550 731 3609 illa
751 3549 948 3632 philosophia,
967 3573 1043 3631 quae
1058 3553 1125 3614 dum
1139 3556 1250 3618 nullum

112 3628 172 3688 nisi
194 3628 388 3688 necessarium
409 3650 491 3688 usum
513 3627 650 3688 concedit
670 3648 704 3686 er
725 3630 878 3705 creaturis,
911 3650 973 3689 non
993 3641 1104 3695 tautum
1125 3633 1252 3714 maligne
1304 3682 1306 3686 .

110 3728 171 3765 nos
192 3706 287 3785 privat
306 3705 385 3764 licito
407 3706 519 3764 divinae
540 3703 753 3764 beneficentiae
771 3704 882 3765 lructu:
901 3706 952 3766 sed
972 3707 1109 3768 ohtioere
1121 3731 1182 3770 uon
1197 3733 1251 3791 po-

109 3794 189 3856 test,
218 3781 273 3839 nisi
298 3781 447 3839 hominem
473 3781 584 3841 cunctis
603 3781 735 3841 sensibus
754 3782 909 3860 spoliatum
929 3783 959 3843 in
979 3785 1106 3862 stipitem
1126 3787 1254 3870 redege-

110 3862 163 3920 rit.
215 3858 275 3916 Sed
307 3879 368 3919 uon
396 3860 489 3917 miuus
516 3856 673 3940 diligenter
696 3856 787 3919 altera
812 3878 846 3918 ex
870 3870 953 3940 parte
971 3862 1186 3923 occurrendum
1207 3878 1252 3928 est

186 4184 213 4249 s)
233 4183 272 4234 Cf.
290 4183 419 4255 Chrysost.
448 4187 489 4237 sd.
513 4185 580 4236 llcb.
608 4206 663 4255 cap.
682 4187 721 4238 11.
747 4216 778 4224 -
814 4186 857 4237 lle
880 4186 985 4239 Cratete
1006 4186 1135 4239 Thebano
1160 4188 1253 4250 uenies

104 4252 309 4309 Plutarchilib.
326 4255 360 4307 de
376 4252 474 4310 situud.
492 4272 551 4309 sore
567 4252 642 4339 slieu.
661 4268 736 4325 atque
753 4252 874 4311 Philostr.
890 4256 919 4311 iu
938 4253 989 4311 rita
1004 4254 1151 4327 Apollonis
1231 4282 1234 4287 ·
