2700 4732
356 198 512 265 mm.
552 200 756 265 ctam.
1065 148 1150 275 m¹

89 354 123 405 nt
138 342 171 404 ln
190 340 296 405 filium
314 342 374 407 Del
390 344 593 427 unigenitum,
621 344 775 408 attornet
797 344 877 439 ipsos
895 364 1015 427 qnoque
1037 316 1119 409 deri}

89 420 202 483 sonluse
219 419 280 483 illic
297 420 419 502 ponitur
438 422 606 503 congeries,
628 423 681 484 sed
699 420 832 503 specialis
850 422 925 483 ordo
945 423 1031 483 datur
1047 424 1122 486 fide·

115 498 165 577 qui
184 517 245 557 non
265 517 299 557 ex
315 518 366 557 san
390 497 521 573 niuibus,
534 506 643 589 'neque
661 518 696 559 ex
713 498 865 559 voluntate
885 486 994 576 carni,
1022 520 1122 581 neque

90 572 203 633 luntate
227 572 296 647 viri,
326 592 358 633 se
402 592 436 633 ex
453 572 521 633 Deo
547 586 607 634 nats
631 586 767 636 sunt-
803 574 844 634 At
866 574 935 634 fidei
953 574 1120 655 (inquiunt)

89 671 114 711 ιι
133 661 177 711 est
195 647 363 709 cumverbo
382 669 553 711 consensus:
574 668 678 731 nempe
697 650 864 743 ubicunque
877 663 921 711 est
939 650 1021 711 lides.
1059 652 1121 713 Sed

89 746 97 785 ι
116 724 194 785 inter
211 724 307 805 spinas
326 725 446 801 cadere,
475 725 521 785 vel
547 725 577 784 in
604 726 675 787 locis
693 726 832 807 lapidosis
850 746 960 787 novum
979 747 1040 787 non
1060 740 1119 790 ests

90 800 186 861 solum
211 802 279 881 quia
307 802 401 861 maior
426 821 490 881 pars
515 814 668 863 contumax
690 804 808 881 reipsa
835 813 957 881 apparet
983 802 1120 865 adversus

89 901 107 954 ι,
125 876 176 937 sed
191 877 258 956 quia
277 896 339 936 non
359 897 461 937 omnes
480 876 572 937 oculis
591 889 622 937 et
639 877 757 939 auribus
775 890 843 938 sunt
861 877 994 958 praediti.
1032 872 1127 952 Quo:

108 954 117 1013 i
139 954 199 1013 itur
217 954 389 1028 conveniet,
417 952 515 1013 Deum
535 954 570 1012 acl
589 973 746 1015 sevocare
765 973 838 1034 quos
861 955 915 1015 scit
934 974 995 1013 non
1015 967 1121 1015 ventu·

133 1049 163 1089 es
185 1028 293 1089 ondeat
323 1049 379 1108 pro
409 1048 457 1087 me
487 1030 709 1111 Augustinus
734 1028 825 1110 [Aug.
849 1028 885 1088 de
909 1030 990 1091 verb.
1015 1030 1119 1109 Apost.

104 1050 183 1185 11.ss
214 1104 392 1184 „Disputare
411 1105 453 1164 uis
477 1105 610 1165 mecum?
647 1107 755 1165 lllirare
774 1125 903 1180 mecum,
932 1116 964 1165 et
982 1105 1120 1183 exclama,

89 1180 181 1241 itudo!
200 1179 299 1240 Ambo
311 1180 522 1241 consentiamus
541 1181 571 1240 in
612 1202 710 1256 auore,
730 1201 768 1240 ne
787 1181 817 1240 in
829 1199 930 1240 errore
940 1188 1121 1260 percamus.“

103 1256 182 1336 quod
197 1256 221 1317 si
240 1255 357 1330 electio,
376 1268 449 1316 teste
460 1256 563 1331 Paulo,
583 1202 651 1317 idei
670 1269 762 1317 mater
782 1270 840 1317 est:
860 1260 889 1316 in
910 1277 1012 1317 eorum
1033 1270 1122 1337 caput

89 1352 160 1412 queo
179 1343 392 1412 argumentum,
411 1333 478 1391 ideo
499 1354 559 1394 non
580 1353 642 1393 csse
660 1332 827 1415 generalem
848 1332 946 1401 fidem,
965 1332 1032 1424 quis
1051 1356 1064 1394 s
1086 1354 1120 1394 e·

97 1420 141 1467 est
160 1408 277 1470 electio.
313 1409 386 1467 Nam
406 1430 421 1467 a
441 1408 515 1467 serie
535 1430 683 1469 causarum
704 1421 733 1467 et
752 1408 910 1469 effectuum
931 1409 1017 1470 facule
1036 1356 1121 1470 colli-

106 1483 248 1544 ubi-dicis
268 1482 388 1556 Paulus,
408 1505 462 1543 nos
482 1504 543 1545 esse
562 1485 688 1546 refertos
708 1484 788 1544 omni
809 1484 1015 1545 benedictione
1033 1486 1130 1567 spiri-'

99 1560 183 1629 sicuti
201 1579 255 1619 nos
275 1558 404 1641 elegerat
421 1560 501 1620 Deus
520 1572 589 1621 ante
607 1562 708 1620 mundi
728 1563 905 1621 creationem
918 1560 1008 1640 (Eph.
1022 1571 1051 1633 1,
1061 1563 1120 1639 3.):

88 1656 148 1695 non
171 1636 307 1695 omnibus
327 1656 388 1695 esse
414 1656 582 1697 communes
615 1637 664 1697 lias
688 1636 815 1709 divitias,
856 1636 901 1697 uia
930 1636 975 1696 ele
997 1638 1020 1697 it
1038 1639 1121 1699 Deus

89 1732 109 1771 ιι
149 1732 203 1772 uos
226 1711 328 1770 voluit.
379 1713 461 1772 Haec
483 1714 558 1773 ratio
583 1724 643 1786 cst,
674 1734 726 1773 cur
750 1713 819 1773 alibi
834 1658 930 1771 (idem
956 1656 1119 1773 effectorum

89 1733 185 1847 reddet
202 1786 278 1862 (Tit
299 1788 406 1862 t,1.),
427 1806 465 1847 ne
489 1788 640 1868 quisquam
668 1799 790 1867 putetur
807 1788 894 1847 fidem
912 1787 968 1848 sibi
996 1789 1120 1880 proprio

101 1865 267 1943 acquirere,
290 1864 339 1923 scd
361 1884 449 1942 penes
470 1864 565 1923 Deum
586 1864 710 1924 resideat
734 1863 805 1925 haec
824 1862 934 1945 gloria,
962 1862 1121 1927 illuminari

89 1960 99 1999 ι
124 1941 213 2018 gratis
240 1960 313 2017 quos
340 1952 407 1999 aute
433 1940 571 2021 elegerat.
621 1940 713 2000 Recte
737 1945 816 1999 enim
836 1939 1047 2001 Bernartius
1068 1939 1121 2020 [ad

89 2037 142 2074 sam
167 2034 297 2094 praepos.
322 2014 474 2074 Benerlae.
494 2036 510 2074 e
533 2017 577 2075 ist.
597 2014 693 2097 107.]:
713 2013 828 2090 „Amici
848 2015 971 2095 (inquit)
989 2036 1121 2078 seorsum

89 2103 148 2165 unt,
167 2091 271 2171 quibus
292 2102 322 2150 et
340 2092 480 2170 loquitur,
499 2038 599 2151 tlotite
618 2095 733 2167 timere,
774 2090 856 2152 usille
874 2110 960 2173 grex:
980 2093 1047 2172 quis
1065 2112 1120 2153 vo-

90 2166 185 2227 datum
218 2179 262 2226 est
292 2188 376 2226 nosse
401 2169 569 2249 mysterium
598 2168 682 2249 regni
703 2114 865 2228 coelorum.
904 2168 966 2301 (pul
984 2166 1121 2229 sunthil

89 2262 130 2323 pue
155 2264 227 2322 quos
253 2242 405 2322 praescivit
435 2256 464 2304 et
489 2244 714 2323 praedestinavit
732 2242 900 2304 conlo'rmes

103 2318 155 2379 sui.
183 2320 320 2411 Magnum
340 2330 541 2397 secretumque
559 2320 689 2379 innotuit
707 2319 869 2380 consilium.
906 2319 997 2379 Novit
1014 2319 1123 2381 Domu-

92 2395 142 2473 qui
160 2395 204 2455 sui
223 2406 296 2456 sint:
316 2395 366 2453 sed
387 2396 466 2474 quod
485 2396 750 2469 notumeratDeo,
770 2394 981 2456 manifestatum
1003 2407 1046 2457 est
1066 2396 1122 2458 to-

92 2470 158 2529 bus:
179 2490 234 2530 nec
253 2470 324 2530 alios
343 2492 412 2530 sane
433 2472 568 2553 dignatur
586 2472 657 2531 tanti
669 2472 891 2553 participatione
908 2472 1047 2552 mysterii,
1065 2472 1122 2533 nisi

91 2548 252 2626 ipsosquos
272 2546 337 2604 sore
357 2568 424 2606 suos
444 2548 599 2626 praescivit
613 2559 642 2607 ct
661 2548 916 2629 praedestinavit.“
932 2547 1034 2608 'Paulo
1054 2558 1123 2629 post

89 2622 161 2681 odit:
181 2623 404 2698 „llliscricordia
422 2624 480 2683 Dei
499 2624 536 2683 ab
556 2637 676 2683 aeterno
697 2624 843 2715 usquead
864 2636 1014 2684 aeternum
1034 2643 1122 2704 super

91 2710 153 2757 ntes
173 2718 254 2757 eum:
274 2698 309 2757 ab
331 2711 462 2767 aeterno,
482 2699 521 2758 ob
543 2700 847 2778 praedestinationem,
866 2701 898 2758 in
917 2711 1067 2758 aeternum
1081 2698 1120 2758 ol)

91 2774 278 2834 ificationem:
310 2775 400 2833 altera
420 2775 609 2854 principium,
638 2775 727 2835 altera
747 2776 834 2835 finem
859 2776 1022 2836 nesciens.“
1061 2773 1122 2834 Sed

940 2243 982 2302 eri
1002 2245 1122 2336 imagipi

90 2851 268 2909 Bernarduua
294 2851 383 2909 citare
413 2862 516 2909 testem
537 2873 610 2929 opus
635 2862 694 2923 est,
725 2851 840 2983 prande
861 2872 895 2909 ex
913 2851 1047 2929 Magistri
1067 2869 1122 2909 ore

89 2947 141 2997 tus,
160 2947 221 2986 non
241 2926 311 2986 alios
331 2926 429 2985 videre
449 2927 504 2986 nisi
523 2929 572 3006 qui
591 2938 659 2986 sunt
679 2946 712 2985 ex
761 2947 796 2986 eo
817 2927 877 3004 (lo.
890 2932 919 3001 6,
929 2925 1010 3002 tud?
1043 2924 1122 3001 Qui-

91 2999 168 3069 erbis
186 3002 346 3082 significat,
378 3022 429 3063 eos
449 3023 566 3078 omnes,
599 3002 648 3081 qui
673 3022 706 3062 ex
726 3001 792 3061 Deo
819 3022 880 3061 nnn
899 3013 967 3062 sunt
986 3000 1123 3083 regeniti,

89 3076 240 3137 lendorem
260 3078 353 3137 vultus
373 3079 433 3138 cius
454 3078 680 3158 obstupescere?
718 3079 762 3137 Ac
776 3078 913 3138 electioni
927 3078 1044 3157 quidem
1054 3089 1122 3157 apte

89 3151 189 3233 ugitur
208 3154 293 3226 fides,
312 3154 401 3213 modo
421 3154 579 3213 secundum
605 3154 723 3235 gradum
745 3165 852 3213 teneat.
911 3154 1009 3228 Quem
1042 3154 1123 3212 ordi·

88 3229 165 3288 clare
200 3232 364 3309 exprimunt
392 3228 462 3289 alibi
491 3229 600 3290 Christi
630 3230 721 3291 verba
745 3230 831 3306 (ibid.
855 3252 882 3289 u.
905 3231 984 3305 39.):
1016 3230 1123 3305 „Haec

95 3305 228 3365 voluntas
259 3307 368 3377 Patris,
393 3318 425 3363 ut
451 3326 510 3364 non
537 3306 655 3385 perdam
687 3307 766 3384 quod
788 3306 877 3365 dedit.
927 3306 1009 3367 llaec
1042 3308 1121 3365 cuiun

89 3392 159 3441 unns
180 3383 239 3441 eius
261 3394 314 3455 est,
334 3394 365 3440 ut
385 3381 513 3459 quisquis
533 3383 625 3441 credit
650 3381 680 3439 in
702 3382 822 3452 Filium,
840 3402 903 3441 non
923 3386 1053 3462 pereat.“
1089 3380 1124 3440 Si

90 3478 103 3516 s
121 3457 209 3517 vellet
228 3458 329 3530 salvos,
351 3459 499 3517 custodem
521 3458 574 3517 illis
595 3458 765 3536 praeficeret
785 3457 900 3532 Filium,
921 3469 951 3517 et
970 3476 1072 3519 omnes
1090 3456 1122 3515 in

89 3552 189 3611 :orpus
208 3554 289 3593 sacro
310 3534 377 3591 fidei
397 3533 511 3592 vinculo
533 3536 682 3593 insereret
720 3534 806 3593 Nunc
825 3546 939 3593 constat
958 3533 1043 3592 fidem
1063 3532 1123 3591 sin·

89 3628 100 3669 e
120 3628 183 3669 csse
203 3609 314 3687 paterni
327 3609 430 3668 amoris
450 3610 564 3689 pignus,
583 3607 648 3668 filiis
667 3629 741 3688 quos
760 3607 909 3690 adoptavit
928 3608 1123 3669 reconditum.

94 3684 228 3745 Christus
248 3685 316 3744 alibi
337 3685 423 3758 dicit,
442 3705 510 3745 oves
529 3686 611 3764 sequi
630 3696 792 3763 pastorem,
818 3685 885 3764 quia
905 3695 1052 3745 noverunt
1070 3701 1123 3742 vo·

89 3760 157 3821 eius:
179 3760 304 3820 alienum
317 3780 386 3820 vero
407 3780 466 3820 non
486 3761 579 3840 sequi,
599 3760 736 3839 quoniam
757 3780 817 3819 nou
835 3772 1001 3842 agnoscunt
1021 3778 1123 3819 vocem

89 3856 162 3895 rrum
182 3837 242 3916 (lo.
262 3844 309 3913 10,
328 3842 381 3911 4.).
422 3836 508 3896 Unde
527 3847 624 3897 autem
643 3834 696 3895 ista
717 3834 868 3910 discretio,
889 3836 942 3896 nisi
962 3835 1031 3970 qsuia
1050 3834 1123 3894 divi-

97 3911 265 3990 perloaatae
284 3925 351 3972 suut
371 3910 446 3973 illius
465 3912 566 3973 aures?
603 3913 698 3972 Nemo
720 3912 848 3970 enimse
868 3931 951 3971 ovem
984 3910 1053 3986 acit,
1070 3910 1123 3971 sed

89 3999 144 4046 stur
164 3989 285 4048 coelesti
305 3989 405 4070 gratia.
445 3988 533 4047 Unde
554 3999 583 4047 ct
602 3985 722 4048 salutem
746 3998 873 4047 nostram
892 3986 1036 4047 Dominus
1055 4006 1123 4065 per·

89 4088 92 4117 ι
113 4074 221 4123 certam
242 4076 273 4124 et
291 4076 382 4124 tutam
403 4064 468 4125 lore
488 4064 589 4124 docet:
615 4063 682 4142 quia
706 4062 892 4143 insuperabili
910 4063 968 4123 Dei
990 4061 1123 4141 potentia

89 4138 162 4199 ditur
181 4141 265 4217 (ibid.
284 4164 310 4201 v.
329 4144 401 4217 29).
443 4139 574 4200 Proinde
598 4138 764 4215 concludit,
788 4138 954 4199 incredulos
978 4159 1040 4198 non
1061 4156 1124 4200 esse

89 4213 159 4274 ibus
182 4218 239 4277 suis
250 4215 336 4295 (ibid.
347 4217 424 4293 16.):
444 4236 549 4295 nempe
558 4216 636 4307 ‘quia
654 4235 717 4276 non
735 4225 804 4276 suut
823 4234 971 4275 cneorum
989 4232 1125 4288 numero,

96 4289 177 4352 Deus
196 4291 252 4353 sibi
278 4310 331 4373 per
350 4292 470 4357 {esaiam
494 4290 640 4374 pollicitus
665 4303 710 4357 est
731 4290 797 4353 lore
821 4290 989 4373 discipulos.
1026 4288 1124 4355 Porro

89 4389 119 4435 ns
131 4392 292 4442 ιωιιιιιιιιι.
891 4372 932 4435 1⁰
969 4386 976 4393 ·
