2700 4732
523 258 598 319 LlB.
618 258 672 320 1v.
712 256 801 319 cal).
821 256 875 329 IV.
985 288 998 303 ι
1219 268 1278 331 227
1317 282 1320 287 ·

129 414 205 466 rent
228 401 346 478 siriani,
375 400 454 482 quod
479 400 511 462 in
535 403 771 484 redemptionem
795 404 978 486 captivorum
1007 424 1087 468 sacra
1113 406 1179 468 rasa
1200 427 1273 468 con·

135 481 283 563 fregisset,
303 480 475 559 pulcerrima
496 479 547 540 bac
568 482 754 542 excusatione
773 503 841 542 usus
862 493 919 541 est:
940 480 1024 556 „Qui
1043 480 1107 543 sine
1125 504 1197 544 auro
1217 485 1274 547 mi·

135 559 196 633 „sit
215 557 392 637 Apostolos,
418 568 448 616 et
468 556 603 617 ecclesias
624 561 687 617 sine
712 579 782 619 auro
805 558 1002 693 congreqavit.
1045 558 1157 619 Aurum
1184 560 1273 623 babet

129 634 295 711 „ecclesia,
316 655 375 691 non
397 646 430 691 ut
449 645 559 706 servet,
580 634 630 693 sed
651 646 683 692 ut
703 647 823 717 eroget,
844 648 874 693 et
892 658 924 693 su
949 634 1044 694 veniat
1063 636 1093 695 in
1115 637 1273 699 necessita·

135 712 243 786 „tibus
285 710 366 784 Quid
387 730 460 789 opus
482 723 525 769 est
553 711 700 770 custodire
742 712 800 770 uod
821 710 892 770 nibil
914 710 1046 771 adiuvat?
1083 711 1131 772 An
1152 713 1272 795 ignora·

135 810 222 864 „mus
235 799 373 866 qnantum
395 787 457 844 auri
478 799 566 865 atque
585 809 616 847 ar
639 789 700 846 enti
720 732 756 846 de
777 786 887 867 templo
908 782 1029 846 Domini
1041 784 1154 866 Assyrii
1174 803 1270 850 sustu·

134 863 264 939 „lerinti
303 864 410 922 Nonne
439 862 539 923 melius
566 807 677 923 conilat
703 863 838 923 sacerdos
864 875 986 944 propter
1011 863 1178 925 alimoniam
1200 888 1278 947 pau··

85 932 110 953 “
135 983 155 1014 ,,
179 961 277 1013 erum,
307 939 329 998 si
351 938 405 998 alia
425 939 550 999 subsidia
572 940 681 1014 desint,
734 952 799 1000 uam
825 939 982 1021 sacrilegus
1006 953 1136 1021 asportat
1161 943 1271 1004 bostis?

134 963 269 1095 „lionae
295 1015 423 1075 dicturus
449 1028 492 1075 est
514 1017 671 1090 Dominus,
705 961 767 1078 liar
798 1037 894 1096 passus
921 1036 952 1076 es
981 1028 1029 1077 tot
1059 1016 1162 1078 iones
1195 1020 1271 1079 lame

135 1092 274 1170 „enrorii
294 1102 324 1150 et
343 1104 423 1152 certe
444 1092 571 1152 habebas
592 1113 693 1152 aurum
706 1093 784 1152 unde
797 1093 988 1155 ministrasses
1001 1039 1175 1155 alimoniam.
1208 1096 1272 1157 Cur

135 1180 205 1246 „tot
225 1168 329 1250 captivi
348 1167 467 1228 abducti
487 1180 571 1244 sunt,
595 1189 650 1229 nec
671 1167 832 1250 redempti?
872 1169 934 1230 Cur
951 1180 1000 1230 tot
1018 1156 1055 1231 ab
1076 1170 1161 1231 boste
1182 1171 1271 1233 occisi

134 1243 242 1324 „sumi
280 1242 385 1304 illelius
407 1244 501 1304 luerat
520 1256 552 1304 ut
573 1246 800 1306 rasaviventium
820 1265 949 1305 servares
970 1268 1055 1326 quam
1075 1246 1271 1308 metallorum.

134 1322 212 1399 „llis
232 1341 294 1380 non
316 1320 425 1399 poteris
444 1342 617 1402 responsum
638 1323 722 1381 dare:
756 1322 826 1402 quid
847 1322 924 1381 enim
945 1322 1075 1384 diceres?
1112 1323 1212 1383 Timui
1231 1343 1271 1386 ne

132 1397 268 1478 „templo
291 1396 350 1456 Dei
374 1410 496 1456 ornatus
526 1397 647 1459 deesset.
695 1397 917 1479 desponderet,
944 1399 1057 1460 Aurum
1087 1413 1270 1462 sacramenta

132 1495 219 1552 „non
239 1483 393 1553 quaerunt,
414 1494 511 1553 neque
530 1494 602 1533 auro
624 1474 750 1554 placent,
771 1495 844 1555 quae
864 1495 936 1534 auro
957 1495 1018 1535 non
1031 1482 1176 1537 emuntur.
1207 1476 1270 1539 Or·
1316 1547 1317 1550 Ἴ

133 1564 241 1629 „natus
267 1560 531 1621 sacramentorum,
563 1551 726 1630 redemptio
752 1551 941 1630 captivorum
960 1554 1034 1610 est“
1085 1552 1121 1611 ln
1145 1554 1269 1631 summa,

133 1627 265 1688 ridemus
290 1625 468 1686 verissimum
503 1626 589 1686 luisse
609 1628 689 1706 qnod
713 1627 791 1686 idem
817 1626 886 1687 alibi
908 1627 978 1687 dicit
996 1626 1058 1703 (lib.
1077 1634 1106 1692 t.
1128 1635 1270 1709 ep.·31.),

83 1714 86 1719 ’
156 1702 273 1783 uirquid
292 1714 363 1762 tunc
384 1702 504 1771 ecclesia
526 1703 698 1782 possideret,
718 1715 864 1784 sumptum
886 1703 971 1764 luisse
992 1723 1163 1785 egenorum.
1192 1704 1268 1768 Item

133 1724 199 1863 zep.
218 1780 292 1857 33.),
313 1778 392 1838 Nihil
410 1776 580 1858 'episcopum
602 1778 710 1840 babere
730 1779 809 1860 quod
831 1800 991 1914 panqernm
1012 1800 1074 1840 non
1095 1786 1178 1841 esset.

210 1863 239 1922 9.
280 1856 361 1916 llaec
382 1875 455 1934 quae
475 1856 689 1929 recensuimus,
715 1857 825 1916 veteris
854 1857 992 1916 eccesiae
1019 1856 1178 1917 ministeria
1203 1857 1269 1920 lue-

131 1944 212 1995 runt.
250 1930 314 1993 lllia
334 1933 421 2003 enim,
442 1931 592 2012 dequibus
612 1933 793 1992 mentionem
814 1930 925 1993 iaciunt
939 1930 1123 1994 ecclesiastici
1136 1934 1269 2016 scripto·

131 2030 191 2082 res,
211 2010 300 2091 magis
321 2008 454 2069 exercitia
477 2009 595 2067 suerunt
615 2021 645 2069 et
659 2009 801 2089 quaedam
823 2009 1069 2089 praeparationes,
1089 2031 1175 2089 quam
1189 2023 1268 2076 certa

129 2106 264 2146 munera.
303 2076 378 2146 Nam
398 2085 491 2145 sancti
512 2084 552 2143 illi
575 2085 642 2159 viri,
662 2096 696 2145 ut
715 2085 854 2147 ecelesiae
873 2085 1059 2145 seminarium
1081 2098 1148 2166 post
1167 2107 1197 2146 se
1218 2109 1267 2148 re-

130 2161 317 2253 linquerent,
343 2160 560 2235 adulescentes,
581 2161 630 2241 qui
651 2182 684 2221 ex
702 2174 856 2242 parentum
877 2182 1022 2222 consensu
1042 2174 1072 2221 et
1092 2166 1268 2227 anctoritate

130 2237 413 2317 mitariaetspirimui
434 2248 541 2297 nomc'n
564 2237 687 2313 dabant,
707 2238 889 2318 recipiebant
910 2240 1037 2297 insuam
1058 2238 1144 2298 bdem
1165 2261 1197 2301 ac
1217 2253 1267 2302 tu·

131 2316 356 2394 telam,.atque
389 2314 475 2373 etiam
503 2313 696 2394 disciplinam:
729 2334 837 2394 eosque
861 2316 902 2375 sic
927 2313 1131 2375 formabanta
1164 2328 1269 2381 tenera

130 2404 240 2464 aetate,
261 2412 298 2450 ne
318 2390 403 2450 rudes
424 2412 457 2450 ac
478 2391 547 2448 oriri
566 2391 602 2449 arl
622 2390 792 2450 obeundum
811 2413 915 2450 munus
931 2392 1113 2451 accederent.
1154 2391 1268 2456 Omnes

122 2477 229 2527 'antem
250 2468 299 2547 qni
321 2467 462 2526 eiusmodi
482 2466 624 2528 tirociniis
643 2466 870 2543 imbuebantur,
888 2466 1019 2549 generali
1039 2468 1159 2528 nomine
1179 2491 1267 2531 voca-

129 2544 241 2605 bantur
261 2543 379 2604 Clerici.
418 2542 532 2602 Vellem
555 2544 689 2636 equidem
709 2542 785 2604 alind
806 2558 913 2604 nomen
935 2544 1025 2626 magis
1067 2545 1267 2625 roprium'in-

130 2621 224 2680 ditum
246 2620 301 2681 illis
323 2621 422 2680 luisse:
452 2620 522 2679 baec
543 2641 620 2680 emm
640 2620 799 2701 appellatio
820 2642 851 2679 ex
873 2641 992 2696 errore,
1013 2566 1063 2680 vel
1080 2634 1159 2680 certe
1181 2644 1267 2702 prava

131 2696 293 2757 allectione
314 2708 380 2757 nata
401 2710 457 2756 est:
485 2718 573 2774 quum
599 2709 660 2757 tota
681 2697 803 2757 ecclesia
828 2697 936 2771 clerus,
964 2697 1020 2756 boc
1041 2708 1085 2756 est
1105 2697 1267 2761 baereditas

132 2772 271 2850 Domini,
295 2795 311 2833 a
333 2774 423 2832 Petro
446 2773 556 2832 dicatur
576 2772 614 2850 (l.
636 2774 698 2832 Pet.
719 2781 747 2847 5,
767 2776 819 2849 3.).
862 2774 962 2852 Ipsum
982 2784 1080 2831 tamen
1101 2773 1266 2836 institutum

130 2861 264 2912 sanctum
284 2872 316 2911 ac
336 2850 463 2909 salutare
484 2849 623 2928 imprimis
644 2849 713 2921 luit,
740 2862 771 2908 ut
792 2850 841 2929 qui
862 2869 892 2909 se
913 2870 945 2908 ac
971 2870 1052 2909 suam
1073 2869 1194 2927 operam
1216 2870 1267 2911 ec-

130 2925 236 2988 cl'esiac
257 2947 429 2986 consecrare
451 2925 573 2997 vellent,
603 2927 642 2986 ita
667 2927 720 2985 sub
748 2926 879 3005 episcopi
904 2925 1035 2985 custodia
1058 2925 1265 3005 educarentur,

128 3004 272 3082 nequis,
304 3004 358 3062 nisi
380 3002 456 3062 bene
482 3002 709 3082 praeformatus,
740 3001 879 3063 ecclesiae
904 3001 1097 3074 ministraret,
1128 3014 1159 3062 et
1179 3003 1266 3082 quia

128 3080 225 3161 prima
244 3080 441 3140 adnleseentia
461 3091 523 3138 tum
543 3091 671 3139 sanctam
693 3079 856 3138 doctrinam
881 3078 1056 3152 imbibisset,
1082 3089 1144 3138 tum
1166 3100 1199 3138 ex
1218 3100 1266 3141 se·

127 3155 246 3216 veriore
266 3156 435 3235 disciplina,
466 3154 613 3236 gravitatis
638 3156 849 3236 sanctiorisque
869 3155 944 3214 vitae
969 3153 1099 3213 habitum
1119 3157 1267 3235 quendam

127 3232 270 3295 induisset
312 3246 374 3292 turn
402 3254 417 3292 a
438 3234 513 3291 curis
533 3232 663 3312 profanis
683 3233 783 3291 suisset
802 3232 930 3306 alienus,
943 3232 1030 3311 ¹curis
1055 3250 1091 3290 ue
1110 3252 1144 3293 ac
1163 3233 1267 3296 studiis

128 3276 329 3389 spiritualibus
359 3308 544 3368 assuefactus.
590 3308 845 3383 Quemadmodum
876 3306 974 3389 autem
1001 3246 1123 3366 militiae
1152 3311 1267 3371 tirones

127 3385 333 3446 umbratilibus
355 3386 459 3465 pugnis
480 3388 672 3444 instituuntur
691 3385 725 3444 ad
738 3405 838 3444 verum
858 3385 1026 3477 seriumque
1046 3396 1207 3461 certamen,
1224 3385 1267 3448 sic

127 3472 216 3523 erant
235 3475 313 3525 certa
327 3462 500 3534 rudimenta,
513 3462 616 3540 quibus
637 3462 848 3520 exercebantur
866 3462 897 3520 in
919 3461 1068 3534 clericatu,
1086 3462 1268 3553 priusquam

127 3540 163 3599 ad
186 3539 194 3596 i
217 3539 364 3598 stt-munia
386 3550 637 3612 promoverentur.
689 3537 749 3598 Illis
770 3557 842 3618 ergo
869 3539 993 3617 primum
1015 3537 1165 3616 aperiendi
1186 3538 1266 3598 clau·

128 3560 277 3695 deniique
298 3616 399 3694 templi
420 3638 517 3673 curam
538 3613 724 3688 mandabant,
743 3635 775 3673 ac
797 3633 847 3673 eos
868 3612 1266 3676 nominabantOstiarios.

127 3693 237 3767 Postea
250 3691 629 3764 vocabantllcoluthos,
650 3691 698 3770 qui
720 3690 859 3769 episcopo
880 3691 910 3748 in
931 3689 1097 3749 domesticis
1117 3689 1267 3770 obsequiis

79 3768 81 3773 ’
126 3768 279 3843 adessent,
309 3782 434 3847 eumque
455 3779 599 3848 perpetuo
620 3767 846 3841 comitarentur,
877 3766 1003 3845 primum
1028 3764 1150 3826 honoris
1171 3787 1269 3844 causa,

126 3845 236 3906 deinde
258 3864 295 3903 ne
308 3866 363 3925 qna
374 3845 502 3924 suspicio
516 3856 694 3903 nasceretur.
734 3843 890 3922 Praeterea
911 3853 944 3901 ut
961 3842 1068 3903 sensim
1086 3841 1199 3977 populo
1219 3843 1268 3902 in·

79 3974 82 3983 .
126 3931 335 3996 notescerent,
353 3933 383 3980 et
402 3920 687 3982 commendationem
709 3919 766 3979 sibi
787 3918 988 3999 acquirerent:
1013 3919 1086 3978 simu
1120 3928 1152 3978 ut
1172 3917 1266 3999 disce-

126 3994 196 4059 reirt
217 3996 294 4058 lerre
316 3999 447 4057 omniurn
468 4019 538 4058 cons
563 4008 658 4057 ectum
679 4007 709 4055 et
729 3994 984 4056 coram'oirlnibns
1004 3993 1099 4073 loqui:
1125 4015 1164 4053 ne
1184 4015 1267 4074 pres-

79 4134 81 4145 ,
126 4072 333 4154 byterifacti,
364 4096 452 4154 quum
474 4075 509 4134 ad
552 4071 696 4133 ocendnm
717 4071 897 4164 prodirent,
913 4070 1027 4151 pudore
1047 4067 1267 4130 confunderen-

126 4162 193 4222 tur,
223 4148 306 4210 locus
337 4150 455 4233 legendi
481 4151 547 4229 ipsis
574 4148 696 4209 dabatur
720 4171 750 4208 rn
775 4159 923 4240 suggestu.
973 4146 1010 4205 In
1037 4142 1115 4206 bunc
1146 4147 1267 4208 modum

125 4226 272 4308 gradatim
294 4226 555 4307 promovebantur,
575 4237 608 4285 ut
627 4246 708 4286 suam
726 4223 911 4285 sedulitatem
931 4223 963 4284 in
983 4223 1105 4306 singulis
1124 4223 1269 4286 exercitiis

79 4304 84 4315 “
126 4302 342 4384 approbarent,
363 4304 459 4366 donec
480 4302 677 4386 hypodiaconi
697 4302 817 4364 debant.
855 4302 924 4362 Hoc
942 4312 1059 4362 tantum
1077 4300 1164 4377 nolo,
1180 4298 1275 4360 inisse
1311 4328 1319 4341 s

897 4378 970 4465 to?
