2596 4726
118 202 178 265 ω
513 183 880 247 mmmm

121 361 206 409 mur,
237 346 270 397 et
293 330 513 415 quodammodo
539 322 679 391 distincte
702 328 856 391 cernimur.
907 328 961 391 Sic
985 328 1117 423 prinpio
1142 328 1266 393 loannes

122 412 294 497 baptizavit,
313 411 354 471 sic
374 409 481 469 deinde
493 406 642 487 Apostoli,
662 406 813 487 Baptismo
833 406 1052 487 poenitentiae,
1069 428 1103 467 ιιι
1122 408 1266 471 remissio·

122 512 192 555 nem
212 498 416 570 peccatorum:
432 488 624 559 paenissime
643 483 735 555 verbo
755 480 923 545 huiusmodi
941 484 1205 567 regenerationem
1222 486 1266 547 in·

121 568 307 649 telligeotes:
325 565 493 631 remissione
509 572 710 643 peecatorum,
728 558 923 621 ablutionem.

202 650 231 709 7.
271 640 342 716 Quo
370 640 457 707 etiam
484 639 674 699 certissimum
699 636 748 713 ht,
781 636 859 697 idem
883 634 973 698 fuisse
1020 658 1125 699 rorsna
1144 638 1265 703 loannis

123 718 331 795 ministerium,
351 717 467 797 quodA
490 715 591 775 ostolis
604 727 706 794 postea
717 713 883 805 delegatum
904 726 959 775 est.
997 658 1071 775 lion
1084 716 1166 777 enirn
1185 716 1264 775 aliun

124 797 309 877 Baptismum
331 792 440 854 faciunt
459 736 589 851 diversae
614 811 727 865 manus,
769 791 852 851 mbus
872 790 1106 853 administratura
1128 791 1181 853 sed
1201 812 1263 852 euu-

126 874 195 935 dem
216 890 279 933 esse
299 869 400 941 eadem
421 868 554 929 doctrina
576 867 714 927 ostendit.
747 814 788 928 ln
809 889 895 927 unam
911 866 1078 931 doctrinam
1092 868 1223 933 loannes
1236 880 1261 928 et

125 948 266 1031 Apostoli
287 956 513 1008 consenserunt:
535 944 652 1024 utrique
673 944 703 1001 in
723 944 954 1023 poenitentiam,
974 943 1097 1024 utrique
1117 946 1150 1005 in
1168 945 1261 1005 renis·

126 1028 242 1089 sionem
262 1033 465 1104 peecatorum,
492 1020 609 1099 utrique
629 1021 659 1079 in
680 1040 790 1079 nomen
812 1020 938 1091 Christi,
967 1040 1066 1101 aquo
1086 1022 1260 1112 poenitentia

128 1113 160 1163 et
179 1112 373 1183 peccatorum.
394 1097 526 1159 remissio
552 1107 645 1170 esset,
674 1096 869 1175 baptizarunt.
919 1096 1051 1158 loannes
1071 1099 1146 1159 dixit
1165 1118 1260 1181 agnon

127 1177 270 1251 esseDei,
280 1195 343 1311 per
362 1194 449 1253 quem
469 1172 647 1233 tollerentur
665 1185 785 1253 peecata
804 1172 1018 1249 mundi(Io.1„
1030 1176 1111 1252 29.):
1131 1173 1185 1235 uhi
1202 1194 1261 1234 eun

126 1254 253 1325 hostiam
292 1251 351 1313 ecit
376 1250 457 1310 Patri
481 1260 646 1328 acceptam,
675 1251 901 1329 propitiatorem
930 1249 1079 1323 iustitiae,
1111 1250 1261 1329 salutisque

127 1342 288 1391 auctorem.
329 1326 411 1401 Quid
431 1326 467 1386 ad
488 1327 562 1386 banc
582 1325 799 1387 consessionem
823 1326 930 1387 addere
950 1338 1093 1405 poterant
1112 1324 1261 1407 Apostoli?

130 1406 234 1480 Quare
253 1402 402 1463 neminem
423 1402 591 1483 perturbet,
612 1402 691 1482 quod
711 1401 835 1463 alterum
854 1402 891 1462 ab
911 1402 1005 1462 altero
1027 1402 1199 1463 discernere
1215 1423 1258 1465 se·

129 1493 209 1544 teres
228 1478 430 1554 contendunt,
449 1500 575 1558 quorum
596 1500 658 1539 nou
677 1480 752 1538 tanti
771 1478 858 1539 nobis
878 1498 940 1539 esre
960 1478 1054 1559 debet
1072 1478 1216 1554 calculus,
1232 1490 1261 1539 ut

129 1556 197 1619 Scr'
218 1568 302 1617 turae
323 1555 528 1617 certitudinem
539 1554 722 1635 quatelaciat.
762 1556 839 1629 Quis
853 1555 931 1614 enim
943 1554 1260 1634 Chrvsostomo(hon.

127 1635 161 1695 in
180 1577 285 1693 llicit
305 1634 368 1709 14.)
388 1633 485 1712 potius
504 1632 662 1706 auscultet,
681 1632 802 1713 neganti
821 1632 853 1691 in
872 1631 992 1691 Ioannis
1006 1622 1167 1711 Baptismo
1187 1654 1260 1693 con-

129 1711 307 1791 prehensam
326 1709 414 1769 luisse
434 1721 623 1789 peecatorum
642 1708 853 1783 remissionem,
873 1728 959 1787 quain
979 1708 1078 1767 Lucae
1099 1720 1203 1769 eontra
1219 1729 1259 1769 as·

129 1787 241 1859 serenti
251 1790 298 1864 (3,
305 1785 363 1864 3.),
379 1786 526 1845 ioannem
536 1786 713 1863 Baptismum
735 1784 935 1864 poenitentiae
954 1784 1140 1864 praedicasse
1154 1786 1185 1845 in
1198 1804 1259 1863 pec·

130 1875 264 1925 catorum
282 1862 504 1923 remissionem?
524 1863 587 1921 Nec
600 1862 768 1940 recipiendo
788 1872 833 1921 est
851 1860 900 1921 illa
911 1859 1071 1943 Augustini
1090 1862 1203 1943 argutia
1213 1860 1260 1936 (dc

129 1939 216 2018 Bapt.
241 1950 324 1999 cont.
344 1939 455 1999 Donat.
476 1938 528 1997 lib.
546 1945 574 2002 b.
595 1939 710 2013 ein),
739 1939 771 1997 in
802 1957 854 2029 spe
880 1936 996 1997 dimissa
1026 1936 1118 1997 luisse
1148 1948 1259 2018 peccata

129 2015 282 2096 Baptismo
302 2015 438 2089 Ioannis,
464 2014 576 2075 Christi
595 2014 744 2094 Baptismo
764 2032 879 2094 reipsa
900 2014 1014 2073 dimitti.
1064 2014 1169 2089 Quum
1189 2014 1257 2073 enin

129 2091 318 2174 Evangelista
338 2092 416 2152 clare
439 2103 582 2163 testetur,
602 2092 742 2151 loannem
762 2090 792 2150 in
812 2112 866 2150 suo
885 2091 1038 2171 Baptismo
1064 2090 1257 2151 remissionem

129 2180 319 2250 peecatorum
348 2168 511 2248 pollicitum
541 2166 643 2227 luisse:
677 2167 746 2245 quid
776 2178 932 2227 extenuare
963 2166 1022 2227 hoc
1041 2168 1173 2249 elogium
1192 2186 1257 2247 opus

129 2256 191 2319 est,
215 2267 306 2325 quuin
330 2243 410 2304 nulla
436 2244 589 2305 necessitas
613 2244 649 2304 ad
674 2244 702 2304 id
725 2242 829 2325 cogat?
869 2243 903 2303 si
922 2244 987 2323 quis
1005 2255 1106 2304 autern
1125 2242 1257 2303 dilleren·

129 2321 201 2381 tiam
221 2341 239 2380 e
258 2321 317 2381 Dei
335 2321 428 2381 verbo
450 2332 581 2401 quaerat,
600 2342 662 2379 non
682 2320 764 2381 aliam
785 2320 917 2379 inveniet
958 2342 1023 2383 uani
1037 2320 1121 2401 qnod
1139 2320 1171 2379 in
1189 2339 1256 2393 eun,

129 2396 182 2477 qni
200 2409 439 2550 vpppmuateppt,
468 2397 605 2537 {offleii
625 2396 808 2549 pappizplpat:
826 2342 965 2476 Apostoli
984 2397 1014 2457 in
1034 2417 1123 2474 euni,
1142 2397 1191 2477 qui
1206 2395 1255 2457 ian

130 2492 339 2535 reexiuera
413 2496 476 2533 uc..
552 2518 558 2531 .
608 2496 644 2532 c.
737 2519 768 2532 ..

207 2558 235 2615 8.
276 2549 367 2623 Quod
389 2518 631 2613 luculebtioresS
655 2518 737 2611 iiiios
756 2550 867 2631 gratiae
886 2549 1029 2611 aCbrist'i
1048 2550 1255 2611 resurrectione

131 2626 243 2687 ellusae
263 2638 342 2698 sunt,
362 2626 433 2684 niliil
455 2626 489 2686 ad
510 2574 690 2687 statuendam
706 2630 746 2686 Ba
772 2630 912 2687 tismatum
932 2627 1133 2687 diversitatem
1153 2628 1255 2688 attinet.

130 2702 283 2782 Siquidem
302 2703 484 2781 Baptismus,
517 2725 603 2784 quein
625 2706 689 2784 ipso
709 2652 803 2764 adliue
829 2705 858 2762 in
884 2704 969 2763 terris
999 2716 1109 2796 agente
1128 2701 1254 2783 Apostoli

129 2778 386 2853 administrabant,
418 2782 479 2841 eius
505 2781 679 2841 vocabatur:
712 2802 807 2859 neque
834 2792 929 2839 tamen
958 2779 1120 2862 largiorem
1140 2780 1253 2860 Spiritus

130 2856 313 2949 opulentiam
333 2856 459 2916 babebat
471 2881 556 2949 piram
569 2859 732 2938 Baptismus
748 2858 890 2947 loannis..
915 2857 995 2931 Quin
1017 2880 1055 2917 ne
1067 2871 1146 2948 post
1163 2876 1254 2916 aseen-

128 2933 1254 3090 ἳὲἓὲἑῗιὲ“ὲῖῗὲἑῑιῗῃὲξᾞέἒιῗὲῐῗηἝέῗὲἱωιιῗῖῗῖῥῗιῖῗῖ1ὲὲῗίιέῗάἒὲ

128 3106 185 3145 nec
206 3086 241 3143 ad
263 3106 313 3145 eos
334 3087 439 3147 Petrus
459 3100 489 3145 et
504 3088 632 3148 Ioannes
643 3090 809 3161 mittuntur,
829 3088 879 3167 qui
899 3109 999 3148 manus
1019 3090 1175 3166 imponant
1186 3086 1253 3159 (Act.

127 3165 327 3239 8,14,-17.).
367 3164 435 3224 lloc
454 3164 548 3222 soloni
578 3165 725 3226 veteribus
749 3166 920 3245 imposuisse
953 3165 1102 3237 arbitror,
1127 3179 1161 3225 ut
1186 3168 1253 3222 hune

128 3237 166 3297 ad
192 3235 272 3297 illum
300 3240 556 3373 praeparationem
582 3241 718 3302 duntaxat
742 3264 804 3302 esse
836 3243 984 3315 dicerent,
1013 3244 1096 3323 quoil
1126 3241 1253 3323 legebant

128 3335 280 3373 rursuma

128 3402 196 3448 ΝΜ
215 3390 296 3466 (¹le
309 3398 465 3464 19ι3-5·
488 3395 589 3452 llltllh·
602 3402 631 3463 3.
645 3386 715 3471 lt).
755 3395 814 3455 Sed
836 3416 920 3472 quam
941 3394 987 3454 liic
1006 3397 1066 3455 sint
1087 3391 1252 3463 hallucinati,

127 3466 197 3525 alibi
217 3488 270 3555 s'uo
292 3466 359 3527 loco
380 3468 535 3528 clarissime
556 3472 755 3549 explicabitur.
796 3472 876 3547 Quid
897 3492 969 3552 ergo
990 3484 1049 3545 est,
1074 3474 1154 3553 quod
1175 3473 1252 3530 loan-

127 3562 180 3601 nes
205 3543 289 3616 diiiit,
321 3563 352 3603 se
373 3544 489 3637 quidem
516 3568 589 3624 aqna
615 3546 776 3627 baptizare:
805 3560 962 3607 venturum
983 3562 1083 3607 autem
1106 3548 1252 3617 Christum,

127 3619 178 3696 qui
198 3619 360 3695 baptizaret
378 3622 490 3699 Spiritu
510 3637 610 3683 sancto
633 3640 663 3684 et
682 3627 763 3707 igni?
802 3625 904 3684 Paucis
924 3625 1053 3703 expediri
1079 3626 1137 3685 hoc
1157 3634 1252 3705 potest.

124 3693 196 3754 Non
217 3696 294 3755 enim
307 3697 485 3776 Baptismum
505 3720 520 3759 a
540 3701 691 3780 baptismo
711 3702 890 3783 distinguere
910 3702 1015 3776 voluit,
1034 3702 1086 3761 sed
1107 3720 1251 3782 personam

125 3792 206 3862 suain
228 3793 294 3831 eum
306 3773 415 3835 Christi
436 3794 560 3852 persona
582 3778 718 3852 eontulit,
737 3801 767 3838 se
787 3780 949 3838 ministrum
972 3798 1035 3838 esse
1054 3798 1160 3857 aquae,
1180 3778 1250 3835 illiin

126 3848 253 3927 Spiritus
272 3850 365 3909 sancti
385 3850 532 3912 datorem:
560 3867 589 3914 et
613 3855 688 3916 bauc
706 3856 844 3917 virtutem
863 3854 969 3916 visibili
995 3854 1138 3916 miraculo
1162 3850 1250 3913 decla·

125 3936 268 3999 raturum,
290 3947 350 4006 quo
371 3926 419 3986 die
439 3929 580 4007 Spiritum
612 3945 743 3992 sanctum
767 3930 917 4013 Apostolis
941 3931 995 3991 suh
1027 3932 1137 4013 linguis
1164 3928 1251 4012 igneis

124 4001 263 4091 mitteret.
314 4003 396 4091 Quid
421 4004 559 4084 Apostoli
584 4008 690 4069 iactare
714 4010 790 4069 ultra
818 4010 998 4088 potuerunt?
1045 4009 1128 4083 Quid
1152 4020 1182 4067 et
1206 4002 1250 4083 qui

124 4074 214 4138 hodie
235 4078 403 4157 baptizant?
421 4096 489 4141 sunt
509 4085 586 4143 enim
607 4087 757 4146 exterioris
771 4086 908 4145 duntaxat
926 4084 1002 4165 signi
1021 4085 1157 4157 ministri,
1170 4081 1250 4143 chri·

123 4163 184 4214 stus
204 4155 355 4219 interioris
374 4158 485 4239 gratiae
505 4174 620 4223 auctor:
647 4173 680 4222 ut
698 4164 786 4223 iidem
806 4162 849 4221 illi
870 4172 987 4222 veteres
1006 4163 1118 4241 ubique
1136 4162 1249 4229 docent,

122 4234 323 4319 imprimisque
351 4237 544 4320 Augustinus,
576 4240 624 4301 cui
652 4238 724 4302 haec
749 4240 904 4320 praecipua
935 4251 980 4300 est
1011 4238 1122 4301 fultura
1149 4247 1248 4298 eontra

313 3316 393 3375 ’aulo
415 3315 586 3394 baptizatos,
607 3322 656 3395 qni
677 3320 795 3378 loannis
815 3320 995 3397 Baptismum
1015 3320 1108 3378 semel
1127 3333 1252 3396 suscepe-
