2596 4726
118 190 178 251 iiii
490 186 612 271 cmi
652 140 909 281 civait‘

120 328 207 391 boste
228 328 371 411 spirituali
395 329 543 407 Diabolo,
571 342 605 391 ut
629 352 685 425 nqs
710 328 746 391 ad
771 330 942 424 eertandqm
964 350 1107 423 ‘paremus
1133 330 1257 425 (lipbes.

119 408 237 483 Mb.)-
274 407 335 469 Sed
355 406 428 468 liaeo
447 408 482 467 ad
494 408 638 467 sedandos
653 426 757 468 omnes
775 410 943 468 iracundiae
963 419 1089 488 impetui
1103 408 1256 471 utilissima

120 482 282 546 admonitio
302 494 357 560 est,
377 497 436 546 tam
456 484 606 547 diabolum
627 506 715 563 quain
735 484 887 564 improbos
906 504 1009 544 omnes
1024 484 1121 544 Deum
1140 506 1257 547 armare

120 560 157 621 ad
177 560 360 636 conflictum,
381 560 523 621 etsedere
536 560 618 641 quasi
638 560 860 643 agonothetam,
879 572 913 620 ut
932 560 1103 641 patientiam
1122 573 1256 623 nostram

118 649 260 703 exerceat.
308 638 425 713 Quodsi
444 638 553 717 absque
575 636 726 698 bominum
745 656 835 718 opera
846 637 992 728 eveniant,
1013 655 1165 728 quae-nos
1184 648 1274 717 pre·'

118 725 203 827 pnunt
222 712 324 829 clades·
338 726 369 775 et
385 714 532 806 miseriae,
552 714 582 805 ip
602 715 774 774 memoriam
793 714 895 774 redcat
907 714 993 805 Legps
1005 713 1256 849 dpctriqaneut:

118 789 1255 945 titanetitiniastirs..ti¹¹t¹intt·:i:⁸lanii

50 988 53 993 .
118 941 152 1037 lis
165 943 365 1004 denuntiatio:
388 943 442 1017 „Si
462 956 574 1033 temere
590 943 724 1049 inceditis
738 954 842 1003 contra
861 962 920 1035 me,
940 961 996 1025 ego
1011 960 1130 1078 qqoque
1140 954 1256 1035 temere

117 1019 805 1176 ttttlttttt?ltt“,ll‘ttllil³tlll
828 1019 1256 1156 iltl¹¹tlttttl⁰ttt⁰ltf

118 1185 235 1263 centes,
253 1172 393 1252 quicquid
414 1174 443 1231 in
464 1184 616 1251 utramque
637 1186 747 1251 partem
768 1173 887 1263 aceidit,
907 1191 1004 1263 neque
1025 1170 1255 1263 beneficiis-Dei

116 1268 279 1309 animamur
297 1250 334 1309 ad
354 1250 414 1308 eius
434 1248 561 1321 cultum,
585 1268 680 1328 neque
704 1248 827 1329 llagcllis
846 1248 882 1308 ad
902 1260 1129 1327 resipiscentiam
1149 1261 1254 1309 stimu-

31 1390 34 1405 ι
69 1414 75 1423 ι
116 1322 219 1383 laniiir.
257 1325 340 1385 llaec
365 1324 465 1386 eadem
491 1325 566 1386 ratio
597 1335 641 1385 est
665 1347 717 1386 cur
741 1324 847 1386 acerbe
871 1324 1091 1416 expostularent
1113 1323 1269 1411 ieremias¹

116 1400 298 1568 ‘lll‘lsis'
318 1403 384 1538 llil
410 1401 631 1538 ‘lslt'lt‘dl’
646 1403 707 1537 ll„
725 1400 1252 1549 ttl¹25¹²⁰ttitl²„tliilttt
1279 1448 1283 1453 ’

134 1573 225 1614 esaiae
245 1556 353 1614 concio
372 1560 386 1634 (
405 1576 444 1615 es.
463 1561 521 1629 ⁴15,
539 1556 600 1631 7.)s
620 1555 707 1635 „Ego
726 1554 809 1613 Deus
829 1573 931 1615 creans
950 1553 1056 1628 lucem,
1071 1564 1102 1613 et
1122 1553 1253 1616 formans

15 1624 24 1637 “
115 1628 269 1705 tenebras,
294 1630 403 1692 faciens
423 1650 540 1711 pacem,
565 1641 596 1690 et
623 1650 725 1691 ereans
750 1629 871 1690 malum:
897 1649 954 1711 ego
974 1629 1057 1691 Deus
1081 1630 1161 1693 facio
1181 1628 1254 1693 baec

116 1706 250 1767 omnia.“

190 1789 220 1848 9.
258 1783 363 1864 Neque
383 1796 481 1845 tamen
500 1782 620 1844 interim
640 1781 676 1843 ad
696 1803 794 1843 causas
811 1780 980 1853 inlerioies,
998 1781 1043 1841 vir
1062 1781 1126 1863 pius
1145 1782 1253 1845 conni-

116 1857 208 1939 vebit.
257 1861 363 1940 Neque
388 1862 484 1936 enim,
510 1860 576 1941 quia
602 1859 752 1921 ministros
772 1856 1043 1918 divinae=bonitatis
1061 1858 1254 1923 arbitrabitur

116 1956 179 2008 eos,
198 1956 216 1997 a
236 1937 342 2016 quibus
362 1936 508 1999 beneficio
528 1937 652 1998 allectus
673 1935 778 2010 luerit,
801 1935 870 1995 ideo
890 1934 958 1994 illos
1000 1934 1169 2009 saeteribit,
1191 1936 1253 1999 acsi

86 2084 91 2093 .
114 2011 225 2073 nullam
237 2013 359 2095 gratiam
371 2036 422 2074 sua
443 2014 623 2073 humanitate
643 2011 797 2094 promeriti
810 2022 921 2072 esseut:
939 1956 996 2071 sed
1009 2010 1065 2071 illis
1076 2011 1253 2075 obstrictum

114 2110 146 2149 ie
167 2107 201 2147 ex
219 2091 317 2150 animo
336 2092 455 2166 sentiet,
475 2103 506 2151 et
524 2089 653 2149 libenter
672 2089 813 2151 fatebitur
833 2088 1060 2168 obligationem,
1079 2100 1110 2147 et
1127 2089 1253 2169 gratiam

115 2186 171 2244 pro
193 2164 329 2225 facultate
349 2178 380 2227 et
399 2186 432 2225 re
452 2178 519 2226 nata
543 2167 656 2226 relerre
682 2164 821 2224 studebit„
863 2164 1001 2255 Denique
1020 2164 1117 2223 Deum
1144 2165 1177 2224 iii
1201 2188 1252 2229 ae·

114 2243 208 2377 ceptis
228 2241 315 2302 bonis
334 2242 518 2302 reverebitur
538 2254 569 2302 et
592 2239 787 2322 praedicabit,
811 2253 844 2301 ut
869 2261 1056 2321 praecipuum
1082 2253 1205 2302 auctore

114 2339 146 2377 se
187 2318 320 2377 homines
340 2331 373 2377 ut
393 2321 454 2379 eius
473 2318 620 2379 ministros
640 2316 819 2377 honorabit:
846 2330 951 2395 atque,
971 2329 1069 2377 utres
1089 2329 1143 2392 est,
1163 2318 1227 2389 inte

114 2394 187 2475 liget
206 2415 237 2453 se
256 2394 314 2453 Dei
333 2394 488 2455 voluntate
507 2395 541 2455 iis
562 2414 624 2455 esse
645 2394 823 2465 devinctum,
842 2413 897 2473 per
916 2414 1041 2473 quorum
1061 2415 1178 2455 manum
1198 2394 1253 2455 be·
1291 2426 1294 2431 ·

115 2470 226 2531 nebcus
247 2491 308 2530 esse
328 2470 463 2531 voluerit.
502 2471 535 2531 Si
556 2472 626 2551 quid
646 2471 773 2530 iacturae
783 2469 832 2529 rel
852 2469 891 2530 ob
913 2491 950 2528 ne
973 2468 1123 2550 ligentiam
1142 2471 1189 2531 vel
1209 2472 1251 2533 oli

115 2546 342 2627 imprudentiam
364 2548 485 2625 lecerit,
510 2547 642 2608 Domino
663 2546 780 2626 quidem
800 2545 919 2606 volente
945 2491 1052 2605 lictum
1073 2545 1102 2605 id
1123 2546 1200 2628 apud
1219 2566 1253 2609 se

114 2635 239 2697 statuet,
257 2644 358 2683 verum
382 2624 438 2684 sibi
458 2645 578 2705 quoque
603 2621 769 2703 imputabit.
808 2623 841 2683 Si
863 2624 927 2703 quis
954 2623 1060 2683 morbo
1080 2622 1251 2704 absumptae

114 2701 163 2773 sit,
183 2719 287 2779 quein,
306 2722 395 2780 quum
417 2721 450 2759 es
470 2701 570 2763 olbcio
592 2718 694 2761 curare
714 2699 877 2774 debuisset,
898 2699 1083 2782 negligenter
1101 2700 1250 2765 tractarit:

113 2776 228 2837 tametsi
249 2799 309 2837 non
330 2777 481 2860 ignorabit
494 2779 529 2839 ad
542 2782 699 2840 terminum
719 2778 897 2856 pervenisse,
909 2797 994 2857 quein
1016 2777 1177 2856 praeterire
1188 2798 1252 2839 non

114 2864 242 2933 poterat,
261 2868 413 2934 peecatum
432 2867 531 2915 tamen
555 2877 639 2915 suum
666 2852 735 2913 inde
761 2875 822 2914 non
854 2852 996 2928 elevabit,
1028 2851 1080 2912 sed
1100 2853 1167 2931 quia
1188 2874 1250 2915 non
1288 2862 1294 2889 ¹

114 2940 159 2989 cst
178 2930 333 2992 defunctus
354 2951 423 3013 erga
444 2954 511 2992 eiim
530 2931 659 2991 fideliter
676 2951 731 2991 suo
751 2950 885 3003 munere,
905 2929 1027 3010 perinde
1046 2929 1172 3020 accipiet
1190 2930 1252 2998 atii

113 3005 314 3143 negligentiae
331 3029 402 3067 suae
421 3007 506 3088 culpa
526 3009 671 3089 periisset.
709 3006 806 3067 lllulto
827 3006 932 3078 minus,
952 3004 1003 3069 ubi
1023 3006 1053 3064 in
1065 3005 1250 3085 designando

112 3105 148 3144 ve
181 3084 339 3143 homicidio
362 3085 406 3144 vel
432 3085 512 3145 lurto
540 3085 617 3145 fraus
638 3096 669 3144 et
694 3096 839 3163 concepta
859 3085 957 3143 aniino
978 3082 1084 3141 malitia
1105 3086 1250 3145 interces-

113 3160 201 3235 serit,
232 3180 295 3217 eam
322 3160 469 3221 excusabit
499 3159 554 3221 sub
582 3172 731 3240 praetextu
757 3160 871 3219 divinae
897 3158 1114 3240 providentiae:
1146 3158 1199 3219 sed
1217 3160 1250 3221 in

113 3236 219 3296 eodem
240 3235 390 3308 facinore,
408 3238 466 3296 Dei
487 3236 659 3311 iustititiam,
678 3236 806 3297 bominis
827 3238 1003 3315 nequitiam,
1024 3247 1056 3294 ut
1075 3254 1106 3295 se
1126 3246 1252 3316 utraque

113 3312 266 3371 iiianil'este
287 3314 401 3390 prodit,
422 3312 558 3373 distincte
579 3312 836 3393 contemplabitur.
882 3312 916 3371 lii
940 3311 1044 3372 luturis
1063 3330 1146 3373 vero¹
1155 3312 1252 3393 potis·

112 3389 233 3460 simum,
258 3389 434 3449 inferiorum
466 3389 632 3449 huiusmodi
659 3410 809 3448 causarum
830 3392 974 3449 rationein
996 3387 1124 3448 babebit.
1172 3390 1251 3450 Nam

113 3464 194 3526 inter
219 3464 343 3525 Domitii
368 3465 593 3526 benedictiones
617 3478 756 3545 reponet,
779 3466 802 3525 si
827 3486 898 3531 non
916 3465 1089 3525 destituetur
1113 3464 1251 3527 subsidiis

112 3540 258 3615 bumanis,
279 3541 383 3619 quibus
403 3543 439 3603 ad
460 3542 695 3603 incolumitatem
714 3562 795 3600 suain
815 3553 926 3601 utatur:
952 3542 1052 3620 itaque
1071 3560 1128 3602 nec
1147 3542 1179 3601 in
1199 3562 1251 3603 ca·

112 3617 226 3699 pienilis
246 3616 376 3677 consiliis
402 3617 544 3692 cessabit,
569 3639 626 3679 nec
651 3616 783 3699 torpebit
802 3616 833 3675 in
851 3639 911 3697 ope
931 3639 1035 3678 eorum
1054 3614 1253 3696 imploranda,

112 3694 218 3774 quibus
238 3704 396 3830 suppetere
415 3694 594 3774 conspiciet,
613 3695 694 3753 uuile
720 3694 849 3769 iuvetur,
874 3694 925 3753 sed
949 3717 965 3754 a
984 3695 1116 3754 Domino
1141 3694 1199 3754 sibi
1217 3694 1251 3755 in

111 3792 230 3833 manum
250 3792 269 3831 o
286 3769 356 3830 lerri
374 3782 532 3851 reputans,
550 3791 745 3859 quaecunque
764 3772 953 3831 commodare
972 3770 1028 3833 sibi
1048 3770 1158 3850 aliquid
1179 3792 1251 3851 pos·

21 3907 26 3915 ,
112 3858 181 3906 suut
201 3859 363 3919 creaturae,
382 3846 467 3925 ipsas,
487 3858 625 3927 tanquam
645 3846 774 3928 legitima
786 3847 899 3909 divinae
918 3847 1120 3927 prouidentiae
1139 3846 1251 3909 instra·

111 3933 212 3983 menta
232 3924 268 3981 ad
288 3944 372 3983 usum
392 3922 562 4002 applicabit.
601 3924 658 3997 Ac,
697 3945 766 3985 uum
785 3924 915 3983 incertus
933 3924 984 3997 sit,
1001 3943 1090 4002 quem
1109 3923 1168 3983 sint
1188 3923 1250 3985 eai-

111 4010 174 4057 tum
196 3998 331 4059 habitura
350 4020 425 4077 quae
445 3998 567 4079 negotia
586 3944 756 4080 aggreditur
782 3998 854 4079 (nisi
875 4001 955 4079 quod
975 3999 1006 4057 in
1026 3998 1164 4059 omnibus
1183 4000 1250 4063 llo·

111 4074 223 4135 minuni
242 4098 296 4137 suo
316 4075 399 4135 bono
419 4087 645 4154 prospectorum
662 4075 771 4151 novit),
791 4076 827 4135 ad
847 4075 877 4135 id
897 4076 993 4136 studio
1006 4074 1146 4154 aspirabit
1165 4074 1250 4155 quod

112 4150 169 4211 sibi
185 4154 323 4232 expedire
336 4152 434 4225 ducet,
454 4162 595 4243 quantum
614 4150 811 4233 intelligentia
830 4165 987 4232 menteque
1007 4151 1119 4231 assequi
1139 4162 1249 4231 potest.

111 4228 216 4319 Neque
235 4239 334 4289 tamen
355 4228 386 4289 in
407 4226 558 4307 capiendis
578 4228 709 4293 consiliis
728 4230 851 4308 proprio
872 4250 959 4292 sensu
979 4227 1105 4287 leretur:
1125 4228 1177 4288 sed
1189 4228 1250 4289 Del

111 4303 271 4393 sapientiae
291 4325 323 4366 se
343 4302 615 4373 commendabitis
634 4305 804 4391 permittet,
827 4316 862 4367 iit
880 4306 942 4371 eius
962 4304 1053 4370 ductu
1077 4306 1109 4369 iii
1132 4316 1249 4371 rectum
