2596 4726
116 198 158 261 86
505 192 583 256 tls.
603 192 663 255 111.
704 192 794 259 elle.
812 192 877 255 XX.

121 338 169 397 bis
188 336 347 417 provenlre
366 347 466 399 nostra
486 340 660 418 precatione
680 338 884 399 admonemur.
935 335 1058 398 Adbaee
1082 332 1165 415 quod
1183 346 1258 415 petr-

123 414 227 475 bamus
247 416 439 492 consequuti,
470 416 547 476 votis
568 416 676 477 nostris
696 416 791 495 ipsum
814 414 999 492 respondisse
1023 411 1171 493 persuasi,
1199 410 1258 471 bine

124 492 162 552 ad
194 491 393 550 meditandam
424 492 486 551 eius
521 493 735 575 benignitatem
762 491 912 551 ardentius
946 490 1091 551 feramur:
1122 500 1154 547 et
1181 486 1258 548 simul

125 567 230 627 maiori
249 589 315 628 eum
328 566 479 648 voluptate
498 570 705 650 amplexemur,
725 587 800 645 quae
820 568 956 647 precibus
975 565 1164 649 agnoscimus
1183 564 1261 625 l'u'uss

125 644 292 723 impetrata.
337 644 493 705 Postremo
513 659 547 706 ut
566 647 627 706 eius
646 645 863 739 providentiam
884 644 987 705 auinris
1006 646 1116 704 uostris
1135 662 1193 721 pro
1211 642 1260 701 im-

127 721 294 781 becillitatis
314 733 433 783 nostrae
453 722 544 782 modo
564 746 631 783 usus
650 742 712 802 ipse
724 733 755 781 et
774 722 1005 799 experimentum
1018 718 1189 791 confirmet,
1199 718 1261 779 dam

127 796 317 879 intelligimus
337 798 432 877 ipsum
453 819 515 858 non
536 799 626 859 modo
647 798 799 878 polliceri,
818 817 850 858 se
869 818 1020 877 nunquam
1041 794 1130 856 nobis
1150 794 1261 855 defutu-

127 896 204 948 rum,
225 886 255 934 et
274 874 384 933 aditum
403 873 482 934 ultro
503 876 539 935 ad
559 895 590 935 se
609 875 872 955 appellandumin
899 875 964 954 ipso
988 871 1175 933 necessitatis
1199 870 1262 931 arli-

128 952 198 1010 eulo
217 951 400 1029 patefacere,
431 952 482 1011 sed
508 973 624 1011 manum
645 971 762 1033 semper
783 951 891 1010 babere
910 962 1057 1010 extentam
1078 948 1116 1008 ad
1136 968 1206 1009 suos
1222 948 1262 1007 iu·

129 1027 260 1101 vandos,
280 1047 335 1087 nec
355 1027 462 1087 lactare
482 1048 533 1088 eos
554 1028 667 1101 verbis,
685 1028 736 1089 sed
761 1029 909 1108 praesenti
930 1046 988 1107 ope
1008 1026 1098 1086 tueri.
1152 1024 1210 1085 Eas
1226 1022 1262 1083 ob

130 1123 177 1163 res
213 1103 456 1165 clementissimus
489 1104 594 1180 Pater,
633 1118 784 1183 utcunque
814 1126 963 1183 nunquam
994 1103 1041 1162 rel
1067 1102 1200 1162 dormiat
1223 1098 1264 1161 rel

129 1191 264 1260 torpeat,
283 1179 455 1241 dormientis
480 1194 580 1241 tamen
607 1183 813 1261 torpentisque
838 1182 964 1260 speciem
991 1180 1169 1259 plerumque
1189 1196 1265 1258 prar-

129 1256 192 1329 bet,
212 1276 272 1335 quo
292 1258 332 1316 ita
351 1257 386 1315 ad
399 1276 430 1316 se
451 1259 623 1335 petendum,
644 1258 821 1340 rogandum,
832 1257 1025 1338 flagitandum
1044 1266 1265 1335 magnouostru

130 1329 212 1392 bono
233 1352 303 1406 nos,
322 1332 432 1412 alioqui
452 1335 565 1393 desides
585 1347 615 1394 et
634 1335 772 1416 ignavos,
791 1345 932 1394 exerceat.
979 1333 1110 1393 Nimium
1131 1352 1206 1424 ergo
1225 1330 1266 1391 in-

130 1409 207 1468 sulse
227 1409 280 1482 illi,
301 1410 351 1490 qui
371 1421 403 1468 ut
424 1411 574 1470 hominum
594 1414 708 1472 animos
728 1412 764 1470 ab
786 1412 920 1471 oratione
941 1421 1099 1482 revocent,
1118 1408 1181 1469 Der
1201 1428 1266 1489 pru·

129 1484 308 1559 videntium,
339 1506 437 1546 rerum
458 1490 590 1547 omnium
610 1488 761 1548 custodiae
787 1488 996 1560 excubantem,
1028 1485 1137 1544 frustra
1165 1484 1267 1547 nostris

130 1561 418 1642 interpellationibus
451 1564 568 1645 fatigari
599 1566 749 1647 garrirent:
781 1585 869 1643 quum
902 1583 963 1621 non
993 1562 1101 1621 l'rustra
1126 1562 1267 1621 Dominus

132 1650 237 1699 contra
255 1651 395 1713 testetur,
423 1660 454 1700 se
474 1645 673 1721 propinquum
694 1662 756 1701 esse
775 1640 913 1701 omnibus
933 1638 1143 1699 invocantibus
1163 1656 1268 1699 nomen

130 1736 215 1774 auum
236 1718 265 1775 in
286 1717 410 1777 ueritate
429 1718 494 1795 (ts.
515 1719 679 1794 145,18.).
727 1717 831 1777 Nihilo
854 1718 948 1777 secius
976 1716 1122 1795 estquod
1147 1714 1199 1775 alii
1217 1736 1268 1775 nu·

130 1803 252 1872 gantur,
270 1794 447 1872 superfluam
468 1814 531 1854 esse
550 1815 653 1855 eorum
666 1794 853 1875 petitionem,
872 1812 947 1873 quae
966 1792 1047 1851 ultro
1067 1791 1172 1929 largiri
1192 1810 1267 1927 perr-

131 1879 178 1928 tus
197 1869 235 1928 sit
254 1869 414 1929 Dominus:
455 1892 524 1930 uum
545 1890 578 1931 ea
599 1876 676 1949 ipsa,
695 1890 770 1951 quae
789 1892 838 1929 as
861 1882 989 1929 ontanea
1009 1868 1071 1928 eius
1098 1868 1117 1929 li
1142 1889 1192 1930 era
1202 1868 1266 1929 itate

132 1943 219 2006 nobis
238 1944 345 2019 fluunt,
385 1890 502 2008 cerbus
523 1952 630 2009 nostris·
650 1967 789 2009 concessa
808 1890 880 2006 velit
898 1946 1028 2027 agnosci.
1069 1945 1165 2021 Quod
1184 1958 1266 2005 testa·

130 2030 181 2080 tur
200 1968 397 2084 memorabilis
422 2022 470 2084 illa
493 2026 639 2085 sententia
660 2024 781 2097 Psalmi,
810 2025 858 2083 cui
883 2022 991 2081 multae
1011 2022 1124 2082 'similes
1151 2042 1264 2105 respon-

133 2097 205 2157 dent
225 2098 463 2176 (Ps.ss,16.):
496 2100 607 2176 „Oculi
626 2094 750 2160 Domini
770 2119 858 2179 super
878 2099 985 2172 iustos,
1006 2110 1037 2158 et
1055 2120 1143 2162 aures
1164 2099 1222 2161 eius
1237 2094 1262 2157 in

132 2194 236 2254 preces
256 2181 399 2235 eorum:“
426 2198 501 2256 quae
521 2178 580 2237 Dei
604 2178 817 2258 providentiam
837 2197 888 2237 suu
912 2187 1021 2255 sponte
1040 2178 1192 2237 curandae
1206 2174 1261 2311 pdio·

132 2272 198 2309 rum
217 2251 304 2311 saluti
322 2253 467 2313 intentam
486 2254 529 2315 sic
549 2254 746 2327 commendat,
766 2266 799 2313 ut
817 2265 916 2311 tamen
937 2273 999 2311 non
1021 2265 1190 2331 praetereat
1239 2249 1260 2309 ei

133 2328 314 2400 exercitium,
336 2349 395 2408 quo
411 2330 591 2413 abstergitur
609 2332 747 2391 socordia
766 2350 800 2389 ex
821 2329 972 2388 hominum
991 2329 1105 2389 animis.
1147 2326 1260 2413 Vigibal

135 2424 208 2483 ergo
229 2404 287 2463 Dei
308 2406 403 2479 oculi,
431 2419 464 2467 ut
488 2429 647 2468 coecorum
668 2408 835 2467 necessitati
856 2406 1023 2465 subveniat:
1054 2406 1108 2466 sed
1129 2406 1192 2466 vult
1211 2406 1259 2485 ipre

50 2490 53 2495 '
133 2482 257 2541 vicissim
278 2482 380 2541 audire
400 2495 518 2544 nostros
538 2486 681 2567 gemitus,
707 2506 766 2563 quo
792 2506 875 2543 suurn
897 2502 966 2564 erga
987 2505 1040 2543 nos
1061 2504 1196 2543 amorem
1212 2498 1258 2541 ut·

135 2557 189 2617 lius
211 2558 326 2636 probet.
378 2560 476 2639 Atque
496 2568 535 2621 ita
557 2575 712 2638 utrumque
735 2580 835 2619 rerum
856 2573 916 2632 est,
945 2580 1005 2618 non
1027 2560 1161 2620 dormire
1180 2566 1258 2638 neqm

135 2634 296 2693 dormitare
317 2638 467 2696 custodem
488 2638 603 2697 Israelis
623 2635 714 2713 (Psal.
731 2644 797 2707 121,
816 2640 871 2711 4.),
893 2648 923 2694 et
942 2649 1040 2695 tamen
1061 2657 1177 2697 cessare
1195 2632 1258 2717 quati

135 2712 229 2771 nostri
250 2711 385 2786 oblitum,
406 2714 457 2774 ubi
480 2735 533 2773 nos
553 2726 706 2793 torpentes
727 2734 760 2772 ac
782 2728 878 2772 mutos
900 2713 987 2771 videt.

211 2797 239 2851 l.
278 2790 375 2849 Porro
387 2790 442 2850 rite
463 2790 617 2872 probeque
638 2790 834 2849 instituendae
848 2790 992 2848 orationis
1005 2802 1067 2849 esto
1090 2790 1165 2851 baec
1183 2791 1262 2869 prima

136 2864 195 2939 lex,
220 2876 253 2923 ut
278 2887 339 2924 non
360 2867 445 2926 aliter
465 2888 552 2947 quam
573 2888 624 2927 eos
645 2868 746 2938 decet,
767 2869 815 2957 qui
838 2867 872 2926 ad
893 2867 950 2925 Dei
972 2866 1158 2958 colloquium
1177 2870 1262 2947 ingrt-

136 2942 267 3015 diuntur,
287 2956 386 3003 mente
405 2945 562 3022 animoque
583 2944 738 3023 compositi
757 2966 853 3003 simus.
892 2942 983 3016 Quod
1004 2944 1118 3005 scilicet
1138 2956 1263 3024 quantum

135 3019 170 3078 ad
192 3032 319 3079 mentem
341 3040 572 3098 consequemur,
592 3022 616 3080 si
636 3020 801 3080 carnalibus
822 3021 897 3080 curis
918 3021 1208 3101 cogitationibusque
1225 3040 1264 3079 ea·

136 3096 252 3175 pedita,
284 3097 390 3174 quibus
415 3118 430 3155 a
457 3110 539 3155 recto
565 3118 700 3177 puroque
726 3098 783 3156 Dei
808 3096 917 3156 intuitu
944 3100 1058 3158 avocari
1087 3110 1140 3158 aut
1171 3094 1264 3158 deduci

159 3184 235 3246 ueat,
255 3193 315 3230 non
336 3174 426 3233 modo
448 3185 509 3233 tota
531 3174 662 3233 intendat
680 3195 711 3234 se
732 3176 761 3233 in
782 3177 996 3252 precationem,
1016 3174 1066 3233 sed
1081 3177 1170 3236 etiam
1179 3170 1266 3255 quoad

136 3194 199 3307 deri
222 3250 351 3325 potuerit
371 3272 455 3329 supra
475 3270 506 3309 se
526 3251 616 3328 ipsam
631 3252 762 3310 elevetur
776 3273 808 3309 ac
831 3252 952 3309 seratur.
987 3252 1092 3330 Neque
1103 3272 1176 3312 vero
1194 3270 1267 3311 meu·

135 3336 197 3384 tem
219 3326 264 3383 bic
290 3327 409 3403 requiro
434 3328 473 3386 ita
495 3328 677 3406 explicitam,
703 3339 735 3387 ut
755 3327 833 3387 nulla
853 3327 1053 3387 sollicitudine
1076 3350 1136 3407 pun
1161 3342 1225 3388 atur
1240 3346 1267 3387 ac

136 3402 321 3461 mordeatur:
344 3425 432 3481 quum
446 3415 584 3484 oporteat
604 3418 708 3464 contra
728 3404 817 3462 multa
839 3408 984 3464 arixietate
1005 3406 1109 3464 orandi
1132 3348 1268 3465 perum

136 3478 166 3537 in
189 3477 274 3536 nobis
301 3481 421 3538 accendi
447 3480 590 3559 (qualiter
613 3493 727 3541 sanctos
747 3481 805 3539 Dei
830 3502 945 3553 servos,
972 3483 1107 3562 ingentes
1134 3484 1268 3542 cruciatur

136 3555 243 3612 nedum
263 3555 474 3616 sollicitudines
487 3558 615 3618 videmus
635 3558 745 3631 testari,
765 3580 854 3637 quum
875 3578 891 3616 e
912 3559 1057 3637 prolunda
1068 3558 1176 3639 abysso
1192 3571 1270 3637 atque

137 3650 152 3688 e
174 3630 277 3690 mediis
297 3633 398 3692 mortis
426 3634 557 3694 saucibus
578 3636 729 3713 querulam
749 3656 780 3693 se
799 3636 836 3694 ad
856 3634 1017 3694 Doruinunr
1044 3636 1156 3694 elserre
1176 3652 1270 3696 vocem

138 3706 264 3782 dicunt),
284 3708 334 3766 sed
355 3708 462 3770 alienas
483 3723 513 3770 et
533 3724 683 3772 extraneas
704 3732 805 3771 omnes
827 3733 908 3771 curas
928 3711 1088 3791 abigendas
1109 3712 1196 3785 dico,
1215 3710 1271 3791 qui·

137 3782 190 3841 bus
213 3783 268 3841 buc
289 3796 318 3843 et
339 3784 409 3846 illuc
428 3809 498 3868 vaga
518 3788 578 3867 ipsa
599 3810 680 3847 mens
697 3788 928 3861 circumieratur,
950 3801 980 3846 et
1001 3808 1016 3846 e
1038 3789 1125 3848 coelo
1148 3790 1271 3849 detracta

137 3857 166 3916 in
191 3872 298 3918 terram
320 3861 508 3942 deprimatur.
546 3864 644 3943 Supra
663 3883 694 3924 se
714 3885 788 3923 uero
816 3866 906 3944 ipsam
938 3864 1044 3925 clevari
1070 3877 1214 3944 oportere
1233 3865 1272 3923 in·

136 3935 256 4017 telligo,
277 3956 313 3994 ne
334 3939 402 4016 quid
425 3960 543 4013 eorum,
570 3960 644 4020 quae
665 3961 753 4000 coeca
780 3953 810 4000 et
840 3940 946 4000 stolida
974 3954 1073 4000 nostra
1099 3943 1176 4002 ratio
1197 3962 1273 4001 com·

136 4014 261 4070 mentari
282 4012 373 4089 solet,
393 4015 423 4074 in
443 4018 502 4076 Dei
527 4029 717 4097 conspectum
739 4019 886 4097 proferat,
908 4039 962 4077 nec
990 4039 1021 4077 se
1045 4019 1123 4076 intra
1143 4016 1275 4095 vanitatis

136 4108 207 4147 suae
226 4088 377 4150 modulum
398 4094 588 4154 constrictam
608 4106 725 4171 teneat,
754 4095 806 4154 sed
832 4096 868 4154 ad
889 4096 1048 4175 puritatem
1069 4094 1139 4155 Deo
1161 4096 1273 4176 dignam

136 4184 216 4225 assur
239 4177 276 4225 at.

209 4186 238 4307 dl
281 4242 445 4325 Utrumque
465 4258 571 4309 notatu
589 4268 606 4307 a
629 4248 722 4326 prime
743 4246 875 4329 dignum.
923 4248 1072 4325 Primum,
1093 4258 1127 4307 ut
1146 4246 1274 4329 quisquis

135 4336 168 4383 re
186 4317 224 4380 ad
244 4320 388 4385 orandum
408 4335 571 4406 comparat,
589 4266 661 4389 illue
679 4344 749 4390 suos
767 4344 869 4389 sensus
887 4324 1043 4405 studiaque
1059 4324 1209 4406 applicet,
1226 4342 1276 4385 ne·
