2700 4732
486 215 562 278 nnn.
583 216 636 276 ιι.
678 214 767 281 can.
786 213 865 278 ιιι
1093 179 1097 189 ’
1188 227 1244 288 tot

109 359 198 422 ficere
218 362 297 422 enim
317 382 454 422 manuum
473 361 704 441 impositionem,
722 372 756 421 ut
775 381 828 440 per
846 359 993 422 vinculum
1013 363 1090 442 pacis
1102 362 1244 444 Spiritum

110 449 242 500 sanctum
262 439 317 499 illis
336 440 481 499 Dominus
500 438 649 517 largiatur.
688 437 839 511 Quoniam
859 450 955 498 autem
976 437 1132 499 absurdum
1152 440 1246 501 videri

113 526 243 592 poterat,
274 537 409 575 mannum
441 516 479 574 im
503 516 660 575 ositionem
679 516 775 593 repeti
805 515 919 594 potios,-
937 535 1024 594 quarn
1044 514 1242 594 Baptismum:

112 592 272 652 discrimen·
287 593 422 652 ostendit.
461 536 565 665 „llQuid
586 593 664 649 enim
682 591 807 707 §inquio
827 591 968 653 attonem
987 612 1126 651 manuum
1145 594 1242 672 impo-

112 669 190 742 sitio,
210 691 294 748 quam
314 670 409 728 oratio
429 684 517 744 super
537 667 685 726 bominem
693 672 725 726 .1“
738 665 863 746 ...Atque
883 668 960 728 bunc
978 687 1042 727 esse
1061 688 1188 747 sensum,
1208 691 1243 731 ex

113 743 207 804 altero
227 745 294 805 loco
315 756 436 824 apparet
454 744 520 820 (lib.
531 750 558 808 5.
573 765 638 824 cap.
647 745 726 820 22),
755 743 807 802 ubi
827 743 911 803 dicit:
939 743 1090 823 „Propter
1114 746 1242 807 caritatis

113 822 366 899 „copulationem
386 822 465 900 qnod
477 832 520 882 est
539 822 694 879 marimum
714 821 824 879 donum
836 821 964 899 Spiritus
984 822 1086 896 sancti,
1103 821 1168 882 siue
1179 844 1243 916 quo

61 912 64 945 =
113 919 195 972 „nou
216 898 312 960 valent
331 898 366 957 ad
385 897 519 971 salutem,
538 916 729 974 quaecunque
748 894 803 957 alia
822 909 922 958 sancta
940 897 971 957 iu
992 895 1242 987 bominefncrrut,

115 996 236 1050 „manus
256 973 409 1034 haereticis
429 975 567 1033 correctis
586 973 782 1053 imponitur.“
991 1030 996 1039 ,

61 1068 63 1073 ·
190 1057 237 1116 13.
280 1052 396 1110 Utinam
420 1070 494 1110 vero
526 1069 638 1109 morem
670 1050 881 1124 retineremus,
912 1071 999 1128 quem
1024 1049 1103 1130 apud
1126 1063 1241 1114 veteres

116 1128 202 1189 fnisse
221 1127 370 1202 admonui,
389 1127 557 1205 priusquam
577 1125 708 1185 abortiva
729 1125 989 1187 baecSacramenti
1009 1127 1086 1190 larva
1105 1150 1241 1190 nascere·

61 1248 63 1253 ·
114 1217 175 1264 tor:
196 1227 256 1265 non
278 1204 355 1264 euim
368 1215 444 1264 esset
456 1202 639 1263 confirmatio
658 1202 732 1274 talis,
744 1201 859 1280 qualem
878 1202 926 1261 isti
945 1204 1071 1286 fingunt,
1090 1207 1241 1284 quaesine

113 1282 253 1362 Baptismi
272 1282 377 1341 iniuria
397 1299 452 1340 uec
473 1278 618 1338 nominari
637 1289 744 1357 potest,
757 1279 1007 1353 sedeatecbesis,=
1032 1302 1076 1341 ua
1088 1282 1172 1362 pueri
1190 1293 1241 1343 aut

114 1360 326 1421 adolescentiae
351 1357 474 1436 proximi
503 1354 569 1413 fidei
593 1374 663 1416 suae
687 1354 831 1415 rationem
852 1376 950 1415 coram
970 1302 1092 1418 ecdlesia
1112 1378 1242 1438 expone·

113 1449 190 1501 rent.
228 1436 318 1496 Esset'
337 1446 445 1494 autem.
459 1431 568 1512 optima
588 1430 785 1493 catechizandi
805 1432 898 1508 ratio,
922 1435 946 1493 si
966 1433 1090 1495 formula
1109 1437 1141 1494 in
1162 1436 1241 1496 bunc

114 1536 197 1574 usum
218 1512 382 1589 conscripta
404 1521 494 1581 esset,
513 1509 827 1569 summamcontinens
844 1521 879 1569 'et
897 1508 1076 1571 familiariter
1095 1511 1240 1591 explicans

115 1591 246 1649 omniurn
267 1589 329 1646 iere
349 1585 500 1666 religionis
514 1596 638 1650 nostrae
658 1584 795 1663 capitum,
815 1585 846 1644 in
860 1606 934 1665 quae
954 1588 1091 1647 uniuersa
1110 1587 1240 1649 fidelium

114 1664 235 1726 ecclesia
256 1663 422 1722 consentire
445 1662 509 1722 sine
533 1661 734 1721 controversia
754 1661 858 1721 debet:
889 1681 964 1740 puer
987 1664 1125 1724 decennis
1144 1662 1242 1726 eccle-

114 1744 172 1801 siae
192 1764 223 1800 se
243 1740 367 1800 ollerret
385 1738 420 1797 ad
441 1737 583 1797 edendam
604 1733 671 1797 fidei
689 1738 922 1798 confessionem:
947 1752 1105 1820 rogaretur
1124 1741 1161 1800 de
1180 1742 1242 1813 siu-‚

115 1819 190 1900 gulis
205 1816 361 1896 capitibus,
381 1815 416 1875 ad
436 1813 549 1894 singula
570 1832 615 1871 res
637 1813 777 1873 onderet:
797 1814 911 1893 siquid
932 1816 1087 1896 ignoraret
1111 1829 1161 1877 aut
1186 1818 1241 1877 mi-

115 1893 383 1973 unmintelligeret,
404 1891 569 1951 doceretur.
625 1901 654 1951 ta
674 1891 798 1965 unicam,
817 1911 912 1951 veram
934 1905 964 1953 et
980 1892 1123 1953 sinceram
1143 1893 1244 1968 fidem,-

115 1992 172 2051 qun
191 1970 369 2030 unanimiter
388 1967 593 2027 Deumuuurn
614 1966 685 2029 colit
710 1966 838 2027 fidelium
860 1967 1005 2047 populus,
1031 1981 1106 2029 teste
1125 1982 1156 2029 et
1174 1990 1242 2050 spe-
1326 2018 1329 2023 .

114 2057 211 2107 ctante
232 2045 352 2106 ccclesia
372 2044 568 2124 profiteretur.
606 2042 689 2102 llaec
708 2043 859 2123 disciplina
877 2044 902 2104 ai
920 2044 1011 2105 bodie
1029 2046 1149 2122 doleret,
1170 2067 1242 2125 pro·
1312 2048 1316 2061 ‘

114 2127 193 2184 lecto
215 2133 366 2203 pareutum
386 2119 569 2199 quorundam
588 2120 702 2199 ignavia
722 2132 887 2193 acueretur,
907 2121 958 2200 qui
977 2121 1137 2182 liberorum
1157 2124 1242 2184 insti·

111 2202 256 2261 tutionem
283 2198 364 2278 quasi
394 2216 454 2256 rem
481 2194 552 2255 nibil
580 2200 617 2257 ad
647 2215 680 2257 ae
712 2197 907 2276 pertinentem
938 2206 1044 2258 secure'
1075 2199 1242 2281 negligunt,

114 2299 200 2358 quam
230 2288 293 2335 tum
323 2278 386 2334 sine
438 2272 537 2332 oblico
562 2273 708 2333 dedecore
732 2273 868 2335 omittere
899 2295 964 2335 non
987 2289 1119 2355 possent:
1149 2278 1241 2337 maior

114 2366 189 2414 esset
212 2351 384 2432 in.p0pulo
412 2294 580 2411 &hristiano
607 2349 675 2411 fidei
705 2369 861 2411 cousensus
894 2371 949 2413 nec
974 2352 1253 2431 tanta‘multorunr=

112 2430 227 2491 inscitia
245 2436 281 2489 et'
296 2428 427 2491 ruditasa.
448 2447 509 2487 uon
534 2428 619 2489 adeo,
634 2438 746 2487 temere
770 2426 889 2506 quidam·
915 2429 997 2489 novis
1018 2439 1053 2489 et
1097 2431 1241 2512 eregriuis

113 2507 297 2587 dogmatibus
326 2505 547 2584 abriperentur:
578 2503 715 2565 omuibus
740 2503 866 2584 denique
892 2517 969 2567 essct
986 2525 1067 2586 ,quae
1104 2528 1134 2567 m
1159 2507 1241 2569 velut

111 2583 265 2644 methodus
286 2582 438 2643 doctrinae
458 2579 650 2641 Christianae.
684 2615 689 2635 ‹.
820 2590 824 2597 ’
960 2601 964 2607 “
996 2626 1027 2637 ..

513 2758 564 2818 De
590 2760 834 2847 poenitentia.
900 2818 904 2825 .

187 2889 234 2947 14.
273 2883 410 2944 Proximo
429 2881 498 2942 loco
523 2895 655 2945 statuunt
673 2885 897 2964 poenitentiam:
924 2885 961 2944 de
980 2907 1036 2966 qna
1055 2886 1096 2946 sie
1116 2887 1252 2948 confuse¹

111 2972 141 3020 et
160 2959 332 3048 perturbate
341 2959 495 3049 disserunt,
514 2971 549 3050 ut
565 2960 638 3021 nibil
658 2963 732 3022 certi
749 2983 806 3096 lnec
823 2961 909 3022 solidi
929 2983 964 3054 ex
983 2983 1084 3057 eorum
1104 2963 1240 3057 doctrina

112 3037 243 3173 ‘isidis
254 3036 711 3203 ttztttttt‘tttttnlt:
725 3038 1251 3209 §tt-,ittittltttittttis

110 3136 154 3253 illi
176 3190 311 3263 doceant,
332 3188 443 3266 prolixe
462 3206 670 3249 enarravimus:
701 3192 828 3252 nuncid
849 3203 962 3251 tautum
982 3192 1068 3252 nabis
1089 3206 1239 3275 attingen-

112 3267 179 3326 dum
201 3267 266 3339 erit,
285 3265 355 3345 quid
376 3264 503 3327 rationis
517 3264 697 3354 babueriot,
716 3269 766 3344 qui
787 3267 957 3347 opinionem
978 3269 1240 3347 deincremento,

111 3362 186 3421 quae
205 3342 236 3400 in
256 3340 372 3422 templis
387 3362 425 3407 ¹ae
449 3340 556 3405 scholia
581 3341 629 3401 diu
650 3345 776 3405 'antebac
800 3364 833 3404 re
876 3344 952 3414 avit,
972 3346 1143 3406 excitarunt.
1182 3346 1243 3405 tti-

110 3440 174 3478 cam
193 3430 290 3477 tameu
315 3419 395 3498 prius
415 3417 537 3496 aliquid·
550 3418 682 3482 breviter,
698 3420 736 3478 de
753 3432 861 3481 veteris
886 3421 1024 3493 ecelesiae
1048 3425 1124 3497 ritu,
1157 3423 1239 3483 cuius

109 3505 260 3572 praetextu
280 3494 360 3554 abusi
373 3506 448 3553 suut
467 3491 509 3554 illi
528 3495 563 3554 ad
584 3493 790 3557 stabiliendum
807 3518 893 3558 suum
909 3510 1132 3559 commentum..
1150 3499 1251 3569 Hune.

109 3570 244 3631 ordinem
262 3570 292 3629 in
313 3569 429 3649 publica
448 3571 631 3649 poenitentia
649 3572 859 3646 observabant,
877 3587 921 3649 nt,
942 3573 995 3652 qui
1018 3575 1155 3635 iniunctis
1180 3575 1252 3635 sibi-

108 3642 354 3721 satisfactionibus
372 3645 504 3707 defuncti
523 3660 640 3724 erant‚··
653 3648 781 3709 solleuni
804 3650 1114 3731 manosimposttione
1132 3668 1254 3715 recoue.

108 3721 286 3783 ciliarentur.
324 3723 495 3801 Symbolum
510 3723 587 3785 illud
606 3737 670 3785 erat
688 3725 980 3804 absolutionis-qm
993 3738 1031 3786 ·et
1053 3728 1136 3807 ipsa,
1156 3747 1238 3788 ecoe·

107 3810 158 3859 tor
178 3799 345 3888 erigebatur
364 3818 463 3863 coram
481 3801 670 3873 Deoueniae
688 3802 795 3863 fiducia
819 3815 849 3863 et
868 3803 991 3865 ecclesia¹
1014 3748 1249 3879 admonebatur,

107 3886 142 3937 ut
161 3885 227 3934 ento
247 3873 390 3959 benigne,
417 3874 534 3941 abolita
558 3877 876 3955 ostensaemmooria,
890 3881 1062 3961 ingratiam
1082 3879 1238 3958 reciperet.

107 3950 424 4030 floncyprtanussae
446 3968 588 4018 enumero
606 3955 741 4034 appellat,
755 3970 859 4032 pacem
876 3956 972 4016 duma
997 3956 1070 4031 Quo
1090 3967 1186 4016 autem
1207 3966 1253 4019 et:

107 4029 323 4117 graytoruessat
335 4039 378 4087 -et
402 3970 466 4107 plius
491 4032 753 4095 commendationis
767 4034 855 4113 ¹apud
868 4032 1017 4114 populoru
1037 4025 1164 4093 baberet
1183 4032 1242 4093 ista

106 4103 1244 4261 mittentestncnetmtttntttttttt

104 4240 421 4396 ettllttrtttttt
422 4205 1018 4420 ³”tt‘sl1tt'tttttltttltllt‘tlt
1030 4260 1254 4422 aiiiitii'l

422 4378 429 4395 Ι
450 4377 470 4412 n
949 4376 955 4387 ¹
1022 4374 1028 4389 ⁸
