2700 4732
465 215 540 278 tm.
561 215 618 276 111.
658 215 746 278 CAP.
766 214 862 277 xxlt.
1130 244 1134 263 ¹
1184 220 1240 281 tlt

105 374 187 440 cant,
199 361 282 454 quasi
292 359 328 422 ad
339 359 466 421 alienum
478 380 595 420 sensum
605 361 777 441 scripturam
789 358 948 421 detorserit
964 359 994 419 iu
1010 358 1054 420 bis
1064 358 1241 421 testimoniis

105 438 263 513 citaudrs):
290 436 458 516 respondeo
476 437 551 497 sicut
569 437 708 511 antebac,
728 455 784 496 nec
802 436 994 518 incogitantia
1021 436 1132 516 lapsum
1153 436 1241 497 luisse

105 515 295 594 Apostolum,
318 534 372 573 nec
392 513 562 592 Scripturae
583 513 755 573 testimoniis
774 525 882 602 sponte
902 514 989 571 luisse
1009 513 1140 573 abusum.
1180 513 1241 573 Sed

102 592 225 651 videbat
249 595 262 666 (
285 592 345 651 uod
369 590 423 669 i'psi
443 590 628 649 considerare
648 610 709 649 non
730 591 899 665 sustinent),
920 589 1043 650 voluisse
1063 590 1160 648 Deum
1180 591 1251 668 spi-,

102 668 241 728 ritualem
266 614 379 727 lacobo
405 666 597 736 electionem,
642 685 729 725 uaea
753 666 790 724 ud
815 668 993 725 inaccessum
1026 666 1087 726 eius
1111 664 1242 725 tribunal

104 744 218 823 alioqui
238 743 362 818 latebat,
385 753 506 802 terreno
527 687 661 821 symbolo
683 687 840 805 declarare.
890 743 952 802 Nisi
973 745 1050 801 eninr
1070 762 1240 802 concessam

104 819 150 880 ilii
172 820 431 901 primogenituram
450 818 486 878 ad
507 820 636 879 futurum
646 817 792 879 saeculum
806 817 1081 891 referimus-inanis
1103 820 1191 877 suerit
1210 829 1242 878 et

105 896 230 956 ridicula
261 895 476 956 benedictionis
507 895 634 974 species,
669 915 702 954 ex
726 916 782 987 qua
808 894 877 953 nibil
899 895 926 953 ei
952 894 1105 956 accesserit
1125 908 1242 975 praeter

105 973 285 1052 multiplices
304 993 467 1047 aerumnas,
488 972 684 1045 incommoda,
704 984 785 1031 truste
806 971 945 1044 exsilium,
964 972 1128 1050 multasque
1149 972 1241 1031 tristi-

105 1051 183 1123 tiae,
208 1062 238 1110 et
257 1070 391 1109 curarum
412 1048 594 1108 acerbitates.
639 1049 739 1122 Quum
766 1068 838 1128 ergo
858 1047 966 1109 Paulus
987 1048 1059 1108 citra
1078 1047 1241 1108 dubitatio·

105 1146 194 1199 nem,
222 1126 319 1185 Deum
344 1138 460 1185 externa
486 1124 693 1184 benedictione
716 1125 901 1184 testificatum
927 1136 1078 1197 cerneret,
1102 1145 1189 1204 quam
1209 1124 1241 1184 in

108 1223 144 1261 re
167 1223 206 1261 no
218 1222 271 1263 suo
290 1200 468 1281 spiritualem
482 1213 510 1260 ct
525 1202 644 1259 minime
665 1202 802 1260 caducam
823 1221 907 1261 servo
920 1221 973 1261 suo
990 1212 1156 1281 paraverat:
1177 1222 1241 1261 non

107 1221 271 1352 dubitavit,
290 1278 325 1337 ad
346 1278 419 1337 banc
438 1277 705 1357 comprobandam,
725 1296 759 1336 ex
777 1277 826 1339 illa
868 1289 949 1337 etere
967 1289 1182 1359 argumentum.
1201 1314 1241 1327 -

108 1354 287 1415 Tenendum
314 1354 399 1413 etiam
426 1354 496 1412 illud
526 1353 685 1424 memoria,
715 1365 812 1414 terrae
838 1299 956 1415 Canaan
982 1374 1125 1414 annexum
1150 1354 1241 1417 fuisse

106 1430 244 1493 coelestis
270 1430 410 1490 domicilii
436 1431 555 1510 pignus:
583 1442 615 1490 ut
635 1430 761 1490 dubitari
780 1431 900 1491 minime
919 1429 1040 1504 debeat,
1059 1431 1151 1491 Iacob
1172 1452 1240 1491 cuna

105 1507 221 1587 angelis
239 1507 357 1567 insitum
385 1507 472 1567 luisse
501 1508 530 1566 in
553 1506 664 1567 Christi
687 1527 811 1586 corpus,
841 1518 876 1585 pt
900 1506 1028 1567 eiusdcm
1048 1507 1125 1567 vitae
1142 1508 1241 1568 socius

105 1595 194 1645 esset
232 1584 358 1665 Eligitur
377 1603 448 1665 ergo
462 1582 565 1657 Iacob,
582 1583 660 1643 Esau
671 1584 835 1663 repudiato,
854 1595 886 1644 et
895 1583 954 1642 Dei
973 1582 1242 1663 praedestinatione

105 1660 297 1734 discernitur,
329 1681 345 1720 a
370 1680 429 1738 quo
460 1658 545 1719 nullis
574 1661 688 1720 meritis
717 1658 885 1720 differebat.
943 1659 1067 1721 Causam
1097 1662 1121 1720 si
1151 1680 1241 1739 quae-

106 1738 166 1810 ris,
195 1736 268 1796 bane
295 1736 392 1795 reddit
415 1734 576 1817 Apostolus
599 1735 703 1813 (Rom.
723 1744 758 1811 9,
784 1739 860 1812 lb.)=
899 1735 1003 1812 „Quia
1030 1736 1105 1796 blosi
1130 1735 1242 1796 dictum

107 1814 163 1887 sit,
181 1813 346 1872 bliserebor
365 1814 446 1872 cuius
469 1812 647 1872 miserebor:
678 1824 707 1872 et
731 1814 921 1873 miseratione
946 1811 1107 1895 dignabor,
1138 1831 1243 1892 quem-

105 1910 225 1970 cunque
249 1890 436 1950 miseratione
461 1888 638 1969 dignabor.“
687 1890 726 1948 Et
749 1889 819 1970 quid
845 1890 919 1964 boc,
938 1908 1063 1969 quaeso,
1083 1888 1139 1949 sibi
1159 1888 1240 1951 sulti

106 1969 225 2046 Nempe
249 1966 406 2025 clarissime
432 1965 579 2025 Dominus
608 1967 795 2045 pronuntiat,
825 1966 933 2027 nullam
962 1965 1127 2026 bominibus
1147 1964 1241 2025 bene-

106 2043 235 2102 faciendi
260 2042 404 2102 rationem
430 2043 460 2101 in
485 2042 553 2121 ipsis
576 2062 607 2101 se
633 2041 758 2118 babere,
786 2043 838 2103 sed
864 2063 881 2103 a
906 2042 968 2103 sola
998 2061 1049 2102 aua
1074 2042 1241 2103 misericor·

107 2120 156 2179 dia
175 2139 302 2178 sumere:
324 2119 452 2197 ideoque
471 2140 554 2178 suum
575 2138 637 2179 esse
647 2139 721 2196 opus
741 2141 860 2180 snorum
879 2119 1010 2180 salutem.
1050 2118 1149 2191 Quum
1160 2129 1241 2178 tuam

104 2197 140 2255 in
160 2215 192 2256 se
212 2217 271 2254 nuo
291 2195 412 2256 salutem
424 2195 505 2254 Deus
524 2205 639 2268 statuat,
660 2216 712 2254 cur
730 2195 766 2255 ad
786 2207 815 2255 te
834 2197 928 2275 ipsum
941 2195 1117 2255 descendes?
1138 2195 1240 2269 Quum

105 2293 195 2332 uuam
214 2272 268 2331 tibi
288 2292 368 2330 suam
388 2271 614 2330 miscricordiam
634 2273 778 2353 assignet,
798 2294 850 2331 cur
869 2272 904 2332 ad
925 2272 1044 2352 propria
1065 2273 1168 2335 merita
1187 2271 1241 2343 de,-

105 2348 225 2409 enrres?
264 2348 376 2422 ‘Quum
403 2361 481 2407 tuam
506 2349 715 2428 cogitationem
743 2350 773 2407 in
788 2370 848 2411 aua
872 2350 1058 2409 miseratione
1079 2349 1241 2424 contineat,

106 2446 161 2485 cur
179 2425 215 2484 ad
235 2444 358 2505 operum
383 2435 501 2483 tuorum
525 2425 663 2483 intuitum
690 2438 803 2505 partem
827 2424 980 2485 reflectes?
1003 2459 1042 2473 -
1079 2426 1183 2505 ltaque
1203 2426 1240 2486 ad

105 2503 252 2561 minorem
285 2500 364 2560 illum
396 2500 537 2581 populum
561 2503 663 2560 venire
687 2521 806 2562 necesse
834 2515 892 2577 est,
924 2520 1011 2582 quem
1036 2501 1143 2562 Paulus
1169 2502 1240 2563 alibi

103 2578 331 2670 praecognitum
352 2577 438 2636 fuisse
458 2578 525 2638 Deo
545 2578 648 2637 scribit
667 2578 769 2659 (Rom.
789 2584 841 2653 11,
860 2580 918 2656 2.):
939 2599 1016 2651 non,
1047 2579 1172 2658 qualiter
1192 2580 1240 2639 isti

103 2657 320 2735 imaginantur,
344 2653 490 2731 praescire
510 2674 545 2713 cx
564 2656 658 2714 otiosa
677 2654 794 2734 specula
835 2677 888 2716 uae
908 2677 970 2715 nou
993 2656 1077 2729 lacit,
1108 2656 1157 2715 sed
1179 2676 1238 2734 quo

103 2752 195 2793 sensu
219 2751 307 2810 saepe
331 2730 358 2789 le
382 2731 449 2789 itur.
494 2732 568 2790 Nam
596 2744 677 2790 certe
698 2752 786 2811 quum
812 2677 882 2792 dicit
902 2732 1007 2790 Petrus
1032 2732 1108 2811 apud
1128 2732 1238 2791 Lucam

103 2807 190 2885 (Act.
209 2813 239 2879 2,
257 2809 335 2882 22),
355 2751 504 2869 Christum
525 2807 645 2867 delinito
666 2809 790 2868 consilio
812 2819 841 2866 et
862 2808 1051 2886 praescientia
1072 2808 1129 2866 Dei
1150 2806 1237 2867 luisse

102 2883 197 2943 morti
216 2883 372 2959 addictum,
392 2904 453 2942 non
473 2885 671 2962 speculantem
682 2884 776 2942 Deum
798 2884 919 2958 inducit,
938 2883 988 2942 sed
1008 2884 1108 2944 salutis
1122 2896 1239 2944 nostrae

101 2970 267 3021 auctorem.
306 2962 356 3020 Sic
377 2972 406 3023 et
425 2959 501 3019 idem
522 2960 642 3033 Petrus,
663 2960 772 3020 electos
792 2960 867 3020 iuxta
888 2960 1160 3040 praecognitionem
1180 2959 1240 3019 Dei

101 3036 195 3097 fuisse
215 3035 313 3097 dicens
334 3036 432 3096 fideles
453 3036 488 3095 ad
509 3059 582 3116 quos
598 3036 702 3096 scribit
720 3038 759 3114 (l.
778 3057 824 3117 ep.
843 3045 872 3111 1,
891 3044 944 3110 2.),
963 3038 1085 3127 proprie
1105 3036 1240 3116 exprimit

103 3134 240 3175 arcanam
259 3113 336 3172 illam
358 3112 670 3193 praedestinationem,
699 3134 755 3193 qua
778 3115 857 3173 Deus
882 3114 956 3173 lilios
977 3114 1033 3172 sibr
1053 3133 1126 3192 quos
1145 3113 1240 3175 soluit

104 3190 241 3324 signavit.
289 3190 326 3249 Et
351 3193 533 3265 propositum
558 3191 637 3269 quod
665 3191 732 3248 loco
762 3191 917 3272 synonymi
946 3190 1115 3270 coniungit,
1170 3212 1238 3251 uum

104 3289 125 3324 u
151 3267 218 3343 ique
228 3265 309 3325 fixam
322 3270 370 3343 (ut
380 3267 467 3346 vulgo
486 3265 661 3345 loquuntur)
678 3266 952 3326 determinationem
973 3268 1122 3345 exprimat,
1141 3212 1238 3327 ileum

104 3342 187 3399 baud
206 3342 310 3418 dubie,
331 3345 399 3401 dum
418 3355 521 3401 auctor
547 3354 589 3402 est
609 3355 726 3403 nostrae
749 3345 865 3417 salutis,
896 3364 955 3402 nou
983 3362 999 3401 e
1022 3342 1085 3402 redi
1110 3354 1187 3404 extra
1206 3362 1239 3403 se

104 3420 117 3479 i
139 3439 201 3477 sum
223 3419 318 3478 docet.
359 3418 430 3492 Quo
450 3440 535 3479 seusu
556 3420 585 3477 iu
607 3418 711 3483 eodem
732 3421 827 3499 capite
846 3425 886 3496 (v.
900 3427 946 3484 19.
958 3430 1009 3478 et·
1041 3421 1066 3495 .)
1088 3418 1237 3480 Christum

104 3439 178 3555 dicit
200 3515 307 3575 agnum
338 3495 424 3554 luisse
447 3496 669 3576 praecognitum
695 3508 763 3556 aute
788 3497 889 3555 mundi
919 3497 1108 3556 creationem.
1156 3496 1238 3569 Quid

104 3572 184 3630 enirn
204 3572 339 3631 insulsius
359 3584 408 3631 aut
430 3572 572 3652 frigidius,
592 3594 679 3663 quarn
695 3572 791 3632 Deum
812 3592 829 3631 e
848 3572 964 3632 sublimi
984 3584 1139 3651 spectasse,
1160 3571 1239 3630 unde

103 3659 227 3706 ventura
256 3661 332 3707 essct
355 3648 484 3706 humano
509 3669 611 3729 generi
639 3648 732 3707 salus?
782 3648 912 3727 Populus
933 3668 1004 3731 ergo
1030 3648 1239 3728 praecognitus

101 3725 277 3782 tantundem
298 3724 392 3784 Paulo
411 3725 489 3783 valet
509 3737 596 3804 atquc
616 3726 716 3805 exigua
737 3726 836 3804 portio
856 3724 959 3784 turbae
981 3724 1136 3803 permixta,
1162 3744 1238 3802 quae

102 3799 178 3859 salso
195 3800 252 3858 Dei
272 3821 382 3860 nomen
403 3801 548 3860 obtendit.
586 3801 665 3861 Alibi
686 3821 745 3880 quo
769 3823 805 3860 ue
816 3801 932 3874 Paulus,
951 3812 985 3859 ut
1003 3820 1106 3859 eorum
1126 3802 1239 3860 iactan-

102 3878 176 3936 tiam
196 3878 345 3952 retundat,
367 3879 416 3956 qui
436 3877 490 3936 sibi
512 3877 588 3936 larva
607 3890 720 3937 tantum
737 3822 860 3949 obtecti,
880 3880 987 3957 primas
1005 3877 1083 3935 inter
1123 3877 1167 3936 ios
1187 3898 1238 3936 co-

101 3974 167 4012 ram
187 3953 298 4013 mundo
318 3967 467 4046 arrogant,
487 3954 663 4014 dicirueum
685 3973 866 4034 cognoscere
886 3954 936 4032 qui
954 3953 997 4013 sui
1016 3953 1075 4012 sint
1091 3898 1146 4028 (ll.
1159 3953 1238 4012 Tim.

101 4032 284 4105 a‚19.).—
322 4029 533 4108 Demqueilln
553 4051 626 4091 voce
652 4030 796 4108 duplicem
822 4030 907 4090 nobis
932 4028 1074 4109 populum
1107 4028 1240 4109 designat

104 4102 229 4179 Paulus,
249 4127 338 4164 unum
360 4128 392 4166 ex
412 4118 477 4165 toto
499 4128 608 4199 genere
627 4107 777 4166 Abrabae:
809 4107 932 4166 alterurn
952 4125 1022 4166 vero
1049 4104 1118 4164 inde
1137 4125 1238 4187 segre·
1314 4135 1322 4143 -

103 4191 220 4262 gutum,
240 4194 271 4240 et
290 4185 340 4259 qui
359 4185 413 4242 sub
434 4185 527 4244 oculrs
547 4184 604 4242 Dei
625 4185 794 4244 reconditus
814 4183 966 4243 bominum
985 4186 1176 4261 conspectum
1197 4181 1239 4241 la·

103 4268 159 4316 tet
176 4260 178 4265 '
197 4258 261 4318 Nec
286 4258 406 4318 dubium
433 4272 477 4318 est
501 4260 658 4339 sumpsisse
685 4260 743 4321 boc
768 4280 802 4319 ex
821 4261 921 4335 Mose,
938 4261 997 4397 pai
1014 4258 1112 4319 Deum
1131 4257 1240 4338 quibus

100 4331 234 4396 voluerit
263 4335 485 4398 misericordem
519 4337 585 4399 lore
612 4328 739 4399 affirmat
770 4333 914 4417 (quamvis
959 4333 1240 4417 relecto-populo
