2700 4732
467 212 544 274 nm.
564 211 621 272 111.
662 212 752 276 oxu.
771 198 897 273 xv11.'
1207 217 1247 281 m

106 353 250 438 piendam
279 354 337 417 illis
361 376 415 417 suo
439 350 545 417 marte‘
560 377 593 418 rc
618 367 814 438 praepararet.
864 353 952 416 Nulla
979 373 1051 416 sane
1074 355 1248 438 Scripturae

146 432 225 494 llaba
243 433 431 513 proferetur,
450 454 525 513 quae
545 454 606 495 non
628 435 695 495 huic
716 435 867 494 doctrinae
886 431 1069 494 consentiat?
1087 454 1165 494 -oon
1185 454 1248 495 esse

106 454 197 571 :liam
215 509 285 570 Deo
305 530 420 569 causam
440 509 566 571 bominis
586 512 621 571 ad
642 533 672 572 se
692 510 864 591 recipiendi,
884 509 940 570 nisi
958 510 1025 589 quia
1044 511 1140 571 modis
1151 513 1248 571 omni-

107 586 168 648 bue
188 587 336 667 perditum
355 587 439 646 videt
457 586 482 647 si
503 588 559 647 sibi
578 588 776 668 relinquatur:
797 587 943 666 perditum
964 597 1078 658 autem,
1098 589 1165 667 quia
1185 610 1248 650 non

107 662 176 726 vult
193 683 273 727 suam
300 660 331 721 in
358 662 422 741 ipso
443 662 597 724 liberando
616 664 844 726 misericordiam
865 682 1010 724 exercere.
1059 665 1147 724 Nunc
1166 666 1248 727 vide-

106 760 177 801 mus
194 749 230 799 ut
247 739 302 800 ista
322 740 456 819 acceptio
482 761 543 800 non
565 741 689 801 bominis
709 741 846 801 iustitiam
865 750 995 821 spectet,
1014 738 1064 799 sed
1086 762 1191 832 purum
1211 745 1249 805 sit

108 815 229 877 divinae
248 835 317 898 erga
336 816 473 891 miseros,
497 828 641 897 tantoque
667 817 811 878 benelicio
832 817 922 900 longe
941 815 1159 900 indignissimos
1177 839 1249 900 pec·

108 904 227 956 catores
245 892 624 954 bonitatis-documentum.

188 976 217 1034 b.
256 969 414 1059 Postquam
438 988 510 1029 vero
536 970 681 1030 Dominus
706 968 856 1029 bominem
886 988 921 1029 ex
938 969 1049 1052 'abysso
1112 970 1248 1037 editionis

108 1044 278 1121 reductum,
297 1046 353 1106 siba
373 1066 427 1125 pcr
446 1046 565 1126 gratiam
583 1046 752 1127 adoptionis
771 1047 952 1128 segregavit:
973 1046 1040 1127 quia
1059 1049 1140 1109 ilum
1162 1070 1249 1132 rege·
1315 1068 1343 1093 ⁸·

85 1122 227 1183 .'neravit
253 1143 290 1182 ac
313 1122 484 1183 reformavit
509 1126 539 1182 in
565 1144 669 1182 novam
689 1124 791 1195 vitam,
816 1125 871 1182 iam
897 1134 931 1182 ut
954 1144 1061 1184 novam
1085 1138 1249 1188 creaturam

109 1220 179 1261 eum
200 1197 326 1289 Spiritus
352 1198 397 1259 sui
418 1199 503 1259 donis
528 1198 723 1280 amplectitur.
769 1199 850 1260 llaec
875 1200 923 1259 illa
950 1211 994 1260 est
1013 1203 1145 1283 acceptio
1167 1206 1249 1267 cuius

109 1275 248 1335 meminit
265 1275 381 1349 Petrus,
401 1296 461 1355 quo
482 1288 550 1356 post
568 1297 649 1335 suam
669 1276 855 1337 vocationem
871 1277 939 1337 Deo
959 1276 1060 1338 fideles
1080 1281 1249 1359 approban-

108 1363 181 1425 tur,
201 1370 325 1432 operum
345 1370 465 1431 quoque
484 1365 634 1432 respectus
660 1354 728 1433 qnia
748 1352 893 1413 Dominus
913 1373 975 1413 non
995 1375 1092 1414 amare
1113 1368 1142 1415 et
1162 1374 1249 1419 oscu-

109 1426 170 1490 lari
188 1448 252 1487 uon
269 1438 380 1507 potest,
399 1449 472 1508 quae
493 1429 702 1509 perspiritum
722 1451 804 1489 suurn
824 1430 853 1490 in
875 1430 931 1490 illis
950 1430 1042 1491 efficit
1060 1433 1149 1494 bona.
1188 1436 1250 1505 vr,-

107 1524 180 1567 mrm
198 1504 230 1564 id
249 1524 366 1585 semper
384 1509 525 1565 memoria
550 1507 743 1586 repetendum
771 1518 830 1579 est,
860 1527 922 1567 non
947 1507 1034 1566 aliter
1057 1530 1182 1588 operum
1201 1533 1250 1573 ra-

57 1598 74 1613 ·
108 1580 199 1643 tione
215 1579 284 1642 illos
304 1600 366 1641 esse
377 1581 446 1641 Deo
465 1594 612 1662 acceptos,
632 1583 688 1643 nisi
707 1583 773 1663 quia
793 1583 911 1643 illorum
923 1604 1017 1659 causa,
1058 1606 1111 1646 uos
1130 1587 1161 1646 in
1182 1609 1251 1672 gra-

108 1657 183 1719 tiam
202 1657 399 1737 amplectitur,
419 1659 559 1739 quicquid
579 1659 726 1720 bonorum
748 1680 871 1738 operum
887 1659 1024 1736 contulit,
1037 1605 1250 1728 liberalitatem

112 1754 194 1795 mm
214 1730 352 1817 augendo
375 1757 427 1795 sua
447 1756 566 1816 quoque
591 1738 765 1817 acceptione
790 1738 936 1819 dignatur.
987 1738 1075 1797 Unde
1096 1741 1173 1800 enim
1194 1742 1251 1804 illis

112 1808 194 1871 bona
213 1830 322 1890 opera,
354 1812 409 1872 nisi
430 1813 509 1892 qood
528 1813 676 1873 Dominus
696 1813 773 1886 illos,
795 1813 1038 1894 quemadmodum
1057 1837 1123 1876 vasa
1143 1818 1173 1876 in
1194 1819 1251 1880 bo·

109 1906 220 1947 norem
240 1887 344 1969 elegit,
370 1890 411 1949 ita
429 1889 495 1947 vult
513 1909 584 1949 vera
604 1890 730 1970 puritate
750 1888 917 1952 exornare?
934 1906 937 1911 '
955 1890 1043 1951 Unde
1063 1893 1149 1953 etiam
1169 1894 1251 1956 bona

110 1975 299 2054 reputantur,
310 1966 368 2027 acri
387 1964 460 2024 nibil
479 1965 535 2027 illis
546 1966 671 2027 deesset:
693 1966 747 2027 nisi
780 1968 838 2027 uod
860 1967 957 2027 naevis
975 1979 1006 2026 et
1025 1970 1153 2044 maculis,
1175 1993 1250 2050 quae
1280 1972 1290 1989 ⁶

111 2038 172 2101 illes
201 2040 428 2117 adhaerescunt,
460 2044 573 2102 veniam
605 1989 859 2124 benignus‘l’uer
883 2043 1035 2106 indolet?
1078 2047 1113 2105 In
1138 2070 1250 2111 summa

113 2115 193 2177 nibil
211 2116 290 2192 aliud
309 2119 453 2200 significat
473 2117 635 2193 hocloco,
661 2141 746 2198 quarn
771 2133 871 2204 gratos
891 2141 953 2181 esse
1005 2142 1040 2182 eo
1062 2136 1092 2182 et
1112 2124 1251 2188 amabiles

111 2213 185 2255 suos
204 2192 295 2270 lilios,
320 2196 350 2254 in
371 2197 476 2275 quibus
496 2207 580 2256 notas
601 2208 631 2255 et
649 2197 828 2257 lineamenta
847 2197 942 2258 vultus
961 2199 1006 2259 sui
1025 2199 1113 2260 videt
1152 2201 1251 2286 liege-

112 2270 301 2331 ncralionem
317 2272 395 2332 enim
417 2271 497 2347 alibi,
517 2272 651 2354 imaginis
662 2273 776 2332 divinae
796 2276 1011 2366 reparationem
1031 2276 1062 2335 in
1083 2277 1168 2339 nobis
1189 2299 1252 2341 esse

113 2345 279 2408 docuimus.
329 2349 480 2422 Quoniam
501 2369 574 2431 ergo
597 2349 765 2429 ubicunque
790 2350 891 2410 lactem
916 2373 995 2412 suam
1014 2353 1096 2413 Deus
1117 2367 1251 2416 contem-

136 2423 231 2499 latur,
250 2435 282 2483 et
300 2427 407 2485 merito
428 2437 521 2500 amat,
542 2425 621 2485 etin
643 2425 758 2487 bonore
778 2427 881 2488 habet:
898 2434 968 2488 “bon
990 2430 1054 2490 sine
1074 2451 1157 2492 causa
1178 2433 1252 2494 dici-

111 2445 166 2560 iur
183 2500 227 2561 illi
245 2500 363 2580 placere
382 2502 510 2561 fidelium
526 2502 594 2577 vita,
613 2503 649 2562 ad
668 2505 850 2565 sanctitatem
871 2516 902 2565 et
920 2506 1058 2567 iustitiam
1079 2510 1251 2587 composita.

115 2576 178 2637 Sed
199 2579 266 2657 quia
285 2579 326 2657 pii
345 2580 463 2639 mortali
484 2599 571 2638 carne
592 2578 778 2655 circumdati,
809 2581 903 2642 adhoc
922 2595 991 2643 sunt
1009 2598 1195 2663 peccatores,
1221 2598 1252 2646 et

114 2674 208 2733 opera
228 2674 331 2715 eorum
352 2655 441 2730 bona,
461 2657 597 2718 inchoata
617 2657 764 2733 duntaxat,
784 2669 814 2717 et
832 2658 927 2719 carnis
952 2661 1052 2719 vitium
1074 2662 1253 2724 redolentia:

116 2751 217 2809 neque
235 2731 293 2791 illis
312 2753 409 2812 neque
429 2734 472 2793 bis
497 2734 641 2814 propitius
662 2754 724 2794 esse
749 2746 862 2811 potest,
889 2736 944 2797 nisi
964 2736 994 2795 in
1017 2738 1138 2798 Christo
1160 2741 1252 2820 magis

118 2827 207 2885 quam
225 2808 256 2867 io
274 2829 306 2869 se
325 2811 393 2890 ipsis
413 2808 599 2889 amplexetur.
640 2811 675 2870 In
695 2812 774 2870 hunc
793 2810 913 2871 modum
930 2813 1091 2893 accipiendi
1103 2825 1171 2874 sunt
1184 2815 1253 2892 loci,

119 2884 173 2962 qui
192 2883 363 2946 clementem
389 2907 423 2946 ac
448 2887 667 2947 misericordem
693 2887 819 2947 iustitiae
844 2887 1007 2949 cultoribus
1026 2891 1123 2949 Deum
1142 2901 1254 2952 testan-

118 2970 178 3019 tur.
215 2960 343 3022 Dicebat
362 2965 459 3023 llloses
479 2965 617 3024 Israelitis
637 2965 741 3042 (Deut.
760 2971 794 3036 7,
813 2966 873 3040 9.):
899 2966 1065 3038 „Dominus
1085 2967 1166 3026 Deus
1186 2978 1253 3029 tuus

117 3038 287 3099 custodiens
314 3052 430 3120 pactum
454 3063 487 3101 ac
507 3041 735 3101 misericordiam
755 3041 944 3123 diligentibus
962 3062 1009 3118 sc,
1036 3054 1066 3102 et
1085 3043 1254 3104 custodien-

115 3113 196 3175 tibus
216 3129 370 3196 praeeepta
390 3137 451 3191 sua,
470 3119 501 3175 in
522 3118 600 3176 mille
620 3117 863 3199 generationes:“
883 3139 958 3199 quae
977 3120 1123 3180 sententia
1143 3120 1173 3179 in
1193 3120 1255 3181 lre·

117 3204 259 3269 quentem
279 3192 436 3252 formulam
457 3207 593 3272 usurpata
614 3206 754 3276 posteaa
795 3194 885 3275 opulo
907 3196 970 3254 suit.
1009 3196 1060 3257 Sic
1081 3195 1202 3258 Salonio
1223 3199 1253 3257 in

115 3267 245 3328 sollenni
264 3272 436 3348 precatione
455 3272 494 3349 (l.
508 3272 582 3352 lleg.
595 3277 624 3347 8,
644 3273 720 3347 23.):
740 3216 891 3346 „domim
909 3273 992 3333 Deus
1012 3273 1113 3348 Israel,
1134 3274 1184 3353 qui
1204 3296 1255 3335 cu·

116 3345 212 3406 stodis
231 3360 348 3426 pactum
369 3360 399 3407 et
418 3348 646 3408 misericordiam
666 3349 756 3408 serris
774 3350 842 3422 tuis,
884 3350 914 3409 ui
933 3349 1085 3410 ambulant
1095 3371 1202 3410 eoram
1223 3364 1254 3412 te

117 3421 151 3481 in
170 3433 237 3483 toto
258 3425 349 3483 corde
368 3431 454 3488 suo.“
482 3424 608 3483 'Eadem
628 3423 717 3488 verba
739 3437 768 3484 et
787 3446 803 3484 a
822 3370 965 3486 Nelxemia
984 3428 1028 3503 (l,
1047 3429 1092 3504 5.)
1111 3440 1254 3507 repetun-

117 3510 178 3559 tur.
216 3498 367 3578 Siquidem
389 3502 472 3560 utin
493 3501 629 3562 omnibus
649 3501 867 3561 miserirordiae
892 3522 960 3563 suae
987 3505 1079 3581 pactis
1102 3503 1256 3584 integrita-

117 3586 180 3635 tem
211 3596 244 3637 ac
273 3578 494 3639 sanctimoniam
524 3577 599 3637 vitae
623 3577 743 3638 vicissim
768 3599 784 3637 a
808 3579 897 3640 servis
916 3580 974 3640 suis
994 3581 1076 3639 Deus
1100 3579 1257 3658 stipulatur

119 3652 227 3730 (Dent
246 3659 299 3728 29,
319 3657 398 3732 18.)‚
426 3674 463 3713 ne
491 3654 618 3715 ludibrio
644 3655 682 3715 sit
706 3676 757 3714 sua
778 3655 910 3730 bonitas,
935 3676 1011 3714 neve
1031 3655 1094 3735 quis
1114 3656 1193 3716 inani
1215 3658 1255 3718 ob

110 3736 186 3787 'eam
200 3730 393 3790 exsultatione
405 3732 548 3812 turgidus,
568 3731 723 3790 benedicat
734 3732 847 3790 animae
867 3751 946 3806 suae,
966 3730 1117 3791 ambulans
1138 3732 1256 3795 interim

120 3803 153 3863 in
181 3807 325 3884 pravitate
355 3808 453 3868 cordis
476 3809 534 3868 sui:
567 3807 607 3876 ita
632 3808 664 3867 in
690 3806 818 3868 foederis
842 3809 1081 3883 communionem
1106 3807 1257 3885 admissos,

119 3879 186 3942 vult
205 3882 258 3942 bac
277 3883 322 3942 via
342 3884 373 3942 in
395 3884 494 3944 oslicio
517 3884 682 3957 continere,
702 3883 793 3943 nihilo
807 3896 903 3942 tamen
923 3885 1019 3945 minus
1039 3884 1143 3945 foedus
1162 3887 1256 3966 ipsum

122 3968 155 4017 et
174 3960 332 4041 gratuitum
353 3961 437 4019 initio
459 3961 572 4036 seritur,
587 3972 616 4020 et
635 3973 780 4039 perpetuo
801 3960 860 4020 tale
875 3973 982 4020 manet.
1002 3961 1170 4021 Secundum
1183 3963 1258 4023 banc

122 4038 267 4095 rationem
287 4037 382 4097 David
402 4037 458 4116 (ll.
477 4037 557 4096 Sam.
578 4043 628 4113 22,
648 4044 695 4101 20.
716 4041 778 4114 ss),
798 4037 927 4118 quamvis
947 4038 1096 4118 praedicet
1114 4039 1169 4099 sibi
1189 4039 1259 4098 red-

122 4111 214 4171 ditam
233 4112 321 4173 luisse
341 4114 505 4173 mercedem
525 4115 658 4194 puritatis
670 4136 823 4173 manuums
844 4126 1023 4175 nontamen
1043 4113 1157 4175 iontem
1177 4115 1258 4178 illum

121 4208 210 4267 quem
231 4189 331 4251 notavi
356 4191 512 4269 praeterit,
536 4190 617 4271 quod
636 4202 777 4252 extractus
798 4190 889 4251 luerit
906 4190 943 4252 ab
962 4202 1065 4265 utero,
1090 4191 1158 4271 quia
1175 4193 1259 4252 Deus

124 4282 192 4327 eum
212 4264 324 4329 dilexit:
354 4266 406 4329 ubi
431 4267 471 4332 ita
489 4267 677 4333 commendat
702 4287 805 4333 causae
828 4287 898 4331 suae
921 4267 1101 4348 bonitatem,
1130 4278 1164 4333 ut
1187 4267 1260 4333 nibil
