2700 4732
479 191 558 255 uu.
576 190 632 253 IV.
671 187 761 258 cte.
779 188 865 255 xm
1187 198 1247 260 345

106 359 141 402 se
159 339 253 432 longo
268 337 363 401 adbuc
382 337 538 398 intervallo
557 336 658 398 abesse
678 357 694 397 a
714 336 845 414 perlecta
854 336 940 420 Legis
960 336 1141 430 obedientia,
1160 359 1247 418 quani

105 417 164 478 sibi
183 416 253 476 alias
273 416 347 476 salso
367 414 532 496 arrogabat.
571 414 683 475 Fateor
708 414 786 474 bunc
810 413 908 474 locum
927 413 1017 476 luisse
1035 436 1052 476 a
1070 415 1245 493 qmbusdam

106 514 143 554 ex
161 493 299 553 Patribus
318 490 393 551 male
412 491 594 552 intellectum
607 492 642 568 ¹¹¹)
672 501 760 571 atque
780 491 848 551 binc
867 503 963 552 natam
985 511 1047 553 esse
1060 491 1245 552 voluntariae

105 570 289 662 paupertatis
309 569 546 658 allectationem:
577 533 702 648 (με’ἱΙΙί
726 568 844 626 demum
864 567 944 658 beati
966 569 1164 704 putabantur,
1194 570 1246 649 qui
1336 572 1339 581 '

106 647 250 707 abdicatis
271 645 408 737 omnibus
426 645 516 736 rebus
535 645 671 718 terrenis,
691 644 772 736 nudi·
781 664 817 737 se·
826 643 945 736 Christo
987 657 1154 737 esoverent.
1184 646 1245 706 Sed

106 722 335 815 conlidobonis
357 721 493 781 omnibus
515 734 544 780 et
564 733 831 812 nontcontentiosis
851 722 1030 813 satisfactum
1050 723 1088 782 iri
1108 720 1161 783 bae
1181 743 1246 785 mea

106 798 543 954 exphili!miliidiiqiiimmiiiliil
563 797 984 955 iiiiiiiiilddlgilaraiiiii'l’aalies,
1009 895 1095 954 quam
1116 874 1245 936 stabilire

106 953 252 1015 eiusmodi
277 954 509 1032 perfectionem,
532 971 617 1041 quae·
632 963 734 1041 postea
759 971 776 1010 a
803 951 954 1012 cucullatis
977 951 1123 1031 Sophistis
1149 953 1246 1013 labre-

107 1030 184 1121 l'aeta
209 1029 279 1104 luit,
310 1041 342 1087 ut
372 1028 519 1118 duplicem
546 1026 797 1119 Christianismum
827 1029 869 1087 sic
896 1029 1069 1119 erigerent·
1105 1029 1245 1089 Nondum

108 1103 675 1261 ttttst‘tlntt‘.selsel,llll
696 1104 1246 1260 belethi,ttlllttltsst

107 1259 357 1338 eiindiBaptis-mi.
397 1257 519 1349 Asiae
540 1255 717 1337 blasphemia
730 1257 793 1338 quis
806 1257 923 1318 dubitet
936 1258 1039 1319 Patres
1058 1270 1125 1319 toto
1146 1260 1244 1321 animo

107 1336 333 1472 iblm‘iii‘ii
355 1333 431 1426 lain·
447 1333 518 1394 illud
549 1346 709 1469 eitrlemum
736 1334 816 1414 quod
843 1335 922 1469 apiud
946 1347 1061 1427 setores
1083 1338 1245 1398 monachos

121 1432 196 1473 uisse
237 1424 293 1502 icit·
335 1423 498 1493 ugustinus,
517 1421 549 1470 ut
567 1423 679 1501 seiicet
696 1423 778 1471 totos
797 1430 864 1470 sea
905 1423 1055 1471 caritatem
1076 1433 1245 1505 accommo-

67 1508 75 1521 ’
108 1486 588 1627 ltttth‘hlathhl“tlt
604 1487 1153 1644 lilttzltt‘.‚⁰⁵{t.²l.l:.⁰.-⁰⁰.t‘.t
1171 1511 1246 1627 ¹332:

107 1643 202 1703 nobis
226 1642 411 1715 concedunt,
440 1641 648 1701 discessionem
681 1640 716 1700 ab
748 1641 871 1700 ecclesia
896 1641 1004 1701 lacere.
1045 1586 1127 1715 (inid
1148 1644 1246 1705 enim?

107 1724 210 1779 annon
230 1739 262 1779 se
282 1739 298 1778 a
318 1718 448 1799 legitima
466 1718 596 1777 fidelium
616 1718 759 1778 societate
778 1730 928 1797 separant,
948 1717 1094 1797 peculiare
1114 1720 1169 1779 sibi
1190 1723 1245 1779 mi-

107 1795 262 1861 nisterium
284 1807 314 1854 et
354 1798 472 1885 rivatim
492 1806 742 1884 sacramentorum
755 1794 1037 1885 administrationem
1057 1796 1247 1857 asciscendo?

57 1916 68 1951 ,Ι
109 1871 193 1947 Quid
214 1878 259 1932 est
278 1816 417 1932 ecclesiae
430 1890 669 1931 communionem
682 1871 832 1950 dissipare,
851 1892 875 1930 si
895 1871 952 1931 hoe
973 1892 1034 1930 non
1055 1872 1116 1932 est?
1147 1872 1245 1953 Atque

57 2012 60 2027 Ι
107 1952 158 2026 (ut
184 1969 248 2009 eam
272 1970 358 2029 quarn
384 1949 470 2027 coepi
498 1948 594 2007 lacere
619 1949 870 2027 comparationem
895 1966 1070 2038 persequar,
1102 1961 1131 2009 et
1156 1951 1246 2011 semel

108 2025 255 2103 claudam)
276 2025 344 2118 quid
365 2024 458 2085 simile
477 2024 531 2084 bac
551 2023 580 2083 iii
602 2036 683 2105 parte
705 2023 815 2084 babent
830 2044 896 2084 cuin
907 2025 1057 2085 veteribus
1076 2027 1247 2090 monachis?

57 2152 59 2161 .
108 2101 159 2161 llli
177 2113 292 2162 tametsi
312 2103 468 2196 separatim
489 2101 526 2160 ab
545 2100 608 2161 aliis
629 2100 809 2174 babitabant,
829 2121 891 2161 uon
911 2111 1011 2161 tamen
1032 2102 1180 2163 habebant
1199 2126 1246 2165 se·

57 2174 60 2186 '
107 2191 239 2259 paratam
252 2180 418 2257 ecclesiam:
438 2189 616 2237 sacramenta
635 2176 849 2314 participabant
866 2198 933 2238 cuni
952 2179 1030 2239 aliis:
1049 2179 1086 2239 ad
1099 2180 1247 2243 sollennes

109 2269 272 2317 conventus
292 2276 323 2316 se
342 2254 500 2316 sistebant:
531 2253 590 2313 illic
611 2274 682 2333 pars
696 2253 744 2332 ple
768 2255 791 2315 is
811 2265 904 2314 erant.
952 2256 1005 2315 Isti
1025 2256 1169 2335 privatum
1190 2258 1246 2318 sibi
1287 2264 1291 2277 '

57 2328 61 2399 Ϊ
109 2332 201 2392 altare
222 2333 380 2413 erigendo,
410 2330 491 2410 quod
522 2330 712 2410 aliud'quam
736 2331 884 2391 vinculum
909 2332 1028 2393 unitatis
1046 2332 1247 2413 abruperunt?

57 2464 59 2471 .
107 2411 185 2472 Nam
205 2421 237 2468 et
255 2430 286 2470 se
306 2409 344 2469 ab
364 2408 503 2468 universo
523 2406 661 2467 ecclesiae
682 2428 809 2486 corpore
829 2410 1126 2485 excommunicatum,
1148 2423 1178 2471 et
1196 2433 1246 2473 or·

57 2488 59 2565 J
110 2487 256 2547 dinarium
276 2496 517 2565 contempserunt
536 2484 740 2559 ministerium,
760 2506 820 2564 quo
841 2505 944 2564 pacem
964 2507 998 2546 ac
1019 2487 1171 2547 caritatem
1191 2508 1246 2549 vo-

57 2620 59 2637 ,
109 2563 166 2624 luit
184 2564 330 2623 Dominus
350 2562 429 2621 inter
447 2581 515 2622 suos
535 2561 710 2621 conservari.
753 2561 858 2642 ltaque
879 2574 953 2643 quot
976 2574 1046 2623 sunt
1069 2563 1158 2624 bodie
1178 2587 1245 2625 mo-

57 2646 60 2653 '
110 2641 253 2714 nasteria,
283 2651 330 2698 tot
350 2659 411 2698 esse
432 2639 498 2698 dico
524 2636 773 2698 schismaticorum
799 2640 1019 2712 conventicula,
1050 2641 1100 2719 qiii
1125 2641 1245 2701 turbato

57 2726 60 2731 '
111 2717 309 2777 ecclesiastico
332 2716 436 2776 ordine
462 2736 477 2774 a
503 2716 643 2775 societate
664 2715 793 2774 fidelium
815 2716 945 2797 legitima
964 2727 1033 2775 sunt
1054 2719 1167 2776 exsecti.
1206 2718 1247 2777 Et

111 2814 152 2853 ne
170 2794 295 2853 obscura
315 2805 391 2853 esset
410 2793 463 2851 ista
484 2792 637 2866 discessio,
662 2792 739 2849 varia
763 2792 922 2851 lactionum
949 2795 1068 2851 nomina
1088 2793 1144 2853 sibi
1170 2794 1247 2853 indi·
1327 2820 1330 2827 ·

57 2928 64 2947 ,
112 2872 231 2932 derunt.
269 2871 331 2931 Nec
351 2870 429 2949 ipsos
454 2867 557 2948 puduit
576 2869 606 2927 in
628 2888 664 2926 eo
685 2867 807 2959 gloriari
825 2867 906 2948 quod
925 2868 966 2926 sic
987 2880 1150 2927 exsecratur
1169 2869 1247 2930 Pau-

59 2958 62 2963 '
113 2947 175 3022 lus,
194 2958 227 3007 ut
246 2947 312 3007 satis
333 2965 509 3027 exaggerare
536 2965 595 3004 non
621 2956 720 3023 possit.
759 2944 821 3002 Nisi
845 2944 924 3003 lorte
947 2945 1096 3005 Christum
1123 2945 1248 3008 luissea

113 3024 276 3086 Corinthiis
297 3023 417 3083 divisum
439 3021 630 3093 arbitramur,
656 3042 744 3100 quum
765 3019 838 3082 alius
858 3020 917 3081 alio
937 3021 1062 3081 doctore
1081 3024 1249 3102 superbiret

58 3166 62 3171 ¹
112 3100 583 3182 (1.c0r.1‚12.ei13.ei3,l.):
604 3110 634 3156 et
653 3119 732 3157 nunc
752 3097 815 3157 sine
833 3097 893 3157 ulla
916 3097 1026 3158 Christi
1046 3099 1152 3159 iniuria
1173 3100 1246 3177 lieri,

135 3180 192 3240 uod
218 3200 273 3260 pro
295 3175 468 3237 Christianis
491 3175 563 3233 alios
583 3173 807 3248 Benedictinos,
831 3174 903 3235 alios
923 3176 947 3233 F
949 3175 1150 3248 ranciscanos,
1175 3177 1248 3240 alios

57 3262 63 3275 ’
110 3200 327 3316 bominicanos
346 3252 445 3312 vocari
466 3250 612 3309 audimus:
643 3262 673 3311 et
692 3252 732 3310 ita
751 3251 865 3327 uocari,
889 3263 923 3312 ut
942 3252 997 3332 ipsi
1018 3253 1085 3312 dum
1106 3253 1249 3315 allectant

58 3338 62 3345 '
111 3354 129 3393 a
149 3333 239 3414 vulgo
262 3327 498 3391 Christianorum
521 3327 670 3408 distingui,
690 3326 744 3388 lius
763 3327 864 3389 titulos
884 3349 940 3409 pro
960 3328 1111 3409 religionis
1132 3331 1248 3411 proles·

57 3418 63 3433 ¹
112 3410 197 3469 sione
218 3408 344 3467 fastuose
365 3405 421 3465 sibi
440 3414 563 3464 sumant.

57 3477 64 3559 l
190 3491 237 3547 15.
277 3485 356 3541 llaec
377 3503 450 3559 qnae
471 3481 609 3541 bactensis
634 3480 712 3540 inter
731 3492 845 3542 ueteres
872 3494 903 3543 et
918 3493 1046 3542 nostrae
1065 3485 1165 3544 aetatis
1185 3504 1249 3544 mo·

57 3630 63 3641 ¹
113 3561 225 3620 nachos
246 3559 410 3618 discrimina
431 3558 575 3632 recensui,
594 3578 655 3618 nori
676 3559 706 3616 in
726 3557 857 3619 moribus
877 3571 956 3633 sunt,
975 3559 1026 3619 sed
1046 3559 1076 3618 iii
1097 3563 1158 3640 ipsa
1177 3581 1250 3653 pro·

57 3652 63 3663 ·
113 3637 252 3697 sessione.
292 3636 422 3694 Proinde
441 3634 629 3694 meminerint
648 3633 790 3710 lectores,
815 3634 904 3696 luisse
923 3656 970 3695 me
991 3635 1028 3694 de
1047 3637 1249 3699 monachismo

57 3732 62 3739 ·
113 3714 214 3795 potius
235 3732 320 3790 quam
341 3710 377 3770 de
397 3710 546 3770 monachis
566 3710 731 3791 loquutum,
753 3726 783 3771 et
803 3732 836 3772 ea
855 3711 925 3773 vitia
944 3723 1073 3787 notasse,
1093 3734 1154 3772 iioii
1176 3734 1250 3795 quae

57 3783 63 3815 ³
113 3797 145 3853 in
165 3808 326 3869 paucorum
347 3787 404 3847 vita
425 3787 561 3861 haerent,
585 3787 636 3848 sed
657 3809 732 3868 qnae
757 3788 792 3848 ab
820 3790 885 3870 ipso
910 3788 1029 3850 vivendi
1048 3789 1184 3852 instituto
1204 3811 1251 3851 se·
1285 3796 1288 3803 '

114 3867 213 3952 parari
233 3875 394 3943 nequeunt.
432 3864 469 3922 In
490 3864 621 3924 moribus
640 3878 738 3925 autern
759 3879 869 3946 quanta
887 3866 926 3928 sit
944 3867 1155 3947 discrepantia,
1180 3867 1251 3948 quid

183 4126 211 4196 t)
230 4124 359 4196 Chrysost
377 4123 467 4179 homil.
491 4125 524 4174 de
546 4102 733 4176 verbis't’auli:
756 4123 871 4175 Salutate
888 4123 1004 4177 Priscam
1023 4138 1070 4177 ete.
1110 4124 1253 4178 Dissensio-

115 4212 176 4274 nem
195 4197 227 4246 ab
249 4193 356 4245 ecclesia
377 4195 462 4245 lacere
480 4212 584 4253 omnes,
613 4191 658 4313 gui
675 4193 703 4245 in
725 4192 856 4275 coenobia
872 4194 1033 4275 concedunt,
1055 4212 1137 4265 quum
1159 4213 1253 4248 mona-

116 4277 206 4315 strcern
222 4282 294 4315 suam
312 4263 400 4333 palam
419 4276 531 4315 asserant
548 4280 602 4316 essa
630 4278 732 4315 ormam
749 4262 857 4316 secundi
872 4259 1001 4332 Baptismi
1014 4274 1064 4316 ete.
