2700 4732
490 230 568 293 ttu.
586 228 644 292 111.
685 228 774 293 Chl‘.
795 228 853 290 ΙΙΙ.
1191 234 1250 299 391

104 376 259 461 pullulant
275 376 356 439 ritis.
395 376 538 459 Specialis
562 395 635 459 ergo
645 374 850 511 lpoenitentia,
868 393 944 513 quae
962 374 1163 455 aquibusdam
1182 386 1250 437 tau-

105 468 176 517 tum
196 456 336 537 erigitur,
361 476 436 535 quos
456 454 625 513 diabolusa
660 455 703 512 lei
730 456 871 513 timorea
895 465 994 532 reptos
1014 452 1176 513 exitialibus
1206 452 1250 513 la-

106 533 197 613 queis
215 530 371 613 implicuit,
390 532 564 591 ordinariam
586 552 647 590 non
668 528 757 604 tollit,
776 530 824 589 cui
844 551 898 610 per
917 531 1099 589 tutumvitae
1119 530 1249 591 curricu-

107 609 174 669 lum
193 628 315 689 operam
336 609 405 669 dare
426 629 480 667 nos
500 608 583 689 cogit
603 619 723 666 naturae
743 608 906 698 corruptio.

190 692 238 751 19.
276 683 373 744 Porro
393 685 416 745 si
435 704 535 743 vemm
558 696 611 756 est,
631 683 712 774 quod
732 682 889 743 clarissime
902 694 1028 755 constat,
1046 693 1138 742 totam
1151 683 1250 763 Eran-

108 760 182 845 gelii
201 782 343 822 summam
363 760 478 820 dnobus
499 759 560 820 istis
580 760 722 839 capitibus
735 760 893 834 contineri,
912 760 1106 840 poenitentia,
1126 773 1157 819 ct
1176 780 1249 840 pec-

109 850 247 900 catorum
275 837 462 899 remissione:
498 858 599 896 annon
624 837 754 896 videmus
777 836 939 895 Doruinum
971 837 1039 896 ideo
1064 838 1154 919 gratis
1179 857 1248 899 suos
1343 870 1346 875 ·

107 914 285 988 iustificare,
309 934 370 994 quo
395 933 446 974 eos
466 914 550 975 simul
572 912 697 993 Spiritus
717 913 760 972 sui
785 912 1014 973 sanctificatione
1034 914 1064 971 in
1085 934 1182 973 reram
1202 917 1249 974 iu-

106 990 220 1052 stitiam
239 990 398 1051 instauret?
437 990 579 1062 loannes,
604 990 724 1067 angelus
743 1002 812 1050 aute
836 989 937 1049 faeiem
958 990 1069 1049 Christi
1091 992 1191 1049 missus
1212 991 1249 1049 ad

109 1070 173 1131 vias
203 1068 264 1127 eius
295 1068 523 1145 praeparandas,
554 1066 740 1145 praedicabat
770 1066 1024 1141 (ttanh.11‚10.
1051 1065 1120 1125 ibid.
1139 1073 1169 1139 3,
1187 1068 1247 1139 2.):

107 1143 352 1221 „Poenitentiam
373 1146 462 1235 agite,
481 1143 725 1222 appropinquavit
745 1144 822 1201 eninr
844 1162 968 1224 regnum
988 1143 1170 1203 coelorum.“
1199 1142 1248 1203 Ad

107 1219 326 1304 poenitentiam
339 1219 499 1292 inritando,
518 1220 658 1278 monebat
677 1231 709 1277 ut
725 1239 757 1279 se
776 1230 945 1299 peccatores
957 1231 1162 1299 agnoscerent,
1181 1241 1248 1280 sua-

107 1316 173 1379 que
193 1296 292 1359 omnia
311 1316 410 1356 eoram
431 1296 563 1354 Domino
584 1297 734 1368 damnata,
760 1316 819 1375 quo
840 1298 934 1356 carnis
953 1317 1022 1354 strue
1041 1296 1248 1356 mortificatio-

106 1394 201 1447 nem,
223 1394 381 1432 aenovam
402 1372 565 1451 inspicite
586 1374 840 1449 regenerationem
866 1374 939 1432 totis
963 1373 1041 1433 votis
1067 1384 1248 1452 expeterent.

107 1450 249 1543 Regnum
263 1448 319 1521 Dei
339 1450 554 1523 annuntiando,
576 1438 716 1507 ad⁸srdem
728 1448 865 1509 vocabat:
885 1448 1028 1529 siquidem
1051 1470 1102 1528 per
1122 1470 1247 1529 regnum

109 1526 188 1599 Der,
212 1525 293 1605 quod
313 1525 441 1585 docebat
465 1530 494 1584 in
522 1524 690 1605 propinquo
718 1546 797 1601 esse,
826 1526 1027 1585 remissionem
1046 1538 1248 1617 peccatorum,

108 1605 252 1676 salutem,
271 1603 378 1674 vitam,
398 1616 427 1661 et
447 1603 585 1681 quicquid
605 1604 727 1661 omniun
747 1602 777 1660 in
799 1602 919 1661 Christo
941 1620 1135 1679 assequuntur,
1154 1602 1248 1683 sigui-

111 1678 230 1741 ficabat:
242 1677 1019 1759 quareapudaliosEvangelistaslegitur(ll{are.l,l.):
1040 1680 1247 1750 „Venitloan-

114 1775 166 1817 nes
180 1756 348 1835 praedicans
362 1755 536 1834 baptismum
547 1756 758 1834 poenitentiae,
772 1754 801 1813 iu
815 1755 1013 1813 remissionem
1029 1756 1248 1834 peccatururn.“

112 1832 208 1907 Quud
229 1830 298 1910 quid
318 1830 396 1891 aliud
417 1844 477 1906 est,
496 1853 582 1909 qnam
603 1844 636 1891 ut
655 1844 842 1912 peccaturum
864 1831 942 1889 uude
964 1831 1053 1910 pressi
1074 1842 1104 1889 et
1124 1830 1248 1911 fatigati,

108 1910 148 1971 ad
175 1907 337 1967 Dominum
364 1928 395 1967 se
420 1920 643 1981 converterent,
674 1929 706 1967 ac
731 1909 768 1965 de
796 1907 966 1967 remissione
992 1918 1021 1965 et
1048 1906 1141 1967 salute
1165 1927 1247 1987 spem

108 1984 326 2063 conciperent?
364 1984 416 2044 Sic
436 1997 465 2044 et
480 1984 614 2045 Christus
633 2006 698 2044 suas
719 1984 878 2042 conciones
897 1984 1060 2073 auspicatus
1078 1976 1128 2043 esi
1140 1978 1247 2058 (bliarr.

108 2060 243 2137 1,15.)=
265 2062 312 2135 „A
337 2061 544 2142 propinquavit
565 2082 687 2141 regnum
701 2060 771 2119 llei:
792 2059 1002 2139 poenitentiam
1024 2060 1112 2141 agite,
1132 2072 1163 2117 et
1183 2078 1249 2117 cre-

106 2140 174 2199 ‹lite
191 2082 387 2219 Evangelio.“
426 2138 556 2196 Primum
577 2138 714 2213 declarat,
733 2136 884 2196 thesauros
903 2136 1119 2196 misericordiae
1138 2136 1197 2194 ttet
1217 2137 1248 2196 in

107 2236 144 2278 se
170 2225 300 2295 apertosz
333 2215 439 2279 deinde
470 2214 680 2293 poenitentiam
714 2214 817 2295 exigit:
852 2225 912 2271 tum
938 2225 1090 2305 postremo
1114 2214 1248 2273 fiduciam

109 2311 184 2375 erga
203 2290 261 2349 Dei
286 2280 503 2370 prostsioucs.
551 2293 655 2368 ltaque
685 2313 775 2370 quum
808 2302 899 2349 totam
925 2289 1077 2371 huangclii
1107 2310 1247 2350 summam

108 2368 245 2447 *breuiter
263 2368 419 2447 complecti
439 2366 545 2441 voluit,
570 2368 641 2426 dixit
665 2388 696 2426 se
716 2367 884 2447 oportuisse
909 2368 985 2448 pati,
1011 2378 1041 2424 et
1059 2386 1212 2442 resurgere
1232 2388 1250 2427 a

109 2444 251 2517 mortuis,
280 2444 438 2523 praedicari
466 2444 496 2503 in
522 2445 641 2503 nomine
664 2466 718 2504 suo
741 2444 967 2523 poeniteutiam,
997 2454 1026 2502 et
1046 2443 1247 2503 remissionem

100 2532 308 2609 peccatorum·
322 2521 408 2597 (Luc.
428 2528 476 2594 2-1,
496 2526 541 2584 ⁶26.
553 2543 575 2580 s.
584 2534 613 2579 et
622 2528 670 2585 16.
683 2523 730 2595 s).
751 2520 786 2579 ld
801 2532 831 2579 et
843 2519 979 2599 Apostoli
993 2531 1060 2599 post
1075 2521 1135 2579 cius
1150 2539 1249 2580 resur-

110 2598 277 2659 rectionem
298 2598 510 2676 praediearunt,
531 2600 683 2657 excitatum
705 2597 815 2670 aDeo,
835 2597 870 2655 ad
891 2597 1013 2656 dandam
1035 2596 1247 2675 poenltentiam

108 2673 214 2735 Israeli
234 2686 264 2732 et
284 2674 484 2732 remissionem
506 2686 693 2764 peccatorum
714 2674 922 2752 (hcs5‚3t.).
962 2673 1154 2731 Praedicatur
1196 2693 1249 2731 oe-

112 2752 235 2811 niteutia
255 2751 284 2809 in
306 2752 427 2809 numine
448 2751 570 2824 (Iltrrsti,
591 2772 679 2828 quum
700 2772 753 2831 per
770 2750 921 2828 Evangelii
942 2749 1106 2808 doctrinam
1127 2694 1249 2807 audirent

112 2826 247 2887 homines
265 2847 331 2886 suas
352 2847 454 2886 omues
482 2828 693 2907 cogitationes,
725 2848 793 2887 snos
821 2829 960 2899 allectus,
989 2848 1039 2884 sua
1064 2825 1162 2884 studia
1181 2846 1249 2884 cur·

113 2913 202 2982 rupta
220 2914 249 2961 et
266 2904 370 2962 vitiosa
391 2924 467 2962 esse:
488 2917 646 2982 propterea
667 2923 785 2962 necesse
806 2923 867 2963 esse
888 2914 920 2961 ut
941 2913 1139 2974 renascantur,
1159 2902 1181 2959 si
1194 2922 1249 2960 vo-

110 2980 181 3040 lunt
205 2978 318 3058 ingredi
342 2980 373 3037 in
400 3000 523 3060 regnum
549 2980 615 3038 llei.
675 2980 817 3038 lleutissio
843 2990 1029 3059 peccatorum
1056 2978 1250 3057 praedicatur,

109 3078 201 3149 quum
224 3059 368 3115 docentur
389 3057 532 3128 homines,
553 3057 701 3117 Christum
722 3056 778 3115 sibi
801 3056 908 3114 sactum
921 3074 983 3114 esse
1001 3054 1249 3134 redemptionem,

108 3133 260 3205 iustitiam,
278 3132 410 3205 salutem,
432 3146 461 3191 et
481 3134 566 3192 vitans
588 3134 627 3209 (l.
645 3135 717 3193 (jor.
732 3139 844 3207 t‚:3tt.):
865 3133 945 3192 cuius
966 3130 1088 3190 nornine
1109 3131 1197 3221 gratis
1217 3131 1249 3191 iu

107 3209 169 3269 Dei
188 3220 349 3289 conspeetu
370 3210 435 3268 iusti
458 3209 620 3269 habeantur
640 3223 670 3269 et
689 3210 871 3268 innoeentes.
912 3210 1046 3287 Utraque
1055 3220 1146 3289 gratia
1158 3228 1249 3286 quum

108 3286 170 3345 fide
194 3286 431 3375 apprehendatur
458 3290 505 3365 (nt
531 3286 599 3344 alibi
620 3287 851 3345 demonstratum
872 3287 945 3361 est),
966 3285 1031 3364 quia
1050 3296 1150 3343 tamen
1177 3306 1250 3364 pro-

107 3364 208 3443 prium
229 3363 455 3422 bdeiobiectnm
478 3364 589 3422 cstllei
610 3364 738 3436 bonitas,
758 3384 814 3442 qua
834 3375 954 3442 peccata
965 3361 1166 3437 remittuntur,
1186 3380 1249 3421 earn
1303 3410 1307 3417 .

107 3461 126 3499 a
147 3441 329 3520 poenitentia
351 3439 508 3519 diligenter
528 3440 667 3520 distingui
689 3440 944 3518 operaepretium
966 3438 1031 3497 hait.

186 3522 235 3581 21).
274 3517 371 3575 Porro
393 3529 424 3573 ut
444 3518 556 3595 peccati
569 3516 680 3588 odium,
701 3515 780 3593 quod
800 3515 1002 3594 poenitentiae
1024 3515 1173 3573 exordium
1194 3524 1250 3588 est,

107 3592 238 3674 primum
258 3593 346 3652 nobis·
367 3593 402 3652 ad
425 3592 534 3652 Christi
556 3614 591 3651 co
615 3593 758 3651 uitiouem
780 3592 942 3672 ingressum
963 3593 1069 3681 aperit,
1089 3591 1140 3670 qui
1160 3590 1249 3651 nullis

107 3690 141 3730 se
162 3668 280 3728 exbibet
302 3669 355 3728 nisi
375 3669 486 3728 miseris
507 3614 672 3727 mattheus
693 3668 915 3746 peccatoribus,
936 3691 985 3747 qut
1006 3678 1143 3747 gemunt,
1164 3666 1250 3726 laho-

109 3755 193 3821 raul,
213 3746 329 3806 onerati
349 3757 431 3818 sunt,
452 3745 601 3818 esuriunt,
621 3745 740 3820 sitiunt,
768 3744 872 3803 dolore
893 3757 923 3804 ct
941 3744 1055 3802 miseria
1075 3742 1248 3802 tabescunt:

107 3824 148 3881 ita
170 3823 199 3880 in
220 3822 432 3901 poenitentiam
454 3823 543 3902 ipsam
565 3822 654 3892 eniti,
680 3833 741 3881 tota
762 3821 819 3879 vita
840 3821 870 3878 in
892 3842 953 3879 cam
975 3819 1163 3893 incumbere,
1185 3839 1249 3878 earn

108 3900 145 3958 ael
166 3896 298 3957 ultimum
320 3899 458 3977 prosequi
486 3920 540 3956 rros
571 3909 708 3978 oportet,
739 3897 763 3955 si
789 3899 817 3955 iu
839 3896 959 3956 Christo
985 3898 1145 3956 consistere
1165 3895 1251 3955 volu·

106 3996 174 4041 mssa
184 3976 229 4052 ⁴).
268 3975 314 4033 Ad
336 3989 504 4055 peccatores
525 3977 601 4033 enim
622 3974 770 4033 vocandos
790 3974 880 4046 veuit,
900 3974 950 4033 sed
971 3973 1006 4032 ad
1028 3972 1249 4052 poenitentiam.

106 4053 212 4111 Missus
233 4064 278 4111 est
295 4052 334 4111 ab
355 4053 589 4111 benedicendum
612 4050 756 4131 indignis:
778 4049 828 4107 sed
850 4071 910 4127 quo
931 4070 963 4109 se
982 4060 1136 4108 convertat
1155 4070 1250 4107 unus-

106 4128 232 4209 quisque
258 4150 274 4189 a
299 4129 427 4208 nequitia
457 4150 518 4187 sua.
569 4128 660 4187 Plena
693 4138 737 4186 cst
761 4125 917 4205 Scriptura
948 4124 1091 4185 eiusmodi
1117 4125 1249 4185 vocibus.

176 4368 269 4439 *)les.
287 4371 370 4431 61,1.
395 4370 488 4422 hlanb.
507 4371 590 4437 tt,5.
614 4370 720 4432 hund,
737 4368 777 4423 18.
804 4366 974 4432 blaubhdil.
1001 4368 1249 4432 seruauerant.
