2700 4732
106 203 165 266 182
472 195 548 257 ule
567 194 624 257 111.
663 194 752 258 CAP.
770 196 863 255 XXV.

108 337 217 400 mdrtui
239 336 358 411 fuerint,
377 350 408 399 et
427 360 502 421 quos
517 339 579 401 dies
599 340 649 399 ille
668 362 700 399 su
723 341 838 399 emtites
856 337 995 417 reperiet.
1021 336 1154 417 „Neque
1163 336 1234 397 euin

108 434 212 477 omues
231 413 406 476 dormiemus
423 418 514 493 (teste
532 417 625 477 Paulo
650 415 674 475 1.
703 436 758 475 ror.
777 423 827 488 15,
846 420 920 491 51.),
937 414 990 473 sed
1010 432 1119 473 omnes
1139 412 1235 471 imna-

107 490 272 551 tabimur:“
293 489 414 567 bocest,
434 512 553 553 necesse
573 514 634 553 non
654 492 709 552 erit
723 491 886 551 distantiam
903 489 1049 569 temporis
1065 488 1146 549 iuter
1163 508 1234 549 nur·

108 577 170 627 tem
190 576 220 625 et
239 566 354 626 initium
362 569 506 628 secundae
517 570 594 629 vitae
614 568 806 640 intercedere,
825 566 942 646 quia2iu
963 576 1080 645 puncto
1101 562 1234 643 :enpust

109 655 142 704 et
160 642 239 701 uictu
263 643 341 704 oculi
364 645 531 723 penetrabit
554 644 676 726 clangor
700 642 804 714 tubae,
828 643 878 721 qui
903 655 1041 702 mortuos
1066 640 1177 700 excitet
1194 640 1234 699 ie·

109 738 197 779 corru
221 718 325 792 tibiles,
335 731 365 778 et
374 721 456 781 vivos
473 720 569 781 subita
579 722 741 780 mutatione
761 721 901 779 reformet
918 720 950 777 in
961 717 1091 777 eandem
1110 714 1233 799 gloria·

109 794 160 854 Sic
179 739 249 855 alibi
267 795 307 870 (l.
326 796 428 856 Thess.
447 804 477 869 d,
495 800 556 869 15.)
577 796 687 869 fideles,
708 796 811 874 quibus
831 815 909 853 mors
929 794 1073 853 obeunda
1093 804 1151 865 eat,
1169 810 1231 851 ceu·

108 869 233 931 relatur:
253 871 318 949 quia
338 893 399 932 non
420 874 607 951 praevenient
624 883 773 943 mortuos,
793 871 842 950 qui
859 881 930 929 tunc
952 880 1043 927 munt
1061 867 1233 949 superstites,

110 946 180 1028 quin
200 948 298 1024 potius
317 960 471 1029 resurgent
491 950 614 1029 priores,
634 949 683 1027 quui
703 948 885 1006 dormierunt
905 947 933 1004 in
947 944 1084 1005 Christo.
1127 944 1161 1003 Si
1178 962 1232 1023 qn

110 1022 233 1083 obiiciat
248 1022 318 1081 illud
329 1023 475 1104 Apostoli,
494 1037 631 1084 statutum
652 1044 713 1083 esse
734 1024 844 1082 cunctis
863 1019 1041 1081 mortalibus
1055 1016 1152 1081 semel
1170 1016 1233 1079 nori

110 1098 204 1175 (Heb.
222 1104 257 1171 9,
275 1101 353 1177 222)
379 1099 469 1159 facilis
494 1101 602 1159 solutio
623 1111 680 1174 est,
700 1098 750 1158 ubi
770 1110 898 1157 mutatur
917 1109 1044 1157 naturae
1063 1106 1161 1157 status
1174 1114 1233 1175 epe·

110 1174 184 1233 ciem
204 1192 266 1233 esse
285 1176 403 1250 mortis,
422 1188 452 1236 et
471 1177 605 1258 apposite
624 1178 665 1235 sic
685 1175 843 1233 nominari:
867 1196 901 1234 ac
921 1171 1052 1251 proinde
1072 1170 1150 1233 baec
1168 1170 1234 1231 iuter

110 1269 141 1310 se
161 1251 357 1323 conveniunt,
387 1264 483 1311 morte
513 1264 684 1311 renovatum
710 1251 745 1309 iri
771 1270 872 1309 onsoes
893 1250 961 1307 darm
981 1258 1096 1307 exuent
1120 1244 1233 1307 mortale

110 1344 232 1403 corpus:
253 1348 314 1386 non
334 1327 399 1387 fore
419 1339 515 1388 tamen
535 1328 726 1389 necessarium
747 1328 880 1407 corporis
901 1336 930 1385 et
949 1324 1067 1383 animae
1083 1322 1234 1397 dissidium

110 1400 162 1460 ubi
182 1403 238 1460 erit
256 1402 352 1465 subita
372 1404 541 1464 immutatio.

185 1484 214 1541 9.
252 1479 311 1538 Sed
331 1477 378 1539 bic
398 1480 545 1540 difficilior
564 1482 694 1560 quaestio
716 1478 862 1538 exoritur:
894 1479 964 1552 Quo
989 1476 1058 1537 iure
1078 1474 1235 1538 communis

108 1552 147 1613 sit
164 1550 261 1632 impiis
281 1555 417 1616 etaDeo
437 1557 595 1617 maledictis
617 1554 802 1626 resurrectio,
822 1574 894 1632 quae
914 1548 1236 1633 singulareestcbsieti

109 1628 294 1690 beneficium.
343 1631 456 1692 Scimus
476 1654 578 1693 omnes
597 1634 627 1692 in
648 1633 739 1691 Adam
760 1630 849 1689 morti
869 1629 957 1688 seinse
975 1630 1139 1689 addictos:
1168 1626 1236 1687 serit

109 1704 244 1767 Christus
263 1710 437 1769 resurrectio
458 1720 487 1767 ct
506 1710 563 1769 vita
583 1709 810 1784 (10.11‚25.):
836 1726 873 1765 au
898 1716 931 1763 ut
956 1705 1133 1783 promiscue
1151 1714 1235 1765 totu

109 1800 202 1861 genus
228 1781 384 1843 bumanum
408 1785 552 1845 vivificet?
590 1785 649 1843 Sed
670 1785 738 1862 quid
759 1784 854 1840 minus
873 1794 1133 1855 consentaneum,
1158 1800 1233 1861 qen

110 1876 162 1917 eos
181 1858 211 1916 in
232 1858 376 1920 obstinata
396 1882 446 1920 sua
466 1861 608 1920 coecitate
628 1858 779 1936 consequi,
800 1858 879 1935 quud
899 1856 960 1919 sola
983 1857 1044 1915 bde
1065 1866 1234 1949 recuperant

107 1931 394 2071 nescu:
575 1932 1012 2071 *muscosus
1042 1930 1234 2069 :suu

241 2033 249 2069 ι
328 2033 634 2071 rsurrcronme
721 2033 735 2069 r

109 2102 201 2165 agnos
221 2085 256 2144 ab
279 2086 380 2147 hoedis
400 2088 515 2163 (Matth.
534 2056 589 2157 25⁵,
608 2091 682 2162 32).
721 2085 914 2164 Respondes,
934 2104 996 2143 non
1018 2030 1182 2145 debonis·
1225 2084 1232 2097 ⁸

107 2170 169 2220 tam
197 2161 364 2234 insolitum,
394 2166 473 2222 cuius
502 2164 718 2223 similitudinem
747 2162 777 2219 in
805 2160 977 2240 quotidiano
1005 2182 1062 2221 usu
1090 2160 1232 2223 ceruim-

107 2236 172 2296 Nos
191 2237 280 2297 totius
300 2239 400 2298 mundi
420 2239 597 2300 haereditate
617 2241 721 2300 scimus
742 2238 774 2296 in
795 2238 887 2295 Adam
908 2236 995 2295 luisse
1017 2236 1172 2315 privatos:
1189 2246 1231 2299 oe

107 2311 203 2371 minus
222 2333 313 2403 sequa
332 2315 446 2376 ratione
466 2315 502 2374 ab
522 2316 664 2375 alimentis
676 2314 878 2375 communibus
899 2334 952 2372 uos
972 2314 1083 2387 arceri,
1104 2308 1232 2395 quamsi

109 2406 160 2446 esu
180 2387 292 2449 arbona
311 2390 397 2450 vitae.
442 2392 529 2451 Unde
548 2393 638 2473 igitur
657 2392 690 2451 fit
709 2403 741 2448 ut
760 2390 840 2448 Deus
861 2410 921 2448 non
941 2388 1040 2455 solum
1060 2390 1142 2451 oriri
1159 2388 1231 2451 fuiti

108 2460 201 2522 solem
221 2486 303 2523 suum
323 2487 411 2544 super
430 2467 525 2527 bonos
545 2482 574 2527 et
595 2467 696 2537 malos,
714 2466 765 2527 sed
778 2466 874 2555 quoad
892 2465 1057 2543 praesentis
1068 2465 1152 2527 ritae
1168 2478 1230 2535 111,

109 2537 326 2600 inaestimabilis
357 2543 417 2600 eius
442 2543 597 2603 liberalitas
624 2544 703 2624 larga
730 2562 765 2601 co
789 2564 814 2600 sa
839 2542 950 2600 assidue
976 2540 1136 2617 prolluat?
1169 2540 1230 2601 llbt

109 2626 190 2673 certe
210 2619 426 2695 cognoscimus,
446 2639 519 2697 quae
539 2621 657 2698 propria
678 2630 745 2680 sunt
766 2564 874 2677 burins
894 2630 925 2674 et
945 2618 1157 2679 membrorum
1174 2616 1230 2689 ὼ,

108 2690 145 2751 ad
163 2691 396 2772 impiosquoque
416 2696 581 2754 exundare:
596 2717 655 2755 non
678 2708 709 2754 ut
729 2696 854 2774 legitima
875 2695 912 2751 sit
932 2694 1098 2771 possessio,
1119 2694 1170 2755 sed
1183 2708 1228 2771 pas

108 2768 200 2847 magis
220 2769 379 2830 reddantur
403 2771 625 2831 inexcusabiles:
649 2772 690 2831 sic
710 2772 804 2828 Deum
830 2770 909 2848 impii
934 2788 1024 2847 saepe
1051 2770 1229 2851 experiuntur

109 2841 290 2921 beneficum,
321 2866 382 2905 non
402 2848 569 2929 vulgaribus
590 2847 785 2920 documentis,
817 2846 868 2905 sed
888 2864 962 2924 quae
990 2866 1102 2906 omnes
1130 2847 1228 2926 pior-

109 2916 332 2982 benedietiones
352 2923 496 2983 interdum
518 2925 690 2997 obscurent,
720 2923 774 2981 illis
798 2933 895 2979 tamen
918 2920 1028 2979 cedant
1047 2922 1081 2985 in
1104 2924 1227 2983 maiore!

109 2993 333 3056 damnationem.
352 3031 392 3045 -
420 3001 452 3059 Si
469 3005 532 3078 quis
553 3001 674 3078 excipiat
692 2998 806 3058 caducis
826 3010 856 3055 et
874 2997 1000 3056 terrenis
1021 2996 1179 3057 beneflciis
1193 3012 1229 3055 rt·

108 3073 321 3132 surrectionem
345 3096 406 3135 non
431 3089 498 3154 apte
518 3077 663 3136 conferri:
689 3075 734 3134 bic
774 3094 870 3152 noque
891 3074 1083 3151 respondeo,
1112 3074 1163 3135 ubi
1182 3069 1229 3153 pel·

110 3166 189 3204 nrum
209 3148 325 3209 alienati
343 3164 410 3211 sunt
432 3173 447 3211 a
464 3153 530 3210 Deo
551 3154 625 3211 vitae
646 3152 738 3225 sonte,
754 3096 869 3210 lishon
888 3152 1040 3208 interitum
1061 3150 1157 3211 fuisse
1174 3166 1227 3229 pn·

109 3224 244 3296 meritos,
275 3248 333 3360 spuo
360 3249 475 3317 prorsus
502 3228 704 3287 abolerentur:
737 3226 895 3316 admirabili
915 3238 1013 3315 tamen
1035 3225 1099 3285 Dei
1121 3220 1229 3316 pontifi

106 3304 646 3451 ἷῖἄῖἶὲῗίἱωῗὲῗξς[35131αέὲῖῖέῗέ
664 3315 912 3439 desistet}
926 3308 1231 3455 ttss‘s'ss'ltst'tttd

109 3452 312 3588 libili&
328 3454 1232 3591 ‘s‘dsttl“ltttlllllttt‘‘tlttttdb't'tl‘ss

107 3621 218 3679 poenas
237 3625 306 3665 suae
326 3610 524 3669 contumaciae
544 3609 638 3668 daturi
659 3630 757 3668 coram
783 3553 877 3666 iiidice
895 3575 1092 3687 bisterentur,
1114 3572 1231 3667 euilrsia

107 3698 138 3736 se
154 3680 316 3740 vindictam
335 3683 398 3742 sine
417 3684 475 3743 bne
496 3696 526 3745 et
545 3686 633 3744 modo
655 3695 858 3763 provocarunt.
898 3684 1059 3743 Caeterum
1075 3698 1231 3763 quauqu

107 3755 267 3815 tenendum
280 3758 359 3836 quod
381 3760 508 3833 diximus,
528 3773 557 3819 ct
577 3762 655 3840 quod
675 3760 797 3820 celebris
817 3759 865 3818 illa
887 3758 966 3817 l'auli
988 3750 1232 3839 consessio-apul

106 3828 235 3889 Felicem
255 3834 403 3908 continet,
427 3858 458 3895 se
483 3837 608 3896 suestram
633 3848 797 3915 exspectare
822 3836 1070 3895 resurrectionem
1098 3836 1232 3895 instem

107 3916 138 3965 et
157 3906 195 3965 im
219 3908 313 3967 iorum
334 3911 558 3990 (Act.2d,15.):
579 3916 690 3993 saepius
710 3924 805 3970 tamen
825 3912 967 3990 scriptura
987 3912 1231 3971 resurreccione·

106 3982 176 4044 solis
195 3928 253 4075 liei
276 3984 341 4046 filiis
361 4009 416 4047 uua
438 4012 502 4047 cum
528 3989 648 4050 coelesti
672 3988 765 4070 gloria
797 3988 949 4067 proponit:
980 3986 1142 4064 quianon
1160 3982 1233 4075 real

107 4078 161 4136 pro
186 4080 228 4119 ne
248 4061 381 4124 Christus
405 4065 435 4123 in
465 4067 564 4126 mundi
585 4068 717 4139 exitium,
746 4065 797 4124 sed
822 4065 852 4123 in
878 4061 1010 4123 sulutem.
1061 4062 1144 4123 Ideo
1163 4074 1231 4123 etn

106 4080 242 4213 symbolo
260 4137 323 4198 sola
343 4138 378 4198 bt
395 4142 507 4201 mentio
528 4141 631 4201 beatae
649 4142 734 4201 vitae.

180 4216 229 4276 10.
268 4214 419 4288 Quoniam
450 4229 548 4277 autem
580 4230 641 4277 tum
666 4218 780 4277 demum
812 4214 979 4295 implebitur
1009 4212 1176 4296 prophetia
1200 4210 1231 4271 de

102 4282 242 4367 ²¹)me
272 4309 327 4372 per
354 4292 504 4356 sidonam
534 4307 629 4357 morte
653 4293 742 4373 (Hos
762 4299 815 4367 13,
833 4293 911 4370 td),
938 4309 1060 4372 semper
1090 4286 1229 4355 nobiti!
