2700 4732
87 214 143 281 ,al
337 204 340 209 ’
466 204 541 265 tht.
561 204 616 264 ΙΙΙ.
655 206 743 267 Cdl’.
763 206 846 266 Xlll.

104 354 150 429 (ia
172 350 219 412 uit
239 350 457 425 Rom.d,1‹t.)
485 350 640 431 promissio
673 350 873 418 baereditatis,
904 350 1049 413 exinanita
1079 364 1125 415 eat
1147 352 1229 427 fides,

104 374 214 490 abdlita
233 424 480 519 lat-promissio.“
518 426 602 487 Prius
620 426 723 498 iulert,
743 427 914 487 exinanitam
935 439 964 486 et
983 442 1151 491 evacuatam
1163 445 1230 491 jesse

105 509 210 578 fidam,
239 506 263 566 si
292 504 418 565 institiae
441 505 594 585 promissio
619 525 741 583 operum
767 516 935 563 nostrorum
963 506 1068 567 merita
1087 506 1230 594 respiciat,

106 596 156 644 aut
175 604 208 641 cs
227 582 314 663 Legis
335 581 537 640 observatione
558 581 690 661 pendeat.
738 582 893 659 Nunquam
920 581 997 639 euim
1024 582 1053 641 ia
1075 603 1109 642 ea
1130 604 1230 644 secure

106 660 292 739 acquiescere
321 657 471 749 quisquam
500 668 613 737 posset:
648 656 765 735 quando
796 678 866 715 aura
879 678 942 715 uam
969 658 1097 718 loturum
1119 672 1176 731 est,
1200 672 1231 719 ut

106 748 187 797 certo
208 735 283 815 apud
304 756 335 793 sc
355 754 503 813 quisquam
523 744 629 791 statuat
647 753 678 791 se
697 734 769 813 Legi
789 679 974 807 satisdacisse,
1004 748 1036 794 ut
1063 746 1147 795 certe
1166 736 1229 795 aul-

107 812 150 872 lus
170 832 297 890 unquam
319 830 370 887 per
382 830 479 888 opera
499 807 586 887 pleae
605 809 750 869 satisfacit.
790 809 881 869 Cuius
902 813 943 869 rei
963 830 1002 869 ne
1021 809 1112 893 longe
1129 824 1230 891 petau-

80 893 155 947 'tur
174 887 352 959 testimonia,
377 886 431 945 sibi
450 886 572 965 quisque
592 886 673 944 testis
693 905 755 945 esse
775 897 885 965 potest,
918 888 967 963 qrri
988 910 1018 945 se
1039 900 1123 947 recto
1144 886 1230 948 oculo

55 1036 58 1041 Ι
107 964 213 1024 intueri
234 964 322 1023 solet.
361 962 458 1053 Atque
478 961 545 1020 binc
565 973 695 1041 apparet,
722 966 750 1019 in
764 984 849 1038 quam
871 965 1033 1041 prut'urulos
1053 984 1183 1024 recessus
1202 974 1230 1023 et

105 1040 308 1099 tenebricosos
338 1037 488 1098 bominum
513 1050 625 1097 ruentes
651 1037 781 1097 defodiat
806 1039 842 1099 bv
865 1039 979 1109 oerisis,
1008 1039 1076 1099 dum
1101 1052 1162 1099 tam
1187 1060 1230 1101 se·

106 1136 176 1177 cure
196 1115 250 1175 sibi
270 1114 434 1191 indulgent,
452 1125 485 1172 ut
506 1135 659 1192 opponere
677 1136 742 1173 suas
762 1103 833 1174 blan'
852 1116 915 1173 itias
940 1138 999 1175 raon
1020 1115 1158 1175 dubitent
1178 1116 1230 1175 tta·

105 1192 231 1253 iudicio:
253 1192 333 1269 quasi
354 1191 491 1250 iustitium
512 1190 656 1269 quoddam
684 1190 726 1249 illi
757 1189 929 1251 indicerent.
980 1191 1094 1250 l'idales
1126 1204 1231 1264 autem,

108 1270 158 1347 qui
179 1269 292 1327 sincere
313 1287 343 1325 se
364 1267 441 1359 ipsos
461 1266 631 1333 errcrrtiunt,¹
655 1266 744 1347 longe
764 1268 818 1326 alia
843 1268 1009 1327 sollicitudo
1031 1269 1115 1349 angit
1135 1278 1166 1327 et
1183 1289 1231 1329 ea-

106 1346 226 1405 oruoiat.
265 1343 359 1423 igitur
377 1366 407 1402 ra
427 1342 556 1401 omnium
577 1344 688 1401 animos
708 1344 817 1402 subiret
836 1350 960 1423 primum
988 1344 1158 1414 haesitatio,
1182 1346 1231 1403 de·

106 1444 185 1480 mum
207 1432 236 1479 et
256 1421 436 1499 desperatio:
459 1418 527 1477 dum
548 1439 603 1498 pru
623 1439 654 1477 se
673 1421 794 1498 quisque
813 1422 1000 1493 subduceret,
1019 1432 1129 1499 (quauta
1142 1420 1232 1481 debiti

106 1498 186 1557 mole
205 1496 297 1555 adbuc
318 1506 522 1574 premeretur,
546 1514 690 1573 quamque
714 1493 802 1573 louge
826 1497 945 1556 distaret
965 1496 1000 1555 ab
1021 1496 1158 1578 imposita
1178 1497 1231 1557 sibi

106 1574 300 1634 conditione.¹
324 1575 369 1633 En
378 1573 437 1631 iam
451 1591 617 1650 oppressam
631 1572 854 1651 exstinctamque
875 1574 975 1631 fidem:
996 1594 1056 1631 non
1077 1573 1157 1633 enim
1177 1574 1233 1633 llu-

107 1650 208 1724 ctuari,
227 1648 354 1721 uariare,
371 1669 484 1709 sursum
505 1648 638 1707 deorsum
661 1647 745 1717 lerri,
766 1648 916 1721 lraesitare,
934 1670 1103 1728 suspensum
1126 1650 1232 1723 teucri,

105 1727 254 1798 vacillare,
281 1727 434 1805 desperare
455 1726 595 1803 denique,
621 1724 710 1782 sidere
730 1736 786 1783 est:
818 1726 867 1785 sed
888 1726 1231 1786 constanti-certitudine

107 1826 141 1863 ao
160 1804 250 1863 solida
277 1803 432 1861 securi-tate
456 1802 583 1859 animum
610 1801 780 1875 obfirmare,
813 1801 977 1882 habereque
1007 1802 1058 1861 ubi
1083 1803 1232 1863 recumbas

105 1900 140 1940 ac
159 1881 263 1961 pedem
285 1878 364 1957 ligas.

182 1964 210 2017 d.
247 1954 380 2013 Alterum
404 1973 524 2033 quoque
542 1952 693 2031 arlirnrgit,
718 1953 824 2013 irritam
851 1966 881 2013 et
906 1954 1054 2013 evanidam
1077 1954 1145 2013 lore
1163 1974 1229 2035 pro·

104 2032 281 2093 missionem.
321 2031 353 2089 Si
380 2031 456 2089 enim
483 2030 543 2089 eius
568 2029 847 2107 etrsrrplcmentuma
868 2044 969 2089 nostro
996 2032 1102 2089 raserito
1123 2032 1226 2111 depett·

106 2111 171 2183 det,
191 2106 308 2187 quando
329 2108 443 2165 tandem
462 2106 518 2165 bue
536 2118 653 2165 ventum
676 2106 773 2178 snserit,
794 2108 892 2165 utllei
913 2106 1137 2167 beneficentiam
1161 2128 1226 2187 pro·

104 2185 288 2245 mereamur?
309 2183 388 2255 Quin
404 2183 490 2241 etiam
500 2182 657 2241 secundnm
678 2184 753 2241 istud
774 2184 933 2241 membrum
955 2204 987 2239 ea
1006 2184 1108 2263 priore
1130 2204 1228 2243 conse·

106 2262 218 2341 quitur:
249 2260 390 2337 siquidem
423 2280 483 2317 non
515 2258 683 2338 implebitur
725 2261 867 2330 romissio,
887 2259 940 2317 nisi
962 2262 993 2317 iis
1014 2260 1063 2337 qni
1085 2259 1227 2319 fidemilli
1272 2283 1274 2306 ι

105 2336 269 2397 laabrremot.
309 2334 444 2413 Collapsa
465 2334 553 2415 igitur
572 2335 644 2408 sale,
666 2282 742 2395 nulla
763 2337 803 2395 uis
824 2335 1021 2413 promissionis
1043 2336 1237 2397 residuaeiit:

105 2414 199 2487 „ldeo
214 2410 314 2471 aalide
328 2412 499 2481 haereditas,
520 2422 552 2470 ut
563 2414 720 2471 secundina
742 2414 873 2492 gratiana,
892 2412 927 2469 aul
947 2412 1150 2473 stabiliendam
1156 2433 1225 2505 pru·

104 2488 300 2549 missioneaa.“
319 2488 445 2547 Abunde
465 2488 541 2547 anim
561 2488 730 2547 ersnfirmata
751 2500 804 2561 est,
825 2488 890 2547 rlnrn
907 2489 968 2547 sola
991 2488 1045 2547 l)ei
1065 2488 1227 2549 misericor·

106 2566 151 2625 dia
177 2566 292 2623 nititur:
325 2564 390 2643 quia
416 2576 558 2643 perpetuo
584 2584 657 2624 aean
682 2566 855 2623 etstaiunctae
878 2577 945 2624 narrat
965 2564 1048 2623 :inter
1068 2586 1099 2623 se
1119 2566 1226 2626 miseri·

106 2642 205 2701 cordio
218 2654 247 2700 ot
260 2642 374 2712 veritas,
389 2640 445 2700 boc
457 2653 511 2709 est,
531 2659 720 2718 quaecunque
732 2641 1054 2700 l.)eus·nri.rericorditer
1065 2640 1227 2719 pollicetur,

104 2719 230 2779 bdeliter
250 2738 368 2797 quoqne
389 2728 523 2796 praestat.
564 2716 614 2774 Sic
634 2718 763 2789 David,
794 2730 947 2796 antequam
975 2716 1094 2776 salutem
1119 2718 1176 2779 sibi
1196 2740 1227 2776 ea

104 2795 161 2854 Dei
182 2794 301 2873 eloquio
324 2792 467 2874 postulet,
499 2814 608 2851 causant
630 2794 753 2871 primurn
773 2796 874 2853 statuit
893 2795 922 2851 in
944 2794 1004 2853 eius
1023 2792 1226 2854 misericordia.

105 2874 257 2946 „Veniant
287 2871 397 2949 (inquit
420 2870 465 2927 Ps.
488 2877 555 2942 llll,
587 2876 648 2945 76.)
677 2870 712 2928 ad
738 2890 784 2928 me
804 2870 1018 2930 nrisericordiae
1041 2882 1126 2943 tuae,
1155 2870 1226 2931 solus

105 2962 154 3008 tna
175 2948 332 3007 secundam
364 2946 512 3023 eloquium
544 2952 661 3003 tuum.“
718 2946 756 3003 lfa
783 2947 904 3005 merito:
936 2947 1001 3023 quia
1028 2966 1088 3005 noo
1114 2945 1226 3007 aliunde

105 3026 140 3085 ad
162 3024 391 3103 promittendum
417 3024 563 3081 inducitur
584 3024 672 3093 llens,
698 3022 750 3082 nisi
771 3044 803 3080 ea
824 3044 901 3081 mera
926 3022 1135 3081 nrisericordia.
1173 3022 1226 3081 lta·

106 3121 163 3179 que
184 3102 229 3160 laic
248 3121 328 3179 spera
349 3110 440 3157 totam
460 3100 561 3158 sistere
581 3101 718 3158 corrsenit
737 3112 767 3157 et
787 3098 865 3157 velat
885 3098 1149 3189 profunde-litere,
1168 3118 1226 3157 aou

106 3188 269 3256 respectare
289 3177 325 3233 ad
346 3187 445 3233 nostra
466 3194 564 3253 opera,
585 3196 643 3251 qno
664 3175 769 3234 axillis
790 3174 947 3232 subsidann
968 3121 1086 3252 aliquod
1106 3188 1227 3254 petatur.

106 3252 156 3311 Sic
177 3264 207 3310 et
225 3252 449 3332 Augustinus
470 3251 613 3330 agendum
636 3252 789 3330 praeripit:
812 3271 848 3308 ne
869 3251 914 3309 laic
934 3272 1041 3309 novum
1062 3251 1170 3329 aliquid
1188 3250 1227 3311 di·

106 3348 173 3388 cere
193 3350 247 3387 nos
268 3341 359 3406 putes.
398 3328 453 3399 „ln
475 3340 623 3384 aeternum
645 3329 755 3405 (inquit
774 3328 802 3385 in
824 3328 870 3385 Ps.
890 3332 936 3390 88.
959 3340 1041 3385 tract.
1061 3330 1105 3402 1.)
1127 3348 1227 3409 regua·

105 3404 171 3479 „bit
190 3403 323 3465 Christus
343 3403 371 3461 in
393 3405 481 3463 seruis
500 3402 566 3462 suis.
608 3404 672 3463 lloc
693 3404 826 3482 promisit,
845 3405 938 3475 Deus,
971 3402 1026 3461 boo
1046 3404 1117 3463 dixit
1136 3404 1228 3463 Deus:

105 3481 272 3559 „siparum
294 3491 351 3551 cst,
372 3478 428 3537 hoo
453 3478 554 3538 iurauit
575 3480 663 3537 lteus.
696 3482 773 3553 Quia
794 3500 864 3559 ergo
887 3502 945 3539 aon
958 3480 1118 3539 secundum
1130 3480 1228 3539 merita

107 3568 243 3633 „uostra,
270 3556 319 3615 sed
350 3556 507 3615 secundum
529 3554 602 3613 illius
626 3557 850 3614 nris-airordian
878 3557 956 3615 firma
987 3568 1030 3614 est
1062 3557 1227 3634 promissio:

105 3654 213 3709 „nemo
229 3631 392 3691 debetcum
404 3632 597 3711 trepidatione
631 3634 785 3702 racdirare,
805 3634 841 3690 de
861 3654 920 3711 qno
941 3654 1001 3691 nun
1028 3645 1127 3709 potest
1144 3633 1228 3692 dnbi-

106 3715 218 3785 „tare.“
238 3708 448 3767 lleraarrlus
467 3728 585 3785 quoqne
607 3654 652 3787 ll¹¹
665 3710 756 3767 dedic
769 3708 869 3787 templi
882 3708 1037 3787 seena.5·]:
1059 3710 1157 3783 „Quis
1178 3730 1228 3801 po·

104 3788 195 3861 „terit
205 3783 297 3847 salvus
312 3782 392 3843 esse?
411 3784 510 3843 dicunt
526 3785 656 3863 discipuli
668 3785 785 3844 (Ita-isti.
806 3785 914 3855 altillo,
935 3786 1019 3863 Apud
1035 3786 1228 3845 laominesrar·

105 3862 264 3944 „possibile
276 3860 332 3920 boc
347 3872 400 3935 est,
410 3860 460 3919 sed
475 3881 535 3919 non
546 3862 620 3938 apud
630 3862 733 3920 lleum.
755 3862 834 3919 llaec
844 3875 907 3919 tata
924 3863 1025 3921 salucia
1037 3873 1148 3933 nostra,
1161 3862 1227 3921 bace

104 3942 212 4015 „uaira
221 3936 540 4009 consolatio,baeetota
554 3937 627 3995 ratio
635 3940 696 4017 spei
705 3951 835 3997 nostrae:
848 3940 897 3997 sed
912 3938 947 3995 de
961 3937 1153 4016 possibilitate
1166 3958 1227 3997 cer-

104 4017 158 4092 „ti,
170 4016 205 4075 do
218 4013 369 4075 voluntate
379 4014 447 4093 quid
460 4013 586 4094 agionis?
606 4016 702 4087 „Quis
713 4016 767 4073 scit
777 4037 811 4073 an
825 4016 894 4073 odio
902 4014 1051 4073 velannore
1065 4014 1228 4095 dignussit'l

104 4091 366 4170 „(Eecles.9,1.).
407 4089 482 4164 Quis
502 4090 641 4170 cognovit
659 4112 773 4149 sensum
793 4090 924 4164 Domini,
943 4102 992 4149 aut
1012 4091 1076 4170 quis
1096 4090 1229 4149 consilia·

103 4169 185 4244 „rius
205 4168 266 4227 eius
287 4166 359 4227 luit?
379 4164 419 4243 (l.
432 4166 502 4226 Cor.
521 4172 551 4240 2,
571 4168 644 4241 16.).
680 4167 736 4225 llic
762 4168 818 4226 iam
845 4167 930 4246 plane
950 4167 1035 4225 sidem
1057 4166 1142 4226 nobis
1159 4165 1230 4225 sub-

105 4245 225 4317 „venire
246 4261 363 4303 neeesse
383 4254 442 4301 est:
464 4242 509 4302 hic
530 4252 650 4331 oportet
668 4262 836 4301 succnrrere
857 4244 1022 4302 veritatem:
1042 4254 1076 4301 ut
1094 4244 1173 4321 quod
1194 4244 1229 4299 do

103 4319 215 4397 „nobis
234 4320 305 4378 latet
323 4320 353 4377 in
373 4318 464 4377 corde
482 4319 593 4387 Patras,
623 4320 836 4397 perspiritum
863 4318 1023 4393 reveletur,
1055 4331 1085 4378 et
1104 4318 1228 4397 Spiritus
