2700 4732
103 204 163 269 affl
490 195 567 260 tut.
587 194 646 260 111.
664 288 669 303 Ι
686 197 775 261 CAP.
797 198 854 259 111.
898 212 906 225 “

105 344 209 419 Quare
228 341 280 405 nbi
322 351 489 402 erratorum
508 341 712 403 remissionem
731 341 824 403 ollert
842 342 934 418 Dens,
954 340 1185 422 resipiscentiam
1202 342 1245 404 ri·

104 420 198 485 mrim
218 362 349 500 stipubri
369 417 432 479 lere
449 416 539 493 solet,
556 419 683 481 innuens
700 439 781 481 snam
793 418 1036 496 misericordiam,
1054 416 1245 501 resipiscendi

103 519 219 561 eausam
239 494 408 557 hominibus
432 515 495 555 esse
521 494 641 556 debere.
698 496 838 572 „Facite,
861 495 1017 575 inqnit*),
1047 495 1187 557 iudicium
1213 506 1247 556 et

1 629 3 634 ,
104 574 259 636 iustitiam:
286 575 352 653 quia
376 570 451 631 salus
482 572 758 652 apropinquavit“
808 573 900 633 Item:
929 572 1061 646 „Veniet
1083 572 1170 632 Sinni
1189 591 1247 639 ‚re-

106 653 255 732 demptor,
275 663 305 711 et
324 649 359 709 iis
401 649 431 707 ui
448 646 478 707 in
491 592 583 708 licob
596 651 771 729 resipiscunt
783 668 800 708 a
812 650 969 730 peccatis.“
1006 648 1098 709 Item:
1118 648 1248 724 „Quae-

103 729 163 789 rite
182 727 356 799 Dominum,
376 668 444 783 dum
466 725 589 784 inveniri
610 737 725 805 potest,
744 725 880 786 invocate
900 746 966 784 eum
987 724 1056 785 dum
1077 740 1172 806 prope
1191 737 1249 785 est.

103 804 301 883 Derelinqnat
321 801 425 881 impius
437 801 512 861 viam
533 823 625 879 suam,
646 813 676 862 et
695 801 878 880 iniquitaten:
891 802 1106 884 cogitationum
1116 822 1248 877 suarum,

104 880 191 943 etad
212 879 373 940 Dominum
394 888 597 938 convertatur:
624 890 654 937 et
673 877 860 938 miserebitur
880 879 975 939 cius.“
1021 878 1111 939 Item:
1136 876 1249 954 „Com-

103 955 269 1029 vertimini,
289 967 319 1017 et
337 953 515 1033 resipiscite,
534 966 568 1014 ut
586 954 739 1015 deleantur
758 967 879 1034 peccata
898 959 1023 1014 vestra.“
1061 952 1123 1015 Ubi
1141 966 1245 1015 tamen

104 1033 306 1095 annotandum
319 1043 373 1104 est,
392 1049 455 1090 non
475 1050 537 1091 eam
551 1030 754 1092 conditionem
773 1028 822 1092 sicx
834 1031 956 1112 apponi,
969 1030 1049 1111 qnasi
1069 1031 1249 1093 emerendae

103 1109 207 1171 veniae
228 1108 450 1168 fundamentum
470 1107 508 1167 ait
527 1120 629 1168 nostra
647 1107 863 1199 resipiscentia:
891 1108 961 1188 quin
987 1108 1086 1187 potins
1110 1108 1195 1187 (qnia
1214 1108 1248 1169 in

103 1186 184 1248 hunc
205 1184 292 1245 inem
312 1182 463 1243 bominum
482 1182 613 1244 misereri
632 1195 735 1244 statuit
753 1183 899 1245 Dominus
919 1195 951 1244 ut
969 1183 1158 1264 resipiscant)
1181 1204 1246 1265 quo

104 1264 145 1325 sit
162 1261 344 1322 tendendum
364 1259 484 1334 indicat,
501 1260 526 1320 si
545 1261 668 1342 gratiam
689 1259 826 1321 obtinere
844 1258 957 1321 volunt⁴
995 1260 1128 1322 Proinde
1147 1259 1248 1335 donec

86 1342 135 1400 'in
157 1357 276 1400 earcere
296 1335 430 1416 eorporis
450 1338 545 1396 nostri
566 1334 774 1414 habitabimus,
795 1337 908 1397 assidue
928 1336 1017 1399 nobis
1035 1357 1101 1397 cnm
1122 1348 1248 1399 natnne

105 1426 225 1478 nostrae
245 1434 332 1474 corrn
356 1425 403 1472 tae
421 1411 499 1473 vitiis
518 1412 687 1472 luctandum
707 1424 765 1489 est,
790 1414 924 1492 adeoque
944 1435 1009 1475 cum
1037 1413 1162 1474 naturali
1187 1433 1248 1475 no·

105 1504 165 1553 stra
184 1492 286 1551 anima.
356 1488 406 1549 icit
424 1484 579 1568 aliquoties
596 1487 683 1549 Plato
695 1489 761 1567 **),
779 1489 870 1549 vitam
881 1488 1055 1570 Philosophi
1074 1489 1248 1553 meditatio-

105 1589 174 1631 nem
196 1586 258 1628 esse
279 1566 390 1626 mortis.
433 1564 540 1627 Verius
560 1565 646 1626 nobis
667 1567 765 1627 «licere
784 1565 873 1640 licet,
897 1568 985 1626 vitam
1007 1566 1169 1627 Christiani
1188 1566 1247 1627 ho-

10 1694 15 1709 .
59 1647 61 1651 ’
104 1646 191 1705 minis
211 1654 386 1725 perpetuum
399 1660 461 1703 esse
480 1641 608 1702 studium
630 1653 661 1702 et
679 1642 920 1704 exercitationem
940 1643 1161 1703 mortificandae
1180 1662 1246 1703 car-

107 1723 163 1796 nis,
182 1720 279 1781 donee
299 1739 333 1779 ea
353 1716 440 1798 plane
459 1718 634 1798 interempta
664 1718 793 1810 Spiritds
809 1719 867 1778 Dei
888 1739 1011 1801 regnum
1032 1720 1061 1778 in
1081 1719 1170 1781 nobis
1189 1717 1249 1781 ob·
1284 1744 1287 1748 ·

104 1801 208 1859 tineat.
247 1797 349 1871 Quare
368 1794 451 1854 illum
469 1794 598 1855 arbitror
618 1761 775 1876 plurimum
796 1794 971 1876 proiecisse,
997 1796 1047 1875 qui
1070 1795 1126 1856 sibi
1151 1794 1248 1876 pluri·

105 1896 185 1935 mum
206 1872 362 1952 displicere
382 1870 498 1931 didicit:
520 1892 581 1933 non
603 1885 635 1932 nt
655 1873 685 1931 in
707 1871 763 1932 hoc
783 1871 846 1933 luto
867 1872 995 1945 haereat,
1015 1892 1071 1933 nee
1083 1872 1162 1933 ultra
1173 1892 1246 1951 pro·

105 1951 273 2033 gratiane,
298 1947 350 2009 sed
376 1948 465 2030 magis
485 1959 518 2009 ut
537 1947 573 2008 ad
592 1948 692 2008 Deum
712 1949 833 2009 lestinst
852 1961 882 2008 et
900 1949 1041 2028 suspiret:
1073 1968 1134 2039 quo
1154 1949 1247 2011 morti

104 2029 242 2106 vitaeque
263 2025 375 2086 Christi
395 2024 537 2100 insertus,
569 2037 741 2106 perpetuam
766 2026 980 2106 poenitentiam
1008 2026 1181 2086 meditetur:
1212 2037 1248 2087 ut

106 2117 188 2164 certe
209 2123 269 2162 non
290 2101 376 2162 aliter
403 2113 540 2180 possunt,
571 2123 646 2181 quos
674 2105 836 2184 genuinum
864 2102 976 2183 peccati
1010 2102 1111 2162 odium
1145 2113 1246 2163 tenet:

104 2201 195 2241 nemo
216 2180 295 2239 enim
315 2190 467 2258 peccatum
479 2199 606 2257 unquam
619 2177 683 2239 odit
696 2179 757 2239 nisi
777 2179 856 2257 prius
876 2179 1002 2251 iustitiae
1021 2198 1121 2239 amore
1133 2189 1248 2275 captus.

31 2324 34 2331 1
106 2258 189 2319 llaec
208 2256 371 2331 sententia,
394 2264 425 2313 ut
445 2265 508 2313 erat
526 2255 738 2333 simplicissima
757 2257 906 2332 omnium,
926 2258 964 2316 ita
976 2255 1058 2339 ’ibi
1078 2278 1146 2317 eum
1166 2256 1248 2317 beri·

105 2346 211 2413 pturae
232 2332 353 2391 veritate
374 2331 487 2421 optime
507 2332 675 2390 consentire
696 2333 756 2394 visa
776 2343 827 2391 est.

184 2415 231 2472 21.
269 2408 366 2467 Porro
386 2405 534 2488 singulare
554 2428 616 2467 esse
636 2408 695 2468 Dei
716 2409 826 2470 donum
847 2409 1072 2487 poenitentiam,
1091 2409 1192 2471 notius
1212 2428 1249 2469 er

106 2487 259 2566 superiore
280 2484 413 2545 doctriua
433 2503 496 2543 esse
527 2483 674 2560 arbitror,
700 2506 786 2564 quam
812 2496 846 2545 ut
864 2483 986 2566 longum
1012 2505 1179 2546 sermonem
1200 2506 1250 2547 re·

106 2576 207 2624 texere
226 2562 301 2641 hpus
321 2561 369 2621 sit.
391 2562 514 2639 ¹Itaque
533 2560 710 2620 heneficium
730 2562 786 2621 Dei
806 2560 915 2635 laudat,
935 2573 965 2621 et
984 2563 1106 2622 miratur
1125 2561 1249 2624 ecclesia

57 2687 59 2691 a
131 2640 188 2700 uod
197 2637 343 2698 Gentibus
352 2636 468 2696 dederit
478 2636 691 2717 poenitentiam
699 2638 734 2697 ad
745 2637 1092 2718 salutem(llct.1l,18.)‚
1103 2639 1249 2700 etPanlua

107 2662 301 2777 limaturam
310 2714 366 2807 (11,
374 2714 576 2793 apameno.)
590 2707 749 2793 patientem
757 2726 786 2774 et
800 2727 981 2776 mansuetum
995 2736 1064 2808 erga
1075 2714 1258 2797 incredulos·

108 2813 172 2854 esse
185 2791 305 2852 iubens:
325 2790 380 2928 Bbi
392 2790 521 2870 quando,
531 2791 638 2871 inquit,
649 2790 730 2851 Deus
741 2790 796 2852 illis
809 2792 858 2851 det
866 2795 1094 2927 poenitentiam,
1106 2813 1163 2872 qua
1175 2793 1250 2854 resi·

106 2872 222 2952 piscant
242 2890 258 2928 a
278 2868 323 2928 dia
347 2866 388 2928 oli
407 2868 548 2946 laqueis.“
586 2868 723 2928 Alhrmat
734 2868 851 2948 quidem
898 2890 947 2929 eus
967 2890 998 2928 sc
1018 2870 1093 2929 velle
1113 2870 1248 2930 omnium

107 2946 348 3019 conversionem,
373 2955 404 3004 et
423 2943 642 3005 exhortationes
662 2946 861 3005 communiter
880 2945 1019 3006 omnibus
1040 2946 1182 3006 destinat:
1203 2945 1250 3006 el-

106 3022 206 3084 ficacia
226 3033 324 3082 tamen
344 3020 457 3102 pendet
476 3042 491 3081 a
513 3022 628 3102 Spiritu
647 3022 892 3115 regenerationis.
938 3022 1016 3096 Quia
1038 3022 1150 3084 facilius
1171 3032 1250 3083 esset

108 3119 208 3161 creare
228 3119 284 3158 nos
304 3098 456 3171 homines,
485 3119 571 3178 quarn
591 3118 714 3178 proprio
741 3111 833 3158 marte
856 3099 978 3158 induere
1004 3098 1250 3180 praestantiorem
1277 3114 1293 3129 “

108 3189 249 3237 naturam.
294 3175 398 3253 ltaque
423 3185 489 3234 toto
519 3174 749 3256 regenerationis
775 3197 862 3235 cursu
887 3195 948 3236 non
974 3176 1024 3236 abs
1050 3195 1083 3235 re
1108 3195 1251 3241 vocamur

107 3253 186 3329 „Dei
201 3251 385 3332 figmentum,
406 3252 497 3310 creati
517 3253 553 3311 ad
574 3253 655 3312 hona
668 3271 771 3332 opera,
790 3272 865 3331 quae
886 3253 1068 3333 praeparavit
1087 3263 1121 3311 nt
1140 3253 1171 3311 in
1192 3251 1250 3315 allis

107 3328 310 3391 ambulemus“
329 3325 420 3407 (Eph.
439 3333 469 3400 2,
488 3330 560 3402 ab).
601 3328 804 3418 Quoscunque
825 3328 940 3408 eripere
961 3329 1023 3389 vult
1040 3329 1123 3390 Deus
1143 3329 1181 3389 ab
1202 3330 1251 3389 in-

109 3407 215 3478 teritu,
242 3403 296 3463 bos
317 3402 432 3481 Spiritu
456 3405 688 3483 regenerationis
708 3405 849 3464 vivificat:
880 3426 940 3466 non
962 3407 1042 3486 quod
1062 3405 1250 3484 poenitentia

108 3503 164 3563 pro
188 3483 229 3540 rie
249 3480 286 3539 sit
305 3479 405 3540 salutis
425 3501 521 3553 causa,
540 3482 591 3541 sed
604 3482 671 3561 quia
693 3484 748 3542 iarn
759 3482 853 3541 visum
866 3494 919 3556 est,
939 3482 1164 3562 inseparabilem
1186 3500 1250 3542 esse

108 3503 201 3620 abbe
222 3568 253 3616 et
272 3556 472 3617 misericordia
491 3558 563 3617 Dei:
590 3558 725 3638 qnando,
745 3570 820 3616 teste
841 3561 933 3618 Iesaia
953 3564 1023 3638 (59,
1044 3560 1120 3636 20),
1144 3558 1251 3634 „venit

109 3635 195 3696 Sinni
214 3633 402 3713 redemptor,
427 3645 458 3694 et
482 3633 515 3694 iis
536 3635 586 3714 qui
611 3637 640 3696 in
661 3635 753 3695 lncob
778 3637 887 3695 reversi
907 3650 975 3696 sunt
999 3637 1035 3696 ab
1062 3635 1252 3714 iniquitate.“

107 3712 175 3775 Stat
193 3712 313 3791 quidem
334 3710 391 3770 boc
410 3711 543 3787 firmum,
563 3711 731 3792 ubicunque
751 3712 778 3772 vi
802 3724 832 3771 et
849 3712 909 3771 Dei
928 3714 1034 3787 timor,
1054 3713 1199 3793 Spiritum
1221 3712 1252 3772 in

106 3789 230 3850 salutern
242 3786 368 3847 hominis
381 3798 536 3868 operatum
548 3808 618 3848 esse.
646 3791 749 3869 ltaque
763 3730 863 3848 fideles
874 3791 950 3869 apnd
965 3791 1086 3850 lesaiam
1099 3792 1165 3866 (63,
1177 3790 1253 3867 tt),

108 3867 176 3925 dum
198 3876 364 3944 queruntur
383 3875 415 3924 et
434 3864 591 3945 deplorant
608 3885 623 3924 a
639 3866 707 3926 Ileo
727 3886 758 3924 se
778 3865 946 3942 derelictos,
967 3867 1022 3926 hoc
1043 3867 1124 3946 quasi
1144 3885 1253 3946 repro·

106 3943 236 4004 bationis
255 3941 371 4022 signnm
392 3953 518 4020 ponunt,
538 3941 679 4003 obdurata
700 3943 787 4002 luisse
800 3942 936 4003 divinitus
956 3944 1045 4004 eorda
1065 3964 1127 4002 sua.
1166 3944 1253 4022 Apo·

105 4021 198 4082 stolus
224 4037 344 4099 quoque
376 4017 530 4079 excludere
550 4018 652 4080 volens
672 4030 819 4101 apostatas
843 4040 861 4080 a
885 4040 938 4101 spe
957 4018 1076 4096 salutis,
1102 4019 1252 4079 rationem

64 4270 74 4293 l
174 4279 188 4309 ¹⁵
221 4271 327 4335 lesbii,
344 4272 368 4324 1.
393 4269 460 4325 lbid.
476 4269 519 4334 59,
535 4273 577 4326 w.
603 4270 810 4335 lutitant.
831 4269 1151 4341 ncs.2‚38.1bid.3,ttt.

157 4340 185 4369 ¹*
217 4340 247 4393 ld
266 4361 325 4395 cum
345 4340 415 4404 alibi,
432 4353 488 4394 tnm
505 4341 534 4394 in
551 4338 694 4396 Phaedone
712 4342 798 4397 multis
815 4341 937 4412 disputat.
