2700 4732
406 158 975 276 ·'mmmm'

504 470 867 593 canorus

113 689 170 749 De
189 686 369 751 ecclesiae
394 689 612 753 doctoribus
632 704 670 752 et
693 665 891 768 ministris,
917 710 1039 772 eorum
1058 693 1249 772 electione

583 795 618 844 et
642 783 788 847 ollieio.

183 958 271 1014 Partes
297 958 373 1012 huius
393 959 491 1030 Capitis
516 975 581 1014 tres:
605 961 636 1032 1)
652 960 684 1013 ln
700 978 794 1026 genere
811 962 938 1029 quaedam
957 965 991 1016 ds
1008 961 1101 1017 ordisse
1117 918 1249 1030 erilesiae,

112 1047 150 1099 de
165 1044 300 1116 ministerii
318 1044 480 1097 ecclesiastici
496 1047 564 1109 line,
579 1045 701 1109 utilitate,
718 1045 879 1107 necessitate,
900 1046 1021 1111 dignitate
1041 1046 1248 1118 praemittuntur,

111 1142 175 1184 sect·
193 1129 276 1186 1-3.
293 1156 328 1170 ·-
370 1128 402 1197 2)
425 1128 540 1182 Seorsim
564 1129 659 1181 deinde
682 1129 765 1195 agitur
784 1131 817 1182 (le
834 1131 952 1200 personis
968 1130 1110 1186 ministerio
1129 1131 1248 1186 ecclesia·

112 1215 179 1268 stico
196 1212 369 1279 fungentibus,
383 1225 443 1264 sect
460 1213 567 1266 t-ttt.
591 1242 624 1254 —-
657 1211 689 1281 3)
707 1215 731 1267 t
748 1213 848 1269 decima
865 1216 899 1268 ad
914 1216 994 1270 linem
1017 1235 1073 1287 cap.
1090 1217 1124 1273 de
1141 1215 1248 1270 oroma:

112 1298 188 1352 tione
205 1298 246 1352 vel
262 1296 400 1351 vocatione
417 1296 593 1375 ministrorum
608 1297 738 1353 ‚ecclesiae

164 1480 167 1485 ·
190 1470 219 1530 1.
257 1463 320 1524 Iam
340 1464 377 1525 de
396 1462 501 1528 ordine
521 1464 676 1526 dicendum
696 1477 755 1542 est,
779 1487 838 1545 qno
863 1465 1014 1529 ecclesiam
1033 1481 1115 1532 suam
1134 1466 1245 1551 goher-

111 1539 452 1605 narivoluitDominus.
490 1542 620 1602 Tametsi
633 1544 710 1603 enim
729 1541 825 1605 solum
843 1541 937 1623 ipsum
949 1563 1055 1626 regere
1072 1566 1106 1607 ae
1119 1563 1246 1627 regnare

111 1617 146 1679 in
167 1616 305 1692 aeclesia,
324 1619 356 1677 in
376 1638 410 1678 ca
430 1638 548 1697 quoqne
569 1638 700 1698 pracesse
718 1619 766 1680 vel
786 1619 931 1696 eminere,
957 1634 988 1681 et
1011 1621 1167 1701 imperium
1187 1621 1247 1689 hoe

110 1692 180 1757 tolo
208 1695 268 1754 eius
288 1693 378 1754 verbo
404 1697 531 1755 exerceri
559 1708 648 1775 atque
672 1696 867 1756 administrari
885 1708 1024 1776 oportet:
1055 1698 1123 1777 quia
1146 1710 1247 1765 nmen

110 1769 403 1850 risibilipraesentia
423 1772 500 1830 inter
518 1792 574 1847 'nos
594 1793 656 1833 nou
676 1772 797 1844 habitat,
817 1784 850 1831 ut
860 1773 1038 1834 voluntatem
1058 1773 1148 1835 nobis
1163 1790 1244 1834 suam

100 1842 285 1919 lore'coram
310 1846 453 1921 declaret,
476 1847 627 1908 hominum
654 1848 844 1909 ministerium
869 1849 900 1909 in
925 1850 983 1911 hoc
1006 1850 1146 1911 adhihere
1171 1849 1246 1910 dixi·

110 1944 188 1998 mus,
207 1934 237 1982 et
256 1924 337 2002 quasi
354 1924 492 1983 vicariam
512 1944 644 2003 operam,
663 1946 725 1985 non
746 1924 781 1983 ad
802 1945 853 1989 eos
872 1926 916 1986 ius
935 1947 1019 1986 suum
1038 1926 1245 2006 honoremque

110 1999 335 2075 transferendo,
361 2000 411 2059 sed
430 2011 544 2062 tantum
563 2011 597 2060 ut
616 2020 669 2080 per
688 2021 721 2061 os
740 2002 870 2081 ipsorum
889 2023 974 2067 suum
992 2005 1054 2084 ipse
1073 2023 1148 2082 opus
1167 2023 1182 2062 a
1206 2013 1246 2080 at,

134 2077 239 2137 naliter
266 2076 303 2136 ad
336 2096 410 2155 opus
440 2097 559 2156 quoqne
589 2077 754 2147 laciendum
784 2079 980 2143 instrumento
1010 2081 1103 2139 utitur
1131 2021 1245 2139 artilex.

149 2171 201 2213 uae
226 2155 282 2213 iam
302 2164 371 2211 ante
391 2154 510 2232 exposui
534 2153 589 2233 (cl.
608 2160 718 2234 capt.
737 2175 759 2214 s.
777 2154 837 2231 5.)‚
859 2158 967 2215 iterum
985 2168 1122 2236 repetere
1141 2175 1245 2236 cogor.

109 2230 218 2300 Posset
236 2229 266 2289 id
285 2228 403 2309 quidem
416 2230 462 2288 vel
481 2251 534 2308 per
554 2249 585 2289 se
605 2230 699 2310 ipsum
717 2229 780 2290 sine
800 2231 858 2292 alio
871 2232 975 2311 quovis
995 2246 1047 2292 ant
1064 2229 1244 2301 adminiculo

109 2317 164 2368 aut
182 2325 311 2388 organo,
342 2303 388 2364 vel
414 2304 500 2364 etiarn
532 2325 587 2384 per
615 2308 736 2388 angelos
765 2304 877 2368 faceres
905 2307 959 2368 sed
985 2308 1154 2388 complures
1175 2317 1245 2367 sunt
1287 2369 1298 2378 ,

107 2402 215 2447 conoe
234 2403 288 2443 cur
307 2401 360 2462 per
379 2380 513 2442 homines
533 2380 670 2464 melit*).
708 2385 775 2443 Hoc
795 2385 874 2447 enim
891 2384 982 2445 modo
1002 2382 1245 2465 primumdigna-

109 2459 227 2521 tionem
246 2478 315 2539 erga
334 2478 388 2517 nos
407 2480 487 2518 suam
508 2458 645 2534 declarat,
665 2482 755 2540 quum
776 2482 809 2521 ex
828 2459 996 2523 hominihus
1014 2463 1103 2521 sumit
1117 2461 1168 2539 qui
1187 2479 1244 2539 pro

109 2553 144 2598 se
164 2535 195 2593 in
215 2536 323 2595 mundo
345 2535 493 2627 legatione
515 2534 685 2617 iungantur,
704 2537 755 2616 qui
775 2558 898 2599 arcanae
918 2558 988 2598 suae
1007 2537 1165 2599 voluntatis
1184 2537 1245 2599 sint

106 2613 305 2691 interpretes,
333 2634 382 2691 qur
413 2631 569 2691 personam
600 2612 728 2693 denique
758 2636 838 2675 suam
866 2625 1097 2694 repraesentent.
1136 2613 1245 2692 Sitque

108 2686 319 2768 experimento
333 2687 508 2766 comprobat
530 2710 592 2748 non
611 2711 718 2750 vanum
743 2708 822 2768 esse,
846 2692 927 2769 quod
952 2691 1055 2770 passim
1081 2710 1135 2750 nos
1158 2697 1246 2748 vocat

110 2765 225 2856 templa
243 2786 312 2840 sus,
343 2765 410 2825 dum
432 2785 465 2824 ex
485 2785 537 2826 ore
556 2765 707 2825 hominum
727 2766 807 2827 velut
833 2787 866 2826 ex
894 2768 1074 2840 sanctuario,
1091 2764 1243 2842 'responsa

108 2839 279 2901 hominihus
299 2841 403 2901 reddit.
422 2880 461 2892 -
498 2842 616 2901 Deinde
636 2843 693 2903 hoc
712 2845 856 2921 optimum
876 2864 909 2902 ac
928 2842 1112 2902 utilissimum
1131 2841 1170 2899 ad
1187 2839 1244 2898 hu-

108 2916 265 2978 militatem
284 2918 451 2978 exercitium
473 2931 532 2993 est,
556 2919 624 2977 dum
650 2939 705 2978 nos
731 2919 768 2978 ad
793 2917 990 2978 obediendum
1009 2918 1100 2978 verbo
1125 2936 1179 2976 suo
1200 2936 1245 2977 as·

106 2993 245 3068 suelacit,
262 3007 412 3075 utcunque
433 3015 485 3073 per
498 2995 630 3057 homines
648 2994 758 3056 similes
769 2994 865 3069 nohis,
884 2995 1031 3055 interdum
1048 2993 1134 3052 etiam
1146 2991 1245 3082 digni-

106 3082 173 3132 tate
192 3070 364 3149 inseriores,
395 3071 591 3150 praedicetur.
638 3072 671 3131 Si
697 3072 733 3131 de
758 3072 843 3132 coelo
866 3071 927 3150 ipse
953 3071 1139 3150 loqueretur,
1170 3067 1244 3129 nshil

107 3147 218 3208 mirum
239 3147 332 3222 leret,
358 3147 383 3208 si
407 3168 487 3208 sacra
518 3149 580 3209 eius
605 3147 723 3209 oracula
743 3149 874 3209 omnium
894 3147 1012 3208 auribus
1031 3158 1120 3226 atque
1138 3144 1244 3207 animis

107 3237 283 3284 reverenter
301 3226 365 3285 sine
391 3245 474 3283 mora
498 3224 710 3305 exciperentur.
762 3218 837 3298 Quis
862 3223 943 3283 enim'
970 3233 1154 3302 praesentem
1182 3222 1244 3282 eius

107 3310 288 3380 potestatem
309 3323 370 3362 non
390 3300 543 3360 horreret?
576 3301 640 3380 quis‘
663 3322 726 3361 non
751 3302 787 3362 ad
814 3301 938 3380 primum
962 3311 1061 3361 tantae
1084 3298 1244 3359 maiestatis

109 3388 262 3454 aspectum
282 3379 540 3456 prosterneretur?
561 3376 624 3461 quis
643 3398 705 3437 non
725 3378 866 3438 immenso
887 3375 939 3436 illn
948 3375 1065 3460 fulgore
1077 3374 1244 3437 confunde-

107 3450 214 3513 retur?
251 3452 362 3512 Verum
383 3453 433 3512 ubi
454 3453 615 3513 homuncio
632 3452 774 3534 quispiam
796 3475 831 3514 ex
848 3453 967 3533 pulvere
988 3472 1115 3522 emersus
1135 3452 1166 3511 in
1186 3470 1244 3509 no-

106 3529 192 3588 mine
209 3529 268 3589 Dei
288 3529 429 3608 loquitur,
448 3529 496 3589 hic
515 3541 646 3589 nostram
667 3530 844 3612 ergaDeum
863 3529 873 3588 i
895 3551 958 3589 sum
977 3531 1117 3609 pietatem
1138 3538 1168 3585 et
1187 3524 1244 3586 ob-

108 3605 285 3666 servantiam
299 3607 413 3684 optimo
434 3605 603 3666 testimonio
624 3605 811 3680 declaramus,
830 3606 854 3666 si
874 3551 982 3666 bociles
1003 3626 1057 3666 nos
1077 3603 1245 3668 exhibemus

110 3682 175 3743 eius
194 3683 344 3755 ministro,
372 3704 459 3760 quum
485 3682 564 3741 nulla
591 3695 689 3741 tamen
713 3685 745 3742 in
770 3703 802 3742 re
828 3703 882 3741 nos
903 3681 1033 3742 excellat.
1071 3681 1135 3740 Hac
1155 3679 1164 3736 i
1186 3680 1246 3739 itur

110 3755 201 3818 etiam
220 3779 306 3818 causa
332 3757 466 3818 coelestis
491 3779 560 3817 suae
579 3759 738 3838 sapientiae
763 3759 930 3819 thesaurum
949 3758 980 3816 in
999 3757 1072 3817 vasis
1091 3698 1246 3837 fragilibus

109 3856 146 3896 ac
167 3832 251 3894 luteis
272 3833 426 3894 abscondit
446 3833 500 3912 (ll.
522 3835 594 3894 Cor.
612 3841 642 3909 4,
661 3837 720 3912 7.),
740 3856 799 3915 qno
820 3836 927 3895 certius
947 3833 1176 3913 experimentum
1196 3852 1247 3892 ca·

104 3911 184 3992 piat,
204 3912 305 3990 quanti
326 3932 341 3970 a
362 3910 447 3970 nohis
468 3911 526 3969 fiat„
545 3947 580 3957 -
633 3911 754 3971 Adhaec
781 3910 853 3970 nihil
878 3910 915 3970 ad
936 3909 1092 3970 fovendam
1115 3920 1248 3968 mutuum

108 3990 266 4057 caritatem
285 3989 466 4067 aptiorem,
485 4007 569 4067 quam
590 3987 647 4048 hoc
664 3987 782 4048 vinculo
801 3987 935 4047 homines
954 3986 1033 4045 inter
1052 4003 1084 4046 se
1104 3985 1248 4066 colligari,

110 4064 182 4126 dum
201 4084 277 4125 unus
297 4063 486 4126 constituitur
509 4076 611 4144 pastor
629 4064 679 4144 qni
700 4063 832 4144 reliquos
850 4063 936 4125 simul
957 4062 1078 4123 doceat:
1107 4061 1248 4141 quivero

184 4326 213 4397 *)
230 4328 310 4394 tegas
329 4331 363 4384 de
378 4329 431 4384 hoe
448 4342 605 4398 argumento
619 4327 724 4398 Absint.
740 4331 786 4386 lib.
803 4331 828 4386 l.
844 4331 879 4384 ds
894 4325 1015 4383 doctrina
1031 4323 1185 4382 Christiana.
