2700 4732
470 198 544 257 cm.
564 198 621 257 ιιι.
661 197 751 261 car.
771 198 878 260 xxiv.
984 270 988 277 ,
1193 190 1249 281 tor

117 338 252 420 Ideoque
270 358 387 421 semper
405 338 635 420 implicabimur,
666 342 720 401 nisi
749 355 899 402 succurrat
918 341 989 403 illud
1009 343 1092 405 Pauli
1111 342 1151 424 (Ι.
1172 342 1245 405 Cor.

87 480 94 494 ,
115 424 147 491 4,
166 420 225 493 7.);
246 416 343 491 „Quis
363 428 393 475 te
413 416 591 477 discernit?“
631 418 703 493 Quo
734 419 877 499 significat
902 440 964 480 non
990 423 1107 502 propria
1127 420 1245 497 virtute,

115 494 168 555 sed
186 492 249 553 sola
270 492 326 551 Dei
345 493 436 575 gratia
457 493 529 552 alios
548 494 610 552 eliis
629 493 817 585 praecellere.
909 522 913 539 ·

192 574 240 633 13.
279 568 343 631 Cur
362 590 433 663 ergo
454 569 576 651 gratiam
596 570 651 631 ittn
671 570 837 653 largiendo,
857 572 910 632 hos
930 572 1157 651 praetermittit?
1193 573 1241 632 De

114 642 173 705 illis
192 664 305 707 eausam
324 646 420 705 reddit
439 645 531 705 Lucas
550 647 631 723 (Act.
650 652 699 721 13,
717 648 795 726 48.):
820 647 921 723 „Quia
942 648 977 707 ad
996 647 1084 708 vitam
1104 659 1173 708 sunt
1192 670 1242 707 or·

114 720 240 789 dinati,“
277 720 326 781 ne
345 722 380 781 iis
400 742 472 803 ergo
492 723 561 801 quid
585 724 756 798 sentiemus,
784 725 839 785 nisi
860 726 925 805 quia
949 736 1017 783 sunt
1036 746 1100 785 vasa
1125 726 1184 783 irae
1210 726 1240 783 in

114 795 341 857 contumeliam?
386 799 488 873 Quare
517 819 572 859 nee
605 820 670 859 cum
698 802 903 936 Augustino
935 800 1018 880 loqui
1048 822 1103 861 nos
1135 802 1241 936 pigeat.

113 870 241 948 „Posset
259 874 372 953 (inquit
391 874 439 934 ille
459 873 510 933 lib.
523 883 549 936 2.
563 876 599 933 de
612 876 722 936 Genesi
738 899 752 935 a
792 876 862 955 litt.)
877 877 959 936 Deus
977 876 1120 936 malorum
1137 898 1174 936 vo
1188 898 1242 936 un·

112 959 227 1024 „tatem
247 949 277 1008 in
298 947 409 1009 bonum
429 963 620 1026 convertere,
639 954 706 1031 quia
726 954 913 1032 omnipotens
932 964 984 1013 est.
1020 950 1126 1013 Posset
1144 952 1241 1043 plane.

112 1022 373 1160 „Cup‘ergobnon
400 1026 488 1117 facit?
528 1028 606 1101 Quia
630 1028 734 1088 noluit.
774 1029 836 1089 Cur
860 1028 1002 1103 noluerit,
1032 1048 1122 1108 penes
1147 1050 1241 1110 ipsum

111 1114 496 1258 i’a‘sscsa‘stfl‘lhi'ill
517 1104 1241 1271 lsslstlzdbtitttlrttllhdtlsstlff

112 1252 320 1343 rers3Paulil,
340 1256 440 1335 „quod
461 1199 608 1316 unientem
628 1256 738 1329 trahat,
762 1270 792 1316 et
810 1278 926 1317 manum
946 1262 1184 1347 porrigentenr,“
1202 1275 1241 1315 ne

113 1330 269 1389 descrimen
291 1333 321 1391 in
341 1332 397 1390 Dei
422 1332 546 1406 iudicio,
570 1332 621 1393 sed
639 1332 704 1393 solo
724 1334 875 1393 hominurn
894 1332 1017 1394 arbitrio
1036 1334 1124 1393 situm
1144 1332 1241 1393 videa·

111 1416 170 1463 tur.
208 1406 295 1466 adeo
315 1407 432 1487 quidem
452 1430 510 1469 uon
536 1408 622 1468 situm
642 1410 734 1469 estin
774 1411 876 1488 roprio
896 1408 1022 1470 hominis
1041 1421 1136 1486 motu,
1156 1427 1241 1469 acce-

111 1481 195 1554 dere,
213 1493 246 1540 ut
266 1483 319 1561 piis
338 1504 458 1563 quoque
478 1496 508 1545 et
524 1484 619 1544 Deum
640 1430 809 1545 timentibus
828 1485 967 1566 singulari
986 1484 1081 1544 adhue
1099 1485 1241 1544 instinctu

109 1555 240 1636 Spiritus
259 1579 332 1637 opus
350 1559 397 1619 sit.
427 1560 519 1651 Lpdia
532 1564 700 1649 purpuraria
712 1561 793 1638 (het
804 1568 852 1634 to,
864 1563 925 1637 tt.)
947 1560 1041 1618 Deum
1060 1558 1194 1634 timebat,
1209 1569 1242 1618 et

111 1644 210 1693 tamen
224 1655 276 1694 eor
288 1635 348 1695 eius
358 1637 466 1715 aperiri
479 1648 611 1715 oportuit
624 1649 655 1696 ut
674 1638 840 1697 attenderet
848 1636 999 1697 doctrinae
1009 1634 1103 1708 Pauli,
1119 1648 1149 1695 et
1163 1636 1239 1693 inea

131 1710 279 1769 rohceret.
294 1711 377 1776 ,lloc
396 1732 458 1771 non
469 1712 505 1771 de
524 1733 581 1771 una
594 1712 716 1772 muliere
737 1713 910 1787 dictumest,
927 1712 977 1772 sed
989 1724 1021 1771 ut
1036 1712 1157 1771 sciamus
1168 1731 1240 1790 pro·

125 1798 221 1845 ectum
233 1786 371 1867 cuiusque
382 1788 412 1845 in
424 1788 546 1866 pietate,
566 1808 640 1865 opus
657 1808 718 1848 esse
729 1810 863 1849 arcanum
874 1788 1009 1867 Spiritus.
1028 1788 1108 1847 Istud
1122 1787 1240 1867 quidem

106 1861 142 1921 in
153 1863 353 1941 quaestionem
365 1863 440 1923 trahi
453 1885 513 1924 non
531 1876 639 1942 potest,
659 1864 757 1925 multis
769 1865 891 1925 verbum
903 1886 987 1927 suum
1001 1863 1159 1923 Dominum
1171 1862 1239 1922 mit·

107 1948 184 2011 tere,
203 1958 329 2017 quorum
340 1940 511 2000 coecitatem
532 1940 623 2022 magis
636 1941 705 2000 velit
724 1942 882 2021 aggravari.
923 1941 1073 2015 Quorsum
1094 1939 1171 1999 enim
1190 1948 1250 1998 tot‘

107 2015 243 2075 mandata
263 2015 372 2075 delcrri
392 2016 473 2076 iubet
493 2017 528 2076 ad
547 2017 751 2081 Pharaonem?
769 2038 806 2077 an
827 2018 895 2097 quia
914 2017 1026 2095 saepius
1047 2016 1177 2095 repetitis
1196 2015 1239 2075 le·

108 2088 279 2173 gationibus
298 2093 460 2174 mitigatum
481 2094 516 2152 iri
536 2093 690 2171 sperabat?
721 2096 862 2155 lmoante
885 2116 949 2153 uam
961 2094 1113 2173 inciperet,
1133 2093 1238 2151 exitum

108 2178 143 2229 et
171 2178 296 2229 noverat
325 2180 357 2229 et
384 2170 577 2249 praedixerat.
628 2170 700 2246 „Ito
719 2171 848 2249 (dicebat
864 2117 943 2231 blosi
962 2170 1054 2230 Exod.
1072 2168 1188 2246 d,‚21·)
1208 2178 1239 2227 et

107 2260 225 2323 expone
244 2242 285 2302 illi
305 2243 484 2305 voluntatem
504 2266 611 2305 meamc
683 2267 701 2305 o
727 2259 821 2306 autem
847 2246 992 2306 indurabo
1017 2266 1070 2305 cor
1093 2242 1169 2318 eius,
1199 2262 1238 2302 ne

107 2318 327 2399 obtemperet.“
365 2321 416 2380 Sic
436 2343 524 2400 quum
539 2266 719 2381 Ezechi‘eiem
739 2326 868 2397 suscitat,
888 2334 1059 2403 praemonet
1072 2341 1103 2381 se
1121 2321 1238 2379 mittere

107 2392 147 2455 ad
172 2394 314 2476 populum
338 2397 477 2455 rebellem
505 2411 534 2457 ct
557 2411 775 2459 contumacem:
797 2419 834 2457 ne
853 2410 1014 2474 terrentur,
1039 2399 1063 2457 si
1088 2398 1182 2456 surdis
1205 2415 1237 2454 se

108 2490 217 2533 canere
236 2472 331 2533 videat
350 2473 472 2550 (Erech.
491 2481 520 2545 2,
531 2481 560 2537 3.
580 2488 610 2535 et
628 2482 676 2549 tt,
694 2480 748 2551 2.).
788 2476 838 2535 Sic
858 2476 1000 2535 ieremias
1020 2471 1171 2566 praedicit,
1190 2470 1238 2530 lu-

107 2558 206 2609 turam
226 2550 289 2609 eiua
308 2549 469 2609 doctrinam
491 2552 519 2609 in
540 2552 651 2645 ignem,
672 2565 705 2611 ut
724 2551 864 2643 populum
884 2553 976 2611 instar
993 2551 1116 2631 stipulae
1135 2547 1239 2628 perdat

109 2635 141 2684 et
161 2624 281 2705 dissipet
299 2625 415 2704 (leni,
435 2629 505 2702 10.).
545 2627 604 2687 hed
625 2630 714 2709 magis
735 2641 892 2688 etiamnum
913 2628 1020 2707 premit
1039 2627 1147 2701 lesaiae
1167 2644 1237 2712 prp-

109 2699 223 2779 pbetia:
247 2701 387 2760 sinentis
408 2724 423 2761 a
444 2703 575 2763 Domino
597 2705 751 2764 dimittitur
769 2707 839 2781 (les.
859 2711 889 2776 6,
909 2708 966 2780 9.):
1001 2703 1119 2776 „Vaclc,
1139 2711 1169 2758 et
1189 2698 1235 2758 dre

110 2774 200 2851 „filiis
219 2776 324 2849 lsrael,
343 2780 499 2837 Audienclo
520 2781 633 2853 audite,
653 2793 682 2839 et
703 2803 740 2839 ne
761 2780 937 2860 intelligatis.
983 2779 1120 2837 Videndo
1139 2775 1236 2835 videte

107 2863 163 2928 „et
182 2853 331 2913 nesciatis.
373 2854 497 2914 Obstina
518 2878 570 2915 cor
591 2857 691 2935 populi
714 2858 806 2930 huius,
827 2868 857 2914 et
876 2877 958 2914 aures
973 2856 1033 2914 eius
1053 2873 1186 2934 aggrava,
1206 2860 1236 2909 et

107 2929 237 3004 „oeulos
257 2932 317 2990 eius
337 2930 453 2990 obline:
480 2948 512 2990 ut
537 2954 575 2990 ne
602 2933 679 2991 sorte
699 2934 794 2993 videat
814 2933 905 2991 oculis
930 2933 1004 3005 suis,
1030 2942 1060 2989 et
1078 2928 1168 2987 corde
1188 2926 1234 2984 in·

106 3004 254 3085 „telligat,
274 3029 332 3085 quo
354 3028 510 3067 conversus
529 3014 676 3068 sanctur.“
715 3010 791 3067 Ecce
811 3028 912 3066 rocem
933 3008 968 3067 ad
990 3026 1040 3065 eos
1058 3004 1166 3083 dirigit,
1185 3001 1237 3061 sed

106 3092 142 3141 ut
161 3104 205 3140 ma
228 3084 251 3141 is
271 3083 495 3142 obsurdescant:
526 3084 618 3143 lucem
639 3085 787 3156 accendit,
818 3084 868 3143 sed
889 3094 920 3143 ut
939 3083 1099 3143 reddantur
1118 3079 1237 3138 coccio-

108 3178 170 3217 res:
201 3102 364 3218 doctrinam
391 3161 520 3238 profert,
550 3162 600 3221 secl
626 3183 681 3239 qua
706 3161 795 3241 magis
821 3160 1042 3250 obstupescant:
1074 3155 1236 3215 remedium

108 3232 239 3309 adhibet,
258 3236 309 3296 sed
331 3255 368 3295 ne
386 3249 534 3295 sanentur.
574 3240 671 3328 Atque
692 3238 764 3296 hane
784 3237 967 3316 prophetiam
988 3235 1133 3295 adducens
1146 3232 1236 3290 loan-

108 3330 163 3369 nes
182 3314 250 3388 (1‘2,
268 3316 348 3387 39.),
372 3314 495 3372 ludaeos
516 3314 626 3373 Christi
646 3312 797 3374 doctrinae
817 3335 877 3373 non
903 3313 1031 3391 potuisse
1050 3309 1170 3369 credere
1190 3328 1236 3367 as-

108 3386 196 3457 serit,
225 3390 290 3467 quia
316 3390 344 3447 in
373 3410 423 3448 eos
452 3390 636 3449 incumberet
662 3389 732 3449 haec
751 3388 808 3449 Dei
829 3389 1003 3449 maledictio.
1055 3386 1100 3445 Ne
1124 3405 1160 3444 ue
1179 3384 1236 3445 hoc

108 3483 228 3541 quoque
248 3466 428 3525 controverti
448 3477 563 3556 potest,
595 3487 669 3544 quos
690 3466 769 3539 Deus
794 3466 970 3525 illuminatos
991 3484 1051 3522 non
1072 3407 1150 3532 ruit,
1180 3459 1236 3520 illis

107 3539 271 3605 doctrinam
290 3562 372 3600 suam
391 3543 600 3633 aenigmatibus
620 3542 778 3601 involutam
800 3543 925 3613 tradere,
936 3560 973 3599 ne
1008 3540 1057 3598 nid
1077 3538 1145 3597 inde
1165 3556 1237 3624 pro-

107 3616 221 3689 hciant,
242 3619 296 3676 nisi
317 3630 349 3675 ut
364 3619 393 3675 in
414 3638 553 3676 maiorem
575 3618 781 3677 hebetudinem
802 3618 961 3677 tradantur.
1030 3626 1140 3674 estatur
1158 3632 1234 3671 enrm

108 3692 241 3754 Christus
260 3714 291 3753 se
312 3695 379 3753 ideo
399 3692 467 3755 solis
478 3695 630 3773 Apostolis
644 3695 801 3754 edisserere
817 3692 979 3772 parabolas,
998 3693 1028 3751 in
1042 3688 1235 3770 quibusapud

106 3769 322 3829 multitudinem
354 3771 493 3850 loquutus
518 3783 594 3842 erat,
625 3771 691 3849 quia
722 3770 766 3828 his
793 3770 891 3828 datum
920 3769 959 3828 sit
985 3787 1072 3827 nosse
1101 3766 1238 3843 mysteria

109 3847 195 3925 regni
217 3846 284 3917 bei,
304 3846 349 3904 rul
374 3870 392 3906 o
414 3869 473 3908 non
495 3848 563 3905 item
576 3848 675 3923 (Matt.
690 3853 736 3919 13,
748 3852 793 3910 11.
812 3890 819 3903 .
860 3844 951 3919 Quid,
970 3845 1095 3922 inquies,
1113 3841 1239 3903 sibivult

105 3922 252 3980 Dominus
274 3943 323 3981 cos
344 3868 491 3999 uincendo,
511 3946 525 3983 a
547 3923 651 4002 quibus
677 3944 714 3981 ne
734 3923 793 3982 inte
808 3924 914 4004 ligatur
934 3922 1035 3980 curat?
1073 3918 1236 3979 Considera

107 3998 187 4057 unde
207 3998 324 4071 vitium,
346 4013 375 4058 et
395 4001 510 4059 desines
529 4000 724 4082 interrogare.
763 4000 798 4057 In
818 3998 910 4059 verbo
931 3997 1008 4055 enirn
1029 3996 1238 4084 qualiscunque

106 4074 145 4164 sit
165 4072 345 4146 obscuritas,
369 4077 437 4136 satis
463 4087 560 4136 tamen
580 4097 696 4157 semper
715 4087 759 4136 est
782 4075 854 4135 lucis
874 4074 911 4134 ad
935 4071 1165 4135 convincendam
1183 4090 1237 4128 un·

109 4170 225 4229 prorum
245 4153 464 4212 conscientiam.
1312 4160 1315 4165 “

185 4232 231 4291 ta
270 4226 373 4289 Restat
392 4250 471 4287 nunc
490 4240 522 4289 ut
533 4228 690 4305 videamus,
709 4250 762 4290 cur
782 4228 810 4287 id
824 4227 968 4287 Dominus
978 4224 1065 4287 faciat
1080 4222 1160 4305 quod
1173 4240 1240 4282 eum

109 4302 209 4364 lacere
228 4303 323 4383 palam
344 4318 398 4367 est.
441 4305 475 4366 Si
494 4304 719 4385 respondeatur,
738 4306 779 4367 sic
798 4304 863 4365 heri
882 4305 949 4383 quia
968 4302 998 4365 id
1017 4301 1183 4383 impietate,
1200 4315 1240 4359 ue
