2700 4732
510 182 586 247 utu
607 185 632 245 ι
671 180 762 263 cae.
780 148 833 248 ur.

383 426 386 431 ’
490 472 856 547 cneusxr.

105 649 185 709 Deo
215 647 382 707 tribuere
411 647 597 709 risibilem
625 649 771 711 sormam
803 652 905 711 nefas
936 671 1032 728 erse,
1064 672 1104 713 ae
1129 635 1257 734 gene·⁸

110 738 116 749 ‘
144 742 277 804 ralitrr
306 740 474 809 deficere
505 762 522 803 a
545 762 637 803 rere
657 742 737 804 Dee
762 743 976 825 quicunque
1001 746 1102 807 idota
1126 745 1200 806 ribi

596 838 756 921 erigunt.

108 1030 111 1041 ·
173 998 238 1051 Tres
259 1010 320 1051 runt
340 996 416 1050 huius
439 994 536 1069 Capitis
557 1014 642 1072 partes
663 999 826 1071 praecipuae.
870 1000 901 1067 1)
921 999 1085 1053 Refeliuntur
1107 996 1152 1068 qui
1175 998 1240 1053 Dae

105 1086 219 1149 formam
236 1082 360 1138 visibitem
378 1083 519 1147 affingunt,
534 1100 593 1139 aret.
611 1087 636 1141 1.
653 1099 679 1139 et
692 1087 718 1139 2
736 1085 824 1137 addita
837 1083 1010 1156 ¹responsione
1026 1086 1060 1137 ad
1079 1102 1170 1135 eurum
1189 1084 1242 1135 ob-

104 1169 259 1231 iectionem,
284 1167 330 1238 qui
347 1168 422 1221 certia
442 1167 519 1233 sitnia
535 1170 623 1223 Deum
640 1169 755 1222 numinis
775 1168 816 1221 aui
839 1169 1009 1238 praesentiam
1032 1166 1176 1221 exhibuisse
1194 1187 1242 1221 aa·

105 1254 213 1314 dientes,
228 1251 291 1304 inde
308 1252 391 1305 errori
406 1272 456 1305 seo
474 1269 602 1324 quaerunt
617 1253 808 1325 patrecinium,
824 1267 883 1306 sect.
898 1255 925 1307 3.
942 1267 967 1307 et
983 1254 1010 1313 4.
1042 1253 1149 1306 Deinde
1164 1250 1244 1305 variis

104 1338 261 1404 eminentis
278 1337 352 1409 (sect.
369 1338 470 1409 8-7.)
493 1339 524 1392 fis
539 1339 599 1392 aatia
616 1339 691 1392 tritae
708 1338 851 1392 obiectieni
869 1357 899 1392 ex
917 1337 1055 1403 Gregorio.
1071 1337 1153 1391 libros
1169 1333 1241 1389 idie-

102 1428 188 1475 tar'um
206 1441 259 1475 esse
274 1421 405 1486 imagines.

171 1506 204 1575 2)
223 1506 267 1559 De
282 1505 417 1559 idolerum
433 1524 479 1559 aen
501 1504 643 1571 imaginum
658 1505 758 1571 origine
776 1522 799 1559 et
819 1508 972 1561 adoratione
988 1529 1004 1562 a
1021 1506 1130 1577 Papistia
1148 1522 1242 1577 reapae

87 1590 276 1661 'eemprubata
292 1592 367 1661 (acet.
382 1590 507 1660 8-10.)‚
524 1590 700 1660 effugiumque
715 1592 822 1643 illorum
839 1605 898 1646 rect.
917 1595 957 1649 11.
975 1592 1130 1662 exploditur.

113 1670 116 1675 ’
138 1744 142 1751 Ι
171 1674 204 1745 3)
221 1676 264 1728 De
280 1696 329 1728 uau
347 1688 372 1725 et
388 1675 470 1727 abusu
488 1674 639 1741 imaginum,
655 1690 715 1727 acet.
733 1678 772 1733 12
806 1677 847 1727 An
866 1676 893 1728 in
912 1677 1012 1747 templis
1030 1674 1242 1729 Christianorum

104 1780 147 1815 eas
163 1760 261 1813 habere
279 1758 411 1828 expediat,
427 1773 487 1813 rect.
505 1760 545 1813 aa
585 1758 704 1813 Tandem
722 1758 823 1826 Synodi
840 1760 985 1823 Nic-aenae,
1006 1781 1061 1831 -pro
1085 1758 1244 1827 imaginibus

104 1858 197 1899 eontra
214 1843 266 1897 Dei
283 1844 423 1905 veritatem,
438 1864 494 1897 neu
509 1846 566 1899 aine
583 1844 721 1899 Christiani
736 1842 852 1900 neminis
868 1845 1024 1916 opprobrie,
1041 1844 1129 1917 inepte
1145 1846 1242 1903 adano-

103 1931 169 1984 dnm
183 1928 306 1993 litigantis
321 1932 443 1984 refutatio
460 1929 632 1994 subiungitur.

181 2088 209 2146 1.
248 2082 375 2154 Verum,
404 2091 439 2140 ut
468 2080 621 2160 Scriptura
650 2078 716 2139 rudi
747 2099 902 2159 crasseque
930 2079 1085 2141 hominum
1115 2079 1244 2162 ingeniu'

104 2157 277 2230 consulens,
303 2178 345 2237 pe
367 2157 488 2217 ulariter
513 2157 594 2235 loqui
617 2155 709 2230 solet,
733 2155 784 2215 ubi
803 2177 904 2216 verum
924 2157 1021 2217 Deum
1041 2177 1057 2216 a
1083 2154 1161 2218 fatris
1181 2156 1244 2220 dia·

103 2252 227 2293 earnere
239 2233 310 2308 vult,
328 2178 416 2294 iriolis
435 2234 593 2314 praecipue
613 2254 678 2291 eum
692 2236 831 2312 opponit:
852 2254 913 2292 nen
934 2234 1015 2312 quod
1034 2232 1143 2313 probet
1161 2252 1244 2314 quae

103 2308 238 2371 subtilius
258 2321 288 2370 et
307 2308 469 2393 elegantius
489 2308 708 2389 aPhiloaephis
727 2309 894 2384 traduntur,
912 2311 964 2370 red
1006 2332 1045 2369 ue
1064 2310 1169 2370 meiius
1185 2310 1245 2370 de·

103 2398 186 2480 tegat
204 2386 308 2446 mundi
324 2386 486 2462 stultitiam,
506 2388 567 2447 ime
585 2388 740 2446 amentiam
760 2386 791 2444 in
811 2386 981 2479 quaerendo
1032 2406 1080 2462 ee,
1099 2386 1243 2464 quamdiu

104 2486 163 2525 aurs
187 2463 309 2554 quisque
333 2463 582 2543 speculationibus
606 2462 753 2523 adhaeret.
806 2463 958 2523 exclusiva
982 2464 992 2522 i
1014 2465 1073 2523 itur
1092 2462 1243 2539 definitio,

104 2560 181 2620 quae
200 2560 304 2627 passam
323 2540 470 2614 occurrit,
499 2540 530 2599 in
557 2539 679 2599 nibilum
704 2539 811 2621 redigit
830 2539 968 2619 quicquid
989 2483 1146 2602 ‹iivinitatis
1167 2560 1243 2619 pre-

103 2619 167 2697 pria
187 2616 331 2694 opinione
350 2617 408 2676 sibi
427 2616 573 2677 fabricant
592 2616 741 2675 hemines:
767 2617 834 2695 quia
852 2616 934 2676 Deus
954 2616 1017 2696 ipse
1036 2615 1117 2677 seius
1135 2627 1181 2679 est
1199 2614 1242 2677 de
1281 2622 1286 2629 '

101 2714 136 2755 ae
153 2694 277 2753 idoneus
295 2690 387 2753 testis
433 2693 550 2752 Interea
570 2714 659 2785 quum
686 2692 733 2753 hie
759 2691 863 2753 brutus
888 2704 993 2772 stupor
1015 2704 1111 2753 totum
1130 2691 1243 2753 orbern·

103 2770 307 2849 occupaverit,
325 2781 364 2844 ¹ut
383 2768 508 2830 visibiles
528 2771 585 2830 Der
604 2770 710 2851 figuras
730 2780 905 2849 appeterent
922 2784 1010 2860 atque
1030 2770 1070 2830 ita
1091 2790 1125 2829 ex
1143 2768 1241 2851 ligno,

102 2846 211 2927 lapide,
231 2866 316 2921 aure,
333 2858 469 2927 argente,
488 2847 580 2906 aliave
600 2857 716 2905 mortua
737 2857 767 2904 et
786 2845 970 2925 corruptibili
989 2846 1110 2907 materia
1126 2846 1241 2907 furma-

104 2936 173 2984 rent
193 2923 265 3014 deos
311 2923 472 3015 teuesrdum
499 2921 650 3017 nobisuest
668 2921 726 3014 laec
747 2922 939 3002 principium,
969 2923 1060 3012 impie
1079 2922 1242 2991 mendacio

102 3019 335 3156 fftttt't'ng:
355 2997 1090 3165 {ittet‘itt'ttr‘zd'tt'dictitet&
1109 2998 1241 3135 „iiii”

89 3173 173 3217 ¹cere
191 3150 256 3210 ruit
276 3172 363 3230 quem
382 3152 493 3217 euitum
513 3152 637 3232 probet,
662 3152 710 3213 rel
730 3151 882 3230 repudiet,
907 3173 973 3212 mox
992 3152 1142 3233 adiungit,
1165 3152 1239 3213 Nou

102 3229 190 3289 facies
208 3227 264 3287 tibi
283 3224 429 3307 sculptile,
449 3249 546 3308 neque
563 3227 783 3288 'similitudinem
802 3228 890 3287 uliam
910 3229 1076 3307 (Exod‘eu,
1089 3230 1149 3307 4.):
1192 3228 1243 3289 ui-

103 3305 158 3366 bus
178 3303 275 3364 verbis
294 3304 441 3364 licentiam
461 3317 590 3367 nestram
611 3317 740 3378 coercet,
759 3305 826 3364 nei
848 3326 911 3363 sum
932 3304 990 3365 ulla
1009 3304 1152 3366 visibilie
1187 3306 1239 3388 gie

103 3392 507 3538 uiuentes
525 3326 1241 3519 necessse:isuuzsuzzue

30 3574 32 3578 >
103 3532 282 3615 superstitio.
322 3533 436 3594 Scimus
456 3536 533 3593 euim
554 3534 655 3595 Solem
676 3534 828 3594 adoratum
848 3533 936 3594 fuisse
954 3557 970 3595 a
991 3535 1095 3595 Persis
1135 3536 1241 3610 Quot-

126 3622 179 3670 uot
198 3611 285 3669 etiam
305 3622 382 3671 astra
400 3613 431 3670 in
452 3610 536 3671 coeio
557 3610 720 3671 cernebant
743 3612 849 3671 stultae
869 3609 1000 3688 Gentes,
1029 3610 1155 3671 totidem
1181 3611 1240 3673 ribi

102 3632 249 3749 immune
274 3685 355 3746 deos.
405 3686 468 3747 Iam
494 3687 608 3746 nullum
621 3708 726 3779 ‘prope
752 3686 858 3746 animal
882 3688 953 3763 suit,
979 3688 1058 3766 qued
1078 3688 1240 3779 Aegyptiis

103 3786 166 3824 non
186 3775 262 3824 essct
281 3763 340 3823 Dei
366 3762 469 3845 figura.
521 3762 630 3823 Graeci
649 3784 720 3824 vero
745 3785 831 3843 supra
855 3763 928 3824 alies
955 3785 983 3824 ea
1008 3783 1057 3823 ere
1080 3786 1134 3824 vrrs
1158 3778 1242 3841 sunt,

125 3840 184 3901 uod
204 3839 257 3899 sub
279 3838 403 3899 humana
424 3841 518 3901 ferma
535 3841 632 3899 Deum
652 3839 786 3900 colerent
806 3840 961 3920 [dlaximus
973 3786 1241 3919 'iyriusl’latuuie-

104 3922 199 3977 berm.
219 3914 294 3995 38..]
333 3917 425 3995 Atqui
451 3916 591 3997 imagines
610 3916 691 3975 Deus
715 3917 794 3977 inter
818 3936 851 3978 se
874 3936 937 3977 nen
962 3929 1129 3996 comparat,
1154 3918 1241 3998 quari

103 3993 194 4053 altera
214 3992 323 4128 mapis,
340 3992 430 4052 altera
449 3993 544 4053 minus
564 3992 734 4061 conveniat:
754 3993 805 4053 sed
826 3994 935 4072 absque
954 3994 1128 4073 exceptione
1147 4014 1241 4075 repu-

104 4071 165 4161 diat
184 4068 258 4129 simu
270 4089 336 4129 aera
356 4070 463 4143 omnia,
482 4068 758 4162 picturamaliauue
775 4073 860 4153 algua
878 4069 984 4149 quibus
1004 4090 1070 4130 eum
1089 4071 1242 4154 sibipra-

104 4144 742 4285 111111111111111011]Ιξυὲῗὶυῃῐτοῗιρῖἷιῗιιῗῖῑιέι
760 4221 922 4283 rationibus
971 4244 1022 4283 uas
1062 4222 1243 4287 rohibitiuui

103 4297 244 4380 adiungit.
283 4243 418 4359 Primiim
442 4243 521 4381 aiud
578 4318 651 4360 esen
670 4245 1136 4380 (Deut4,1e.):’(,¹,Meriiento
1156 4302 1243 4382 qued
