2700 4732
115 200 175 262 246
504 194 581 255 LlB.
603 195 643 255 II.
684 194 774 258 CAP.
792 194 879 255 v111.

118 335 247 497 ppoliasl
275 336 355 430 quod
380 335 579 399 fomlcatlone
603 360 639 399 co
677 361 711 401 us
729 352 812 401 tunm
832 359 894 399 non
914 358 1109 420 conspurcat,

161 415 244 477 emiis
268 426 326 476 tun
349 414 489 496 profanas
514 437 624 476 nomen
674 419 701 477 ei
724 417 962 477 sacrosanctum?
992 416 1074 495 qnod
1105 414 1116 475 l

116 513 180 552 non
199 490 345 567 trucidas,
364 491 389 552 si
407 494 578 552 memoriam
597 493 656 553 Dei
681 494 850 553 interimere
877 505 907 552 et
926 493 1112 586 exstinguere

118 568 182 631 dis?
221 569 342 628 Frustra
366 568 457 649 igitur
481 569 544 628 sine
568 569 714 651 religione
742 571 909 630 venditatur
939 570 1063 631 iustitia:
1095 589 1116 628 ιι

116 646 230 705 maiore
239 645 350 723 specie,
391 666 456 704 uam
476 645 500 704 si
518 657 655 705 truncum
675 646 800 706 abscisso
816 647 913 737 capite
933 666 1041 725 corpus
1060 645 1096 705 ad

118 721 307 782 obtendatur.
388 739 463 799 eque
494 721 585 781 modo
611 733 655 781 est
679 722 833 802 praecipua
858 723 947 803 ipsius
971 744 1053 800 pars,
1082 740 1114 782 se

117 806 263 890 quoque,¹
284 816 341 891 qua
361 809 423 859 tota
443 797 506 932 igsa
525 799 617 876 spirat
638 810 667 857 et
686 808 851 880 vegetatur:
880 818 976 933 oengus
1001 802 1079 859 enim
1103 819 1116 858 e

101 882 257 934 ‘umorem
288 884 368 932 anter
399 894 431 934 se
484 875 596 933 omines
625 875 802 953 aequitatem
839 896 872 934 ac
903 876 1091 936 diectionem

116 950 300 1030 Principium
327 969 399 1029 ergo
431 960 462 1009 et
493 950 714 1009 fundamentum
739 951 865 1010 institiae
888 972 1025 1011 vocamus
1044 951 1103 1010 Dei

115 1026 199 1107 qnod
220 1046 257 1085 eo
277 1025 412 1111 sublato,
438 1026 578 1106 quicquid
598 1027 677 1086 inter
696 1046 727 1086 se
747 1026 915 1106 aequitatis,
942 1027 1116 1087 continentie

138 1103 270 1163 erantiae
289 1102 425 1162 bominer
442 1114 597 1177 exercent,
628 1104 717 1163 inane
748 1114 793 1162 est
821 1115 856 1162 te
886 1103 1023 1165 frivolum
1054 1125 1116 1164 cort

148 1179 251 1238 icimur
271 1178 385 1239 sontem
405 1190 436 1237 et
454 1178 602 1258 spiritum:
632 1180 699 1259 quia
725 1200 758 1239 er
778 1199 815 1238 eo
840 1179 957 1238 discunt
983 1180 1116 1240 homines

114 1266 219 1316 ranter
237 1268 274 1315 ac·
289 1258 353 1315 sine
368 1254 518 1315 ‘maleficio
539 1256 619 1315 inter
638 1275 669 1316 se
688 1254 800 1329 rivere,
819 1255 842 1315 si
862 1255 959 1315 Deum
980 1268 1116 1316 venerant

117 1350 204 1412 quam
225 1331 299 1390 recti
319 1342 349 1390 et
367 1332 462 1409 iniqui
481 1331 618 1390 indicem.
666 1331 797 1391 Proinde
818 1333 918 1411 priore
939 1330 1037 1392 tabula
1059 1332 1093 1408 ad

116 1419 150 1469 et
167 1408 288 1501 propria
307 1407 460 1489 religionis
480 1407 596 1481 officia,
621 1408 727 1486 quibus
746 1408 880 1468 maiestas
900 1430 950 1468 sua
969 1407 1093 1468 colenda

116 1484 258 1553 instituit:
278 1482 368 1543 altera
389 1483 570 1563 praeseribit,
591 1484 742 1563 quomodo
762 1497 887 1564 propter
906 1485 1033 1545 nominis
1052 1486 1096 1544 sui

116 1560 224 1619 nos-in
238 1559 395 1621 bominum
415 1560 556 1620 societate
575 1580 680 1641 gerere
705 1560 871 1620 debeamus.
923 1562 992 1635 Qua
1004 1562 1116 1622 ¹¹ration*

116 1656 172 1696 nus
192 1648 295 1697 noster
320 1639 370 1717 (ut
387 1636 589 1718 Evangelistae
609 1637 743 1696 referunt
762 1637 866 1696 blattb.
885 1642 939 1712 22,
958 1644 1007 1702 37.
1026 1639 1097 1697 Luc.

116 1712 229 1794 Legem
249 1723 343 1772 totam
363 1714 525 1772 summatim
545 1714 575 1771 in
596 1713 656 1773 duo
676 1714 772 1791 capita
792 1712 929 1793 collegit,
953 1726 985 1772 nt
1005 1715 1101 1774 Deum

117 1790 225 1863 tonde,
254 1807 288 1848 ex
308 1800 372 1849 tola
398 1791 507 1864 anima,
538 1808 572 1848 ex
594 1789 666 1848 totis
684 1790 794 1849 uiribus
820 1790 987 1869 diligamus:
1027 1803 1060 1850 ut
1088 1808 1116 1871 pt

110 1866 246 1926 ememus
265 1866 343 1926 sicut
361 1866 567 1960 nosmetipsos.
616 1865 708 1925 Vides
733 1877 765 1925 ut
786 1886 802 1925 e
828 1868 938 1927 duabus
970 1866 1116 1946 partibus,

117 1952 212 2002 totam
231 1943 342 2023 Legem
363 1942 530 2017 concludat,
557 1940 677 2003 alteram
698 1945 728 2002 in
748 1943 844 2002 Deum
866 1944 987 2027 dirigat,
1016 1944 1116 2003 alterar

117 2018 205 2079 nibus
227 2019 364 2079 destinet.

195 2102 243 2160 12.
282 2096 405 2171 Verrtrn,
417 2116 582 2175 quanquam
594 2096 727 2154 universa
740 2096 799 2157 Lex
819 2095 934 2155 duobus
955 2095 1099 2174 capitibus

118 2182 177 2233 esta
197 2172 279 2232 Deus
296 2182 396 2231 tamen
417 2185 528 2247 noster,
542 2194 608 2265 2quo
622 2192 739 2232 omnem
761 2173 949 2231 excusationis
972 2184 1116 2252 praetextu

117 2260 182 2324 ret,
204 2247 298 2308 voluit
323 2247 413 2310 lutius
434 2256 465 2308 et
490 2249 657 2329 explicatius
689 2249 789 2307 decern
812 2251 975 2338 praeceptis
1007 2269 1116 2308 enarrat

116 2344 311 2405 quaeeunque
331 2324 371 2395 ad,
388 2324 544 2401 bonorem,
562 2326 710 2400 timorem,
731 2345 861 2384 amorem
880 2347 925 2383 sur
944 2336 1086 2405 spectant,
1106 2336 1116 2383 t

117 2398 155 2479 ad
173 2402 323 2463 ceritatem
335 2401 511 2481 pertinent,
541 2423 628 2481 qnam
648 2413 772 2481 propter
791 2422 823 2461 se
842 2403 936 2479 ipsum
962 2401 1048 2461 nobis
1068 2420 1116 2481 erg

118 2479 334 2539 nes'mandat'
370 2476 495 2537 Nec'in
517 2479 688 2538 divisionem
718 2491 942 2557 praeceptorum
973 2478 1116 2537 noscenda

116 2552 245 2615 studium
265 2553 442 2613 intenditur:
462 2556 553 2615 modo
574 2556 635 2615 eius
655 2555 770 2636 generis
790 2575 851 2612 rem
873 2574 934 2613 esse
953 2555 1116 2612 memineris

117 2630 244 2691 liberum
265 2630 371 2708 cuique
390 2629 529 2691 iudicium
551 2651 613 2692 esse
633 2631 750 2703 debeat,
760 2630 809 2709 ⁸ob
821 2652 907 2709 qttam
928 2652 989 2689 non
1010 2631 1047 2689 sit
1067 2650 1116 2689 cor

117 2724 186 2769 eum
206 2707 396 2767 dissentiente
415 2708 614 2790 pugnandum.
666 2707 760 2766 Nobis
781 2707 898 2786 quidem
918 2706 964 2766 bic
984 2708 1066 2766 lucus
1087 2728 1116 2764 ru

117 2784 307 2867 attingendus
328 2794 387 2854 est,
411 2804 555 2863 nequam
583 2783 707 2863 posituri
731 2784 819 2843 simus
848 2782 1037 2854 divisionem,
1069 2803 1116 2841 cer

118 2873 150 2923 et
167 2868 208 2921 ntr
231 2880 264 2927 er
283 2860 493 2941 excogitatam,
515 2861 641 2920 lectores
662 2872 712 2919 aut
731 2860 847 2919 rideant
867 2872 917 2918 aut
940 2859 1092 2917 mirentur.

119 2946 182 2999 e'sse
209 2878 311 2998 decem
334 2937 433 2997 verbis
458 2937 637 3012 distinctam,
663 2936 727 3015 quia
748 2936 806 2994 Dei
831 2936 919 3014 ipsius
943 2937 1116 2994 auctoritate

117 3020 187 3077 coni
207 3014 345 3086 robatur,
377 3024 454 3073 extra
483 3013 791 3075 coutroversiamest.
841 3014 944 3086 Quare
969 3020 1030 3070 n'on
1057 3012 1093 3070 de

118 3091 169 3171 ted
182 3034 218 3150 de
235 3091 354 3151 secandi
373 3090 488 3150 ratione
507 3090 673 3171 ambigitur.
705 3089 767 3163 Qui
787 3090 828 3148 sic
848 3090 1024 3167 partiuntur,
1045 3100 1079 3145 ut
1095 3100 1116 3147 tr

118 3168 298 3247 cepta-dent
317 3166 427 3247 primae
447 3165 578 3239 tabulae,
607 3167 723 3245 reliquo
747 3177 860 3244 septem
880 3166 910 3223 in
930 3165 1086 3224 secundam
1107 3188 1116 3223 r

116 3254 308 3325 praeceptum
329 3243 365 3315 de
385 3242 560 3324 imaginibus
580 3258 703 3302 numero
725 3262 757 3301 ex
781 3254 906 3323 ungunt,
926 3242 970 3299 vel
984 3253 1064 3300 certe
1083 3262 1116 3299 su

119 3318 292 3395 occultant-i·
305 3328 401 3398 qun'm·
416 3319 544 3401 mandati
565 3318 632 3378 loco
654 3318 728 3377 baud
749 3264 838 3383 ellubie
858 3339 872 3377 a
891 3318 1022 3377 Domino
1044 3318 1116 3377 distin

119 3398 206 3465 situm
226 3397 279 3457 sit:
315 3382 460 3455 de'cimum
480 3416 568 3470 vero,
599 3394 635 3453 de
668 3416 729 3454 uon
750 3394 991 3473 concupiscendis
1013 3394 1116 3484 proxin

117 3474 167 3533 in'e
203 3471 350 3531 ein-duo
371 3464 563 3551 iou'cerpunt.
602 3472 817 3550 Acceditquod
837 3471 924 3530 talem
945 3470 1089 3551 partiendi
1111 3494 1116 3527 ι

116 3484 246 3632 puribre'
258 3546 377 3623 saeculo
388 3542 575 3629 incognitam
596 3547 698 3620 luisse,
729 3564 797 3607 nrot
817 3549 1006 3628 intelligetur.
1051 3547 1111 3605 atii

118 3626 214 3719 capita
234 3624 388 3685 nobiseum
408 3625 438 3681 in
459 3625 549 3704 prima
564 3624 668 3685 tabula
694 3638 862 3683 numerante
886 3626 942 3682 sed
967 3621 1053 3702 primi
1073 3623 1116 3682 vie

117 3702 286 3766 morionem
306 3710 453 3774 statuunt,¹
468 3705 530 3760 sine
550 3713 719 3781 praecepto.
758 3702 783 3759 t:
807 3722 825 3759 o
846 3713 953 3774 autem,
995 3701 1040 3758 uria
1062 3700 1116 3759 nisi

117 3778 234 3847 ratlone
254 3778 426 3850 convincar,
440 3776 549 3857 {decern
568 3778 658 3837 verba
677 3778 752 3857 apud
802 3796 873 3835 osen
894 3798 948 3855 pro
970 3722 1072 3836 decem
1094 3798 1112 3855 p

119 3856 244 3935 accipio,
263 3866 294 3913 et
312 3853 444 3913 totidem
459 3853 637 3933 pulcerrimo
658 3855 763 3913 ordine
777 3854 915 3932 disposita
929 3854 1027 3913 videre
1048 3853 1116 3911 mibi

118 3933 259 4014 permissa
290 3931 347 3991 illis
377 3930 606 4010 sua-opinione,
636 3950 741 4009 sequar
772 3929 852 4010 quod
879 3930 971 4012 magis
1002 3929 1074 3989 mibi
1104 3952 1116 4008 p

119 4020 228 4089 nempe
249 4006 371 4087 utquod
392 4006 438 4066 illi
452 4018 642 4086 praeceptum
660 4008 785 4087 primum
808 4006 928 4081 faciunt,
948 4007 1045 4065 locum
1067 4027 1116 4085 pro

119 4084 327 4147 iti-totambe
351 4102 397 4143 em
416 4094 533 4160 teneat,
562 4094 721 4162 sequantur
742 4084 849 4157 deinde
870 4094 1026 4165 praccepta
1046 4084 1116 4161 prin

119 4168 191 4224 tudr
228 4101 374 4223 secundae
392 4159 511 4221 tabulae
524 4176 597 4233 sex,
617 4179 653 4221 eo
683 4182 743 4240 quo
764 4161 999 4220 recensebuntur'
1017 4158 1116 4218 ordine

119 4202 293 4356 divitiopgm
313 4237 462 4322 Origenes
480 4237 544 4300 aine
564 4237 782 4333 controversia,
813 4235 937 4318 perinde
964 4246 1053 4316 atque
1077 4256 1116 4317 pa
