2700 4732
516 190 593 255 ΠΒ.
612 191 680 253 tv..
707 189 797 255 cte.
816 189 871 253 tr.
1199 201 1261 269 225

121 337 262 401 ecclesiae
279 349 442 431 proventus
460 335 653 418 recipiebant,
672 346 708 397 ut
725 336 899 400 conferrent
917 335 947 397 in
960 356 1048 400 veros
1067 359 1145 413 osus,
1163 339 1194 400 id
1213 351 1258 402 est

120 416 229 497 partim
247 414 396 493 ministris,
414 413 522 492 partim
543 412 721 493 pauperibus
739 413 851 473 alendis
871 412 1095 476 distribuerent:
1121 412 1256 497 episcopi

119 505 219 553 tamen
232 492 365 565 arbitrio,
385 492 432 550 cui
447 501 476 551 et
488 489 681 567 oeconomiae
692 510 761 550 snae
775 490 903 551 rationes
916 488 1073 569 quotannis
1083 490 1256 555 reddebant.

119 569 196 645 Nam
217 568 297 646 quod
319 566 458 628 Canones
483 566 654 645 episcopum
679 565 791 644 ubique
817 566 927 625 iaciunt
951 566 1098 627 bonorum
1114 568 1255 644 ¹omnium

118 645 260 724 ecclesiae
280 645 527 734 dispensatorem,
549 662 609 702 non
629 640 669 701 ita
694 641 919 733 intelligendum
941 655 998 717 est,
1018 644 1099 723 quasi
1118 638 1180 723 ipse
1200 667 1256 724 per

118 741 153 781 se
179 741 241 780 eam
264 719 491 780 sollicitudinem
521 718 659 798 gesserit:
690 718 740 779 sed
761 739 827 797 quta
852 718 941 798 ipsius
967 731 1029 778 erat
1054 720 1255 811 praescribere

119 796 259 869 diacono,
280 797 328 874 qui
349 796 378 855 iu
399 794 545 875 publicam
561 793 700 854 ecclesiae
720 792 885 855 alimoniam
903 792 1066 875 recipiendi
1086 809 1197 872 essent,
1216 797 1254 861 de
1309 847 1316 865 ,

117 893 158 933 eo
179 873 258 952 quod
278 871 424 931 residuum
444 883 523 945 erat,
564 869 648 929 uibus
669 881 700 930 et
740 883 859 930 nantum
872 871 986 949 cuique
1006 872 1186 954 erogandum
1208 894 1255 936 es·

117 961 177 1010 set:
199 948 266 1039 quia
286 948 498 1028 inspectionem
520 948 553 1006 ba
578 946 656 1019 ebat,
675 968 711 1007 an
754 950 780 1021 ic
800 944 933 1007 fideliter.
943 960 1152 1029 exsequeretur
1171 948 1253 1031 quod

117 1024 211 1085 ofbcir
230 1023 274 1085 sui
294 1036 377 1084 esset.
417 1023 467 1084 Sic
488 1024 615 1083 enimin
636 1022 808 1083 Canonibu's
828 1022 947 1103 quosd
971 1022 1074 1085 ostolis
1093 1022 1253 1105 ascribunt,

115 1098 239 1182 legitur:
260 1098 478 1189 „Praecipirnus
498 1099 580 1159 utin
599 1120 649 1159 sua
670 1111 817 1179 potestate
835 1119 883 1159 res
897 1044 1038 1173 ecciesiae
1057 1096 1165 1175 haheat
1188 1098 1252 1183 epi-

116 1197 256 1310 ,scopus
295 1177 328 1236 si
349 1196 425 1235 emm
444 1175 556 1236 animae
577 1174 728 1235 hominnm
748 1175 939 1255 pretiosiores
958 1176 1001 1237 illi
1025 1175 1154 1239 creditae
1173 1188 1252 1255 suut,

115 1265 233 1331 „muto
254 1253 342 1334 magis
363 1252 448 1312 decet
468 1271 534 1311 eum
548 1272 647 1310 curam
667 1251 704 1311 de
724 1250 855 1331 pecuniis
874 1272 979 1333 agere:
999 1252 1041 1313 ita
1060 1264 1095 1313 ιιι
1114 1257 1176 1321 eius
1195 1276 1252 1334 po·

116 1341 245 1408 „testate
265 1328 362 1389 omnia
382 1326 558 1407 pauperibus
584 1327 789 1405 dispensentur
835 1349 866 1387 er
891 1329 1081 1409 presbyteros
1101 1342 1133 1391 et
1153 1330 1253 1407 diaco·

115 1426 210 1483 „nosz
239 1416 272 1464 ut
296 1427 363 1465 cum
386 1404 493 1465 timore
518 1415 548 1463 et
573 1404 654 1464 omni
674 1350 874 1465 sollicitudine
900 1402 1122 1481 ministretur.“'¹
1155 1404 1251 1485 ,Etlirr

115 1481 245 1543 concilio
265 1480 452 1541 Antiocheno
474 1478 624 1549 decretum
645 1491 689 1540 est
708 1484 786 1559 (cap.
805 1486 887 1558 35),
914 1492 948 1540 ut
971 1492 1165 1541 coerceantur
1181 1505 1203 1555 ,e
1226 1480 1250 1533 '-

114 1558 210 1641 scopi,
230 1557 279 1636 qui
299 1562 362 1616 sine
381 1556 467 1637 presb
491 1568 619 1617 tenorum
632 1568 662 1616 et
677 1556 868 1619 diaconorum
888 1556 1068 1619 conscientia
1087 1578 1135 1619 res
1154 1506 1234 1619 eccl¹

114 1635 175 1703 siae
216 1645 381 1693 ertractant.
421 1577 486 1692 Sed
501 1632 538 1717 dc
562 1652 600 1717 eo
625 1654 686 1695 non
709 1644 753 1693 est
770 1632 887 1713 longius
913 1634 1133 1713 disputandum,
1158 1654 1250 1716 quum

115 1730 153 1781 ex
172 1655 303 1791 plbrimis
324 1708 464 1791 Gregorii
490 1708 619 1788 epistolis
639 1721 771 1787 constet,
800 1710 863 1769 illo.
879 1729 998 1789 qnoque
1021 1721 1167 1790 tempore,
1187 1734 1248 1793 qno

113 1786 186 1849 alias
205 1784 417 1847 ecclesiasticae
437 1784 640 1846 ordinationes
660 1786 785 1846 multum
803 1785 919 1845 vitiatae
940 1797 1034 1863 eraut,
1055 1785 1130 1848 hanc
1149 1800 1249 1850 tamen

114 1861 352 1925 observationem
374 1862 506 1934 durasse,
531 1873 563 1921 ut
584 1859 701 1921 diaconi
726 1860 787 1931 sub,
802 1852 942 1943 episcopo
967 1882 1129 1942 pauperum
1151 1877 1249 1926 essent

111 1938 282 2001 oeconomi.
339 1938 569 2018 llypodiaconos
587 1937 742 1999 verisimile
763 1950 808 1999 est
831 1937 918 1999 inisse
945 1938 1032 1997 initio
1053 1939 1182 2000 diaconis
1202 1952 1248 2001 at·

112 2014 253 2091 tributos,
272 2027 306 2075 nt
325 2028 427 2075 eorum
446 2034 537 2095 opera
549 2014 626 2075 eirca
666 2034 787 2093 superes
806 2027 972 2079 uterentur:
992 2015 1044 2095 sed
1063 2015 1134 2079 illud
1146 2017 1248 2078 discri-

111 2111 184 2153 men
203 2090 339 2172 paulatim
359 2091 512 2151 confusum
532 2090 605 2151 init.-
663 2091 842 2153 rchidiaconi
862 2103 958 2151 autem
979 2088 1071 2151 creari
1089 2103 1160 2152 tunc
1176 2113 1248 2153 coe·

112 2180 235 2249 perunt,
254 2190 344 2248 quum
365 2166 525 2247 amplitudo
552 2166 721 2243 facultatum
741 2188 849 2241 noram
868 2178 898 2227 et
924 2170 1101 2245 eraetiorem
1116 2168 1246 2230 admini-

111 2245 226 2307 strandi
245 2246 390 2304 rationem
410 2242 586 2325 postularcta
607 2264 771 2324 quanquam
783 2238 1061 2321 [lieronymus'ietn
1081 2244 1177 2307 aetate
1196 2267 1249 2308 stra

110 2320 203 2383 inisse
228 2333 438 2381 commemorat
448 2320 492 2395 a),
541 2320 614 2381 Erat
637 2332 734 2381 autern
783 2342 851 2381 anes
876 2342 927 2383 cos
953 2341 1065 2383 summa
1089 2321 1246 2399 redituum,

110 2397 343 2479 possessionum,
373 2392 595 2477 suppellectilis,
624 2408 655 2457 et
673 2342 908 2477 quotidianarum
935 2395 1119 2465 oblationum
1160 2420 1248 2459 rocu-

110 2475 198 2535 ratio.
238 2474 326 2532 Unde
346 2470 507 2553 Gregorius
527 2472 702 2534 Salonitano
724 2470 939 2535 Archidiacono
960 2474 1059 2559 (epist.
1072 2478 1119 2539 10.
1138 2418 1189 2534 lib.
1198 2474 1247 2553 ¹1.)

111 2550 267 2611 denuntiat
286 2560 368 2608 reatu
388 2549 579 2609 constrictum
598 2550 695 2619 teneri
715 2549 832 2631 ipsum,
857 2550 881 2609 si
901 2548 970 2631 quid
989 2570 1024 2627 cx
1044 2549 1130 2611 bonis
1151 2550 1247 2611 eccle·

111 2627 172 2687 siae
185 2626 230 2687 vel
250 2626 329 2707 negli
353 2625 429 2685 entia
447 2623 493 2683 vel
513 2625 590 2686 illius
611 2626 712 2687 frande
728 2625 895 2707 deperierit.
935 2622 1027 2700 Quod
1041 2638 1136 2695 antem
1148 2626 1247 2688 Eran-

111 2702 183 2783 gelii
202 2703 238 2763 ad
256 2645 398 2783 populum
418 2702 506 2761 lectio
527 2701 583 2761 illis
603 2701 737 2776 debatur,
757 2717 788 2762 et
808 2703 972 2761 exhortatio
992 2702 1026 2762 ad
1069 2702 1244 2769 recanduma

112 2778 195 2858 quod
214 2780 284 2839 item
308 2781 344 2839 ad
366 2778 575 2859 porrigendum
601 2778 630 2837 in
650 2800 729 2839 sacra
750 2780 854 2839 Coena
874 2777 992 2838 calicem
1012 2723 1244 2839 adbibebanturr

110 2854 144 2915 id
163 2855 290 2916 muneris
310 2855 434 2915 ornandi
455 2875 539 2914 cansa
557 2854 663 2927 fiebat,
689 2875 748 2934 quo
773 2855 877 2914 maiori
897 2852 1042 2936 religione
1068 2854 1076 2913 i
1099 2878 1161 2914 sum
1189 2852 1246 2915 ob·

110 2930 203 3006 irent,
223 2932 549 3012 quomadmonerentnr
569 2930 675 2990 talibus
694 2929 849 3011 symbolis„
862 2932 927 2990 nori
937 2950 999 2991 esse
1019 2876 1172 3009 prolauam
1193 2929 1247 3013 ali·

109 3029 204 3146 guam·
219 3008 426 3069 villicationem
446 3027 533 3088 quam
552 3019 701 3089 gererent,
720 3007 772 3069 sed
790 3006 970 3087 spiritualem
991 3002 1100 3083 etDleo
1121 3004 1246 3069 dicalanr

248 3105 306 3144 em.

125 3096 335 3233 nncgonfflnc
354 3160 438 3221 etiam
458 3157 586 3221 iudicare
616 3157 705 3236 licet,
750 3157 792 3220 uis
812 3157 961 3221 bonorum
981 3146 1246 3237 ecclesiasticorum

109 3260 180 3300 usus
200 3236 304 3314 l'uerit,
328 3250 363 3321 ,let
384 3237 474 3318 qualis
495 3236 682 3317 dispensatio.
725 3180 835 3297 dassim
855 3249 917 3299 tum
937 3239 967 3297 in
986 3235 1171 3327 synodorum
1188 3236 1247 3299 'de-

110 3315 210 3390 cretis,
228 3326 290 3375 tum
310 3315 386 3395 apud
406 3325 535 3387 vetustos
555 3313 722 3395 scriptores,
741 3312 871 3392 reperias
887 3312 1025 3393 quicquid
1047 3312 1176 3391 possidet
1195 3334 1247 3395 ec·

110 3390 202 3453 olesla
221 3390 266 3453 vel
286 3392 315 3450 in
338 3387 519 3464 lundis,vel
533 3389 570 3463 ,in
590 3380 728 3468 pecunia,
753 3398 915 3471 pauperum
940 3409 1002 3450 esse
1027 3378 1245 3471 patrimonium.

108 3467 224 3547 ltaque
239 3469 367 3528 subinde
391 3467 452 3526 illic
476 3464 547 3525 baec
573 3464 717 3525 cantilena
744 3466 896 3547 episcopis¹
913 3464 1093 3547 et'diaconis
1118 3464 1246 3547 canitur,

107 3555 144 3604 nt
162 3545 351 3603 meminerint
369 3563 400 3604 se
420 3564 482 3602 nou
501 3542 634 3621 proprias
655 3560 737 3620 opes,
755 3540 805 3615 sed
826 3546 987 3634 pauperum
1007 3540 1173 3615 necessitati
1190 3536 1246 3621 'de-

109 3621 232 3681 atinatas
258 3633 429 3681 attrectare:
460 3640 530 3710 quas
555 3618 578 3676 si
603 3616 677 3676 mala
708 3619 766 3679 fide
790 3628 1048 3698 supprimantant
1072 3610 1247 3701 dilapident,

108 3695 157 3756 rei
173 3698 322 3779 sanguinis
342 3695 433 3756 suturi
456 3704 523 3756 sint.
566 3692 655 3752 Unde
674 3694 870 3761 admouentur
883 3716 955 3771 ¹cnm
970 3713 1093 3763 ,summo
1113 3702 1246 3785 treppqpc

108 3784 142 3832 et
161 3775 336 3848 reverentia,
355 3773 435 3832 velut
454 3773 484 3829 in
505 3778 666 3850 conspectu
682 3768 750 3843 Dei,
769 3768 831 3830 sine
851 3790 888 3865 pe
920 3790 1041 3831 onerum
1061 3754 1247 3849 aecepbmm,

107 3868 159 3909 eas
187 3849 362 3910 distribuere
389 3846 494 3928 quibus
520 3840 675 3907 debentur.
711 3844 801 3906 -llinc
821 3856 851 3907 εἰ
867 3792 947 3909 'illae
967 3846 1044 3939 apud
1062 3844 1247 3931 Chrysosto·

104 3947 205 4000 mum,
224 3925 428 3997 Ambrosium,
447 3923 662 4006 Augustiunrn,
681 3933 711 3984 et
730 3924 806 4007 alipt-
822 3920 929 3984 sim'ile's'
950 3928 1120 4002 episcopos,
1138 3940 1245 4009 ¹gretes

106 4000 341 4078 obtestationes,
368 4002 472 4081 quibus
491 4020 573 4063 suam
592 4001 790 4081 integritatem
802 3992 1050 4095 'apudpopulum
1069 4004 1245 4075 meterent.

258 4148 261 4153 .
451 4148 454 4155 .
889 4128 895 4143 ⁸
1082 4138 1085 4143 ·
1107 4136 1110 4143 ¹
1128 4132 1148 4149 ¹0
1182 4134 1248 4155 r'·'.r¹'

297 4148 1238 4175 §dmm-atu·-

766 4196 771 4205 .
898 4206 901 4211 Ι
1184 4190 1190 4201 ι

178 4252 206 4321 ¹)
224 4246 406 4326 Hieronymus
424 4214 959 4327 cpiscladlllepntinnumi''sllildiindlet
974 4222 1249 4326 ,dlllrytotlffleplllub‘b

107 4318 252 4397 hibidem,

135 4386 424 4458 Ortvirtttnstttutlotts
451 4384 513 4401 ·...···
569 4384 584 4403 Ι,
654 4390 657 4397 ¹
739 4388 756 4403 ..
792 4360 867 4403 ...l..

1016 4368 1063 4455 ιι·
