2700 4732
92 230 151 292 450
479 218 558 287 ΗΒ.
579 218 635 281 lll.
676 219 765 283 CAP.
786 220 855 282 Vll.

78 366 227 431 ·amabilia
246 366 372 429 reddant
389 386 440 427 sua
460 365 567 425 officia.
605 364 749 441 Primum,
770 366 833 427 cius
853 384 941 446 quern
953 384 1013 447 ope
1031 385 1082 426 sua
1102 364 1238 448 indigere

94 447 298 525 conspiciunt,
316 465 472 523 personam
492 442 651 523 suscipiant
671 454 802 524 oportet,
822 464 856 503 ac
878 444 1015 504 fortunae
1034 442 1160 525 perinde
1177 442 1236 503 mi-

95 535 265 595 sereantur,
288 521 346 581 acsi
366 540 430 579 eam
451 519 594 579 sentirent
613 520 668 601 ipsi
689 540 722 580 ac
741 520 934 581 sustinerent:
962 532 996 579 ut
1014 519 1237 581 misericordiae

94 621 129 661 ac
153 598 339 659 humanitatis
371 618 458 657 sensu
484 596 519 654 ad
547 596 682 655 ferendas
707 596 748 655 illi
774 599 922 677 suppetias
948 618 1009 657 nun
1035 596 1123 655 aliter
1146 614 1236 676 quam

93 674 150 737 sibi
175 672 317 734 ferantur.
368 673 430 749 Qui
449 674 492 735 sic
512 674 653 733 animatus
674 674 709 733 ad
730 694 849 754 operam
870 674 1010 734 fratribus
1029 674 1088 733 suis
1108 670 1234 733 tanta·
1311 716 1326 741 ,

95 752 232 825 accedet,
257 774 319 812 nou
344 751 435 809 modo
463 750 541 810 nulla
560 752 610 809 vel
631 752 800 834 arrogantia
820 750 866 811 uel
886 750 1117 830 exprobratione
1136 748 1235 811 officia
1262 780 1330 820 .-

93 847 145 888 sua
158 828 386 888 contaminabit:
407 827 456 887 sed
477 849 533 887 nec
553 827 683 899 fratrem,
703 828 750 887 cui
773 828 931 896 benefacit,
950 827 995 886 rel
1016 838 1066 885 tan
1090 846 1157 885 uem
1167 826 1233 907 opit
1259 854 1330 895 a

93 924 222 999 egenum
241 904 394 985 despiciet,
413 903 464 963 rel
483 914 621 983 tanquam
633 904 690 964 sibi
704 903 866 986 obligatum
876 902 1054 985 subiugabit.
1110 922 1151 962 ou
1170 920 1332 963 mv—

92 1002 138 1063 grs
157 982 269 1042 scilicet
287 1002 374 1061 quam
400 979 449 1038 vel
475 1001 565 1061 aegro
590 981 724 1041 membro
750 981 938 1057 insultamus,
964 982 1011 1040 cui
1036 977 1332 1045 refocillationes

18 1070 21 1075 '
94 1058 239 1137 reliquum
259 1080 366 1137 corpus
387 1055 513 1116 laborat:
539 1056 584 1117 rel
611 1056 732 1138 reliquis
755 1058 894 1118 membris
914 1070 1048 1139 putamus
1066 1054 1336 1136 specialiter-r

94 1134 157 1195 obli
179 1146 275 1207 atum,
301 1134 368 1213 quia
389 1133 453 1212 plus
473 1154 582 1213 operae
602 1134 638 1194 ad
657 1154 689 1195 sc
708 1136 829 1199 traxerit
848 1156 934 1215 quum
958 1133 1143 1215 rependerit.
1183 1132 1304 1191 Si—
1317 1172 1332 1183 -

94 1212 143 1291 qui
165 1232 212 1270 em
232 1210 396 1271 officiorum
418 1212 495 1268 iuter
514 1210 646 1271 membra
666 1212 894 1273 communicatio
911 1210 984 1271 nihil
1002 1210 1162 1291 gratuitum
1182 1208 1334 1269 lta—2·

94 1287 167 1347 bere
187 1288 332 1362 creditur,
356 1286 406 1347 sed
423 1287 525 1377 potius
545 1286 653 1347 solutio
674 1306 736 1346 csse
757 1288 830 1365 cius,
848 1288 928 1367 quod
950 1298 1071 1347 naturae
1090 1286 1159 1369 lege
1178 1284 1333 1345 ‹te—:-

94 1362 188 1424 bitum
207 1384 317 1445 negare
344 1356 556 1444 prodigiosum'
574 1376 659 1424 esset.
709 1364 772 1425 llac
793 1384 914 1455 quoque
933 1364 1049 1424 ratione
1068 1362 1121 1422 fiet
1139 1373 1175 1422 ut
1192 1378 1333 1423 ηις

93 1438 249 1499 liberatum
269 1460 301 1499 sc
321 1452 415 1519 putet,
435 1440 485 1517 qui
503 1461 564 1500 uuo
584 1460 695 1521 genere
715 1440 805 1501 officia
828 1441 983 1501 defunctus
1002 1439 1108 1499 fuecit:
1129 1458 1334 1519 quem-n·

94 1516 252 1576 admodum
269 1516 357 1597 vulgo
378 1517 442 1575 fueri
462 1516 549 1589 solet,
568 1528 601 1575 ut
620 1519 709 1590 dives,
730 1530 882 1597 postquam
903 1516 1011 1597 aliquid
1033 1517 1070 1575 de
1088 1535 1145 1575 suo
1164 1532 1332 1575 ero-⁴·-

115 1595 188 1666 avit,
218 1592 273 1653 alia
295 1613 402 1667 onera,
434 1606 572 1673 tanquam
593 1592 665 1653 nihil
687 1594 722 1651 ad
742 1616 773 1655 se
793 1595 988 1674 pertinentia,
1020 1592 1083 1654 aliis
1104 1590 1327 1675 delegem

93 1612 155 1732 bed
174 1672 214 1730 ita
234 1671 332 1750 potius
351 1692 449 1730 secum
470 1670 593 1761 quisque
612 1670 770 1751 cogitabit,
794 1692 840 1745 se,
867 1682 992 1751 quantus
1018 1683 1145 1750 quantus
1176 1672 1321 1745 ert-1,

94 1747 233 1828 proximis
254 1747 418 1805 debitorem
439 1768 483 1806 sur
504 1767 581 1805 esse:
606 1767 661 1806 nee
682 1744 772 1807 aliurn
792 1748 971 1808 exercendae
991 1767 1060 1827 erga
1078 1746 1159 1826 ipsos
1179 1742 1233 1805 be-
1256 1766 1316 1791 *-

94 1824 276 1897 nefacentiae⁷
289 1823 473 1883 statuendum
495 1843 558 1883 esse
577 1822 683 1898 linem,
708 1824 762 1884 nisi
784 1846 872 1905 quum
900 1823 1052 1884 facultates
1071 1822 1229 1882 deliciunt·
1296 1838 1307 1879 c

93 1920 168 1981 quac
189 1921 274 1980 quarn
295 1899 354 1959 late
374 1900 583 1974 extenduntur,
609 1900 644 1960 ad
666 1901 792 1962 caritatis
813 1900 942 1981 regulam
970 1899 1089 1959 limitari
1109 1898 1296 1959 debent:

169 1982 200 2042 8.
239 1976 432 2056 Praecipuam
452 1975 528 2036 abur
551 1975 657 2037 ationis
677 1978 770 2037 nostri
795 1991 908 2057 purtem
917 1972 939 2051 ,'
951 1997 1037 2057 quam
1058 1972 1183 2037 diximrls
1200 1974 1289 2034 in

95 2053 191 2113 Deum
210 2066 359 2145 spectare,
390 2052 495 2113 iterum
516 1996 632 2129 plenius
651 2073 871 2135 exsequarnurz.
887 2076 920 2113 uc
940 2053 1032 2113 multa
1051 2052 1173 2132 quidem
1192 2050 1277 2111 de

94 2150 128 2191 ea
138 2130 195 2189 iam
207 2130 284 2189 dicta
296 2142 375 2204 sunt,
395 2150 470 2208 quae
484 2142 618 2209 repetere
630 2151 839 2211 supervacuum
854 2130 947 2191 foret:
966 2130 1093 2191 sufficiet
1103 2140 1264 2191 tnctarae

93 2218 237 2285 quatenus
256 2206 292 2265 ad
313 2206 569 2285 aequanimitatem
588 2206 834 2288 tolerantiamque
855 2228 909 2268 uos
929 2207 1048 2267 fomnat.
1078 2204 1182 2267 l’riuci
1201 2204 1212 2221 ⁸

92 2282 182 2365 igitur
200 2283 232 2341 iu
252 2282 418 2361 quaerenda
428 2282 504 2341 vitae
523 2284 683 2363 praesentis
703 2283 748 2343 vel
768 2284 978 2346 commoditate
997 2283 1044 2343 cel
1062 2222 1244 2363 maqnff'f'

91 2370 169 2433 tate,
198 2357 257 2417 huc
276 2379 332 2419 nos
353 2360 505 2438 Scriptura
523 2371 627 2435 vocat,
658 2372 692 2419 ιιι
711 2361 834 2421 Domini
852 2359 975 2420 arbitrio
996 2380 1051 2420 nos
1070 2362 1237 2442 noctuque
1345 2397 1350 2408 ι

27 2486 31 2494 .
91 2434 190 2495 omnia
211 2434 404 2517 resignantes,
424 2436 587 2497 domandos
599 2459 632 2497 ac
650 2436 849 2519 subiugandos
870 2437 968 2498 cordis
988 2437 1083 2497 nostri
1104 2434 1229 2499 affectu
1305 2492 1319 2503 c

91 2510 133 2570 illi
153 2510 309 2570 tradamus.
348 2512 394 2591 aa
415 2532 486 2591 opes
506 2512 696 2593 honoresque
716 2515 906 2594 expetendos,
926 2513 963 2573 ab
976 2512 1226 2595 arulriendampo-
1294 2502 1342 2549 ³

92 2588 231 2661 tentiam,
256 2587 291 2646 ad
318 2588 504 2651 cumulandas
532 2590 659 2666 divitias,
684 2590 719 2651 ad
740 2611 787 2651 eas
808 2612 911 2651 omnes
931 2590 1072 2669 ineptias,
1097 2608 1177 2669 quae
1193 2584 1226 2651 ad
1313 2595 1350 2612 ''

91 2664 335 2747 magnificentiam
358 2686 552 2745 pompamque
572 2666 670 2727 facere
689 2668 844 2743 videntur,
874 2666 1093 2749 congerendas,
1120 2664 1227 2727 furiott

92 2753 137 2801 est
156 2753 256 2801 nostra
275 2740 381 2816 libido,
402 2742 514 2802 infinita
535 2744 685 2822 cupiditas.
724 2745 850 2805 Rursum
871 2766 926 2823 pau
952 2745 1066 2818 ertatir,
1085 2740 1226 2825 ignobib‘-

90 2817 168 2892 tatis,
186 2817 357 2877 humilitatis
378 2818 465 2879 mirus
485 2820 588 2896 timor,
608 2822 712 2880 micum
734 2822 848 2883 odium:
880 2766 985 2901 quibus
1005 2820 1041 2879 ad
1061 2818 1112 2880 illa
1131 2816 1227 2881 mo&

91 2892 227 2955 omnibus
247 2894 412 2954 amolienda
437 2896 626 2957 stimulamur.
671 2898 750 2958 llinc
769 2898 868 2961 videre
888 2912 932 2959 est
974 2917 1038 2957 uam
1064 2896 1228 2977 irrequieto

90 2972 148 3031 siut
168 2972 301 3052 ingenio,
321 2985 396 3051 quot
415 2985 533 3057 tentent
552 2986 639 3047 artes,
660 2976 765 3054 quibus
785 2974 887 3035 studiis
906 2996 937 3034 se
953 2918 1082 3057 fatigent
1102 2975 1230 3055 quicun-
1281 2979 1283 2990 ’

91 3048 255 3126 quesitam
276 3049 400 3127 proprio
425 3050 548 3109 consilio
569 3063 768 3131 componunt:
799 3073 859 3131 quo
885 3051 998 3111 scilicet
1021 3050 1230 3127 adipiscantur,

91 3144 165 3202 quae
184 3123 231 3182 vel
250 3124 419 3184 ambitionis
439 3125 485 3185 ecl
505 3126 639 3186 avaritiae
659 3128 716 3187 fect
735 3128 876 3204 affectus,
903 3149 1016 3187 rursum
1036 3147 1097 3208 quo
1117 3148 1176 3209 patr
1198 3146 1231 3187 e·

91 3200 164 3257 riem
184 3199 436 3280 humilitatemque
463 3202 626 3283 defugiant.
677 3205 735 3266 Piis
756 3225 829 3289 ergo
851 3204 1034 3279 bominibus,
1060 3204 1230 3267 aetaliae

90 3275 201 3355 laqueis
220 3274 422 3411 implicentur,
447 3278 518 3339 baec
538 3280 664 3338 tenenda
687 3295 731 3342 est
750 3283 804 3341 riu.
853 3283 1004 3361 Principio
1025 3302 1086 3341 non
1106 3279 1229 3343 aliunde

89 3372 250 3430 prosperan
275 3354 283 3409 i
303 3355 448 3413 rationem
469 3354 514 3415 vel
534 3369 685 3435 appelant,
704 3358 749 3418 sel
759 3370 889 3439 sperent,
908 3358 954 3418 rel
974 3359 1118 3441 cogitent,
1139 3378 1230 3439 qun

90 3448 123 3488 ex
142 3426 265 3488 Domini
286 3430 510 3491 benedictione:
540 3433 669 3513 ideoque
694 3435 722 3493 in
750 3456 813 3495 eam
839 3457 870 3495 se
891 3446 955 3495 tuto
981 3456 1014 3495 ac
1039 3434 1230 3497 confidenter

89 3502 224 3564 reiiciant
243 3527 275 3565 ac
296 3507 448 3567 reclinent.
491 3510 565 3568 Nam
593 3522 743 3591 utcunque
762 3511 819 3572 sibi
845 3512 946 3592 pulcre
971 3512 1107 3579 sufficere
1126 3511 1229 3575 videa-

88 3591 137 3640 tur
157 3600 245 3653 caro,
265 3582 332 3640 ilum
353 3583 400 3641 vel
422 3587 541 3665 propria
560 3586 701 3648 industria
721 3589 757 3647 ad
777 3588 924 3664 honores,
945 3609 1077 3669 opesque
1097 3600 1229 3650 conten-

88 3656 146 3732 dit,
167 3656 212 3717 rel
231 3658 328 3718 studio
349 3661 484 3733 enititur,
504 3660 549 3721 vel
570 3663 722 3724 adiurator
742 3666 891 3727 bominum
911 3668 1020 3759 gratia:
1046 3676 1161 3725 certum
1181 3676 1229 3729 eat

88 3744 186 3795 tamen
203 3734 301 3793 omnia
324 3737 394 3795 llaec
414 3737 485 3796 nihil
506 3759 580 3813 csse,
601 3761 696 3821 neque
715 3742 826 3823 aliquid
845 3743 895 3802 rel
914 3744 1036 3825 ingenio
1055 3740 1102 3803 rel
1121 3742 1230 3805 labore

86 3831 142 3871 nos
162 3809 362 3891 profecturos,
383 3814 437 3874 nisi
457 3828 599 3894 quatenus
619 3821 932 3899 utrumquellominus
954 3817 1149 3901 prosperabit.
1184 3820 1230 3881 At
1270 3866 1274 3875 .

89 3908 268 3977 econverso
295 3888 356 3948 ¹sola
389 3890 477 3969 ipsius
508 3892 678 3955 benedictio
705 3898 790 3956 etiatu
817 3918 870 3977 per
895 3898 993 3959 omnia
1013 3895 1227 3977 impedimenta

43 3990 46 3995 ’
87 3984 161 4023 raam
189 3966 312 4045 reperit,
344 3979 376 4025 ut
406 3967 492 4027 nobis
517 3970 547 4028 in
574 3971 681 4031 laetum
708 3966 892 4054 fauslumquc
919 3975 1038 4035 exitium
1064 3974 1227 4035 succedere

88 4040 186 4101 orunia
207 4042 307 4101 faciat:
332 4043 438 4103 deiude
460 4058 488 4102 ut
511 4048 632 4106 maxime
652 4051 715 4109 sine
736 4052 796 4130 ipsa
817 4053 959 4131 possimus
980 4051 1090 4129 aliquid
1109 4049 1226 4131 gloriae

84 4129 173 4209 atquc
193 4118 361 4208 opulentiae
382 4121 467 4180 uobis
487 4145 657 4216 comparare
680 4128 942 4207 (quemadmodum
968 4130 1098 4189 videmus
1124 4130 1228 4209 quoti·

85 4194 133 4253 dre
152 4216 259 4272 impres
280 4200 392 4277 magnis
411 4210 441 4257 et
462 4200 624 4261 bonoribus
639 4215 668 4262 et
681 4204 786 4283 opibus
798 4205 965 4281 cumulari),
984 4205 1103 4285 quando
1123 4216 1227 4265 tamen

84 4288 122 4329 ue
141 4270 288 4329 mirrimarn
308 4274 426 4407 quidem
448 4275 593 4339 felicitatis
614 4279 782 4351 particulam
803 4282 970 4365 degustant,
991 4280 1096 4361 quibus
1109 4281 1227 4343 incum-

84 4344 128 4407 'u't
147 4346 206 4407 Del
230 4348 305 4403 malo
328 4352 414 4423 ictio,
448 4354 511 4411 sine
542 4356 602 4435 ipsa
627 4357 699 4414 nibil
726 4359 780 4417 nisi
807 4360 887 4437 quod
914 4360 988 4419 male
1014 4358 1102 4419 nobis
1128 4371 1228 4418 verrat
