2700 4732
82 192 123 255 oo
381 240 383 245 .
435 188 512 249 ura.
532 186 589 248 111.
622 187 721 285 guar.
740 189 838 251 xvu

83 331 174 415 digna
193 350 257 393 esse
276 330 408 405 dicimus,
427 332 553 412 quaein
573 346 766 413 conspectum
783 334 843 394 Dei
862 331 1024 413 prodeant:
1054 330 1127 392 ideo
1154 327 1229 393 nibil

84 428 210 490 operum
242 407 351 487 babere
381 408 530 469 bominem
551 431 611 491 quo
637 410 714 489 apud
732 410 830 471 Deum
854 410 1015 491 glorietur,
1046 408 1119 469 inde
1145 406 1230 467 oanni

84 504 209 565 operum
229 484 407 545 adminiculo
434 498 550 546 exutum
575 487 637 547 sola
657 487 715 547 fide
735 487 893 547 iustificari.
931 485 1005 545 Earn
1024 504 1120 565 porro
1142 484 1229 545 iusti·

82 566 155 623 tiam
175 561 346 637 definimus,
375 562 455 641 quod
476 563 505 621 in
527 562 637 623 Christi
656 565 897 624 communionem
918 573 1053 642 receptus
1073 572 1230 641 peccator,

83 640 146 699 eius
165 638 260 719 gratia
279 637 348 697 Deo
368 640 589 700 reconciliatur:
612 640 679 699 dum
700 640 775 700 illius
795 640 936 721 sanguine
958 649 1100 720 purgatus
1120 658 1228 719 pecca·

81 727 182 777 torum
202 715 406 774 remissionem
427 714 559 787 obtinet,
580 727 609 775 et
628 718 735 776 iustitia
755 736 816 775 uon
837 738 920 777 secus
940 736 973 775 ac
995 714 1119 796 propria
1134 715 1226 775 vesti-

81 804 140 867 tus,
160 811 259 851 coram
279 791 401 852 coelesti
421 791 560 851 tribunali
579 813 698 852 securus
713 792 852 853 subsistit.
890 791 1064 872 Praeposita
1084 802 1225 872 pcccato-

81 890 149 930 rum
174 866 364 942 remissione,
396 888 471 947 quae
501 869 560 927 iam
583 881 747 947 sequuntur
771 869 850 929 bona
878 888 969 929 ocra
992 867 1078 927 aliam
1100 887 1223 959 quauta

82 966 137 1006 suo
157 945 264 1005 merito
285 945 519 1005 aestimationem
539 943 664 1004 babent:
686 948 753 1024 quia
769 890 917 1025 qrricquif
927 945 958 1003 in
978 943 1035 1005 illis
1048 956 1096 1004 est
1115 962 1223 1024 tmper-

80 1022 203 1097 fectum,
223 1019 335 1081 Christi
354 1022 538 1101 perfectione
561 1022 744 1103 contegitur:
766 1022 904 1101 quicquid
924 1041 1089 1080 naevorum
1113 1031 1223 1081 estant

81 1098 232 1173 sordium,
265 1096 395 1156 eiusdem
422 1097 548 1178 puritate
566 1098 760 1181 abstergitur,
792 1118 830 1157 ue
850 1099 880 1157 in
902 1098 1003 1158 iudicii
1022 1096 1115 1158 divini
1136 1116 1221 1177 quae·

81 1175 209 1237 ationem
230 1173 337 1234 veniat.
378 1172 544 1234 Obliterata
569 1174 659 1254 igitur
684 1176 816 1234 omniurn
836 1176 1104 1256 transgressionum
1125 1172 1218 1253 culpa,

81 1250 190 1331 quibus
212 1248 415 1341 impediuntur
445 1250 577 1310 lromines
597 1270 635 1310 ne
656 1251 811 1331 quicquam
830 1252 898 1310 Deo
918 1263 1034 1332 gratum
1054 1248 1218 1330 proferant,

80 1348 113 1389 se
136 1326 199 1388 ulto
219 1338 307 1387 ettam
327 1326 562 1407 imperfectionis
573 1328 656 1402 vitio,
669 1329 750 1407 quod
761 1328 840 1388 bona
853 1347 973 1406 quoque
988 1346 1080 1407 opera
1102 1326 1220 1387 foedare

81 1426 115 1466 so
129 1416 172 1463 et:
193 1422 269 1483 quae
287 1402 364 1463 frunt
382 1424 397 1463 a
416 1403 551 1465 fidelibus
563 1403 642 1464 bona
653 1425 756 1485 opera,
776 1405 851 1464 iusta
870 1415 1039 1480 censentur,
1057 1401 1106 1465 rel
1126 1400 1219 1483 (quod

80 1480 159 1541 idem
180 1480 290 1617 estssln
309 1478 448 1541 iustitiam
469 1482 659 1559 imputantur.

157 1564 186 1622 9.
256 1578 311 1615 unc
335 1556 404 1616 mibi
425 1556 449 1617 si
468 1562 532 1636 quis
561 1558 638 1617 istud
668 1556 802 1616 obiectet
831 1557 866 1617 ad
898 1556 1128 1639 impugnandam
1152 1554 1221 1616 fidei

79 1632 230 1709 iustitiam,
250 1633 377 1713 primunr
389 1633 594 1717 interrogabo,
614 1656 685 1713 num
697 1634 787 1694 homo
808 1635 899 1694 iustus
913 1646 1066 1694 censeatur
1077 1632 1119 1702 ob
1130 1652 1218 1693 uttan

79 1721 132 1771 aut
154 1711 277 1787 alterum
297 1722 429 1770 sanctum
449 1731 539 1790 opus,
558 1711 677 1788 reliquis
696 1714 770 1771 vitae
791 1732 808 1771 o
834 1711 930 1771 eribus
950 1712 1038 1792 Legis
1056 1722 1219 1793 transgres-

79 1808 139 1848 sor.
184 1787 255 1848 Plus
275 1794 363 1867 quam
387 1786 544 1848 absurdum
566 1787 684 1866 quidem
707 1799 759 1850 est.
810 1732 927 1847 lleiude
953 1788 1101 1879 requiram
1122 1806 1159 1847 an
1180 1782 1219 1845 ob

78 1864 171 1924 multa
184 1884 304 1943 quoque
324 1864 402 1923 bona
414 1883 514 1943 opera,
534 1863 678 1942 siquidem
698 1864 957 1943 praevaricationis
969 1863 1005 1924 alr
1029 1885 1066 1923 ua
1086 1864 1119 1923 in
1137 1872 1218 1944 parte

78 1961 147 2002 reus
167 1942 305 2002 tenetur?
335 1941 381 2001 Ne
401 1940 459 2001 boc
479 1941 598 2021 quidem
618 1941 801 2001 contendere
820 1941 949 2016 audebit,
967 1886 1149 2001 reclamante
1162 1937 1218 1998 Le-

102 2017 124 2076 is
145 2016 313 2092 sanctione,
344 2017 576 2097 maledictosque
596 2036 700 2077 omnes
720 2018 934 2095 proclamante,
960 2018 1010 2097 qui
1037 2037 1101 2076 non
1122 2014 1218 2076 omnia

77 2036 168 2176 {egis
193 2093 329 2154 mandata
353 2094 391 2153 ad
416 2094 550 2154 ultimum
570 2093 757 2173 impleverint
776 2095 882 2171 (Deut.
903 2100 957 2169 27,
976 2094 1051 2171 aa).
1087 2090 1219 2167 Adhaet,

58 2171 156 2232 'ultra
198 2169 366 2263 cogrediar,
396 2171 473 2230 sitne
499 2169 588 2229 ullum
609 2192 628 2231 o
652 2192 700 2244 us,
731 2170 811 2249 quod
836 2170 943 2231 nullius
968 2170 1146 2250 impuritatis
1171 2178 1219 2228 aut

78 2192 312 2338 imperfectionis
331 2248 415 2328 argui
433 2258 590 2307 mereatur.
629 2191 669 2306 ln
680 2248 831 2327 quomodo
852 2259 929 2307 esset
941 2268 1040 2307 coram
1060 2247 1096 2306 iis
1116 2242 1218 2321 oeulis,

79 2323 186 2404 qucbus
207 2345 262 2384 nec
281 2323 383 2383 stellae
408 2326 476 2384 satis
500 2324 627 2382 mundae
646 2335 729 2396 sunt,
761 2345 816 2383 nec
843 2324 940 2404 augeli
959 2324 1029 2384 satis
1049 2322 1119 2383 iusti
1137 2318 1234 2401 (lob.

78 2407 109 2474 t,
128 2400 210 2470 18·)?
248 2398 294 2460 lta
313 2400 424 2459 nullum
443 2412 555 2459 exstare
576 2399 688 2459 bonum
708 2422 782 2480 opus
802 2402 968 2460 concedere
984 2412 1127 2481 cogetur,
1139 2396 1217 2489 quod

78 2498 142 2537 non
164 2488 193 2534 et
213 2477 356 2557 oppositis
375 2476 430 2538 sibi
450 2489 530 2535 trans
554 2475 748 2551 ressionibus,
779 2489 809 2536 et
832 2499 883 2536 sua
912 2476 1000 2555 ipsiria
1025 2488 1218 2557 corruptione

78 2552 226 2633 pollutum
246 2555 300 2624 sit,
325 2573 362 2613 ne
383 2553 510 2613 iustitiae
532 2496 683 2612 bonorem
703 2565 811 2612 teneat.
863 2554 979 2627 Quodsi
999 2564 1117 2613 constat
1136 2574 1155 2613 a
1174 2554 1217 2613 iu·

78 2628 256 2691 stificatione
275 2629 344 2689 fidei
363 2629 525 2710 proficisci,
546 2641 579 2688 ut
599 2650 690 2707 opera
711 2629 823 2709 impura
843 2629 969 2708 alioqui,
989 2629 1157 2705 immunda,
1176 2628 1217 2687 dl·

78 2706 213 2781 cnidiam,
234 2707 352 2787 indigna
372 2707 431 2765 Dei
452 2718 629 2787 conspectu,
649 2706 757 2765 nedum
779 2728 894 2780 arrrore,
922 2707 1049 2767 iustitiae
1069 2706 1218 2787 imputen-

78 2795 142 2844 tur:
169 2784 238 2864 quid
260 2784 344 2844 huius
363 2782 522 2844 iactatione
542 2784 693 2842 destrucre
714 2784 791 2841 illam
813 2784 990 2853 moliuntur,
1016 2774 1091 2862 qirae
1110 2783 1135 2843 si
1157 2802 1218 2843 non

79 2872 172 2936 esset,
193 2861 268 2921 hanc
287 2862 394 2922 frustra
413 2861 574 2921 lactarent?
613 2861 813 2939 Vipereumne
832 2872 951 2949 partum
978 2860 1076 2919 facere
1095 2856 1217 2921 volutati

77 2939 125 2998 Eo
146 2936 224 2996 euim
252 2938 382 2997 tendunt
411 2940 570 3016 impiorum
591 2937 676 2996 dicta.
728 2936 811 2994 Fidei
831 2937 1080 3009 iustificationcnr,
1106 2935 1217 3015 princi-

77 3014 176 3107 pium,
202 3014 441 3086 fundamentum,
473 3036 602 3086 causam,
634 3026 855 3091 argumentum,
875 3013 1065 3073 substantiam
1092 3032 1216 3092 operum

77 3091 205 3151 rustitiae
230 3111 293 3151 esse
319 3112 381 3151 non
406 3102 530 3171 possunt
550 3090 697 3151 inficiari:
724 3090 906 3149 concludunt
938 3103 1034 3150 tamen
1064 3088 1123 3149 fide
1156 3110 1217 3151 uon

77 3167 227 3228 iustificari
247 3168 414 3241 hominem,
436 3166 517 3245 quod
543 3166 622 3226 bona
648 3186 767 3245 quoque
794 3188 884 3246 opcra
911 3167 941 3226 in
967 3167 1107 3225 iustitiam
1123 3187 1218 3247 repu-

78 3256 191 3306 tentur.
232 3244 408 3304 Omittamus
429 3264 501 3324 ergo
521 3243 589 3303 istas
609 3244 748 3323 incptias,
778 3255 808 3302 ct
827 3243 906 3322 quod
929 3263 974 3303 res
994 3255 1038 3303 est
1058 3244 1218 3305 fateamur:

78 3323 103 3384 si
121 3343 138 3382 a
156 3319 224 3378 fidei
244 3320 448 3381 iustificatione
469 3320 618 3398 dependet
634 3320 843 3399 qualiscunque
862 3321 981 3379 tandem
993 3332 1132 3379 censetur
1144 3342 1164 3381 o
1187 3341 1218 3397 e-

77 3419 144 3459 rum
164 3396 282 3471 iustitia,
301 3417 363 3456 non
383 3397 473 3457 modo
491 3417 547 3486 per
568 3396 641 3456 hanc
662 3395 735 3454 nihil
754 3397 899 3467 imminui,
918 3397 967 3456 scd
989 3396 1088 3475 potius
1108 3342 1219 3459 combr-

77 3474 163 3547 mari,
183 3493 242 3551 quo
261 3472 398 3533 nimirum
410 3475 451 3534 vis
472 3494 533 3532 erus
552 3473 707 3552 potentior
727 3472 832 3533 elucet.
869 3473 975 3553 Neque
994 3473 1082 3532 etiam
1098 3473 1142 3535 sic
1157 3496 1218 3566 pu·

77 3563 172 3612 ternus
192 3549 391 3610 commendari
411 3561 479 3640 post
496 3549 655 3630 gratuitam
674 3550 911 3609 iustificationem
931 3568 1032 3629 opera,
1051 3560 1086 3610 ut
1102 3562 1137 3615 et
1156 3574 1165 3612 r
1189 3571 1220 3613 sa

78 3629 109 3688 in
128 3627 227 3688 locum
247 3626 422 3687 iustificandr
443 3626 567 3686 bominis
588 3637 689 3705 postea
709 3627 882 3702 succedant,
911 3638 962 3686 aaut
982 3626 1127 3687 eiusmodi
1148 3649 1168 3689 o
1203 3664 1218 3677 -

78 3704 154 3765 cium
176 3724 242 3765 cum
262 3703 320 3762 fide
338 3703 513 3782 partiantur.
552 3703 615 3762 Nisi
635 3703 712 3760 enim
733 3715 877 3782 perpetuo
898 3715 1015 3764 maneat
1033 3702 1127 3765 solida
1146 3704 1219 3765 fidel

77 3781 263 3855 iustificatio,
283 3778 401 3839 illorum
421 3778 618 3839 immundities
639 3779 802 3860 detegetur.
853 3778 933 3839 Nihil
954 3791 1050 3839 autem
1070 3779 1218 3843 absonum

79 3869 139 3933 est,
169 3858 210 3917 sic
231 3856 288 3916 lide
309 3856 458 3917 bominem
478 3855 626 3917 iustificari
644 3867 679 3914 ut
697 3878 758 3915 non
778 3857 840 3935 ipse
859 3856 950 3915 modo
971 3856 1064 3917 iustus
1082 3856 1139 3937 sit,
1164 3858 1218 3921 sed

78 3955 169 4015 opera
190 3954 309 4068 quolcpue
330 3935 390 3993 eius
410 3954 498 4011 supra
518 3933 689 4014 dignitatem
712 3934 786 3993 insta
807 3946 991 4007 censeantur.

155 4017 203 4075 10.
275 4032 308 4070 ac
328 4011 443 4069 ratione
464 4010 675 4083 concedemus,
695 4031 757 4068 non
778 4009 931 4088 partialem
952 4008 1043 4069 modo
1060 4009 1094 4068 in
1115 4010 1217 4091 operi·

77 4088 133 4148 bus
158 4087 294 4146 iustitiam
319 4086 412 4166 (quod
432 4086 486 4164 ipsi
507 4086 661 4146 adversarii
682 4087 815 4162 volunt),
838 4087 889 4146 sed
910 4086 1033 4166 perinde
1054 4086 1217 4167 approbari

77 4162 145 4224 Deo
171 4162 228 4223 acsi
254 4163 383 4243 perfecta
408 4162 601 4242 absolutaque
633 4163 721 4223 foret.
772 4163 832 4222 Sed
861 4165 885 4223 si
915 4163 1136 4224 meminerimus
1156 4186 1216 4245 quo

76 4240 270 4301 fundamento
290 4240 446 4315 fulciatur,
464 4239 561 4301 soluta
581 4238 638 4299 erit
656 4240 752 4300 omnis
773 4239 937 4301 difficultas.
988 4239 1117 4301 Gratum
1136 4240 1218 4301 enirn

8 4348 14 4359 =
77 4336 153 4399 opus
172 4328 243 4379 trruc
262 4316 380 4380 demum
400 4335 463 4381 esse
488 4315 608 4400 incipit,
638 4316 691 4380 ubi
711 4338 778 4380 cum
796 4317 883 4382 venia
905 4316 1073 4401 suscipitur.
1117 4316 1219 4383 Porro
