2596 4726
98 188 159 251 att
489 180 566 241 Llll.
586 180 642 241 tv,
683 178 773 241 ΟΜ).
792 176 850 239 111.

105 324 240 403 discipuli
262 344 323 385 esse
343 323 496 398 iubentur,
527 343 713 384 communem
739 343 774 384 cx
803 343 866 382 uno
895 339 949 381 ore
975 319 1144 381 doctrinam
1168 320 1240 381 esri-

104 404 197 483 piant.
237 402 269 459 Si
290 402 367 460 enim
387 402 442 461 sihi
457 402 579 480 quisque
599 400 758 473 sufficeret,
777 419 833 459 nec
853 398 1001 479 indigeret
1019 397 1143 457 alterins
1157 416 1240 476 opera

108 484 198 556 (qnae
218 480 354 557 superbia
377 490 419 536 est
440 478 556 549 humaui
577 478 714 559 ingenii),
738 487 945 537 contemneret
964 476 1090 565 quisque
1110 472 1199 548 alios,
1215 484 1242 531 ct

109 556 145 614 ah
167 552 221 612 illis
243 566 489 619 contemneretur.
535 555 634 627 Quem
660 554 749 635 igitur
769 552 962 612 firmissimum
987 550 1164 610 retinendae
1183 548 1241 607 uni·

110 631 177 690 tatis
198 632 307 689 noclnm
330 630 394 688 iore
419 630 546 709 providit
565 630 727 703 Dominus,
758 650 794 688 co
821 628 971 687 ecclesiam
998 648 1081 687 suam
1107 626 1241 697 astrinait,

112 706 180 765 dnm
200 707 299 766 salutis
319 706 442 767 accitae
462 719 597 766 aeternae
613 706 775 766 doctrinam
796 704 873 784 apud
893 703 1028 764 homines
1049 702 1197 793 deposuit,
1214 712 1243 761 nt

112 804 289 863 percorum
314 804 414 842 manus
443 784 563 862 reliquis
596 785 835 843 communicaret.
886 782 952 839 llue
982 791 1116 859 respexit
1135 778 1243 851 Paulus,

113 881 178 919 eum
201 859 332 939 Ephesiis
365 860 506 919 scriberet
537 860 845 938 (tlph.4,t-16·):
876 857 998 931 „Unum
1025 877 1154 934 corpus,
1177 874 1243 913 unnt

114 936 279 1015 ‚,Spiritus,
333 936 555 996 uemmlmoclum
587 949 618 995 et
642 936 738 997 vocati
771 935 838 994 estis
863 934 893 993 in
927 954 984 991 una
1007 952 1061 1011 spe
1087 930 1244 991 vocationis

114 1024 257 1087 „vestrae
299 958 381 1071 [ium
401 1013 558 1085 Dominus,
578 1036 633 1073 una
654 1012 742 1085 sides,
761 1034 851 1070 unum
870 1010 1022 1090 baptisma.
1063 1008 1151 1068 Unus
1162 1007 1246 1081 Deus,

114 1101 168 1164 „et
179 1090 267 1149 Pater
287 1089 428 1159 omnium,
449 1090 497 1167 qui
518 1102 563 1148 est
583 1091 790 1170 superomnia,
810 1100 840 1146 et
861 1085 1035 1166 peremnia,
1056 1097 1087 1145 et
1108 1086 1140 1143 in
1158 1082 1245 1145 omni·

114 1164 191 1240 „bus
211 1164 307 1224 ndlris.
353 1165 461 1223 l'erum
485 1166 642 1245 unicnique
668 1178 800 1225 nostrum
821 1164 886 1237 data
907 1175 952 1222 est
970 1162 1064 1243 gratia
1089 1159 1246 1221 secundum

113 1262 302 1315 „nieusuram
323 1241 490 1301 donationis
507 1242 625 1303 Christi.
666 1243 860 1333 Quapropter
880 1240 961 1311 dicit,
982 1240 1084 1313 Quum
1107 1236 1246 1297 ascendis·

115 1330 179 1393 „set
200 1318 229 1375 in
251 1318 355 1381 altum,
376 1320 519 1395 captivam
541 1320 621 1379 duxit
641 1321 853 1411 captivitatem,
873 1316 954 1376 dedit
973 1314 1052 1375 dona
1072 1312 1246 1374 hominihus.

115 1392 201 1469 „Qui
222 1394 383 1459 descemlit,
403 1395 478 1453 idem
500 1395 549 1453 ille
570 1410 613 1454 eat
634 1419 683 1475 qm
704 1394 843 1467 ascendit,
863 1406 896 1453 ut
915 1392 1053 1471 impleret
1072 1389 1185 1449 omnia.
1212 1388 1247 1447 Et

116 1472 213 1546 „idem
235 1470 316 1529 dedit
344 1469 415 1529 alios
440 1472 556 1550 quidem
578 1470 753 1553 Apostolos,
784 1471 857 1530 alios
882 1490 953 1530 sero
975 1466 1159 1546 Prophetas,
1183 1462 1248 1525 alios

115 1556 235 1619 „autem
255 1544 464 1625 Evangelistas,
484 1549 556 1609 alios
577 1550 712 1608 Pastores
733 1570 766 1606 ac
777 1548 934 1617 Doctores,
954 1544 989 1604 ad
1010 1542 1248 1603 instaurationem

116 1634 322 1697 „sancto'rum,
354 1624 384 1681 in
410 1646 482 1702 opns
510 1625 781 1699 administrationis,
812 1624 843 1681 in
862 1622 1098 1682 aedificationem
1119 1620 1249 1698 corporis

116 1698 263 1775 „Chris-ti:
284 1701 380 1759 clonec
400 1703 602 1779 perveniamus
622 1721 724 1761 omnes
743 1704 774 1760 iu
794 1701 936 1759 unitatem
954 1696 1033 1769 lidei,
1054 1707 1085 1754 et
1097 1693 1250 1778 agnition'n

115 1774 203 1849 „Filii
218 1775 286 1849 Dei,
305 1779 334 1834 in
355 1781 451 1836 virum
471 1780 646 1857 perlectum,
664 1779 694 1837 in
714 1798 879 1836 mensnram
899 1774 1000 1835 aetatis
1018 1771 1110 1865 plene
1130 1770 1252 1847 adultae,

116 1863 172 1926 „nt
191 1872 252 1911 nou
273 1853 396 1932 amplius
410 1855 498 1914 simus
518 1856 612 1934 pueri,
632 1856 682 1947 qui
694 1854 934 1915 circumferamur
946 1871 1027 1911 omm
1038 1860 1130 1909 vento
1145 1848 1250 1909 doctri·

117 1948 209 2002 „unez
230 1928 281 1988 sed
301 1931 451 1989 veritatem
471 1944 616 1992 sectantes
637 1954 667 1989 m
688 1932 807 1991 caritate
827 1930 1025 1989 adolescemus
1045 1929 1076 1986 in
1098 1924 1182 1986 illum
1200 1942 1251 2004 per

118 2004 254 2080 „01nnia,
284 2007 333 2086 qui
360 2018 404 2065 est
427 2018 530 2087 caput,
555 2028 660 2087 nempe
681 2006 847 2081 Christum,
875 2006 987 2083 inquo
1018 2014 1119 2063 totum
1150 2018 1250 2093 curpnt

118 2093 375 2161 „coagmentatum
396 2096 427 2143 et
451 2097 636 2163 compactum
660 2104 851 2163 peromnem
872 2081 1092 2142 commissuram
1113 2076 1251 2141 anhmrni-

118 2159 308 2236 „strationis,
339 2161 417 2220 iuxta
445 2171 539 2221 actum
560 2162 590 2219 in
612 2182 746 2221 mensura
770 2158 996 2249 uniuscuiusque
1021 2156 1130 2235 partis,
1162 2156 1251 2214 intre-

119 2245 274 2311 „mentum
288 2236 421 2314 corporis
442 2237 512 2295 iacit
531 2237 561 2295 in
582 2238 814 2297 aedificationem
835 2237 879 2297 sni
899 2240 987 2315 ipsius
1007 2230 1250 2312 percaritatcm.“

148 2342 152 2349 ·
195 2318 224 2373 2.
264 2312 317 2371 llis
336 2312 432 2371 verbis
452 2313 524 2371 illud
546 2314 676 2373 ostendit
694 2311 846 2373 hominum
865 2310 1073 2384 ministerium,
1095 2330 1156 2389 quo
1175 2306 1250 2366 Dent

115 2386 151 2445 in
171 2386 361 2466 gubernanda
374 2389 495 2449 ecclesia
515 2392 619 2464 utitur,
638 2391 825 2470 praecipuum
847 2406 1053 2460 essenervum,
1074 2406 1136 2465 quo
1156 2383 1249 2443 fidele·

117 2462 148 2520 in
170 2483 230 2520 rino
251 2484 377 2542 corpore
399 2465 591 2525 cohaereant:
611 2478 756 2525 tumuere
776 2467 863 2524 etiam
882 2466 1001 2536 indicat,
1021 2484 1084 2522 non
1105 2462 1192 2521 aliter
1208 2459 1249 2517 in·

119 2537 265 2598 columem
277 2540 384 2598 servari
396 2541 545 2599 ecclesiam
567 2563 663 2620 posse,
683 2564 768 2620 qnam
788 2543 811 2602 si
832 2543 876 2601 liis
897 2540 1045 2623 praesidiis
1066 2538 1212 2611 fulciatur,
1222 2536 1248 2595 in

119 2615 225 2693 quihus
246 2616 366 2674 salutem
388 2618 449 2676 eins
470 2638 615 2697 reponere
636 2619 766 2677 Domino
788 2618 905 2697 placuit.
944 2616 1108 2690 „llscemlit
1122 2615 1247 2676 Christus

118 2690 149 2749 in
171 2692 260 2751 altum
285 2694 397 2771 (iuquit
422 2694 496 2773 tlph.
517 2703 553 2769 4,
573 2700 637 2772 10.)
668 2708 700 2755 ut
720 2698 816 2755 omnia
843 2694 1008 2774 impleret.“
1058 2692 1247 2751 Haerentem

120 2768 261 2847 implendi
282 2771 369 2844 ratiis,
391 2773 470 2850 quod
494 2794 546 2851 per
565 2775 722 2845 nriuistr0S,
744 2772 847 2853 quibus
869 2771 999 2830 officium
1021 2767 1080 2827 hoc
1100 2766 1248 2839 mandarit,

120 2857 151 2904 et
171 2846 298 2904 muneris
318 2848 448 2907 obeundi
470 2851 590 2930 gratiam
611 2848 746 2924 contulit,
767 2870 816 2907 sua
839 2848 915 2907 dona
937 2848 1086 2923 dispensat
1107 2867 1140 2905 ac
1161 2842 1248 2903 distri·

119 2921 184 2980 huit
204 2923 358 2982 ecclesiae:
380 2947 469 3004 scqnc
490 2928 564 2986 adeo
585 2929 677 3006 ipsum
699 2937 882 3016 praesentem
895 2923 1116 3002 quodammodo
1129 2918 1247 2989 exhibet,

120 2999 246 3075 Spiritus
270 3002 314 3058 sui
339 3003 478 3060 virtutem
499 3004 528 3059 io
549 3026 598 3061 sua
621 3004 672 3061 hac
700 3001 884 3060 institutione
912 3000 1085 3073 exserendo,
1107 3018 1146 3056 ne
1165 2996 1247 3055 inanit

117 3075 157 3132 sit
176 3074 222 3133 vel
243 3077 344 3136 otiosa.
385 3080 435 3137 Sic
454 3079 624 3136 instauratio
645 3093 811 3137 sanctorum
829 3078 989 3158 peragitur,
1008 3075 1052 3135 sic
1072 3088 1104 3135 et
1123 3072 1249 3133 aedifica·

118 3160 168 3209 tur
188 3172 294 3228 eorpus
316 3154 425 3213 Christi
433 3178 440 3213 ι
461 3156 502 3213 sic
522 3155 712 3213 adolescimus
734 3177 787 3235 per
807 3155 904 3213 ornnia
925 3154 954 3211 iu
976 3173 1053 3227 eum,
1074 3152 1127 3233 qui
1147 3161 1190 3210 est
1206 3167 1249 3207 ca·

118 3235 190 3303 put,
223 3240 253 3283 et
273 3228 350 3286 inter
376 3253 430 3289 nos
458 3229 660 3289 coalescimus:
694 3232 733 3289 sic
759 3232 920 3311 redigimur
940 3248 1043 3288 omnes
1063 3229 1093 3287 in
1114 3228 1249 3286 unitatem

121 3300 246 3391 Christi,
271 3303 296 3360 si
316 3306 471 3394 prophetia
492 3308 569 3364 inter
597 3328 649 3365 nos
674 3308 768 3387 viget,
800 3310 821 3365 si
843 3305 1004 3385 Apostolos
1031 3305 1202 3384 recipimus,
1228 3300 1251 3360 si

118 3376 283 3435 doctrinam
310 3381 394 3437 nohis
420 3383 645 3441 administratam
672 3406 733 3441 tion
759 3404 955 3460 aspernamur.
1008 3381 1160 3441 Ecclesiae
1185 3396 1250 3439 ero

119 3453 338 3531 dissipationem
360 3457 403 3514 rel
431 3458 542 3515 ruinam
569 3461 665 3536 [sotius
693 3472 722 3517 et
747 3462 862 3518 exitium
884 3458 1005 3517 molitur
1026 3459 1159 3538 quisquis
1179 3398 1251 3516 ordi·

119 3550 187 3589 nem
210 3530 296 3603 laune,
318 3532 428 3609 dequo
450 3535 638 3613 disputamus,
659 3549 687 3594 et
709 3537 764 3595 hoc
785 3558 876 3616 ffrrtrs
898 3536 1059 3615 regiminis,
1080 3536 1128 3595 rel
1139 3533 1252 3595 abolere

117 3607 217 3666 studet
236 3606 281 3666 vel
303 3610 383 3685 quasi
403 3611 496 3668 eninm·
524 3615 715 3671 necessarium
738 3614 841 3670 elevat.
887 3615 992 3691 Neque
1021 3612 1102 3669 enim
1122 3611 1169 3669 vei
1189 3608 1253 3670 solit

119 3682 218 3742 lumen
248 3705 281 3741 ac
307 3684 402 3757 calor,
434 3687 478 3743 rel
505 3688 585 3748 cihns
606 3712 638 3747 ac
667 3702 752 3767 potm
779 3702 835 3747 tam
858 3701 925 3748 sunt
946 3688 1094 3767 praesenti
1115 3688 1193 3749 vitae
1212 3686 1254 3745 lo·

119 3760 232 3818 veudae
252 3782 284 3818 ac
304 3761 491 3821 sustinendae
512 3769 682 3837 necessario,
704 3788 788 3843 qnam
816 3778 859 3825 cst
884 3764 1101 3824 conservandae
1122 3761 1253 3825 interris

120 3835 259 3895 ecclesiae
280 3838 472 3915 aposlolicum
492 3862 524 3899 ac
546 3844 692 3920 pastorale
714 3865 826 3901 circinus.

194 3918 222 3975 3.
262 3913 392 3973 Proinde
417 3938 503 3993 supra
523 3919 678 3989 admonui,
703 3918 799 3976 Deum
820 3917 925 3997 qnilms
952 3916 1049 3995 potuit
1070 3916 1175 3997 elogiis
1196 3914 1252 3975 eiua

119 3988 293 4079 dignitatem
313 3990 398 4049 nohis
418 4012 505 4069 saepe
526 3996 757 4053 eomntendasse:
786 4006 819 4052 ut
846 3995 876 4051 in
897 4015 1009 4053 summo
1031 3993 1115 4053 bono
1136 4014 1171 4052 ac
1191 4010 1252 4072 pre·

118 4078 172 4139 tro,
192 4077 331 4144 tanquam
353 4086 397 4126 rcs
419 4068 550 4128 omnium
571 4071 827 4149 praestantissima,
847 4070 925 4148 apud
946 4091 1000 4129 nos
1020 4082 1106 4131 essct.
1146 4069 1252 4149 Singu-

116 4140 177 4200 larc
197 4142 373 4201 heneficium
393 4163 424 4201 sc
445 4144 612 4207 hominihus
632 4146 741 4226 largiri,
762 4146 901 4205 doctores
921 4149 962 4206 eis
983 4146 1147 4219 excitando,
1166 4157 1251 4204 testa-

114 4226 180 4291 tur,
205 4218 256 4276 uhi
282 4219 366 4277 iubet
385 4219 563 4299 l'roplretam
585 4220 761 4298 exclamare,
786 4222 904 4304 pulcros
931 4243 993 4281 csse
1018 4223 1109 4303 pedes
1134 4233 1164 4280 et
1188 4221 1250 4280 hea-

22 4296 27 4307 '
113 4304 175 4353 tum
205 4295 362 4359 adventum
394 4299 631 4359 annuntiantium
663 4321 763 4380 pacem
797 4300 868 4379 (les.
889 4300 1025 4379 62„7.):
1056 4320 1147 4379 quum
1171 4298 1248 4377 Apo·
