2700 4732
474 194 550 257 ma.
571 195 623 289 iv.
664 192 752 258 car.
772 194 868 255 xvu.
1176 198 1234 296 ses

945 294 953 325 Ι

105 339 178 398 Nam
200 359 289 417 quum
310 338 457 399 difficilem
478 339 656 419 provinciam
675 341 853 422 iniungeret,
872 357 910 398 ne
929 357 992 399 eam
1011 336 1131 421 aggredi
1151 338 1236 411 dubi·

106 426 172 474 tent
201 415 249 474 vel
271 417 387 493 trepide
411 416 535 489 obeant,
568 418 748 505 praesentiae
773 436 840 476 suae
865 415 969 476 fiducia
997 435 1047 475 eos
1067 413 1232 492 confirmat,

107 493 165 551 acsi
185 490 306 566 diceret,
326 513 385 551 non
408 492 510 552 defore
533 491 589 553 illrs
614 514 697 552 suum
722 493 908 572 praesidium,
934 492 1013 571 quod
1039 491 1235 572 insuperabile

107 570 174 626 erit.
221 568 285 628 Nisi
305 567 403 629 omnia
429 568 613 628 confundere
636 569 758 644 liberet,
790 589 889 628 annon
916 567 1095 648 praesentiae
1113 568 1233 628 modum

107 643 286 738 distinguere
307 644 458 724 oportuit?
495 644 534 702 Et
554 657 633 704 certe
654 645 770 723 quidam
791 667 856 704 cum
877 664 982 725 magno
997 643 1142 704 dedecore
1162 664 1234 724 pro-

109 719 179 778 dere
198 721 342 781 ruscitiam
366 734 446 780 suam
476 720 603 793 malunt,
634 740 719 800 quam
739 721 785 780 vel
813 721 963 779 minimum
995 720 1031 780 de
1056 739 1157 779 errore
1183 741 1232 781 ce-

108 796 245 855 dere.'-
281 799 351 856 Non
371 796 479 875 loquor
499 798 534 855 de
553 797 689 876 Papistis‚
717 818 841 875 quorum
865 794 1050 856 tolerabilior
1067 795 1113 856 vel
1133 796 1234 856 saltettr

107 874 200 952 magis
218 873 383 935 verecunda
402 884 446 933 est
465 872 612 932 doctriua:
644 874 695 934 sed
715 873 856 952 quosdam
882 873 921 933 ita
946 873 1052 953 abripit
1070 873 1235 949 contentio,

108 960 142 1007 ut
161 950 268 1024 dicant,
288 960 410 1040 propter
429 949 523 1008 unitas
543 949 572 1007 io
594 949 714 1011 Christo
735 961 860 1024 naturas,
879 947 1047 1027 ubicunque
1068 960 1111 1008 est
1130 949 1233 1010 diviui-

107 1036 152 1084 tas
173 1024 293 1099 Christi,
312 1024 370 1083 illrc
390 1044 509 1103 quoque
529 1044 591 1084 esse
611 1046 738 1098 carnem,
758 1045 831 1105 quae
851 1023 887 1084 ab
907 1024 955 1084 illa
974 1026 1101 1104 separari
1120 1026 1232 1104 nequit.

111 1100 204 1176 Quasi
223 1122 292 1161 vero
318 1102 388 1161 unio
414 1101 462 1160 illa
476 1101 653 1161 'conflaverit
672 1122 705 1160 ex
725 1103 836 1162 duabus
855 1102 965 1161 naturis
985 1103 1112 1161 medium
1131 1102 1232 1163 nescio

109 1179 191 1257 quid,
211 1177 290 1256 quod
311 1198 407 1255 neque
427 1178 508 1238 Deus
529 1189 604 1237 asset
623 1198 719 1257 neque
740 1179 838 1237 bomo.
878 1178 928 1237 Sic
947 1177 1063 1257 quidem
1086 1177 1233 1258 Eutyches

105 1266 227 1334 etpost
247 1274 312 1312 eum
333 1254 480 1314 Servetus.
522 1254 633 1312 Verum
654 1274 686 1311 ex
707 1254 856 1333 Scriptura
875 1265 975 1332 aperte
1000 1254 1163 1335 colligitur,
1192 1256 1233 1314 sic

108 1331 222 1390 unicam
235 1328 344 1392 Christi
364 1350 516 1410 personam
538 1341 671 1390 constare
692 1349 724 1388 ex
745 1330 856 1389 duabus
877 1330 995 1404 naturis,
1015 1343 1047 1390 ut
1067 1330 1112 1390 cui
1134 1351 1171 1390 ne
1189 1342 1234 1391 ta·

107 1426 175 1465 men
195 1427 245 1466 sua
265 1419 381 1466 maneat
398 1407 476 1467 salva
518 1407 669 1484 rnprietas.
708 1405 915 1484 thutyched
936 1407 998 1464 iure
1019 1352 1131 1468 suissed

108 1483 187 1557 tu'm,
214 1502 322 1564 negare
347 1502 398 1542 eos
417 1427 555 1562 pudebit:
585 1483 621 1541 ad
643 1482 835 1543 damnationis
856 1502 968 1542 causam
994 1483 1098 1542 mirum
1119 1495 1162 1544 est
1182 1503 1233 1543 eos

106 1579 170 1619 uon
196 1558 363 1618 attendere:
396 1559 475 1641 quod
502 1559 666 1619 discrimine
692 1559 771 1617 inte'r
793 1569 908 1618 naturas
932 1557 1063 1633 sublato,
1091 1579 1234 1639 personae

107 1636 250 1694 unitatem
269 1655 393 1716 urgens,
425 1655 458 1694 ex
476 1634 544 1694 Deo
571 1634 717 1695 bominem
738 1634 849 1695 laceret
878 1645 908 1693 et
933 1653 966 1694 ex
990 1633 1110 1694 bomine
1128 1635 1234 1695 Deum.

109 1711 200 1770 Cuius
221 1731 292 1792 ergo
312 1712 455 1770 amentiae
476 1722 528 1784 est,
549 1710 663 1771 coelum
683 1723 778 1770 terrae
797 1710 895 1790 potius
914 1711 1049 1785 miscere,
1069 1732 1152 1791 quam
1173 1732 1234 1771 noo

109 1787 261 1846 extrahere
274 1786 384 1847 Christi
403 1809 455 1847 cor
477 1809 510 1847 us
530 1807 546 1845 e
567 1786 686 1847 coelesti
706 1785 890 1847 sanctuario?
908 1824 947 1835 -
984 1789 1058 1846 Nam
1078 1788 1158 1866 quod
1179 1800 1233 1867 pro

107 1882 139 1921 se
158 1866 324 1924 testimonia
343 1863 392 1922 illa
411 1809 557 1924 adducunt
577 1862 762 1942 (Io.3,·13.):
782 1863 899 1937 „Nemo
917 1863 1047 1923 ascendit
1064 1865 1094 1923 in
1109 1862 1237 1939 eoelum,

95 1938 166 2001 ,uisi
213 1941 242 1999 ui
267 1939 433 2012 descendit,
458 1940 548 1999 Filius
572 1939 712 2014 bominis,
738 1941 788 2020 qui
818 1938 849 1999 iu
869 1937 955 1999 coelo
974 1943 1055 2015 est‚“
1084 1940 1154 2000 item
1174 1940 1234 2018 (10.

108 1961 225 2093 1²18·l²
244 2017 367 2091 „Filius,
388 2019 492 2095 quiest
509 2017 540 2076 in
560 2017 625 2076 sinu
636 2016 742 2091 Patris,
760 2017 822 2097 ipse
842 2015 1023 2075 enarravit:“
1042 2016 1171 2076 eiusdem
1191 2027 1235 2077 est

108 2093 246 2170 stuporis,
272 2112 412 2172 spernere
431 2094 601 2152 idiomatum
620 2099 781 2162 κοινωνίαν,
811 2111 885 2171 quae
910 2111 972 2151 non
997 2091 1101 2153 frustra
1128 2093 1234 2153 olima

108 2168 214 2228 sanctis
235 2168 371 2229 Patribus
390 2169 507 2229 iuventa
526 2180 580 2228 est·
631 2167 722 2229 Certe
742 2188 829 2246 quum
849 2169 1014 2244 „Dominus
1034 2168 1146 2250 gloriae
1166 2186 1234 2228 cru-
1255 2190 1259 2198 ·

108 2244 228 2304 cihxus“
248 2246 354 2305 dicitur
372 2246 411 2380 pl.
425 2245 537 2319 Ceut,
552 2244 610 2322 8.),
629 2264 691 2304 nou
711 2243 850 2327 iutelligit
869 2244 985 2319 Paulus,
1004 2245 1035 2304 in
1055 2267 1105 2305 sua
1126 2245 1233 2305 divini-

106 2331 168 2379 tate
194 2323 346 2400 quicquam
389 2324 462 2383 uisse
495 2341 623 2403 passum,
652 2319 702 2380 sed
728 2321 794 2399 quia
813 2320 964 2394 Christus,
981 2321 1031 2400 qui
1055 2321 1184 2382 abiectus
1204 2330 1235 2382 et

109 2408 227 2456 contem
249 2410 295 2459 tus
316 2398 346 2457 in
366 2418 453 2458 carne
472 2396 653 2478 patiebatur,
676 2396 752 2456 idem
772 2397 853 2458 Deus
873 2409 936 2457 erat
955 2410 985 2457 et
1002 2398 1147 2459 Dominus
1166 2398 1234 2492 glo-

107 2475 177 2533 riae.
246 2473 262 2532 d
285 2473 361 2533 huuc
380 2475 498 2534 modum
520 2486 549 2532 et
568 2472 641 2532 lilius
660 2472 785 2534 bominis
804 2474 834 2532 in
860 2474 945 2534 coelo
972 2486 1049 2546 erat,
1080 2479 1146 2555 quia
1171 2497 1234 2556 rpse

106 2550 184 2609 idem
206 2550 352 2625 Christus,
384 2551 434 2630 qui
463 2551 623 2610 secundum
649 2570 764 2609 carnem
789 2549 864 2610 lilius
887 2550 1011 2612 bominis
1036 2551 1185 2612 habitabat
1205 2555 1235 2613 iu

106 2628 204 2701 terris,
224 2628 304 2686 Deus
325 2640 387 2687 crat
405 2628 435 2687 in
456 2627 550 2687 coelo.
601 2625 668 2701 Qua
689 2627 803 2686 ratione
823 2647 859 2686 eo
879 2627 943 2706 ipso
964 2627 1031 2687 loco
1052 2628 1234 2689 descendisse

108 2702 215 2762 dicitur
233 2704 392 2762 secundum
412 2705 607 2778 divinitatem,
626 2722 686 2762 non
700 2703 780 2781 quod
793 2703 924 2764 divinitas
938 2703 1052 2763 coelum
1073 2703 1234 2795 reliquerit,

108 2781 191 2838 utin
213 2778 387 2859 ergastulum
408 2780 541 2858 corporis
561 2799 592 2838 se
611 2779 743 2849 abderet,
762 2780 813 2838 sed
832 2778 910 2856 quia,
929 2780 1041 2838 umetsi
1062 2801 1158 2839 omma
1178 2783 1234 2840 im-

108 2855 214 2934 pleret,
233 2857 262 2914 in
284 2856 343 2929 ipsa
362 2865 459 2914 tamen
481 2855 589 2914 Christi
610 2853 787 2912 humanitate
806 2853 1016 2934 corporaliter,
1036 2855 1064 2914 id
1086 2869 1130 2916 est
1150 2869 1234 2916 natu·

108 2931 209 2991 raliter
234 2931 384 2990 habitabat
407 2943 437 2991 et
456 2929 599 2990 ineflabili
625 2930 751 3008 quodam
777 2929 877 2990 modo.
915 2930 997 2990 Trita
1017 2942 1060 2990 est
1078 2932 1107 2990 in
1128 2932 1234 2995 scholis

111 3007 270 3083 distinctio,
289 3026 376 3085 quam
395 3025 442 3064 me
462 3004 655 3065 referrenon'
688 3006 770 3066 udct:
792 3007 931 3081 Quamvis
941 3019 1014 3066 totus
1027 3007 1159 3069 Christus
1171 3010 1235 3070 ubi·

109 3085 245 3166 querit,
274 3093 457 3142 nontamen
476 3095 579 3158 tomen,
621 3027 684 3142 uod
699 3086 729 3142 in
750 3103 786 3143 eo
807 3093 866 3156 est,
885 3083 995 3162 ubique
1015 3103 1086 3144 esse.
1136 3085 1235 3165 Atque

107 3162 219 3221 utinam
241 3158 414 3221 scholastici
445 3159 499 3251 ipsi
525 3161 582 3220 vim
600 3103 689 3219 buius
716 3161 878 3220 sententiae
903 3158 998 3241 probe
1023 3181 1056 3220 ex
1078 3161 1234 3239 eudissent,

109 3240 177 3318 quia
196 3241 235 3298 ita
256 3239 407 3296 occursum
423 3233 523 3296 luisset
541 3234 650 3296 insulso
662 3247 830 3296 commento
850 3236 886 3295 de
906 3234 1013 3296 carnali
1026 3182 1135 3298 Christi
1150 3258 1234 3319 prae-

109 3314 211 3375 sentia.
249 3312 396 3373 Mediator
416 3332 489 3394 ergo
514 3323 614 3370 noster
633 3332 722 3391 quum
746 3324 826 3373 totus
846 3311 954 3391 ubique
972 3312 1026 3388 sit,
1044 3314 1101 3375 suis
1120 3334 1235 3394 semper
1305 3357 1310 3367 -

109 3390 192 3450 adest
211 3403 241 3450 et
259 3393 289 3450 in
301 3389 403 3450 Coena
423 3388 540 3469 speciali
560 3389 649 3449 modo
670 3400 851 3469 praesentem
870 3409 902 3448 se
922 3388 1048 3465 exbibet,
1066 3393 1106 3451 sic
1126 3403 1234 3466 tamen,

110 3477 144 3525 ut
163 3478 241 3526 totus
262 3467 344 3538 adsit,
364 3488 425 3528 non
444 3478 555 3540 tntum,
575 3464 653 3544 quia,
672 3477 704 3524 ut
722 3465 828 3524 dictum
850 3476 902 3542 est,
921 3464 953 3524 in
972 3486 1060 3527 carne
1079 3489 1129 3528 sua
1148 3468 1235 3529 coelo

110 3543 379 3621 comprehenditur,
398 3544 495 3603 donec
513 3544 543 3601 in
563 3540 700 3601 iudicium
720 3553 866 3622 appareat
1048 3584 1051 3597 .

186 3625 233 3683 3-1.
271 3620 376 3698 Longe
400 3632 497 3679 antem
523 3617 680 3692 falluntur,
705 3621 755 3698 qui
778 3617 887 3678 nullam
907 3616 1002 3679 carnia
1022 3617 1131 3679 Christi
1152 3639 1236 3698 prae·

109 3695 230 3755 sentiam
251 3696 281 3754 in
305 3694 406 3756 Coena
427 3695 612 3775 concipiunt,
640 3695 695 3754 nisi
722 3695 753 3754 in
773 3715 847 3775 pane
866 3697 990 3755 sistatur.
1029 3695 1073 3754 Ita
1093 3695 1171 3754 enim
1191 3717 1236 3755 ar·

111 3790 199 3831 canae
219 3771 347 3850 Spiritus
368 3773 550 3852 operationi,
569 3791 643 3850 quae
669 3771 756 3832 nobis
777 3771 927 3832 Christum
951 3771 1045 3852 ipsum
1066 3771 1145 3845 unit,
1165 3771 1236 3832 nihil

110 3847 256 3927 reliquum
278 3847 394 3907 iaciunt.
435 3848 569 3909 Christus
582 3868 724 3986 praesens
744 3847 799 3908 illis
820 3868 879 3908 nou
899 3848 1030 3922 ridetur,
1050 3847 1104 3907 nisi
1124 3848 1160 3906 ad
1181 3870 1236 3909 nos

111 3924 278 3984 descendat.
317 3923 408 3996 Quasi
429 3925 542 3985 verosi
563 3947 578 3985 a
620 3944 652 3987 se
672 3945 726 3985 uos
746 3924 862 3998 evehat,
888 3944 949 3983 nou
976 3943 1070 4003 aeque
1089 3925 1237 4003 potiamur

109 4001 173 4060 eius
193 4001 363 4079 praesentia.
403 4001 493 4083 Ergo·
506 4013 620 4062 tuntum
646 4002 682 4061 de
706 4002 802 4060 modo.
816 4003 947 4081 quaestio
975 3986 1035 4072 eit,
1058 3999 1126 4079 qnia
1148 4001 1236 4062 Chri-

108 4090 185 4138 stum
205 4077 260 4155 ipsi
280 4076 310 4134 in
353 4097 407 4136 ane
427 4077 540 4152 locant,
562 4079 647 4140 nobis
667 4091 763 4138 autem
784 4099 845 4137 non
866 4077 995 4137 ducimus
1015 4076 1056 4137 las
1077 4095 1149 4153 esse,
1169 4096 1235 4136 eum

110 4153 232 4213 ecoelo
254 4097 416 4213 detrahere.
466 4154 573 4214 Utrum
603 4154 709 4215 rectius
739 4155 792 4225 sit,
817 4153 947 4213 iudicent
968 4153 1104 4213 lectores.
1154 4152 1236 4212 Tau-

110 4240 172 4288 tum
203 4229 324 4289 lacessat
354 4229 495 4290 calumnia
524 4230 590 4306 illa,
622 4229 730 4291 auferri
755 4228 903 4290 Christum
923 4250 941 4289 a
965 4249 1016 4290 sua
1036 4228 1157 4305 Coena,
1181 4229 1237 4292 uisi

111 4303 165 4368 sub
190 4306 272 4391 panis
300 4305 504 4392 integumento
536 4305 633 4370 lateat
678 4306 752 4369 Nam
778 4328 867 4394 quum
891 4306 1059 4390 mysterium
1085 4306 1143 4369 boc
1168 4326 1236 4371 coo·

1135 1427 1235 1467 amssa·
1300 1428 1304 1436 ‘
