2596 4726
526 198 723 302 carnus.

329 550 938 719 nrnuu‘r'ranrsu's(
1022 676 1024 681 ,

43 813 95 874 De
126 812 241 875 modo
273 778 544 896 percipiendae
573 802 717 893 Christi
749 812 909 896 gratiae,
946 823 982 874 et
1012 814 1076 896 qui
1104 813 1190 877 inde

80 915 237 977 fructur
270 914 382 978 nobis
410 916 652 998 proveniant,
684 927 720 976 et
738 903 805 997 'qui
832 914 996 978 effectus
1022 937 1150 978 conre-

539 1029 707 1100 quantur.

501 1190 630 1276 Canrra
649 1214 743 1275 XXV.

60 1413 89 1471 1.
116 1407 222 1543 (82an
233 1401 272 1463 de
293 1400 411 1464 Christo
431 1401 605 1481 dictasunt,
625 1401 712 1465 nobis
730 1401 871 1484 prodesse
889 1422 995 1467 arcana
1014 1406 1192 1487 operatione

171 1505 207 1541 rrr
224 1502 267 1541 ur.

61 1568 90 1627 2.
120 1505 174 1697 pre
195 1557 270 1617 fide:
291 1553 345 1646 ubi
366 1567 396 1616 et
406 1552 537 1618 definitio
558 1556 621 1618 eius
640 1555 771 1638 ponitur,
792 1568 822 1617 et
842 1555 1022 1638 explicantur
1041 1579 1117 1640 quaa
1136 1559 1191 1621 lra-

147 1647 180 1695 et
223 1654 258 1695 ro
281 1655 332 1693 rs.

59 1721 89 1781 3.
117 1656 280 1773 Fidepnols)
297 1653 482 1790 rlegenerari:
503 1709 555 1771 ubi
576 1709 613 1770 de
631 1710 824 1790 poenitentia.

61 1800 91 1857 1.
118 1792 228 1867 Quam
253 1787 359 1878 propul
384 1787 460 1849 absit
483 1787 520 1848 ab
540 1787 693 1870 Evangelii
738 1788 844 1850 uritatn
865 1785 1004 1879 quicquid
1024 1788 1061 1850 de
1084 1791 1191 1871 poeni·

121 1866 379 2006 tepiplsacgiarrreunt
391 1863 544 2000 ‘stophistae
564 1863 595 1925 in
615 1865 672 1926 suis
683 1810 805 1926 acliolis:
825 1862 877 1925 ubr
897 1866 934 1933 de
954 1865 1141 1931 confessione
1160 1879 1192 1929 et

120 1967 157 2006 aa
211 1964 229 2001 a
273 1963 314 2002 on
352 1963 367 2000 a
391 1964 460 2001 rur.
514 1964 527 1982 ²

62 2029 93 2090 6.
120 2023 174 2083 De
192 1960 407 2101 supplemendrs
419 2039 494 2098 quae
513 2018 549 2079 ad
568 2015 779 2082 satisfactiones
798 2018 951 2081 adiiciunt:
970 2039 1079 2103 nempe
1090 2018 1191 2085 idul-

166 2098 251 2171 otiis,
270 2108 302 2159 et
320 2096 503 2191 purgatorio.

68 2182 100 2242 t
158 2174 256 2237 evita
276 2172 401 2234 bominis
420 2171 595 2236 Christiani:
614 2193 649 2234 nc
668 2171 810 2253 primum,
830 2172 936 2257 quibus
954 2174 1135 2257 argumentis
1153 2174 1194 2238 ad

131 2274 194 2314 eam
215 2270 274 2313 noa
294 2250 429 2313 hortetur
447 2250 609 2331 Scriptura.
808 2322 811 2327 .
1076 2312 1080 2321 ¹

71 2339 99 2400 7.
125 2331 251 2391 Summa
270 2328 348 2389 ritae
359 2327 557 2390 Christianae:
576 2324 630 2387 ubi
650 2324 687 2391 de
707 2325 903 2410 abnegatione
922 2327 1028 2391 nostri.

68 2416 97 2477 8
120 2408 172 2468 De
193 2406 291 2466 crucis
310 2403 475 2480 tolerantia,
494 2424 568 2485 quae
589 2424 655 2484 para
676 2416 721 2465 est
739 2403 955 2488 abnegationis.

66 2494 96 2552 9.
121 2484 171 2545 De
192 2482 388 2543 meditatione
406 2483 522 2542 futurae
540 2481 627 2543 vitae.

52 2572 96 2631 10.
123 2559 294 2636 Quomodo
315 2559 455 2619 uteudum
475 2557 622 2637 praesenti
640 2554 701 2617 vita
722 2550 841 2636 eiusque
861 2556 1045 2619 adiumentis.

51 2651 97 2707 11.
123 2638 184 2730 De·
194 2634 405 2697 iustificatione
425 2634 509 2712 fidei,
536 2654 570 2695 ac
594 2633 692 2716 primo
713 2634 749 2693 de
774 2633 837 2714 ipsa
855 2634 982 2695 nominis
1001 2646 1033 2695 et
1051 2634 1096 2697 rei
1116 2637 1189 2698 det-

125 2727 258 2776 ustione.

51 2802 96 2861 12.
120 2793 167 2850 Ut
186 2790 267 2852 serio
287 2786 374 2850 nobis
393 2787 603 2869 persuadeatur
620 2786 747 2868 gratuita
766 2784 941 2862 iustificatio,
959 2786 995 2848 ad
1015 2786 1074 2851 Dei
1092 2788 1190 2851 tribu·

127 2868 178 2929 nal
199 2866 349 2927 tollendas
369 2884 431 2925 esse
449 2875 573 2943 mentes.

51 2956 97 3016 13
123 2945 198 3004 Duo
219 2943 331 3004 esseio
351 2941 477 3025 gratuita
496 2940 700 3001 iustificatione
721 2938 912 3001 observanda.

52 3033 96 3090 u.
124 3020 226 3096 Quale
245 3019 361 3081 initium
380 3018 595 3079 iustificationis
616 3028 646 3077 et
666 3017 799 3078 continui
841 3036 1000 3100 rognessus.

53 3109 97 3168 15
120 3098 211 3175 Quae
231 3097 268 3157 de
283 3115 407 3188 operum
426 3095 536 3155 meritis
556 3094 716 3169 iactantur,
740 3105 799 3152 tnm
819 3039 847 3153 l)

127 3175 223 3235 renda
243 3173 362 3247 iustitia,
381 3193 467 3252 qnam
486 3171 587 3233 salutis
606 3170 811 3230 certitudinem
832 3183 974 3231 evertere.

53 3261 97 3320 11.
120 3250 278 3313 Refutntio
304 3249 531 3324 calumniarum,
555 3247 660 3328 quibus
686 3248 762 3308 banc
788 3247 952 3308 doctrinam
978 3245 1050 3309 odio
1069 3266 1191 3333 gravare

126 3340 286 3390 conantur.

56 3415 99 3474 17.
124 3404 363 3467 Promissionum
381 3400 471 3483 Legio
491 3412 521 3460 et
539 3399 692 3482 Evangelii
711 3398 892 3460 conciliatio.

54 3491 100 3550 18
122 3481 168 3541 Ex
187 3479 325 3543 mercede
343 3478 419 3541 male
439 3478 541 3560 colligi
560 3499 684 3559 operum
703 3477 851 3539 iustitiam.

54 3568 100 3626 19.
127 3557 177 3619 De
194 3557 334 3619 libertate
352 3555 528 3617 Christiana.

851 3095 877 3153 ei
898 3093 1012 3154 laudem
1031 3094 1064 3154 iu
1084 3093 1189 3157 coule-

53 3643 100 3703 21).
123 3634 335 3708 Deoratione,
355 3653 431 3713 quoe
448 3631 638 3724 praecipuum
650 3642 695 3691 est
714 3628 783 3690 fidei
803 3628 984 3706 exercitium,
1004 3640 1035 3689 et
1054 3650 1112 3710 qua
1130 3628 1191 3689 Dei
1294 3630 1296 3635 ’

129 3710 276 3772 beneficia
295 3710 429 3792 quotidie
447 3710 634 3790 percipimus.

53 3796 100 3856 21.
124 3788 184 3880 De·
193 3788 343 3849 electione
361 3798 497 3877 aeterna,
516 3808 573 3867 qua
593 3785 675 3846 Deua
694 3782 767 3845 alios
786 3783 822 3845 ad
841 3780 977 3860 salntem,
995 3781 1068 3846 alios
1087 3781 1125 3845 ad
1143 3780 1190 3842 in·

54 3946 101 4008 22
126 3862 656 4034 ppppppgptpgep'plsitppapppffimx
675 3937 846 4020 Scripturae
865 3894 1057 4027 testiuroniis.
1089 4009 1098 4024 ·
1121 4008 1130 4023 ·

53 4024 99 4086 23.
122 4018 279 4080 Refutatro
305 4016 532 4091 calumnrnrnm,
569 4014 674 4095 quibus
701 4013 773 4075 haec
801 4014 934 4074 doctrina
952 4030 1070 4090 semper
1088 4026 1190 4088 surque

53 4175 98 4236 24.
148 4095 437 4233 rpcrpipnpppmffi
456 4167 516 4227 Dei
535 4156 711 4240 mentione,
729 4165 875 4245 reprobos
894 4175 993 4225 autem
1012 4161 1069 4224 sibi
1092 4180 1189 4223 arcea-

124 4269 190 4311 sere
209 4249 331 4324 iustum,
350 4249 399 4307 cui
418 4245 553 4305 destinati
572 4256 651 4322 sunt,
669 4242 830 4307 interitum.

56 4328 98 4391 Ἀ
121 4324 169 4393 De
188 4323 413 4390 munectione
431 4321 543 4384 ultima.
