2596 4726
122 194 185 257 ΞΜ
515 188 593 252 tna.
611 189 655 253 u
692 190 783 259 CAP.
801 190 856 255 tv.

124 334 207 407 a)1a
225 336 302 390 rebus
318 333 410 389 modiis
425 350 552 406 quantum
568 335 628 390 Deo
645 336 830 405 mittundum,
854 351 881 393 et
905 342 1033 411 pentum
1053 336 1158 393 homiui
1180 336 1263 393 relin-

125 422 260 490 pueudum
275 422 315 483 sit.
331 434 390 473 sect
408 421 432 475 h
449 448 483 463 ·-
515 422 549 487 3)
564 420 687 477 Duarum
702 423 898 488 ohieedouum.
924 443 993 495 quas
1017 422 1046 479 iu
1071 424 1126 478 hoe
1143 423 1260 496 disputa·

125 504 198 558 tione
215 519 365 569 occurrunt.
379 505 487 569 solutio.
500 521 561 559 teet
577 508 593 562 'l
611 520 637 561 ct
651 506 677 567 8.
1074 532 1077 537 ·

201 703 230 763 1.
269 696 428 759 Hominem
449 699 561 780 peccati
582 699 652 781 iugo
672 697 712 761 ita
732 699 878 779 captivum
896 698 1010 776 teneri,
1029 720 1069 760 ue
1088 699 1125 762 ad
1144 699 1260 763 honum

126 785 181 865 aut
195 784 269 836 voto
290 775 427 866 aspirare,
445 788 496 836 aut
514 775 611 837 studio
632 777 814 837 contendere
833 788 1059 869 suaptenatura
1079 789 1178 869 queat,
1196 778 1261 839 sus-

124 851 274 942 fictenter‚
294 872 348 911 nur
370 852 472 926 fallor,
491 852 648 942 prohatpm
669 865 722 913 est.
741 853 898 914 Praeterea
919 851 1069 935 distinctio
1090 865 1168 914 inter
1188 875 1260 915 coa-

126 940 257 1017 ctione-m
278 938 307 986 et
327 930 528 1019 necessitatem
548 941 644 1008 postte
663 929 735 1020 init,
759 929 838 989 unde
858 928 984 1020 liqueret
1004 949 1087 1008 euru,
1113 930 1181 990 dum
1204 950 1260 990 ue-

125 1005 1261 1143 ‘³³⁶³“ttat?tlltllt3³¹.tltiatlltl‘lrttitttaff‘latu

124 1101 220 1236 gligit,
239 1157 286 1236 agi
306 1178 392 1236 quam
411 1179 477 1232 suo,
498 1156 583 1238 quale
602 1157 640 1219 sit
659 1157 781 1250 actionis
801 1125 952 1248 atriisque
966 1177 1085 1249 gennep
1101 1159 1260 1249 expedien-

124 1232 195 1369 hll'
214 1235 573 1397 :t‘tt.‘.tt.t.⁰ltt‘³²
588 1232 944 1369 lttt‘ltnttulttl
962 1233 1261 1370 :tttlttlttltf

125 1384 196 1446 dere
216 1384 368 1465 Scriptura
387 1386 524 1447 insinuat.
561 1330 679 1447 lticubi
699 1386 929 1468 Augustinus
954 1386 996 1464 [in
1017 1384 1065 1447 Pa.
1083 1391 1130 1451 31.
1151 1398 1182 1446 et
1199 1388 1260 1476 335]

11 1511 14 1515 .
123 1458 280 1521 humanam
300 1460 482 1524 voluntatem
512 1482 591 1543 equo
620 1477 772 1542 comparat
796 1461 917 1523 sessoris
942 1474 1045 1522 nutum
1065 1473 1260 1542 exspectanti:

123 1536 223 1598 Deum
242 1558 276 1597 ac
296 1536 463 1613 diabolum,
480 1538 652 1602 sessoribus.
689 1538 744 1613 „si
764 1538 846 1599 Deus
865 1536 907 1598 illi
927 1538 1045 1613 insidet,
1064 1538 1172 1617 inquit,
1191 1558 1261 1619 per-

124 1613 215 1691 „inde
234 1633 268 1673 ac
287 1613 455 1674 moderatus
475 1627 506 1675 et
524 1616 634 1696 peritus
660 1635 772 1692 sessor,
796 1614 959 1694 composite
978 1613 1057 1675 illam
1077 1615 1172 1695 regit:
1198 1624 1261 1673 tar-

123 1689 266 1767 „ditatem
286 1689 403 1766 incitat,
428 1690 545 1751 nimiam
567 1690 746 1752 celeritatem
766 1691 940 1768 compescit:
967 1690 1156 1766 petulantiam
1175 1688 1260 1749 luxu-

123 1765 278 1845 „u‘amquc
298 1778 419 1835 coercet
485 1768 650 1830 ervicaciam
671 1767 817 1841 retundit,
847 1766 877 1824 in
904 1778 1015 1826 rectam
1034 1765 1108 1825 viam
1128 1765 1261 1826 deducit:

123 1841 252 1923 „quodsi
282 1862 346 1903 eam
372 1788 507 1905 dialolus
531 1866 605 1907 occu
628 1844 703 1918 avit,
729 1845 822 1903 iustae
845 1840 945 1903 stolidi
969 1862 1002 1903 ac
1018 1840 1180 1933 petulantis
1197 1856 1262 1902 sea-

123 1919 219 1999 „soris
238 1939 292 1998 per
310 1919 387 1983 invia
404 1940 436 1981 ra
459 1921 501 1998 it,
522 1865 647 2000 impelii
665 1920 696 1979 in
717 1920 832 1993 loreas,
857 1937 911 1997 per
929 1917 1103 1998 praecipitia
1121 1916 1261 1993 devolvit.

123 1994 181 2072 „ad
202 1996 414 2056 contumaciam
429 1940 629 2077 derociamque
647 1997 795 2079 instigat.“
836 1994 904 2068 Qua
923 1993 1122 2069 similitudine,
1141 1992 1260 2084 quando

123 2072 230 2133 melior
249 2093 311 2131 nou
331 2073 471 2146 occurrit,
490 2074 521 2133 iu
541 2074 704 2153 praesentia
725 2072 859 2134 contenti
879 2071 995 2139 erimus.
1052 2069 1183 2149 Imperio
1203 2068 1261 2151 igi-

123 2161 173 2208 tur
192 2146 301 2208 diaboli
321 2148 402 2228 quod
421 2149 552 2209 animalis
577 2150 701 2210 hominis
732 2148 867 2208 voluntas
898 2147 1016 2207 dicitur·
1034 2145 1198 2220 subiacere,
1226 2155 1260 2209 ut

123 2224 194 2289 lndc
214 2224 360 2303 agitetur,
392 2246 454 2284 non
481 2226 625 2306 siguificat
641 2228 733 2305 ipsam
757 2225 949 2285 reluctantem
969 2243 1003 2282 ac
1022 2223 1205 2281 restitantem
1223 2219 1260 2281 ad

125 2300 267 2378 obsequia
285 2300 363 2384 adigi
388 2303 649 2392 (quemadmodum
673 2301 763 2361 invita
783 2292 925 2379 mancipia
946 2299 1032 2359 ohire
1051 2299 1127 2360 iussa
1147 2308 1260 2373 nosue,

125 2376 248 2443 dominii
268 2377 330 2436 iure
350 2379 514 2514 cogimusp,
544 2379 594 2439 sed
615 2378 741 2439 Satanae
761 2376 925 2457 praestigiis
945 2374 1129 2447 seminatam,
1158 2372 1203 2433 illi
1227 2391 1260 2434 se

124 2452 161 2514 ad
181 2474 297 2514 omnem
318 2446 438 2514 ductum
457 2474 476 2514 o
500 2467 672 2535 sequentem
692 2453 857 2513 necessario
882 2451 1033 2531 praehere.
1090 2451 1165 2510 Nam
1186 2469 1260 2531 quos

125 2529 252 2610 Spiritus
273 2529 317 2590 sui
337 2530 481 2611 regimine
500 2554 562 2593 nou
583 2531 721 2614 dignatur
739 2529 900 2602 Dominus,
932 2549 983 2589 eos
1008 2527 1043 2586 ad
1066 2528 1192 2588 Satanae
1211 2547 1259 2587 ac-

124 2611 240 2667 tionem
261 2605 337 2667 insto
358 2605 466 2667 iudicio
487 2609 614 2689 ablegat.
642 2652 645 2657 ι
673 2608 775 2682 Quare
799 2606 960 2684 Apostolus
989 2603 1045 2683 (ll.
1066 2603 1138 2664 Cor.
1157 2610 1187 2677 4,
1207 2602 1260 2694 4.),

124 2682 221 2742 Deum
243 2681 326 2743 huius
345 2683 453 2742 saeculi
478 2703 646 2747 excostasse
666 2696 779 2745 mentes
799 2682 966 2742 infidelibus
991 2680 1078 2743 exitio
1109 2679 1261 2741 destinatis

125 2760 177 2836 ait,
196 2779 234 2817 ne
256 2772 378 2819 cernant
397 2758 496 2822 lumen
516 2761 677 2842 Evangelii.
716 2759 756 2819 Et
774 2759 831 2820 alio
852 2758 920 2820 loco
941 2756 1031 2837 (Eph.
1050 2759 1144 2832 Μ),
1165 2757 1259 2836 ipsum

125 2835 243 2916 operari
262 2836 292 2896 in
312 2835 377 2897 filiis
397 2838 626 2901 contumacibus.
670 2837 846 2897 Excoecatio
872 2835 1044 2916 impiorum,
1064 2845 1094 2892 et
1112 2853 1260 2912 quaecun·

126 2933 184 2992 que
204 2912 273 2973 inde
292 2928 455 2993 sequuntur
474 2916 597 2998 flagitia,
622 2935 714 2995 opera
736 2914 862 2972 Satanae
883 2923 1101 2990 nuncupantur:
1134 2929 1260 2988 quorum

125 3001 223 3059 tamen
243 3010 327 3050 causa
349 3002 428 3050 extra
448 2992 601 3053 humanam
620 2990 800 3052 uoluntatem
821 2988 989 3069 quaerenda
1009 2998 1135 3059 nonest,
1155 3007 1188 3049 ex
1201 3005 1258 3064 qua

126 3066 205 3125 radix
227 3064 293 3125 mali
319 3090 368 3126 sur
391 3068 426 3128 it:
459 3070 490 3130 in
516 3090 572 3151 qua
599 3067 821 3130 fundamentum
846 3064 931 3148 regni
956 3063 1082 3124 Satanae
1111 3062 1185 3142 (hoc
1206 3072 1263 3138 eat,

125 3144 291 3276 peccatum?
312 3086 429 3205 residet.

202 3222 231 3283 2.
283 3239 375 3302 „enge
395 3233 440 3282 est
457 3219 513 3281 alia
532 3220 606 3280 ratio
627 3219 741 3279 divinae
761 3218 791 3277 iu
815 3217 921 3278 talihus
945 3215 1078 3277 actionis.
1118 3215 1206 3290 Quae
1225 3225 1260 3275 ut

127 3293 234 3355 certius
255 3295 341 3357 nohis
361 3309 470 3378 pateat,
490 3296 622 3376 exemplo
642 3297 680 3356 sit
698 3295 846 3355 calamitas
866 3315 881 3353 a
903 3290 1057 3353 Chaldaeis
1076 3304 1179 3351 sancto
1201 3290 1259 3353 lob

126 3369 214 3428 illata.
255 3370 405 3449 Chaldaei,
424 3373 607 3463 interemptis
628 3373 688 3432 eius
708 3370 883 3450 pastoribus,
903 3389 1022 3505 gregem
1042 3367 1189 3429 hostiliter
1207 3368 1260 3428 de-

126 3445 312 3526 praedantur.
350 3451 412 3509 lam
434 3471 536 3509 eorum
556 3447 724 3528 improbum
745 3447 854 3506 facinus
875 3469 909 3524 pa
923 3468 967 3504 am
988 3459 1091 3507 exstat:
1113 3465 1210 3525 neque
1230 3444 1261 3505 iu

128 3544 165 3582 eo
187 3542 278 3603 opere
299 3538 391 3586 cessat
411 3528 511 3599 Satan,
531 3547 547 3584 a
568 3546 626 3604 quo
652 3536 749 3584 totum
769 3523 798 3581 id
819 3526 974 3604 provenire
1000 3535 1099 3583 narrat
1130 3520 1261 3581 historia.

128 3599 143 3656 1
166 3619 196 3658 se
215 3610 311 3658 autem
333 3602 387 3661 Ioh
408 3602 531 3665 Domini
551 3623 625 3681 opus
644 3602 674 3660 in
697 3621 733 3658 eo
758 3602 960 3680 recognoscit,
990 3620 1076 3679 quem
1109 3598 1180 3658 dicit
1205 3597 1261 3658 sibi

128 3622 280 3736 ahstulisse
301 3699 375 3757 quae
397 3691 496 3757 erepta
518 3691 603 3738 erant
622 3699 675 3759 per
696 3675 868 3737 Chaldaeos.
908 3677 1070 3752 Quomodo
1091 3676 1167 3734 idem
1187 3695 1261 3754 opus

128 3753 164 3812 ad
186 3752 293 3828 Deum,
309 3755 345 3813 ad
367 3754 514 3827 satanam,
533 3755 569 3813 ad
591 3754 739 3814 hominem
760 3765 908 3812 auctorem
930 3754 1103 3825 reseramus,
1124 3752 1193 3831 quin
1215 3749 1262 3812 vel

128 3831 265 3889 Saunam
286 3849 453 3891 excusemus
473 3831 532 3890 Dei
552 3831 717 3905 consortio,
737 3829 782 3887 vel
801 3829 897 3889 Deum
918 3830 985 3889 mali
1005 3842 1154 3889 auctorem
1175 3846 1262 3908 prae·

130 3906 277 3966 dicemus?
296 3907 404 3982 Facile,
424 3908 448 3967 si
467 3907 555 3965 finem
576 3907 680 3986 agendi
702 3907 826 3986 primurn
848 3906 1046 3985 inspiciamus,
1068 3905 1174 3962 deinde
1194 3925 1261 3964 ino·

129 3984 208 4042 dum.
246 3982 368 4044 Domini
389 3983 540 4044 consilium
563 3994 607 4042 est
625 3983 702 4042 servi
722 3982 766 4042 sui
795 3984 964 4060 patientiam
992 3982 1153 4043 calamitate
1179 4001 1262 4039 exer·

129 4080 212 4118 ceres
233 4060 321 4121 Satan
341 4061 463 4120 molitur
482 4080 548 4118 eum
568 4060 603 4118 ad
624 4059 860 4139 desperationem
881 4060 1011 4138 adigere:
1033 4057 1172 4118 Chaldaei
1185 4076 1262 4116 exre

129 4137 223 4197 aliena
244 4150 360 4216 praeter
378 4136 422 4197 ius
442 4148 472 4195 et
492 4137 534 4196 las
554 4135 666 4196 lucrum
688 4154 829 4214 quaerere
849 4137 997 4195 assertant.
1018 4134 1113 4192 Tanta
1135 4135 1165 4191 in
1188 4154 1261 4193 cou-

128 4213 197 4274 siliis
218 4214 368 4276 diversitas
387 4235 461 4293 opus
481 4215 537 4272 iam
558 4211 639 4272 valde
661 4210 819 4292 distinguit.
859 4212 894 4269 ln
914 4212 1003 4270 niodo
1024 4231 1085 4268 non
1106 4211 1201 4268 minus
1219 4220 1263 4269 est

130 4290 316 4354 discriminis.
374 4290 500 4354 Seunae
525 4287 714 4372 affligendum
739 4309 853 4350 servum
872 4310 955 4350 suum
975 4288 1120 4348 Dominus
1140 4287 1261 4366 perurit-
