2700 4732
112 224 152 283 as
482 212 557 275 Lus.
576 212 634 273 lll.
673 212 762 276 CAP.
780 212 846 273 XV.

113 379 211 423 summ
229 356 424 421 reconciliati:
454 356 536 437 quod
555 358 597 419 illi
616 358 647 419 io
667 355 827 419 custodiam
847 354 922 431 dati,
942 352 1084 435 pereundi
1104 352 1242 415 exciden-

113 437 203 518 dique
220 433 352 515 periculo
371 432 537 495 eximimur:
567 432 647 515 quod
666 433 709 494 illi
728 434 766 493 ita
786 433 905 504 inserti,
927 431 983 491 iam
1001 432 1083 491 vitae
1101 441 1242 491 aeternae

113 511 330 592 quodammodo
349 532 447 572 sumus
467 510 640 591 participes,
663 510 694 571 in
714 530 836 591 regnum
855 508 913 567 Dei
932 526 986 589 per
1003 526 1086 587 spem
1105 506 1240 588 ingressi.

111 590 176 649 Nec
196 588 263 647 dum
283 584 361 647 suuis:
390 587 469 667 quod
490 586 577 647 talem
596 586 658 647 eius
677 584 928 665 participationem
949 581 1062 663 adepti,
1087 594 1239 663 utcunque

112 668 199 727 simus
219 663 312 724 adhuc
329 664 361 723 in
381 662 467 723 uohis
486 661 585 738 stulti,
615 664 677 753 ipse
707 661 794 722 nobis
812 680 911 721 coram
930 660 997 719 Deo
1015 660 1160 737 sapientia
1179 670 1238 719 eata

112 751 145 803 ut
163 750 332 821 peccatores
350 740 452 811 cimus,
482 738 544 817 ipse
563 738 648 799 nohas
667 737 792 799 iustitia:
825 749 858 797 ut
882 734 1024 795 immundi
1042 734 1148 809 simus,
1175 733 1238 827 ipae

112 816 197 877 nohis
222 816 344 895 puritas:
376 826 409 874 ut
432 812 539 875 infirmi
562 815 665 889 simus,
693 826 726 873 ut
749 814 875 873 inermes
899 822 929 871 et
951 811 1078 871 Satanae
1103 810 1238 891 expositi,

111 903 212 953 nostra
231 902 328 950 tameo
350 903 395 950 eat
413 908 488 970 quae
511 889 566 971 ipsi
585 890 650 949 data
676 900 720 949 est
740 888 770 948 iu
790 887 875 949 coelo
900 888 979 947 etin
998 898 1077 948 terra
1096 896 1237 968 potestas,

133 990 167 1029 ua
187 988 242 1047 pro
263 967 347 1026 nohis
368 965 503 1026 Satanan
523 977 672 1040 conterat,
704 976 735 1023 et
763 964 924 1025 inferorum
948 974 1048 1043 portas
1067 961 1238 1045 confringat

110 990 231 1125 dhlatth.
243 1048 292 1115 28,
311 1042 386 1116 18.):
408 1053 439 1101 ut
459 1062 566 1121 corpus
585 1044 686 1102 mortis
705 1038 799 1100 adhuc
818 1040 970 1101 nohiscum
990 1038 1237 1115 circumferamur,

109 1122 173 1201 ipse
193 1132 290 1178 tameo
312 1117 466 1178 nobissita
485 1129 538 1183 est.
576 1118 709 1177 Breviter
749 1116 807 1176 uod
827 1117 924 1175 omnia
943 1112 1020 1173 illius
1038 1125 1141 1175 nostra
1159 1124 1235 1189 suut,

110 1208 142 1257 et
160 1216 214 1255 uos
232 1194 263 1254 iu
282 1192 333 1254 illo
354 1194 451 1254 omnia
469 1191 620 1269 hahemus,
641 1192 672 1251 in
693 1138 778 1253 nohis
799 1192 879 1251 nihil.
905 1192 1002 1271 Super
1021 1191 1089 1265 hoe,
1108 1192 1235 1271 iuquam,

109 1271 329 1331 fundamentum
349 1270 494 1330 aedificari
513 1291 567 1329 uos
587 1268 742 1345 convenit,
760 1268 785 1329 si
804 1268 938 1329 volumus
957 1269 989 1327 in
1008 1264 1152 1347 templum
1170 1266 1235 1328 Do·

108 1348 190 1408 mino
210 1356 340 1406 sanctum
359 1366 500 1406 erescere.

184 1427 213 1488 6.
250 1420 292 1481 m
310 1422 400 1503 longe
418 1420 502 1481 aliter
520 1420 687 1502 iampridem
707 1421 854 1481 institutus
867 1432 910 1480 est
923 1419 1018 1480 orbis:
1035 1429 1157 1499 reperta
1168 1430 1235 1481 aunt

109 1496 230 1559 moralia
254 1500 352 1559 nescio
379 1518 451 1577 quae
476 1498 554 1558 bona
580 1518 685 1577 opera,
715 1496 820 1577 quihus
848 1496 966 1576 gratiosi
986 1496 1053 1556 Deo
1073 1496 1232 1557 reddantur

111 1576 262 1649 homines,
293 1586 448 1653 autequam
481 1573 599 1635 Christo
633 1574 805 1633 inserantur.
857 1572 948 1647 Quasi
973 1592 1041 1633 vero
1075 1572 1232 1632 mentiatru

108 1651 259 1730 Scriptura
298 1672 367 1709 uum
387 1650 468 1724 dicit,
487 1650 517 1709 in
538 1660 632 1710 morte
652 1668 713 1709 esse
731 1668 842 1722 omues,
863 1649 912 1728 qui
925 1648 1030 1707 Filium
1049 1668 1112 1709 uon
1133 1666 1231 1727 posse-

107 1727 205 1787 derint
223 1726 263 1805 (1.
278 1672 328 1785 lo.
346 1732 376 1797 5,
394 1728 465 1801 12).
503 1725 536 1785 Si
555 1726 585 1784 in
604 1738 701 1785 nrorte
720 1737 798 1799 sunt,
817 1724 966 1803 quomodo
985 1726 1062 1785 uitae
1080 1724 1230 1784 materiam

106 1802 301 1885 generarent?
350 1802 442 1875 Quasi
461 1802 532 1862 nihil
558 1800 630 1861 illud
650 1800 759 1873 valeat,
791 1814 939 1879 peccatum
961 1821 1022 1861 esse
1042 1800 1183 1892 quiequid
1200 1796 1230 1860 tt

107 1890 186 1939 extra
207 1877 574 1955 fidem(liom.1rl,23.):
608 1877 688 1955 quasi
719 1877 833 1937 arhoris
864 1876 955 1936 malae
986 1888 1098 1957 possunt
1123 1888 1228 1938 exstare

105 1954 181 2016 honi
201 1953 320 2013 fructus.
360 1952 478 2014 Christo
496 1974 567 2013 vero
587 1954 639 2012 ruhi
657 1975 737 2013 suam
757 1953 892 2013 virtutem
913 1964 1033 2029 exserat,
1051 1951 1123 2045 quid
1145 1952 1227 2045 pesti·

106 2030 258 2090 lentissimi
282 2030 428 2109 sophistae
457 2028 655 2121 reliquerunt?
708 2028 800 2088 Aiunt
824 2028 962 2089 meruisse
993 2029 1078 2091 nohu
1108 2048 1226 2109 primam

104 2104 247 2188 gratiam,
274 2103 331 2165 hoc
351 2117 409 2177 est,
439 2126 622 2165 occasionem
642 2107 788 2165 merendi:
824 2126 885 2166 esse
904 2106 960 2164 iam
980 2118 1147 2165 nostrarum
1166 2126 1227 2186 per·

105 2184 195 2256 tium,
222 2182 369 2242 occasioni
389 2179 505 2241 oblatae
530 2202 590 2240 nou
611 2181 719 2241 deesse.
771 2180 798 2239 O
820 2182 979 2261 proiectam
1003 2182 1160 2273 impietatis
1177 2180 1227 2241 iru-

127 2256 287 2317 udentiam!
316 2258 380 2337 quis
400 2270 592 2337 exspectasset
610 2270 643 2317 ut
663 2257 771 2319 Christi
796 2278 903 2317 nomen
930 2257 1071 2337 professu,
1088 2257 1172 2318 illum
1189 2256 1226 2317 ita

104 2278 283 2395 denudatum
302 2354 353 2394 sua
370 2334 487 2408 virtute,
505 2346 616 2394 tantum
637 2356 698 2393 non
719 2334 889 2413 proculcare
908 2335 1069 2394 auderent?
1098 2335 1168 2395 lloe
1186 2344 1227 2393 te·

105 2409 275 2470 stimonium
295 2408 336 2469 illi
362 2410 463 2490 passim
483 2410 632 2485 redditur,
664 2410 744 2491 quod
770 2410 914 2469 iustilicati
937 2411 996 2469 siut
1014 2412 1182 2489 quicunque
1198 2410 1227 2469 in

105 2504 172 2545 eum
193 2486 329 2545 credunt:
349 2486 397 2545 isti
416 2485 487 2545 nihil
506 2486 582 2545 aliud
604 2485 738 2545 beneficii
759 2486 795 2545 ab
810 2506 845 2544 eo
867 2486 1021 2564 provenire
1037 2488 1157 2563 docent,
1175 2482 1227 2547 niti

104 2573 139 2623 ut
157 2560 277 2641 singulis
296 2562 331 2621 ad
355 2582 386 2621 se
413 2563 489 2642 ipsos
514 2561 709 2622 iustificandos
731 2574 830 2641 aperta
857 2565 894 2622 sit
912 2562 967 2621 via.
1018 2562 1140 2623 Utinam
1159 2580 1225 2623 vern

104 2649 256 2721 gustarent
275 2638 345 2729 quid
371 2638 426 2698 sihi
446 2636 536 2697 velint
561 2638 631 2698 istae
655 2638 880 2714 sententiae*),
910 2640 1006 2697 Vitam
1035 2638 1146 2699 habere
1165 2636 1226 2719 qui·

105 2732 221 2805 cunque
240 2714 346 2774 Fihum
366 2715 424 2774 Dei
443 2714 582 2775 habeant:
613 2714 778 2805 quicunque
799 2714 913 2788 credat,
944 2716 1077 2776 transisse
1097 2736 1115 2775 a
1134 2724 1226 2775 morte

104 2790 136 2851 in
155 2802 257 2850 vatam:
277 2790 446 2852 iustificatos
467 2810 528 2851 esse
547 2812 602 2851 nos
622 2792 696 2852 illius
735 2790 817 2862 ratia,
837 2804 869 2851 ut
889 2790 1027 2851 haerodes
1047 2790 1227 2852 efficeremur

103 2868 182 2928 vitae
206 2877 352 2927 aeternae.
395 2866 511 2928 Fideles
536 2865 684 2927 Christum
711 2811 817 2926 littere
847 2868 877 2926 iu
908 2888 939 2927 se
965 2880 1147 2944 tuanentem,
1177 2886 1227 2949 per

105 2962 192 3023 quem
211 2942 278 3003 Deo
299 2942 489 3025 adhaereant:
523 2944 678 3023 participes
698 2945 772 3004 vitae
799 2942 874 3017 eius,
906 2944 1007 3002 sedere
1027 2966 1092 3003 cum
1113 2946 1177 3025 ipso
1195 2943 1225 3003 iu

104 3018 294 3081 coelestibus:
314 3019 462 3079 traductos
483 3040 544 3079 csse
564 3020 592 3078 ln
614 3040 735 3101 regnum
748 3020 816 3093 Dei,
836 3031 865 3079 et
883 3019 1003 3078 salutem
1020 3030 1226 3099 consequutus,

104 3107 135 3156 et
152 3094 260 3155 similes
279 3095 459 3155 innumerae.
475 3132 513 3143 -
536 3096 604 3153 Non
626 3098 703 3155 euim
723 3108 771 3154 aut
792 3097 1003 3173 comparandae
1024 3096 1160 3168 iustitiae,
1179 3107 1228 3156 aut

104 3170 204 3231 salutis
223 3180 335 3229 tantum
355 3170 547 3249 acquirendae
567 3171 731 3231 hacultatem
756 3172 811 3229 fulc
833 3172 941 3232 Christi
962 3172 1117 3254 ohtiugcre
1137 3173 1161 3233 si
1184 3172 1227 3231 ni-

105 3246 201 3319 hcaut,
221 3245 271 3305 sed
292 3257 447 3327 utrumque
467 3245 553 3306 uohis
573 3248 685 3308 donari.
724 3248 854 3307 Proinde
873 3247 1047 3327 simulatque
1068 3268 1122 3327 per
1140 3192 1227 3309 fidem

105 3323 229 3383 insertus
250 3343 279 3381 es
301 3322 434 3395 Christo,
453 3324 508 3382 iam
528 3322 602 3383 filius
622 3323 679 3384 llei
700 3324 791 3383 lactus
811 3345 857 3397 es,
876 3324 1026 3385 coelorum
1047 3324 1165 3399 haeres,
1183 3326 1228 3385 iu·

103 3398 198 3459 stitiae
217 3398 377 3479 particeps,
402 3398 478 3458 vitae
497 3420 660 3479 possessor:
689 3421 721 3460 ac
741 3404 815 3478 (quo
835 3401 936 3461 melius
957 3422 1059 3459 eorum
1078 3401 1229 3463 mendacia

104 3476 316 3556 coarguantur)
327 3496 387 3534 non
398 3474 519 3566 adeptus
534 3476 665 3535 merendi
675 3476 935 3557 opportunitatem,
944 3478 994 3537 scd
1008 3478 1107 3537 omnia
1119 3478 1229 3541 Christi

104 3552 223 3613 meritas
243 3549 385 3629 siquidem
405 3550 459 3611 tihr
480 3553 739 3612 communicamur.

178 3632 206 3692 7.
244 3626 290 3685 Ita
310 3625 492 3687 Sorbouicae
511 3628 638 3699 scholae,
657 3647 788 3689 errorum
804 3630 933 3688 omnium
954 3640 1071 3705 matres,
1090 3630 1230 3695 iustihca-

103 3704 215 3763 tionem
235 3702 318 3775 fidei,
350 3722 423 3781 quae
442 3703 558 3783 pietatis
583 3715 626 3763 est
649 3706 740 3763 totius
765 3725 891 3777 summa,
924 3706 1008 3765 nohis
1039 3708 1230 3769 sustulerunt·

6 3822 10 3829 .
104 3780 245 3839 Fateatur
264 3778 380 3857 quidem
407 3778 514 3854 verho,
542 3779 689 3839 iustificari
714 3781 771 3839 lide
798 3780 920 3839 formata
948 3782 1097 3856 homiues,
1128 3785 1180 3845 sed
1199 3786 1230 3845 id

103 3866 207 3946 posteo
236 3855 481 3935 interpretantur,
512 3856 649 3934 quoniam
674 3877 689 3945 a
716 3856 772 3915 lide
797 3856 906 3916 hahent
931 3857 1009 3917 hona
1030 3878 1120 3938 opera
1141 3872 1175 3920 ut
1192 3860 1229 3921 ad

103 3934 241 4021 iustitiam
252 3927 385 4021 valeautc.
400 3943 433 4022 ut
454 3951 548 4022 paene
565 3952 618 4010 per
630 3931 785 3991 ludibrium
798 3932 949 3992 videantur
963 3933 1116 3995 nominare
1130 3934 1230 4013 fidem,

104 4028 172 4085 qma
191 4026 253 4066 sme
272 4018 385 4089 mgeutr
404 4008 510 4067 aovrdra
524 4008 603 4069 srlcri
622 4028 683 4067 non
702 4021 830 4088 poterat,
850 4030 938 4089 quum
951 4009 1230 4093 totiesaScriptura

109 4168 195 4177 ---

170 4256 445 4323 *)l.loar1n.5,l2
487 4256 534 4314 Er.
552 4260 641 4315 lomn-
656 4259 682 4325 5,
698 4260 738 4315 Ἡ.
775 4260 850 4313 Rom.
865 4260 897 4325 3,
912 4262 953 4316 2l.
993 4260 1012 4313 l.
1029 4256 1122 4313 loann.
1138 4262 1171 4323 ³.
1187 4262 1230 4315 Ἦ·

102 4320 195 4391 liphcs.
213 4324 238 4385 2,
254 4326 278 4377 li.
314 4323 416 4383 Coton.
434 4328 458 4391 l,
476 4326 515 4385 lt
