2596 4726
464 202 541 264 bnt.
560 200 588 266 Ι.
628 201 718 266 ChP.
737 201 791 264 Vl.
1158 210 1200 275 ω

63 342 212 425 proponite
230 343 312 406 aliud
330 356 431 407 tamen
451 357 482 409 et
500 345 604 408 melina
623 344 830 411 adminiculum
847 346 988 409 accedere
1006 361 1194 426 recusent,

95 420 134 481 od
157 441 218 483 noe
257 420 335 483 robe
354 422 392 483 ad
415 423 509 504 ipsum
528 424 631 484 mundi
654 436 821 485 creatorem
839 423 955 519 dirigat.
1004 424 1110 505 ltaque
1130 446 1193 487 non

70 509 158 559 mtra
176 442 266 560 nerii
284 499 330 560 aui
350 498 450 560 lumen
461 499 584 577 addidit,
603 521 662 581 quo
682 501 927 563 innotescerem
945 499 1081 563 uitatem:
1102 513 1194 583 atque

60 574 334 665 haeupraerogatira
360 575 498 658 dignatus
517 589 562 638 est
581 597 655 658 quoe
679 577 776 639 voluit
802 576 922 658 propius
946 587 977 639 et
994 578 1087 672 mapie
1106 578 1193 639 iami-

59 651 166 711 lunter
183 651 223 711 ad
242 670 276 712 se
294 650 447 735 colligere.
483 655 559 717 Nam
579 653 649 734 qnia
664 674 739 737 vaga
759 666 790 714 et
808 653 936 715 instabili
954 653 1117 736 agitatione
1135 655 1195 716 cir·

59 726 193 789 mierri
212 727 336 789 videbat
354 729 486 790 omnium
504 730 632 801 animos,
657 742 811 811 postquam
831 730 957 792 iudaeos
974 730 1032 791 sibi
1051 731 1143 815 elegit
1160 730 1193 793 in

59 822 174 887 gregem
203 803 402 883 peculiarem,
425 805 572 868 caucellos
598 806 655 867 illis
678 807 871 868 circumdedit
893 826 933 867 me
960 805 1084 867 aliorum
1108 826 1194 869 more

59 892 274 953 mouerent.
309 880 375 942 Nec
401 881 507 942 frustra
526 883 632 943 eodem
652 883 784 943 remedio
804 904 859 944 uos
878 882 908 942 in
927 903 1001 963 pura
1018 883 1064 944 aui
1083 882 1192 945 notitia

59 956 202 1094 ffiim’
225 959 294 1037 quia
312 978 382 1018 mox
396 958 508 1050 pliopui
520 959 691 1094 diffluerept
709 962 796 1051 etiam
816 960 1018 1051 quividentur
1036 980 1107 1095 prpe
1126 959 1192 1095 alpia

59 1035 1193 1247 ...ffi'tosstttssdtt't&titiirlitterile:'blithildem

59 1188 1189 1357 ”fintitt‘lff‘ttt't‘atttitt,herti·1{;t{¹{;{÷,t.{t{¹¹tt;

115 1352 206 1423 ptura
226 1341 380 1402 confusam
404 1342 515 1478 alropm
534 1342 593 1402 Ilei
619 1343 753 1403 notitiam
779 1343 809 1403 in
830 1343 976 1405 mentibus
995 1354 1104 1405 nostru
1123 1342 1190 1404 col·

59 1414 155 1511 ligem,
175 1418 306 1478 discussa
324 1417 449 1501 caligine

59 1492 140 1631 *pepp
156 1493 311 1575 singulare
331 1494 441 1588 donum
444 1508 517 1631 lpst,
536 1495 597 1587 nbi·
607 1496 642 1555 ad
662 1496 851 1631 erud‘pendam
868 1495 1021 1557 ecclesiam
1042 1516 1104 1557 non
1122 1517 1189 1557 mu·

59 1580 442 1728 fflhuiihuYiauiiih
467 1583 1190 1730 ρᾞωὲῗὲευιτόοἳξηᾶὲἰη(123εὲ11ξίῑῖξὲῗὸξὶιὲ

59 1724 100 1783 ed
122 1742 194 1784 enam
218 1743 252 1785 ae
279 1743 343 1785 esse
367 1725 452 1787 simul
476 1726 648 1805 pronuntiat
693 1726 723 1786 ui
748 1726 890 1787 colendus
913 1726 966 1787 sit:
994 1746 1049 1787 nec
1075 1726 1188 1787 electos

59 1800 136 1862 lueet
152 1800 250 1861 modo
272 1801 304 1859 in
324 1801 422 1860 Deum
432 1802 603 1891 respicere,
634 1746 692 1862 sed
709 1822 883 1883 aequoque
906 1802 1025 1863 exhibet
1047 1802 1078 1863 in
1099 1821 1188 1883 quem

59 1877 218 1959 respiciant.
258 1878 349 1937 Hune
374 1877 509 1938 ordinem
535 1878 571 1939 ab
599 1879 684 1939 initio
714 1899 785 1962 erga
805 1879 957 1939 ecclesiam
981 1898 1061 1939 auam
1081 1879 1188 1953 tenuit,

59 1964 85 2013 rt
104 1966 227 2035 praeter
246 1954 426 2014 ‘eommunia
457 1954 506 2015 illa
538 1958 716 2015 documenta
734 1954 856 2016 verbum
876 1975 997 2035 quoque
1020 1955 1188 2017 adhiberete

75 2106 85 2121 .
139 2031 323 2121 rectiorem
342 2041 374 2090 et
392 2032 502 2090 certior
520 2032 556 2091 ad
578 2032 672 2110 ipsum
686 2032 916 2122 dignoscendum
936 2044 1016 2092 nota.
1054 2033 1118 2093 Nec
1133 2032 1188 2091 du-

59 2118 192 2245 ἠῶ*
212 2105 511 2264 {tibitibi
519 2108 701 2245 aditi:
710 2107 1119 2265 td.÷2‘.¹.'?¹¹:,.t:“tt..¹¹⁰.l
1136 2109 1189 2245 'dt

60 2258 174 2321 credulis
193 2258 422 2340 quodammodo
441 2261 585 2321 discrevit.
628 2261 770 2322 Nondum
794 2261 903 2342 loquor
921 2261 958 2320 de
978 2261 1099 2341 proprio
1119 2260 1188 2322 fidei

61 2334 200 2413 buum,
226 2356 289 2416 qua
313 2336 435 2397 luerunt
454 2336 609 2398 illuminati
630 2338 661 2399 in
680 2358 763 2418 apem
787 2351 923 2398 aeternae
942 2337 1034 2409 ritae:
1066 2359 1135 2397 nam
1155 2348 1189 2399 ut

60 2414 207 2475 Μηνὶ
225 2434 243 2472 a
265 2425 364 2473 morte
384 2413 414 2471 in
423 2417 526 2488 vitam,
545 2415 642 2474 Deum
664 2436 725 2475 non
744 2415 1009 2485 modocreatorem
1025 2434 1189 2496 agnoscere

59 2506 164 2551 me
184 2488 261 2564 tuit,
281 2489 335 2550 aed
355 2489 576 2570 redemptorem
597 2512 734 2572 quoque:
756 2503 789 2551 ut
810 2504 891 2551 certe
910 2503 1068 2570 utrumque
1088 2490 1188 2571 adepti

59 2576 114 2626 teat
129 2586 166 2626 ex
185 2566 294 2626 verbo.
340 2565 456 2626 Ordine
483 2568 561 2627 enim
588 2570 745 2647 praecessit
769 2569 819 2629 illa
844 2566 967 2627 notitiae
991 2567 1103 2648 species
1129 2568 1188 2646 'apua

59 2654 147 2704 luere
166 2642 274 2702 datum
296 2643 365 2718 luit,
384 2644 515 2724 quisnam
535 2645 572 2705 sit
591 2647 671 2708 Deus
691 2646 740 2705 ille
760 2667 776 2705 a
795 2666 856 2724 quo
874 2644 1000 2705 mundus
1020 2656 1064 2703 est
1084 2644 1189 2704 condi·

59 2728 102 2795 lm,
118 2732 150 2781 et
168 2720 369 2802 gubernatur.
407 2721 525 2781 Deinde
543 2722 679 2782 adiuncta
700 2722 756 2782 suit
775 2724 864 2782 altera
884 2721 1011 2780 interior
1030 2740 1105 2799 quae
1124 2719 1188 2780 sola

59 2810 176 2857 anuas
198 2797 314 2857 animas
332 2796 475 2871 vivificat,
499 2819 556 2878 qua
578 2800 658 2858 Deus
686 2820 747 2859 non
774 2811 886 2858 tantum
912 2796 1013 2855 mundi
1037 2797 1187 2869 conditor,

59 2874 230 3009 eto-nimpe
253 2892 329 2953 quae
354 2873 439 3008 liunt¹
453 2875 566 3009 pipicus·
581 2888 685 2935 auctor
709 2888 739 2935 et
762 2876 872 2936 arbiter
895 2875 1101 2962 cognoscitur,
1125 2873 1187 3008 ¹aed

60 2960 340 3105 ‘ii-iic‘ril'iih
357 2971 392 3086 ‘ei
409 2952 1034 3099 habitabili...illitati.
1053 2969 1189 3086 iiiiii

62 3102 130 3163 tii·
150 3115 284 3163 tractare
303 3125 336 3162 su
360 3105 481 3163 crsedeo
501 3105 555 3181 (de
570 3126 629 3185 qno
643 3050 733 3169 itha.
754 3127 770 3165 a
792 3110 995 3185 captiuaque
1015 3103 1051 3161 ad
1072 3102 1186 3178 finem).

63 3174 238 3265 heminerint
250 3200 324 3261 ergo
336 3125 473 3255 horores,
491 3202 540 3242 me
552 3183 681 3241 nondum
696 3182 732 3241 de
752 3182 875 3242 foedere
889 3179 939 3239 illo
954 3178 1107 3252 disserere,
1125 3200 1186 3259 qno

64 3255 203 3317 mineus
223 3256 535 3336 adoptavithbrabne
555 3257 646 3319 filios:
667 3270 697 3316 et
717 3259 753 3319 de
772 3257 819 3318 iila
840 3255 994 3316 doctrinae
1037 3266 1110 3327 arte,
1130 3277 1187 3336 qua
1229 3282 1233 3287 ·

119 3336 163 3394 rie
183 3353 217 3393 ae
242 3334 335 3415 regati
354 3353 470 3412 semper
490 3334 608 3396 luerunt
627 3334 727 3395 fideles
747 3357 762 3395 a
782 3334 913 3414 profanis
934 3275 1082 3413 gentihus,
1101 3334 1186 3412 (quin

66 3428 86 3466 ι
116 3352 352 3470 hriatoiundata
374 3409 456 3486 snit):
477 3411 528 3470 sed
549 3423 660 3471 tantum
681 3413 833 3489 quomodo
854 3430 886 3468 ex
898 3408 1050 3489 Scriptura
1072 3409 1186 3498 discere

65 3487 215 3558 mareniat,
235 3486 334 3545 Deum
356 3487 406 3566 qui
425 3487 526 3546 mundi
545 3499 663 3547 creator
683 3500 736 3559 est,
756 3488 844 3547 certis
865 3487 942 3547 nobs
962 3485 998 3544 ab
1010 3506 1185 3545 onrnrcom-

66 3564 177 3624 nentitia
199 3565 329 3622 deorum
351 3562 436 3623 turba
456 3564 590 3623 discerni.
635 3564 814 3644 Opportune
833 3562 940 3622 deinde
959 3562 1048 3623 series
1068 3563 1128 3641 ipsa
1149 3562 1185 3621 nd

66 3633 297 3719 hedemptionem
323 3659 378 3699 uos
403 3639 536 3699 deducet.
588 3640 677 3716 Quen
699 3662 764 3700 uam
789 3651 884 3698 autem
918 3637 1006 3698 multa
1033 3658 1072 3696 -ex
1098 3641 1184 3697 Novo

67 3723 224 3777 numento
247 3717 416 3776 testimonia
436 3716 650 3789 adhibebimus,
669 3662 723 3776 aha
743 3716 830 3776 etiam
850 3736 884 3774 cx
904 3715 984 3794 hege
1005 3726 1035 3774 et
1051 3715 1185 3795 Prophe·

66 3789 164 3865 daubi
185 3814 323 3874 expressa
344 3793 378 3851 bt
399 3793 509 3853 Christi
529 3794 655 3854 mentio:
671 3794 710 3853 ‘in
737 3793 816 3852 hunc
837 3804 932 3851 tamen
954 3795 1040 3851 hirom
1061 3791 1188 3850 tendent

67 3869 410 4007 pet-guippperpdpppnpliit
423 3870 558 4026 oelipitihin
579 3869 869 4027 nnoebihehatiriilicigh'i
881 3868 1045 4006 Sihhgrihhii
1063 3865 1185 4023 :iiqtiihh‘i

548 3990 559 4020 9

67 4038 155 4084 mem
197 4042 362 4083 uaeramus.
1182 4048 1184 4053 >

122 4106 149 4164 2
211 4100 258 4160 ire
279 4109 381 4159 autem
402 4119 457 4178 per
475 4100 592 4171 oracula
606 4111 637 4161 et
652 4099 780 4161 visiones
802 4098 931 4179 patribus
949 4095 1082 4156 innotuit
1093 4094 1186 4168 Deus,

68 4169 110 4235 u'te
126 4176 278 4241 hominum
300 4196 395 4256 opera
414 4189 445 4235 et
470 4177 635 4238 ministeriu
659 4177 803 4260 suggesait
822 4175 903 4256 quod
923 4173 1029 4233 ‹leinde
1050 4191 1103 4251 per
1123 4191 1185 4229 mn·

68 4266 107 4311 ΙΙ
132 4254 255 4335 posteris
288 4253 460 4315 traderent:
497 4253 650 4314 indubium
684 4267 783 4313 tamen
816 4265 861 4313 est
891 4249 1063 4329 insculptam
1099 4246 1187 4307 inisse

69 4340 152 4391 m
169 4329 313 4393 cordibus
335 4330 448 4390 firmam
468 4331 622 4391 doctrinae
641 4329 859 4403 certitudinem,
878 4339 912 4388 ut
930 4324 1060 4407 persuasi
1079 4335 1190 4400 essent,

479 1419 579 1498 iquido
601 1418 687 1480 nobis
706 1439 806 1480 rerum
826 1420 922 1481 Deum
942 1420 1081 1480 ostendit.
1119 1420 1189 1480 ttoc
