2700 4732
162 292 203 354 26
428 285 744 350 tttsttttfflottls
766 286 1045 353 CHRISTthllE
1073 286 1095 337 ’-

162 430 302 495 miliarius
322 428 384 492 vult
401 430 589 493 innotescere
608 432 639 491 in
659 429 799 508 salutem,
823 432 996 515 scripturam
1017 434 1101 498 serbi
1115 436 1164 497 'sui
1188 455 1300 518 propo·

162 544 246 599 nere,
265 522 318 585 ubi
336 523 373 585 de
393 523 547 606 Scriptura
566 525 668 586 Sacra:
689 526 721 585 in
739 524 795 587 bac
813 545 846 587 se
863 528 1047 606 patefecisse,
1066 527 1148 609 qdod
1167 548 1229 590 noo
1248 549 1299 593 so·

162 618 208 679 lus
225 617 331 695 Pater,
356 614 409 678 scd
432 638 492 678 uua
519 636 585 678 cnm
605 618 710 694 Patre,
736 618 828 680 Filius
848 630 879 679 et
899 619 1027 702 Spiritus
1048 620 1173 685 Sanctus
1192 621 1231 683 sit
1249 621 1299 682 ille

163 711 291 775 Cr‘eator
310 709 389 792 coeli
408 720 439 771 ct
463 721 578 788 terrac,
607 730 696 792 quern
721 731 778 772 nec
802 731 836 772 es
860 711 947 773 insita
973 713 1097 775 naturali
1126 714 1232 775 notitia
1257 714 1297 775 ob

164 816 297 867 nostram
317 805 507 885 pravitatem,
526 824 582 866 nec
602 823 636 863 ex
655 803 777 865 obiecto
799 802 977 886 pulcerrimo
999 809 1100 870 mundi
1118 806 1240 889 speculo
1258 808 1300 868 ita

140 971 143 975 ¹
162 916 346 981 cognoscere
359 896 519 978 potuimus,
539 909 573 958 nt
591 896 709 958 anobis
721 896 914 979 glorificetur.
953 901 1017 963 Hac
1026 901 1182 963 occasione
1193 911 1300 962 tractat

162 990 393 1074 patefactionem
404 990 513 1057 Deiin
534 991 693 1071 scriptura:
714 991 765 1052 ubi
786 992 823 1052 de
843 990 929 1054 uirica
938 994 998 1056 Dei
1017 994 1142 1056 essentia
1156 1005 1187 1055 et
1204 992 1300 1055 tribus

163 1085 306 1168 personis.
353 1085 400 1146 Ne
423 1105 495 1147 vero
526 1083 618 1145 homo
651 1096 835 1166 spontaneae
859 1105 929 1147 suae
959 1087 1109 1149 coecitatis
1134 1085 1249 1169 culpam
1268 1086 1300 1147 in

162 1181 261 1240 Deum
280 1176 433 1254 conferat,
455 1177 545 1238 docet
564 1177 655 1259 qualis
677 1178 766 1239 homo
787 1179 825 1240 sit
844 1178 928 1240 initio
949 1192 1080 1258 creatus,
1098 1179 1151 1242 ubi
1168 1180 1207 1240 de
1225 1182 1299 1240 ima·

161 1274 235 1356 gine
252 1270 329 1348 Dei,
348 1270 386 1332 de
405 1270 501 1332 libero
521 1270 661 1348 arbitrio,
688 1282 719 1355 et
737 1269 832 1351 prima
852 1283 975 1333 naturae
994 1273 1164 1357 integritate
1183 1273 1301 1335 disseri·

162 1379 220 1429 tur.
260 1365 425 1429 Creatioue
443 1364 486 1425 ita
505 1364 649 1445 expedita,
668 1363 704 1424 ad
724 1364 982 1426 conservationem
1002 1377 1033 1427 ct
1052 1366 1299 1450 gubernationem

164 1481 264 1522 rerum
284 1458 418 1520 omnium
438 1457 592 1519 descendit
609 1455 704 1519 tribus
723 1456 880 1537 postremis
901 1456 1062 1538 capitibus,
1085 1459 1138 1521 nbi
1157 1470 1301 1521 tractatur

163 1552 333 1637 plenissime
352 1551 435 1613 locus
455 1551 492 1612 de
511 1550 571 1612 Dei
590 1549 789 1641 providentia..

241 1646 283 1707 11.
321 1645 401 1719 Quia
421 1655 520 1706 autem
544 1642 635 1705 homo
655 1643 813 1705 creationis
838 1641 903 1703 iure
922 1643 1029 1705 excidit
1055 1664 1109 1726 per
1137 1655 1300 1726 peccatum,

162 1741 200 1807 ad
226 1740 376 1804 Christum
399 1751 445 1801 cst
460 1737 659 1825 ¹veniendum.
708 1737 782 1823 Ideo
806 1734 838 1819 iu
857 1735 1007 1814 Symbolo
1024 1739 1180 1825 sequitur,
1208 1737 1301 1819 Esica

162 1836 261 1897 Iesum
282 1828 442 1908 (Μίνω
461 1831 575 1892 Filium
591 1833 653 1892 sius
669 1822 848 1908 unigenitum
865 1844 917 1892 ste.
956 1830 1003 1892 lia
1022 1843 1053 1892 et
1065 1820 1180 1893 'auctor
1198 1844 1301 1893 noster

162 1932 194 1993 iu
213 1925 565 1993 secundolnstitutionis
591 1924 670 1986 libro
691 1935 797 1986 tractat
817 1923 854 1985 de
873 1924 1047 2006 cognitione
1064 1925 1138 2002 Dei,
1157 1936 1302 2006 quatenus

164 2036 210 2087 est
227 2022 413 2102 Redemptor
431 2020 463 2080 in
484 2019 617 2097 Chrirto,
637 2018 776 2099 ducitque
796 2016 947 2079 hominem
967 2017 1004 2079 ad
1018 2017 1168 2079 Christum
1187 2017 1301 2079 Media-

162 2131 270 2194 torcm,
291 2127 410 2178 ostenso
431 2112 559 2174 hominis
579 2112 677 2192 lapsu:
698 2110 750 2171 ubi
771 2111 861 2173 docet
879 2111 917 2172 de
937 2124 1059 2192 peccato
1079 2109 1225 2195 originali,
1245 2131 1301 2179 nec

160 2210 323 2292 quiequam
347 2209 381 2268 iu
411 2206 477 2287 ipso
503 2224 566 2269 esse
584 2205 709 2281 virium,
740 2205 845 2286 quibus
865 2227 881 2267 a
901 2218 1024 2288 peccato
1044 2218 1076 2267 ct
1095 2203 1302 2267 maledictione

133 2312 136 2326 '·
158 2303 354 2369 incumbente
372 2321 406 2364 se
424 2300 519 2381 possit
537 2297 689 2380 expedire:
717 2299 789 2378 quin
816 2301 913 2381 potius
938 2298 981 2360 nil
1004 2299 1061 2363 nisi
1080 2298 1248 2365 damnabile
1268 2319 1302 2359 es

161 2400 236 2480 ipso
249 2395 389 2479 prodire,
406 2405 565 2475 auuquam
584 2392 795 2475 reconcilietur
814 2404 845 2454 ct
862 2393 1040 2475 renovetur,
1059 2390 1132 2453 haee
1151 2411 1244 2472 usque
1263 2391 1301 2453 ad
1323 2396 1326 2403 '

160 2501 254 2574 ceput
270 2500 401 2551 sextum:
425 2487 496 2549 ideo
516 2485 631 2548 homini
650 2486 796 2547 insumet
814 2486 878 2568 ipso
898 2486 994 2549 modis
1014 2485 1156 2547 omnibus
1171 2485 1301 2566 perdito,

162 2581 349 2645 aecidoueo
368 2579 571 2662 suscipiendae
589 2578 638 2641 rel
658 2579 833 2663 cogitationi
852 2578 967 2654 bonae,
986 2578 1121 2659 quesibi
1140 2576 1302 2655 medeatur,

161 2689 215 2739 aut
232 2676 301 2737 Deo
321 2686 404 2758 grata
430 2674 536 2750 iaciat,
562 2684 643 2734 extra
661 2693 693 2735 sc
713 2674 912 2754 quaerendam
931 2694 993 2735 csse
1013 2673 1250 2754 redemptionem
1268 2673 1300 2733 in

164 2770 297 2835 Christo.
336 2768 374 2828 In
393 2768 474 2829 hune
492 2766 582 2827 finem
592 2766 706 2848 Legem
727 2767 834 2844 dotans,
854 2787 917 2828 noa
937 2788 1012 2849 quae
1031 2767 1161 2831 cultores
1179 2787 1249 2828 suos
1268 2766 1299 2826 in

161 2885 195 2927 sc
214 2864 376 2939 retineret,
400 2863 452 2924 sed
470 2860 509 2922 sd
522 2860 680 2922 Christum
699 2858 926 2921 manuduceret:
953 2883 1012 2942 qua
1036 2863 1194 2924 occasione
1212 2861 1301 2943 Legis

162 2957 284 3022 bloralis
304 2957 449 3038 expositio
473 2954 672 3015 interseritur.
715 2955 805 3014 Hunc
827 2952 882 3015 sub
902 2954 984 3037 Lege
992 2955 1121 3017 xlurlaeis
1144 2967 1179 3017 ut
1200 2955 1302 3019 salutis

161 3065 315 3117 auctorem
340 3049 443 3110 fuisse·
457 3046 628 3130 cognitum,
658 3046 872 3129 plenius-sero
897 3048 953 3109 sub
971 3049 1151 3134 Evangelio,
1183 3049 1300 3130 inquo

160 3144 275 3208 mundo
294 3143 353 3203 luit
370 3140 533 3203 exhibitura
560 3140 631 3203 binc
649 3141 716 3203 fluit
736 3142 869 3203 doctrina
888 3141 927 3202 de
950 3144 1141 3206 similitudine
1161 3157 1194 3206 et
1212 3145 1301 3207 disie-

162 3238 259 3302 rentia
276 3234 429 3316 utriusque
448 3235 651 3312 Testamenti,
678 3236 796 3297 Veteris
817 3246 847 3295 et
865 3235 958 3312 Novi,
983 3237 1071 3320 Legis
1092 3250 1123 3299 et
1140 3239 1301 3323 Evangelii.

162 3336 246 3398 flacc
263 3329 414 3412 usquead
433 3335 554 3410 capii
591 3328 668 3388 Inde
687 3327 814 3390 docetur
832 3328 868 3389 ad
887 3330 1110 3410 producendum
1131 3332 1236 3414 plena'e
1254 3357 1302 3398 ra-

163 3427 232 3489 lutis
252 3424 394 3487 ellectum
414 3423 583 3505 oportuisse
602 3434 764 3483 aeternum.
774 3422 834 3483 Dei
852 3423 959 3484 Filium
979 3424 1048 3485 fieri
1068 3425 1236 3505 bominem,
1254 3451 1302 3492 as-

161 3517 319 3600 sumpsisse
339 3517 426 3578 etiam
447 3536 480 3577 rs
500 3515 564 3595 ipsa
582 3535 687 3577 reram·
701 3528 834 3576 naturam
855 3515 1025 3579 humanam:
1045 3520 1117 3579 item
1130 3542 1189 3601 quo
1209 3523 1303 3585 modo

163 3616 239 3677 duae
258 3611 315 3673 hae
333 3623 455 3673 naturae
474 3632 562 3670 unam
574 3610 705 3672 eliciant
724 3631 880 3690 personam
899 3612 1124 3675 demonstratur.
1162 3615 1323 3676 Bestius-⁵

163 3723 227 3772 tum
246 3706 283 3769 ad
307 3705 427 3786 plenam
451 3704 574 3765 salutem
599 3703 709 3764 merito
731 3702 819 3784 ipsius
839 3716 870 3764 ct
889 3705 1019 3768 efficacia
1044 3708 1251 3788 acquirendam
1273 3722 1305 3771 ct

162 3799 377 3883 applicandam,
397 3817 460 3858 esse
480 3797 611 3857 officium
632 3797 743 3859 Christi
755 3796 956 3876 sacerdotale,
975 3799 1100 3883 Regium
1120 3814 1151 3863 et
1166 3802 1304 3882 Prophe-

163 3899 266 3957 ticum.
313 3890 432 3952 Deinde
453 3890 603 3971 quomodo
625 3890 725 3952 ollicio
746 3913 800 3952 suo
824 3894 863 3952 sit
893 3895 1081 3975 perfunctus,
1110 3917 1163 3957 seu
1186 3895 1303 3977 reipsa

120 3984 123 3988 ’
164 3984 373 4067 Redemptoris
391 3997 490 4066 partes
510 3983 687 4064 impleverit,
706 3984 758 4045 ubi
770 3985 885 4047 articuli
898 3986 935 4047 de
949 3988 1059 4050 Christi
1077 4000 1185 4063 morte,
1203 4009 1302 4051 resur·

164 4083 317 4155 rectione,
344 4098 466 4140 ascensu
480 4075 520 4138 ¹in
540 4076 656 4138 coelum
677 4091 872 4160 exponuntur.
915 4081 1072 4144 Postremo
1093 4083 1202 4145 criucit
1220 4096 1304 4144 recte

165 4187 197 4237 ct
216 4173 336 4255 proprie
356 4172 431 4250 dici,
456 4171 606 4234 Christum
632 4172 725 4235 nobis>
742 4192 805 4237 esse
823 4176 1016 4255 promeritum
1043 4177 1169 4262 gratiam
1187 4176 1246 4238 Dei
1271 4189 1304 4239 et

164 4268 301 4333 salutem.

241 4359 300 4422 111.
340 4359 490 4436 Quamdiu
502 4358 638 4438 Christus
656 4382 674 4425 a
690 4361 781 4424 nobis
794 4375 945 4445 separatus
956 4375 1012 4443 est,
1029 4365 1107 4427 nihil
1123 4365 1214 4429 nohis
1229 4388 1304 4448 pro·

165 4455 239 4518 dest.
279 4452 484 4533 Quamobrem
508 4453 538 4517 si
565 4453 655 4519 inseri
678 4475 735 4521 uos
753 4468 892 4539 oportet,
914 4470 948 4520 nt
971 4457 1109 4543 palmites
1124 4460 1188 4525 siti.
1226 4461 1304 4526 Ideo
1330 4504 1333 4509 -
