2700 4732
109 189 172 253 tw
486 183 563 247 tto.
582 184 623 244 if.
662 184 752 249 CAP.
772 186 857 251 vm.

112 330 287 395 certissimus
306 330 349 390 Le
371 329 395 391 is
414 329 575 412 interpres,
593 352 655 391 uon
675 330 766 393 modo
786 328 934 454 peierare,
957 334 1008 393 sed
1028 333 1120 393 etiarn
1138 334 1238 397 iurare

111 412 216 471 malum
237 428 300 469 esse
319 429 334 468 a
358 420 469 468 monet.
509 408 672 483 Quomodo
691 410 801 477 iurare,
825 429 932 489 nempe
952 410 1118 470 insanum.
1158 412 1238 489 Quat

110 485 258 547 antemio
278 486 360 579 Leqe
379 486 622 545 commendantur
643 486 819 561 iuramenta,
836 486 912 546 salva
932 498 962 546 et
982 486 1074 546 libera
1094 484 1238 581 relinquit

111 564 259 623 Videntur
284 562 341 622 sibu
360 559 480 621 validius
501 583 647 641 pugnare,
667 584 756 640 quum
776 563 922 622 mordicus
946 563 1004 623 arri
1028 564 1093 623 iunt
1116 576 1238 645 partren

111 642 167 699 lam
187 641 322 699 omnino:
341 658 416 719 quoe
441 649 538 697 tamen
560 660 619 697 uon
642 640 677 697 ad
698 638 811 698 iurandi
831 638 953 699 verbum
973 586 1117 716 refertur,
1135 640 1189 708 sed
1209 662 1238 705 aa

109 717 252 777 subiectas
271 726 517 776 sacramentorum
531 713 678 775 formulas.
716 717 792 774 Nam
813 727 843 775 et
861 716 914 775 ista
931 728 992 776 erat
1005 715 1116 777 erroris
1133 718 1238 797 portio

68 798 75 809 “
109 793 189 873 quod
209 793 277 852 dum
298 812 352 871 per
370 791 485 851 coelum
506 802 537 849 et
556 803 660 851 terram
682 791 867 867 deierahant,
896 791 954 851 Dei
986 796 1095 853 nomeu
1121 814 1154 855 se
1182 814 1238 856 noa

108 871 252 949 putabant
271 866 424 949 attingere.
467 866 547 949 Ergo
575 880 641 946 post
661 867 848 947 praecipuum
870 868 1125 946 praevaricationis
1144 880 1238 952 capnt

109 947 208 1006 omnia
229 948 316 1005 etiam
334 944 516 1025 subterfugia
534 943 680 1004 Dominus
707 944 762 1003 illis
787 946 941 1023 praecidit:
967 965 1017 1005 ne·
1030 966 1061 1006 se
1082 946 1238 1027 opinentur

110 1023 249 1095 evasisse,
268 1021 292 1082 si
311 1041 466 1099 suppresso
486 1020 544 1079 Dei
575 1022 694 1080 nomine
719 1021 834 1079 eoelum
856 1035 885 1081 et
919 1034 1027 1081 terram
1057 1020 1238 1101 appellarint

109 1102 183 1159 Nam
205 1100 249 1157 hic
262 1118 381 1178 quoque
401 1097 499 1156 obiter
518 1097 691 1171 notandum,
712 1097 840 1176 quamvis
861 1120 921 1157 rron
935 1098 1112 1178 exprimatur
1132 1118 1238 1169 nomen

108 1177 177 1247 Dei,
198 1176 329 1234 homiues
348 1186 445 1234 tamen
467 1173 594 1253 obliquis
614 1173 714 1232 formis
735 1175 898 1252 peripsum
919 1176 1029 1234 iurare:
1050 1174 1238 1254 quemadmo·

109 1254 177 1311 dum
197 1252 221 1311 si
242 1273 295 1329 per
315 1250 413 1310 lumen
433 1250 536 1324 vitale,
567 1270 749 1329 perpetrem
770 1271 829 1328 quo
850 1264 1024 1324 vescuntur,
1055 1270 1109 1330 per
1130 1248 1166 1312 ba
1190 1252 1237 1313 tia·

109 1350 188 1389 suum
208 1350 307 1399 suum,
321 1340 372 1388 aut
390 1326 444 1386 alia
466 1327 578 1385 divinae
599 1346 666 1406 erga
687 1347 718 1386 se
740 1325 923 1387 liberalitatis
965 1328 1070 1409 ignora
1090 1274 1236 1407 quaelibet

107 1406 215 1464 iurent.
268 1405 373 1483 Neque
396 1423 470 1463 vero
491 1403 624 1463 Christus
649 1423 685 1462 eo
716 1402 785 1463 loco
812 1424 866 1484 per
890 1350 1005 1463 coelum
1027 1415 1057 1462 et
1080 1414 1189 1465 terram
1207 1414 1238 1467 et.

108 1480 345 1562 Hierosolymam
365 1480 459 1538 iurare
479 1492 590 1551 vetans,
609 1481 845 1559 superstitionem
866 1480 1006 1562 corrigit,
1026 1492 1060 1540 ut
1080 1478 1154 1541 falso
1173 1480 1232 1563 qui·

108 1559 176 1618 dam
200 1568 321 1637 putant:
351 1557 402 1617 sed
429 1577 531 1616 eorum
556 1556 652 1633 potius
672 1556 855 1635 sophisticam
876 1557 1019 1633 argutiam
1040 1556 1166 1635 refellit,
1188 1556 1232 1639 (μ’

107 1655 164 1715 pro
189 1633 280 1694 nihilo
311 1633 457 1693 ducebant
483 1632 626 1691 indirecta
656 1630 818 1693 iuramenta
847 1634 970 1692 futiliter
999 1633 1126 1710 iactare,
1158 1630 1231 1715 quati

106 1732 191 1773 sacro
211 1711 269 1772 Dei
289 1710 400 1770 nomini
424 1720 595 1801 parcerent,
626 1710 705 1788 quod
730 1721 827 1769 tamen
852 1694 1029 1790 insculptum
1049 1721 1095 1769 est
1119 1708 1236 1793 singulis

108 1789 171 1848 eius
191 1787 350 1849 beneficiis.
389 1786 455 1846 aas
477 1800 519 1847 est
539 1786 612 1844 ratio
633 1786 684 1844 ubi
703 1786 748 1845 vel
768 1786 898 1845 mortalis
919 1786 1071 1867 quispiam,
1092 1788 1140 1847 vel
1159 1806 1231 1863 mpr-

106 1877 191 1936 tuus,
210 1864 256 1925 rel
276 1863 395 1944 angelus
414 1864 443 1923 in
466 1863 562 1923 locum
582 1863 640 1921 Dei
663 1863 863 1923 substituitur:
886 1864 972 1923 sicuti
998 1863 1074 1940 apud
1101 1864 1232 1943 profanu

107 1955 211 2025 gentes
232 1942 407 2034 excogitavit
425 1939 552 2021 adulatio
592 1939 700 1998 utidam
725 1939 804 1999 illam
830 1940 969 2010 formam,
1000 1938 1060 1998 Per
1078 1943 1171 2001 vitam
1188 1946 1235 2001 ad

107 2019 229 2101 genium
240 2018 344 2101 Regu:
365 2017 431 2098 quia
450 2029 521 2076 tunc
541 1960 610 2075 falsa
630 2014 795 2095 apotheosis
815 2017 967 2076 uniusDei
986 2016 1112 2097 gloriam
1133 2016 1234 2085 obsco,-

106 2108 152 2157 rat
171 2106 202 2156 et
226 2098 339 2155 minuit
390 2094 500 2152 Verum
528 2093 579 2152 ubi
601 2093 674 2152 nihil
697 2092 774 2152 aliud
802 2104 845 2151 est
863 2094 1064 2172 propositum,
1090 2114 1179 2175 quam
1203 2106 1236 2157 u

105 2192 191 2233 sacro
215 2172 274 2230 Dei
298 2170 417 2232 nomine
448 2181 548 2249 petere
573 2169 717 2228 dictorum
749 2170 1024 2243 confirmationem,
1054 2164 1238 2250 quaesiisti

106 2248 228 2327 oblique
248 2248 313 2321 fiat,
336 2248 367 2307 in
393 2244 504 2306 frivolis
525 2244 660 2305 omnibus
678 2245 848 2305 iuramentis
868 2246 992 2305 laeditur
1011 2246 1073 2305 eius
1093 2248 1238 2313 maiestas,

104 2324 269 2389 licentiam
301 2325 375 2384 hanc
399 2343 474 2383 vano
502 2333 650 2401 praetextu
675 2322 783 2402 spoliat
809 2321 960 2397 Christus,
992 2322 1117 2383 omniuo
1142 2322 1238 2383 iurare

106 2400 278 2482 prohibens.
323 2399 436 2460 Eodem
462 2398 780 2478 etIacobus(5,12·)
803 2399 914 2471 tendit,
942 2397 991 2459 illa
1011 2398 1124 2458 Christi
1146 2396 1238 2465 verba

106 2475 278 2571 quaeritari
297 2485 452 2556 usurpans:
493 2476 539 2534 uia
558 2495 674 2554 semper
691 2477 722 2535 io
742 2476 853 2535 mundo
866 2486 991 2557 grassata
1010 2487 1054 2535 est
1073 2474 1124 2536 illa
1144 2486 1238 2537 teme·

105 2565 186 2628 rrtas,
206 2573 281 2632 quae
299 2564 397 2613 tamen
417 2496 582 2633 profanatio
603 2562 647 2613 ert
666 2552 792 2611 nominis
804 2551 870 2610 Dei.
908 2552 983 2611 Nam
1002 2551 1026 2611 si
1046 2551 1083 2611 ad
1103 2550 1238 2613 substan-

81 2634 84 2642 '
105 2630 175 2689 tiam
195 2628 305 2690 referas
324 2628 494 2710 particulam
505 2631 631 2700 omnino,
651 2628 709 2687 acsi
728 2627 806 2688 nulla
817 2628 990 2708 exceptione
1009 2627 1142 2688 illicitum
1163 2634 1238 2689 esaei

107 2705 230 2787 quodvis
250 2706 464 2779 iusiurandum,
488 2726 627 2785 quorsum
647 2705 815 2784 explicatio,
860 2724 913 2764 uae
932 2725 999 2763 mox
1022 2704 1159 2781 additur,
1180 2704 1238 2767 Ne·

106 2802 163 2863 que
182 2802 237 2861 per
256 2782 387 2859 coelum,
412 2802 509 2862 neque
526 2802 582 2874 per
600 2795 708 2841 terram
728 2780 802 2841 eto?
839 2726 958 2855 buibus
978 2782 1045 2842 satis
1064 2792 1165 2865 patet,
1190 2800 1238 2843 ea·

105 2858 179 2920 villis
199 2861 327 2935 occurri,
348 2860 426 2919 unde
446 2860 533 2919 levari
554 2880 637 2918 suum
656 2857 757 2918 vitium
778 2857 879 2917 Iudaei
897 2857 1049 2938 putabant.

181 2942 228 3001 27.
267 2935 372 3015 ltaque
389 2936 465 2997 sanis
488 2934 604 2995 iudiciis
623 2933 790 3016 ambiguum
814 2935 869 2992 iam
891 2954 952 2993 esse
979 2956 1015 2993 ne
1040 2935 1101 3009 uit,
1129 2932 1238 2996 Domi·

105 3033 175 3071 num
199 3012 444 3073 illic,iurameuta
470 3012 560 3072 modo
583 3032 613 3071 ea
635 3011 829 3103 improbasse,
850 3030 924 3090 quae
944 3032 998 3090 per
1017 2957 1129 3091 iaegem
1149 3010 1238 3071 vetita

102 3101 212 3163 esseut.
249 3090 324 3149 Nam
345 3089 466 3168 etipse,
488 3088 538 3168 qui
559 3088 759 3168 perfectionis,
778 3108 863 3177 quom
886 3087 1021 3161 docebat,
1041 3087 1189 3179 exemplar
1207 3088 1238 3147 iat

4 3226 6 3231 ,
105 3165 163 3224 sita
189 3165 333 3239 exhibuit,
352 3187 413 3224 non
434 3166 587 3225 abhorruit
606 3185 622 3223 a
642 3166 825 3238 iuramentis,
846 3165 960 3253 quoties
985 3185 1032 3224 rcs
1051 3164 1238 3243 requirebat:

105 3254 137 3300 et
157 3241 300 3320 discipuli,
320 3258 393 3320 quos
414 3243 553 3322 magistro
574 3262 626 3300 suo
649 3262 701 3318 per
721 3241 818 3299 omnia
840 3261 967 3318 parnasse
988 3241 1238 3311 noudubitamot.

105 3317 183 3376 idem
197 3339 275 3376 exem
298 3318 358 3378 lum
377 3318 493 3396 sequuti
514 3330 590 3376 sunt.
630 3318 706 3391 Quis
726 3318 831 3377 audeat
850 3318 947 3376 dicere
966 3316 1130 3377 iuraturum
1151 3315 1238 3377 tubas

104 3392 228 3453 Paulum
248 3340 350 3471 (lium.
371 3402 400 3467 1,
418 3402 446 3458 9.
472 3394 512 3452 ΙΙ.
533 3394 604 3455 Cor.
624 3401 658 3469 1,
678 3396 755 3471 aa),
780 3394 804 3454 si
832 3394 1029 3454 iusiurandum
1050 3414 1172 3476 prorsus
1189 3392 1235 3453 ia·

103 3471 261 3530 terdictum
281 3471 398 3531 fuisset?
417 3471 509 3549 Atqui
529 3470 581 3529 ubi
600 3488 646 3529 res
667 3469 706 3528 ita
726 3471 804 3541 tulit,
823 3471 888 3529 sine
907 3469 968 3530 ullo
988 3470 1129 3551 scrupulo
1148 3470 1231 3541 iuras

104 3546 191 3607 etiam
219 3548 315 3607 addita
347 3547 491 3605 interdum
516 3546 737 3625 imprecatione.
787 3548 926 3607 Nondum
957 3558 1055 3606 tamen
1088 3548 1169 3607 irrita
1191 3550 1235 3613 est,

104 3625 250 3706 quaestio:
270 3624 386 3703 quando
401 3624 537 3681 nonnulli
555 3624 616 3683 sola
629 3622 665 3683 ab
687 3623 743 3683 hoc
763 3623 921 3683 interdicto
941 3622 1054 3703 publica
1075 3622 1227 3685 iuramenta

104 3700 189 3760 eximi
217 3700 408 3760 arbitrantur:
441 3701 536 3779 qualia
566 3712 634 3759 suut
666 3719 740 3778 quae
773 3700 925 3759 deferente
950 3700 1145 3781 exigenteque
1173 3716 1224 3759 ΙΙΙ·

104 3778 226 3861 gistratu
246 3789 436 3857 praestamus:
457 3776 553 3855 qualia
573 3777 658 3836 etiam
679 3780 708 3837 in
728 3776 890 3837 sanciendis
910 3776 1080 3836 foederibus
1098 3784 1225 3857 usurpat·

104 3854 251 3934 principes
270 3853 380 3914 solent:
401 3852 446 3912 rel
467 3853 611 3933 populus,
632 3876 720 3933 quum
741 3853 772 3911 in
793 3873 901 3911 nomen
922 3852 1062 3933 principis
1083 3854 1168 3927 iurat,
1183 3840 1235 3911 nl.

103 3929 197 4002 miles,
218 3951 307 4009 quum
327 3942 509 3989 sacramento
531 3930 647 3989 militiae
668 3929 810 4011 adigitur,
832 3942 862 3988 et
881 3950 955 4008 quae
975 3942 1043 3989 sunt
1061 3924 1222 3999 huiusmnd·

103 4006 140 4065 In
160 4006 237 4065 bunc
258 4027 375 4086 quoque
396 4006 529 4065 ordinem
549 4009 596 4083 (et
608 4007 840 4085 iure)·referunt,
852 4026 926 4084 quae
939 4017 1088 4066 exstante
1111 4005 1147 4065 ud
1158 4004 1222 4063 Pas·

103 4081 175 4155 lum,
194 4083 230 4142 ad
251 4083 434 4143 asserendam
455 4082 606 4164 Evangelii
627 4084 816 4166 dignitatem:
838 4082 957 4160 quando
976 4028 1116 4163 Apostoli
1135 4082 1163 4141 in
1180 4090 1220 4139 stt

104 4158 256 4219 functione
274 4160 379 4252 privati
401 4160 535 4218 hominos
555 4182 616 4219 oon
637 4173 720 4235 srrnt,
745 4159 795 4218 sed
838 4159 925 4219 ublici
945 4160 1004 4217 Dei
1025 4158 1158 4219 ministri.
1191 4148 1220 4211 ΕΙ

103 4254 172 4295 saue
193 4258 252 4295 nou
274 4237 388 4297 ruficior
412 4236 461 4296 illa
481 4256 542 4295 esse
569 4238 725 4311 tutissima,
750 4180 834 4327 quod
859 4234 1046 4297 solidioribus
1065 4234 1220 4390 serim

103 4312 277 4375 testimoniis
296 4314 505 4375 defenduntur.
547 4313 672 4375 Iubetur
695 4323 878 4396 magistratus
904 4312 937 4373 in
954 4332 989 4373 re
1005 4306 1160 4373 dubias·
1221 4364 1225 4371 .
