2700 4732
102 188 163 253 we
261 244 287 284 ,1
480 182 556 246 lilB.
576 183 617 245 11.
656 184 745 247 CAP.
764 182 849 245 vnt

104 328 219 404 missos,
237 326 369 404 alendos,
388 327 547 411 regendos,
566 327 718 389 docendos
736 328 909 408 suscipiant:
930 346 985 390 nec
1003 326 1150 387 saevitiae

59 416 62 421 “
105 406 220 466 animos
241 414 429 484 exasperent,
468 416 500 464 ct
518 425 535 464 a
554 424 586 465 sc
605 416 752 479 avertant:
783 406 834 465 sed
853 403 975 464 lenitate
992 424 1028 465 ac
1046 401 1149 485 indulg

106 502 183 617 puae
202 502 283 543 suam
304 502 459 563 personam
472 480 584 555 deceat,
605 501 656 541 eos
676 482 797 542 foveant
809 494 839 540 et
852 480 1073 574 amplectantur.
1094 480 1150 555 Qui

129 568 200 619 oet
222 580 303 619 suani
328 557 382 617 illis
415 557 629 618 observantiam
648 580 662 617 a
682 558 782 618 liberis
812 557 913 617 deberi
944 570 1013 617 ante
1043 556 1150 617 dictum

105 634 242 695 Iuniores
261 634 383 695 senilem
403 645 528 693 aetatem
548 646 747 708 revereantur,
766 645 799 694 ut
819 654 880 694 eam
898 645 1022 693 aetatem
1034 631 1150 693 honora

107 730 170 772 esse
190 711 336 771 Dominus
355 709 457 770 voluit.
497 711 590 769 Senes
610 733 668 790 quo
692 731 728 769 ue
752 710 910 770 iuventutis
935 709 1150 770 imbecillitates

106 788 280 869 prudentia,
311 798 341 846 et
361 790 435 865 (quo
455 786 545 867 magis
566 808 650 864 quam
671 732 712 847 illi
733 787 860 866 pollent)
892 808 989 846 rerum
1011 808 1063 846 usu
1083 785 1150 846 mod

106 878 172 940 tur,
203 886 265 923 non
290 864 398 943 asperis
419 863 609 942 clamosisque
630 863 870 923 insectationibus
890 883 941 922 eos
967 863 1146 923 incessentes

105 952 304 1020 temperantes
324 939 462 999 comitate
482 960 515 999 ac
535 939 673 1003 facilitate
692 940 888 999 severitatem.
927 940 1014 999 Serri
1033 958 1064 999 se
1085 938 1121 997 ad

107 1018 209 1097 quium
228 1016 346 1076 sedulos
366 1028 396 1075 et
416 1016 580 1096 morigeros
599 1016 725 1075 dominis
745 1027 909 1096 praestent:
934 1035 1031 1096 neque
1056 1014 1086 1075 id
1112 1013 1148 1073 ad

108 1094 180 1169 lum,
199 1092 250 1152 sed
270 1111 304 1151 eii
325 1094 440 1168 animo,
461 1103 597 1171 tanquam
617 1090 685 1153 Deo
709 1092 766 1172 ipsi
790 1093 958 1152 servientes.
1018 1091 1093 1151 Heri
1121 1112 1150 1170 qi

107 1190 169 1230 noii
189 1188 325 1229 morosos
344 1188 376 1228 se
397 1180 427 1227 et
445 1168 645 1228 intractabiles
667 1190 735 1249 erga
755 1188 853 1229 servos
873 1180 986 1250 gerant,
1005 1188 1066 1227 non
1087 1186 1150 1247 aspe

107 1247 198 1306 nimia
219 1245 369 1318 divexent,
389 1266 451 1304 non
471 1245 682 1305 contumeliose
702 1247 859 1337 accipiant:
885 1245 938 1305 sed
963 1246 1060 1325 potius
1079 1264 1150 1326 agne

107 1322 164 1384 sibi
189 1320 294 1382 lratres
319 1342 396 1396 esse,
428 1341 555 1411 suosque
574 1321 627 1381 sub
653 1321 773 1381 coelesti
798 1321 930 1382 Domino
959 1321 1135 1395 conseritis,

106 1410 211 1458 mutuo
232 1418 329 1457 amare
349 1409 380 1456 et
399 1397 565 1457 humaniter
582 1410 708 1458 tractare
729 1396 865 1458 debeant.
923 1397 968 1456 ad
993 1397 1088 1470 huuc,
1111 1396 1150 1455 ins

106 1474 372 1554 modum'quisque
392 1485 521 1552 reputet,
542 1475 611 1553 quid
631 1475 662 1532 iii
682 1496 734 1534 suo
756 1474 861 1535 ordine
880 1495 913 1533 ac
932 1474 1000 1534 loco
1024 1472 1149 1553 proximi

108 1552 192 1623 beat,
220 1562 251 1610 et
270 1550 350 1630 quod
371 1548 460 1610 dehet
478 1550 581 1611 solvat.
638 1550 775 1624 Adhaec,
794 1549 949 1610 reserenda
967 1570 1085 1629 semper
1102 1556 1149 1609 m'c

106 1626 337 1709 Legislatorem:
363 1637 398 1686 ut
415 1624 518 1687 animis
537 1625 660 1706 pe'rinde
679 1648 713 1687 ac
732 1626 865 1686 manibus
883 1626 1015 1707 regulam
1042 1626 1117 1686 banc
1147 1646 1150 1683 i

107 1703 198 1764 rimus
222 1701 378 1777 constitui,
403 1722 463 1794 quo
482 1703 605 1762 aliorum
625 1705 786 1764 commodis
804 1714 893 1784 atque
913 1702 1088 1764 utilitatibus
1107 1710 1139 1763 et

109 1779 153 1842 dis
172 1791 204 1841 et
222 1778 433 1862 promovendis
451 1779 595 1840 studeant.
801 1797 807 1807 ·

365 2025 737 2100 PRAECEPTUM
776 2025 984 2087 NONUlll.

172 2168 252 2230 Non
272 2169 342 2233 cris
362 2169 535 2232 adversus
555 2170 756 2252 proximum
774 2182 873 2231 tuum
893 2168 1003 2230 testis
1021 2166 1150 2229 menda

186 2318 234 2378 47.
272 2311 354 2372 Finis
374 2311 450 2372 eius:
480 2311 631 2386 Quoniam
651 2313 836 2374 mendacium
861 2311 942 2371 Deus
973 2309 1039 2389 (qui
1057 2310 1150 2372 verita

110 2402 291 2464 exsecratur,
318 2390 470 2460 veritatem
495 2390 557 2449 sine
579 2391 646 2452 luco
667 2412 730 2465 esse
750 2393 826 2450 inter
846 2409 900 2448 nos
921 2386 1084 2449 colendam.
1124 2386 1150 2448 S=

108 2467 200 2547 igitur
219 2468 285 2540 erit,
304 2484 343 2525 ne
361 2464 407 2525 vel
427 2464 576 2526 calumniis
597 2466 733 2547 falsisque
755 2463 1005 2525 criminationibus
1027 2463 1150 2524 vlolenii

109 2543 191 2603 cuins
210 2562 331 2615 nomen,
350 2538 396 2601 vel
415 2542 567 2602 mendacio
587 2543 617 2601 iii
637 2546 695 2603 suis
717 2544 841 2602 fortunis
858 2561 1029 2632 gravemus:
1057 2541 1127 2601 deni
1148 2564 1150 2571 ·

108 2617 332 2679 maledicentiae
352 2629 383 2676 et
402 2618 585 2696 procacitatis
604 2619 728 2680 libidine
748 2640 911 2711 qnempiam
932 2617 1086 2676 laedamus.
1126 2562 1150 2680 a

108 2696 235 2754 terdicto
257 2693 396 2754 cohaeret
414 2695 587 2775 imperium,
618 2710 652 2756 iit
671 2698 827 2774 unicuique
847 2693 961 2753 fidelem
983 2713 1117 2774 operam,
1143 2714 1150 2749 ι

110 2770 194 2845 licet,
223 2772 253 2830 iii
274 2770 425 2831 asserenda
445 2772 567 2831 veritate
587 2775 821 2842 commodemus,
851 2770 887 2830 ad
907 2770 1044 2828 tuendam
1067 2781 1097 2829 et
1116 2790 1150 2830 ne

112 2860 143 2908 et
161 2868 259 2908 rerum
279 2868 395 2906 suarum
414 2848 623 2927 integritatem.
662 2851 786 2909 Sensum
807 2846 934 2906 mandati
953 2847 996 2905 sui
1016 2846 1136 2907 videtur

109 2944 183 2985 nere
201 2923 329 2985 voluisse
346 2923 491 2985 Dominus
511 2925 674 3002 (Exod23,
685 2934 711 2991 1.
723 2929 767 3005 7.)
786 2924 829 2984 his
853 2922 962 2982 verbis:
994 2922 1085 2996 „Non
1105 2942 1150 2983 sna

110 3020 237 3080 „rocem
256 3000 413 3060 mendacii:
434 3020 489 3062 nec
509 3005 611 3085 iunges
631 3024 746 3062 manum
765 3014 855 3073 tuam,
874 3011 908 3058 ut
926 3021 980 3077 pro
993 3001 1085 3078 impio
1101 2998 1150 3058 dic.

110 3099 196 3152 „suin
218 3078 450 3138 testimonium.“
488 3079 577 3138 Item:
597 3079 804 3153 „Mendacium
821 3078 945 3157 fugies.“
983 3075 1053 3136 illio
1075 3076 1150 3135 etiae

112 3155 222 3233 (Levit.
241 3156 384 3245 l9,316.),
412 3175 473 3214 non
495 3175 528 3213 ea
548 3159 637 3219 inodo
659 3169 740 3246 parte
760 3177 775 3213 a
795 3153 947 3212 mendacio
968 3174 1023 3211 nos
1044 3170 1149 3212 reseca

112 3252 199 3293 simus
219 3240 419 3300 criminatores
438 3252 471 3290 ac
495 3253 667 3291 susurrones
690 3255 719 3290 in
745 3229 871 3314 populo,
902 3228 1011 3289 sedne
1034 3218 1150 3308 quiade

111 3309 232 3368 fratrem
245 3328 342 3367 suuni:
358 3317 514 3387 utrumque
524 3309 601 3366 enim
614 3309 756 3367 distinctis
766 3306 906 3366 mandatis
917 3317 1008 3365 cavet.
1027 3306 1107 3364 Sane
1120 3304 1150 3362 di

112 3405 174 3444 non
190 3395 233 3442 est
246 3383 326 3462 quin,
338 3394 370 3440 nt
382 3385 623 3463 praecedentibus
637 3385 778 3443 mandatis
795 3382 927 3443 cohibuit
937 3381 1099 3457 saevitiam,
1116 3381 1150 3439 itu

113 3460 223 3534 citiam,
236 3460 393 3531 avaritiam,
413 3461 452 3519 ita
467 3461 513 3521 bic
525 3460 678 3520 salsitatem
691 3473 839 3521 coerceat:
857 3459 938 3519 ciiius
950 3459 1009 3518 diio
1021 3469 1147 3518 suntme

113 3557 188 3617 quae
208 3538 287 3615 prius
308 3536 479 3597 notavimus.
536 3538 597 3597 Ant
623 3539 700 3596 enim
720 3535 900 3617 malignitate
914 3547 950 3594 ‘et
969 3532 1150 3595 obtrectandi

112 3616 203 3675 vitate
223 3612 417 3690 delinquimus
437 3613 467 3672 iii
489 3614 592 3673 lamam
613 3614 823 3748 proximorum:
856 3625 906 3672 aut
936 3611 1121 3682 mentiendo,

114 3691 183 3751 duni
203 3690 289 3748 etiam
309 3688 511 3768 obloquendo,
531 3690 611 3749 dctra
635 3692 707 3750 iuius
727 3710 827 3749 eorum
846 3688 1016 3748 commodis.
1054 3687 1150 3747 Nihil:

114 3771 252 3839 interest,
283 3765 417 3825 sollenne
443 3778 473 3825 et
496 3766 677 3827 iudiciariam
703 3767 901 3826 testimonium
932 3763 979 3824 hic
1009 3764 1150 3825 nominari

63 3874 66 3879 ·
113 3856 169 3917 tes,
188 3865 224 3903 an
244 3841 376 3921 vulgare,
395 3843 474 3919 quod
495 3843 524 3900 in
545 3844 663 3922 privatis
682 3843 865 3903 sermonibus
885 3841 988 3901 lertur.
1027 3841 1150 3920 Semper

115 3942 156 3981 eo
173 3918 381 3992 recurrendum
402 3931 456 3992 est,
475 3920 594 4000 singulis
613 3920 750 3979 vitiorum
770 3916 926 4000 generibus
945 3917 1071 3997 speciem
1092 3937 1148 3976 una

115 3996 282 4087 radigniatis
302 3992 369 4054 loco
387 3997 530 4075 proponi,
550 3997 692 4087 :deppam
712 4007 843 4055 caeterae
863 3995 1042 4053 reserantur:
1064 4013 1150 4054 eam.

21 4096 27 4117 ·
115 4073 299 4155 potissimum
318 4069 471 4153 delighin
491 4093 548 4151 qua
568 4085 631 4132 vitii
649 4072 802 4152 turpitudo
822 4072 944 4131 maxime
964 4070 1101 4130 emineat.
1142 4074 1150 4127 l

64 4179 68 4189 ·
115 4169 203 4230 quain
235 4147 399 4231 generalius
436 4149 593 4209 extendere
627 4150 767 4208 convenit
802 4148 839 4207 ad
871 4148 1026 4208 calumnias
1057 4158 1089 4207 et
1115 4146 1150 4207 sii

116 4225 362 4318 obtrectationes,
382 4224 486 4306 quibus
505 4224 606 4307 inique
616 4236 783 4316 'gravantur
800 4223 939 4314 proximi:
960 4224 1033 4317 ‘quia
1054 4224 1150 4284 soreos

115 4314 247 4367 stimonii
267 4301 375 4364 lalsitas
394 4322 541 4385 nunquam
563 4320 691 4385 periurio
711 4312 797 4362 caret.
854 4301 995 4362 Periuriis
1013 4310 1150 4377 aute-,i
