2700 4732
18 763 25 771 ’
126 765 261 828 clausula.

124 244 183 340 aaa
504 235 582 298 utu.
603 234 645 296 n:
683 237 771 299 cuo.
794 237 856 296 xv.
897 196 900 204 ’

127 403 210 446 scena
229 382 383 464 amplius.“
430 383 471 442 As
490 401 562 441 vero
588 403 677 462 quum
703 381 759 440 iam
784 401 846 458 non
872 380 962 463 louge
986 380 1100 443 abesset
1120 381 1277 456 Christus,-

126 459 283 542 praefixum
311 460 368 519 luit
390 458 509 519 Danieli
529 463 578 536 (9,
596 461 659 537 Ἠ.)
684 470 798 537 tempus
825 458 861 516 ad
887 457 1098 539 obsignandam
1120 457 1266 520 visionem

127 551 158 598 et
177 536 380 617 prophetiam,
400 557 462 595 non
482 536 576 594 solum
597 535 810 607 ut-vaticinio,
831 535 947 624 dequo
969 535 1027 594 illic
1048 536 1159 617 agitur,
1184 549 1265 617 certa

126 625 276 676 constaret
295 615 467 673 auctoritas:
494 611 544 670 scd
566 623 599 670 ut
618 610 718 670 fideles
738 630 834 689 nequo
854 631 953 671 animo
975 623 1112 672 carerent
1131 611 1167 670 ad
1187 623 1265 671 tem-

124 688 375 771 pus'Propbetis,
406 689 474 769 qnia
504 687 625 748 instaret
654 687 788 749 omnium
812 688 1025 749 revelationum
1051 687 1206 768 plenitudo
1233 699 1266 747 et

199 849 228 907 2.
266 842 362 902 Porro
383 840 545 901 notandum
566 852 610 899 est
628 839 663 900 ad
684 839 756 900 haec
774 839 829 901 tria
850 859 969 899 munera
983 838 1094 900 Christi
1113 839 1265 919 pertinere

125 918 270 1001 elogium:
296 920 400 978 scimus
424 919 501 976 enim
528 917 582 976 sub
602 916 683 1000 Lege
709 938 792 977 sacro
817 916 886 976 oleo
911 928 968 977 tam
983 916 1156 995 'Prophetas
1175 938 1264 996 quam

124 995 292 1057 sacerdotes
311 1015 345 1053 ac
364 1013 449 1074 reges
463 994 549 1053 fuisse
560 1005 675 1053 unctos.
707 993 794 1052 Unde
810 1005 839 1051 et
850 993 967 1053 celebre
978 993 1130 1053 Messias
1152 1014 1264 1053 nomen

124 1073 269 1153 promisso
291 1070 448 1130 Mediatori
468 1070 523 1128 luia
547 1071 725 1148 impositum.
777 1070 841 1130 Etsi
873 1082 971 1128 autem
997 1070 1093 1129 latcor
1119 1069 1264 1149 peculiari

124 1149 209 1230 regni
231 1148 400 1206 bituito-et
429 1151 545 1206 ratione
575 1146 685 1205 dictum
718 1146 805 1206 luisse
836 1146 972 1206 Messium
1002 1147 1052 1223 (nt
1081 1148 1169 1206 etiam
1191 1145 1264 1205 alibi

124 1224 273 1301 ostendi),
304 1222 476 1303 prophetica
507 1236 606 1283 tamen
627 1234 659 1282 ct
684 1223 871 1283 sacerdotalis
903 1224 1003 1281 unctio
1030 1224 1157 1302 gradum.
1176 1244 1264 1282 auum

124 1301 280 1374 obtinent,
311 1320 409 1378 neque
436 1312 504 1359 snut
529 1320 545 1357 a
572 1298 659 1359 nobis
684 1299 889 1380 negligendae.
939 1300 1050 1358 Prioris
1076 1320 1211 1379 expressa
1229 1298 1264 1360 bt

123 1376 235 1436 mentio
256 1376 332 1457 apud
345 1376 466 1436 lesaiam
487 1378 588 1453 (obl.
625 1375 669 1434 his
689 1375 800 1435 verbis:
822 1375 969 1455 „Spiritus
989 1376 1111 1435 Domini
1132 1375 1262 1437 lehovac

124 1475 176 1529 „sn
201 1472 234 1512 er
252 1472 312 1512 me:
333 1452 401 1513 idco
422 1453 503 1512 unxit
522 1473 569 1511 me
601 1452 723 1526 ebovab,
743 1463 776 1510 ut
795 1453 994 1530 praedicarem
1011 1454 1179 1525 mansuetis,
1198 1472 1263 1512 me·

122 1474 238 1607 „deiam
258 1529 397 1591 allerrem
421 1529 557 1589 contritis
582 1528 688 1602 corde,
719 1528 936 1619 promulgarem
963 1530 1081 1607 captivis
1106 1529 1262 1589 liberatio·

123 1626 223 1682 ‚,nem,
238 1605 422 1696 publicarem
443 1626 550 1665 anuum
571 1604 770 1685 beneplaciti‘
791 1618 847 1664 etc.
888 1605 1028 1665 Videmus
1048 1617 1169 1664 unctum
1189 1605 1262 1685 Spi-

124 1684 184 1743 ritu
204 1683 305 1758 l‘uasse,
324 1692 357 1742 ut
377 1702 485 1762 praeco
506 1693 536 1741 et
555 1684 637 1742 tcstis
657 1692 732 1741 esset
787 1682 862 1741 atiae
882 1681 1049 1761 Patrisque
1073 1701 1109 1740 ne
1128 1682 1158 1741 id
1178 1703 1262 1742 com·

33 1808 36 1813 .
122 1760 204 1819 muni
223 1779 322 1819 more:
357 1758 459 1838 qniaa
484 1758 604 1838 reliquis
630 1757 747 1829 doctori
772 1780 821 1832 us,
869 1779 973 1818 uorum
994 1703 1088 1818 simiie
1110 1770 1172 1817 crat
1191 1759 1261 1818 olli·

122 1837 210 1911 cium,
231 1835 413 1896 discernitur.
451 1833 550 1914 Atque
570 1834 617 1894 bic
637 1856 734 1894 rursus
756 1779 917 1895 notanium
938 1847 992 1910 est,
1012 1856 1071 1895 non
1086 1833 1148 1894 'sibi
1169 1836 1262 1896 modo

122 1913 294 1991 unctionem
314 1912 476 1992 accepisse,
496 1924 529 1971 ut
549 1911 724 1994 iungeretur
744 1911 870 1970 docendi
891 1912 1037 1991 partibus:
1057 1913 1108 1971 sed
1129 1911 1261 1983 totisno

124 1987 260 2069 corpori,
280 2000 314 2048 ut
334 1987 364 2047 io
386 1988 525 2049 continua
544 1988 625 2047 Evan
649 1986 697 2046 elii
717 1989 935 2066 praedicatione
955 1989 1044 2048 virtus
1064 1988 1191 2068 Spiritus
1212 2007 1267 2048 re·⁴

124 2087 137 2126 s
159 2064 276 2127 ondeat.
315 2062 434 2124 Interea
454 2076 554 2124 manet
574 2007 648 2123 itini
664 2063 761 2138 fixum,
781 2064 835 2124 bac
852 2086 938 2145 quam
959 2065 1056 2125 attulit
1074 2064 1261 2144 perfectione

144 2141 278 2202 octrinac
297 2138 386 2200 finem
407 2141 575 2221 impositum
596 2140 683 2203 luisse
704 2141 841 2201 omnibus
860 2141 1040 2222 prophetiis:
1074 2153 1107 2202 ut
1130 2141 1261 2203 auctori-

122 2218 176 2279 tati
197 2218 259 2278 eins
279 2216 437 2299 derogent,
458 2217 507 2296 qui
528 2215 689 2299 Evangelio
710 2237 771 2276 non
797 2221 932 2278 contenti
957 2229 1123 2278 extraneum
1149 2218 1260 2298 aliquid

122 2304 251 2355 assuunt.
300 2293 376 2352 Nam
404 2306 483 2352 ertra
515 2294 647 2353 omnium
679 2293 813 2354 ordinem
845 2295 986 2376 singulari
1012 2295 1165 2429 privilegio
1192 2315 1259 2354 eum

122 2370 215 2430 evexit
233 2390 289 2432 vox
307 2368 356 2430 illa
399 2389 452 2428 nae
472 2369 609 2431 detonuit
628 2388 644 2429 e
665 2369 761 2444 coelo,
782 2371 838 2430 llic
860 2370 1007 2430 cstFilius
1027 2390 1107 2430 niens
1140 2370 1259 2431 ilectus:

120 2447 131 2505 i
154 2468 217 2506 sum
237 2445 335 2506 audite
354 2390 477 2524 (histris.
497 2451 532 2522 3,
552 2451 619 2521 17.).
664 2446 711 2505 ΑΙ)
732 2447 797 2526 ipso
819 2447 924 2506 deinde
952 2447 1045 2527 capite
1065 2447 1101 2506 ad
1126 2447 1259 2507 membra

124 2467 230 2583 tiiilusa
252 2533 297 2582 est
315 2520 388 2582 baec
407 2525 520 2596 unctio,
539 2527 614 2583 sicut
634 2522 744 2582 alocle
766 2525 946 2604 praedictum
967 2524 1071 2596 luerat,
1091 2522 1257 2603 Propheta-

120 2599 197 2659 bnnt
215 2597 267 2659 filii
286 2599 385 2669 vestri,
405 2611 436 2658 et
454 2599 532 2658 filiae
551 2612 661 2658 vestrae
682 2599 806 2659 visiones
827 2600 969 2659 videbunt
981 2610 1038 2657 etc.
1058 2597 1255 2676 (loel.3,1.).

118 2675 215 2750 Qnod
234 2685 332 2734 autem
355 2675 425 2735 dicit
445 2675 550 2735 Paulus
570 2676 610 2753 (1.
628 2675 699 2736 Cor.
720 2683 748 2750 l,
767 2679 841 2812 30.p‚
863 2677 960 2735 datum
980 2694 1042 2734 esse
1063 2674 1148 2734 nobis
1168 2675 1198 2733 in
1211 2696 1257 2733 sa-

121 2752 247 2833 pientia:
276 2763 307 2810 et
331 2751 401 2812 alibi
421 2751 505 2828 (Col.
523 2758 560 2824 2,
579 2754 641 2828 3.),
674 2752 704 2811 in
735 2773 771 2812 co
802 2753 991 2813 asconditos
1015 2770 1077 2811 esse
1105 2751 1259 2811 thesauros

120 2848 224 2889 omnes
249 2828 387 2888 scientiae
412 2840 442 2889 et
466 2827 694 2910 intelligentiae,
726 2829 813 2908 paulo
844 2829 987 2889 diversum
1013 2848 1128 2888 sensum
1155 2827 1258 2888 habet:

120 2922 228 2985 nempe
248 2916 325 2965 extra
346 2905 440 2986 ipsum
461 2905 533 2964 nibil
555 2905 708 2977 esseutile
728 2908 861 2987 cognitu,
883 2905 1092 2997 etquicunque
1113 2904 1170 2963 lide
1190 2924 1261 2984 per·
1286 2916 1292 2931 “

121 2982 236 3060 cipiunt
255 2981 348 3061 qualis
368 2983 422 3056 sit,
447 2994 540 3042 totam
565 2981 711 3041 bonorum
739 2983 911 3042 coelestium
931 2984 1154 3040 animensitatem
1176 3000 1258 3041 com·

101 3057 219 3137 tptexos
239 3076 310 3118 esse.
351 3059 418 3133 Qua
431 3061 545 3119 ratione
565 3056 633 3117 alibi
652 3058 753 3117 scribit
773 3058 812 3137 (l.
835 3058 907 3118 Cor.
927 3064 956 3131 2,
976 3059 1034 3133 ⁸2.):
1061 3057 1160 3130 „Nihil
1182 3059 1260 3119 scire

118 3134 282 3213 pretiosum
303 3134 368 3193 duxi
388 3147 505 3214 praeter
524 3135 621 3195 Iesum
634 3134 792 3209 Christum,
812 3147 842 3193 et
853 3133 929 3193 huuc
943 3132 1139 3193 crucifixum.“
1161 3131 1255 3206 Quod

118 3209 301 3270 verissimum
316 3223 370 3284 est,
390 3211 458 3290 qnia
479 3209 554 3270 ultra
566 3211 717 3305 Evangelii
737 3210 950 3290 simplicitatem
972 3210 1111 3300 progredi
1134 3209 1174 3269 las
1195 3230 1259 3269 non

120 3297 172 3346 est.
211 3287 310 3365 Atque
329 3286 386 3347 huc
406 3288 502 3346 tendit
521 3288 692 3367 prophetica
713 3287 837 3369 dignitas
857 3289 888 3344 in
910 3284 1049 3358 Christo,
1082 3297 1114 3344 nt
1133 3287 1259 3346 sciamus

118 3363 151 3422 in
172 3373 280 3452 summa
302 3363 465 3440 doctrinae,
485 3384 571 3443 qnam
600 3364 737 3440 tradidit,
755 3364 883 3424 inclusos
904 3380 965 3422 esse
987 3382 1088 3422 omnes
1108 3362 1260 3442 perlectae

56 3494 64 3508 ,
119 3449 279 3518 saptentiae
299 3459 446 3498 numeros.

194 3518 222 3577 3.
261 3514 359 3574 Venio
381 3515 416 3575 ad
428 3514 575 3598 Regnum,
596 3514 632 3574 de
652 3536 712 3595 qno
732 3515 837 3575 lrustra
855 3515 944 3576 verba
966 3514 1081 3589 herent,
1103 3514 1157 3572 nisi
1170 3514 1259 3592 prins

119 3588 261 3650 admoniti
281 3603 377 3651 essent
397 3591 535 3666 lectores,
555 3592 734 3670 spiritualem
756 3613 818 3653 esse
839 3593 899 3652 eius
920 3605 1066 3651 naturam:
1098 3592 1164 3669 quia
1186 3591 1258 3649 inde

119 3665 154 3727 ad
175 3667 246 3745 quid
265 3666 361 3728 valeat
380 3680 410 3729 ct
429 3669 499 3746 quid
520 3669 606 3728 nobis
632 3669 781 3742 conserat,
808 3680 929 3748 totaque
956 3670 1017 3728 eins
1038 3667 1078 3726 vis
1105 3680 1135 3725 ct
1160 3679 1258 3726 aeter-

118 3742 195 3803 nitas
215 3741 284 3802 colli
307 3745 375 3802 itur.
420 3745 588 3804 Aeternitas
633 3766 721 3821 orro,
745 3766 831 3825 quam
852 3746 928 3826 apud
948 3743 1103 3804 Danielem
1124 3748 1173 3820 (2,
1192 3745 1280 3820 tl.)-

118 3817 250 3900 Augelus
270 3820 295 3879 L
319 3820 381 3879 cisti
401 3840 545 3900 personae
571 3766 689 3893 tribuit,
721 3821 828 3880 merito
849 3821 981 3920 Angelus
1002 3822 1071 3880 item
1098 3820 1173 3899 apud
1194 3819 1258 3879 Lu-

118 3915 182 3954 cam
202 3901 247 3972 (1,
265 3896 329 3968 33.)
348 3896 434 3959 saluti
455 3897 557 3977 populi
576 3897 788 3959 accommodat.
828 3898 886 3957 Sed
905 3918 981 3957 naec
1000 3916 1118 3976 quoque
1139 3895 1258 3975 duplex,

85 4024 91 4035 .
118 3982 170 4032 aut
189 3971 304 4032 duobus
323 3974 418 4033 modis
437 3973 591 4033 statuenda
612 3985 671 4033 est:
704 3973 794 4032 altera
824 3975 902 4033 enim
930 3974 966 4032 ad
992 3985 1087 4036 totum
1114 3972 1256 4032 ecclesiae

118 4069 225 4128 corpus
266 4047 387 4125 ertiuet,
407 4049 498 4108 altera
518 4050 639 4130 propria
659 4061 703 4108 est
723 4053 802 4109 cuins
827 4070 862 4109 ne
882 4050 1015 4109 membri.
1055 4048 1100 4107 Ad
1120 4051 1256 4127 priorem

116 4069 305 4185 referendum
325 4137 380 4199 est,
400 4126 480 4216 qnod
493 4125 522 4184 iu
535 4125 653 4186 Psalmo
674 4125 781 4183 dicitnr
799 4072 862 4203 (hs.
875 4132 924 4202 89,
943 4125 1111 4201 36-38.):
1133 4125 1257 4200 „Semel

116 4201 229 4276 „iuravi
249 4222 306 4281 per
321 4212 505 4262 sanctitatem
525 4222 619 4262 nicam
638 4201 757 4273 Davidi,
779 4223 840 4261 non
861 4203 999 4262 mentiar:
1021 4222 1120 4263 semen
1142 4203 1203 4261 eins
1223 4201 1257 4259 in

115 4288 289 4356 ,aeternum
308 4278 453 4340 manebit:
473 4278 578 4337 solium
599 4278 661 4337 eius
679 4277 755 4337 sicut
774 4276 818 4336 sol
839 4278 868 4336 in
890 4291 1049 4359 conspectu
1069 4298 1153 4338 meo:
1175 4278 1254 4337 sicut

114 4351 205 4431 „luna
223 4352 387 4417 stabilietur
405 4358 435 4415 in
456 4367 625 4429 aeternnm,
655 4366 686 4413 et
705 4353 786 4415 testis
811 4354 841 4413 in
869 4355 956 4416 coelo
983 4355 1107 4416 lidclis.“
1144 4356 1253 4433 Neque
