2700 4732
487 198 565 259 ΜΒ.
584 198 626 259 n.
665 200 755 261 CAP.
776 202 800 261 1.
1171 212 1230 271 165

115 344 182 407 biorn
201 346 350 419 redactus,
379 344 410 405 in
436 356 565 405 extrema
590 346 767 407 conluslo'ne
786 347 889 407 iaceat.
940 346 1007 407 llue
1027 346 1123 407 tendit
1142 346 1225 425 prior

115 422 295 495 consideratio,
313 434 348 481 ut
367 420 457 501 quale
476 422 515 483 sit
533 422 662 485 officium
683 444 767 483 suum
787 434 943 509 agnoscat:
970 422 1071 499 altera,
1097 424 1168 503 quid
1188 426 1224 483 ad

113 498 183 579 ipsum
200 498 405 581 praestandum
425 498 530 559 valeat.
568 500 616 557 lle
636 512 777 578 utraque,
800 510 892 580 prosit
909 500 1000 561 series
1020 500 1149 559 docendi
1169 522 1223 579 po·

113 586 194 653 totta
211 573 299 637 nobis
318 576 489 635 disseretur.
527 574 591 655 (lle
612 576 711 654 priore
730 578 792 659 egit
812 576 862 636 lib.
882 582 910 639 d.
931 596 962 635 ea
986 618 994 635 .
1015 582 1077 648 15.)

165 660 190 717 4,
225 652 304 727 Qnia
324 671 397 711 vero
417 670 481 711 non
502 650 567 711 leve
587 651 744 725 delictum,
774 654 825 713 sed
852 598 1028 712 detestabile
1050 653 1138 712 luisse
1157 672 1220 711 sce·

55 734 57 751 ¹
112 726 144 789 lts
157 740 268 809 oportet
309 728 392 808 quod
413 740 470 789 tam
489 745 594 789 revere
613 728 691 787 ultus
711 741 756 790 cst
774 730 871 801 lleus,
896 730 1010 808 species
1031 729 1090 806 ipsa
1111 730 1223 807 peceati

55 808 59 819 '
112 802 218 885 inlapsu
236 770 320 865 Adae
339 804 554 865 consideranda
573 804 660 865 uobis
685 817 745 879 est,
775 827 850 885 quae
876 804 1050 864 horribilem
1075 804 1133 863 Dei
1159 806 1222 863 virr-

55 884 61 967 ζ
112 880 345 943 dcuuaecendit
363 884 395 940 in
415 892 512 941 totum
533 880 691 941 bumaoum
711 902 812 963 georas.
863 882 982 939 Puerile
1011 892 1055 939 est
1081 882 1161 959 quod
1186 882 1223 940 de

55 970 60 979 ·
111 954 176 1037 polae
190 958 363 1037 intemperie
382 956 472 1039 vulg‘o
493 970 645 1037 receptum
666 957 730 1017 suit.
782 958 874 1032 erasi
901 979 972 1017 vero
993 980 1104 1017 scamma
1125 970 1156 1015 et
1176 981 1222 1015 ra-

55 1032 61 1045 '
110 1034 297 1111 putrirtutum
318 1032 450 1093 omnium
471 1032 699 1093 inabstinentia
720 1036 805 1093 unius
833 1045 944 1092 tantum
978 1034 1089 1092 leuctris
1122 1033 1223 1105 suerit,

56 1106 62 1133 ·'
110 1130 178 1187 psum
195 1110 324 1189 undique
332 1110 502 1183 affluerent,
521 1130 714 1189 quaecunque
734 1110 904 1189 expetibiles
925 1122 1008 1168 erant
1028 1109 1160 1181 deliciae,
1179 1122 1224 1167 at-

56 1196 62 1207 ·
109 1204 151 1263 qne
164 1186 193 1245 in
212 1186 298 1247 beata
317 1184 369 1247 illa
387 1198 486 1245 terrae
506 1185 706 1246 foecunditate
724 1208 786 1246 non
799 1198 913 1245 tantum
934 1187 1017 1263 copia
1038 1187 1074 1243 arl
1095 1185 1222 1243 larititias

56 1262 62 1285 ⁷
143 1264 264 1352 peteret,
281 1262 334 1322 sed
354 1262 442 1323 etiarn
462 1262 593 1322 varietas.
631 1262 727 1323 alsius
745 1262 1052 1357 igiturspectandnm,
1072 1264 1221 1340 quiapro—

152 1350 198 1399 uo.
208 1338 246 1397 ab
267 1336 377 1399 arbore
396 1338 628 1399 scientiae'boni
650 1351 680 1398 et
699 1340 784 1413 mab,
803 1339 993 1401 obedientiae
1014 1358 1133 1396 exarnen
1157 1339 1223 1403 luit,

56 1414 59 1489 j
105 1415 268 1493 stparendo
286 1415 383 1474 Adam
402 1434 435 1475 se
453 1414 513 1473 Dei
532 1416 657 1495 imperio
678 1415 807 1476 libenter
829 1414 948 1474 subesse
969 1414 1119 1493 probaret.
1156 1415 1240 1503 N⁰B

56 1502 58 1511 '
105 1508 157 1549 nen
173 1510 242 1551 sero
263 1492 358 1571 ipsum
380 1489 521 1567 ostendit,
543 1493 693 1581 praecepti
713 1514 775 1553 non
795 1491 883 1551 alium
904 1490 992 1553 luisse
1011 1492 1115 1563 linem,
1135 1510 1222 1567 qrram

57 2275 64 2376 l

57 2402 66 2430 s

57 2441 63 2486 l

105 1576 129 1625 rt
142 1586 187 1627 sna
204 1580 286 1627 sorte
307 1578 482 1639 contentus,
514 1591 546 1627 se
566 1570 701 1647 improba
721 1568 883 1649 cupiditate
901 1568 986 1627 altius
1007 1588 1068 1625 aron
1090 1567 1221 1625 efferret.

104 1638 244 1705 immissio
264 1656 380 1717 autem,
399 1665 456 1722 qua
476 1644 562 1703 vllam
589 1656 738 1705 aeternam
758 1664 875 1725 sperare
897 1645 988 1705 iussus
1008 1656 1063 1715 est,
1083 1642 1221 1721 quarmliu

104 1718 187 1779 ederet
204 1720 240 1779 de
252 1720 362 1779 arbore
373 1721 464 1780 ritae:
485 1741 599 1780 rursum
620 1720 767 1781 horrenda
787 1721 892 1781 mortis
912 1719 1112 1791 denuntiatio,
1131 1724 1221 1777 simu-

105 1792 139 1855 lat
172 1808 281 1857 ustaret
300 1796 339 1855 de
356 1796 466 1857 arbore
484 1798 622 1857 scientiae
644 1798 716 1858 boni
736 1810 766 1857 et
785 1798 869 1869 mali,
895 1796 930 1855 ad
957 1797 1043 1855 bdcm
1070 1799 1131 1853 eius
1151 1814 1221 1873 pro·
1300 1834 1305 1845 ·

106 1868 150 1931 ban
185 1894 211 1931 sn
230 1884 262 1933 et
280 1874 472 1932 exercendam
491 1874 650 1953 spectabat.
689 1875 767 1933 Hinc
787 1874 895 1933 elicere
925 1892 987 1933 nou
1020 1871 1139 1929 diflicile
1166 1882 1221 1942 est,

135 1950 191 2007 'ns
209 1949 304 2010 modis
323 1950 404 2009 inse
424 1951 629 2029 provocaverit
647 1950 742 2010 Adam
763 1950 837 2009 iram
857 1950 923 2009 Dei.
966 1948 1037 2009 Non
1063 1948 1137 2007 male
1157 1946 1221 2039 ‹pui-

69 2034 73 2039 '
172 2024 352 2163 Aepustinus
370 2026 416 2099 (in
436 2024 515 2086 Psal.
534 2032 580 2091 19.
602 2026 690 2087 Coeli
710 2038 848 2086 enarrant
868 2026 950 2101 ete),
970 2026 1038 2085 (lum
1055 2023 1220 2103 superbiam

104 2100 321 2161 &tusorum
341 2102 471 2162 omnium
493 2102 580 2161 luisse
604 2104 738 2163 initium:
760 2104 839 2182 quia,
871 2103 927 2160 nisi
947 2102 1096 2161 bominem
1122 2100 1219 2174 altius,

105 2196 179 2267 pean
194 2178 301 2239 licebat
321 2191 352 2238 et
370 2200 457 2269 quam
478 2178 520 2239 las
539 2191 618 2253 erat,
647 2180 794 2271 extulisset
814 2178 1086 2269 ambitionmanere
1103 2188 1220 2257 poterat

105 2254 577 2395 talrffiltalttttlt‘ttt
598 2255 787 2393 bllt‘b‘t
806 2267 1110 2392 tiltttt‘tl‘ttt
1127 2272 1221 2388 stat

107 2402 234 2489 eitarper
258 2374 459 2467 infidilitateus
491 2409 631 2469 muliera
660 2392 753 2469 verbo
782 2355 874 2481 llei,p
895 2408 951 2467 ianr
977 2354 1092 2467 initium
1118 2407 1221 2465 ruinae

105 2496 211 2573 apparet
237 2484 325 2545 fuisse
357 2484 599 2545 inobedientiam.
666 2486 758 2560 Quod
798 2485 885 2543 etiam
916 2484 1072 2543 confirmat
1101 2483 1220 2557 Paulus,

57 2594 60 2605 ·
106 2578 180 2619 aoros
197 2560 318 2621 bominis
343 2561 544 2623 inobedientia
565 2582 667 2623 omnes
697 2562 784 2621 luisse
814 2560 945 2640 perditos
975 2561 1086 2619 docens
1116 2560 1219 2635 (ttoni.

106 2638 213 2711 Mil-l
242 2637 336 2697 Simul
355 2649 452 2697 tamen
473 2642 652 2713 notandum,
681 2639 833 2698 descivisse
859 2639 985 2715 primum
1011 2636 1160 2694 bominem
1181 2634 1217 2693 ab

106 2712 141 2767 in
189 2714 216 2773 'o
237 2714 309 2787 Ilei,
342 2714 421 2793 quod
445 2737 506 2774 nou
532 2728 645 2774 tantum
671 2716 797 2775 Satanae
822 2713 968 2773 illecebris
999 2725 1099 2791 captus
1120 2712 1220 2783 suerit,

58 2836 65 2869 ·.
165 2802 325 2869 contempta
343 2791 484 2865 veritate,
509 2792 660 2851 ‹lellexerit
680 2791 715 2851 ad
736 2792 927 2849 mendacium.
978 2791 1017 2849 Et
1043 2801 1124 2849 certe
1145 2810 1218 2847 crosr-

108 2870 205 2943 tenpto
221 2866 277 2928 llei
297 2866 400 2941 verbo,
420 2868 564 2927 excutitur
584 2870 678 2929 onrsris
698 2869 760 2927 eius
779 2867 960 2925 reverentia:
981 2866 1048 2937 quia
1068 2886 1121 2923 nec
1134 2866 1219 2921 taliter
1299 2908 1302 2917 .

58 2934 66 2981 i

112 2940 224 3027 eontulit
241 2944 299 3003 eius
319 2945 451 3003 maiestas
471 2947 549 3004 inter
571 2966 642 3019 nos,
670 2964 728 3013 ¹nec
758 2944 873 3025 integer
903 2955 1003 3001 nrarret
1029 2943 1089 2999 eius
1115 2941 1219 3013 cultus,

114 3018 232 3077 nudum
250 3020 286 3079 ab
307 3022 368 3081 eius
392 3021 553 3101 pendemus
577 3042 641 3081 ore.
691 3021 823 3079 Proinde
851 3019 1006 3078 infidelitas
1031 3018 1110 3076 ratis
1135 3017 1237 3074 dele⁴¹

58 3110 61 3119 ’
115 3088 199 3153 nonu
215 3095 276 3155 luit.
313 3098 392 3155 ilinc
412 3110 510 3156 autem
530 3100 647 3157 emersit
664 3098 787 3156 ambitio
808 3109 838 3153 ct
856 3095 1009 3174 snperbia:
1035 3095 1140 3173 quibus
1165 3114 1218 3151 an-

117 3182 175 3225 na
188 3168 236 3231 luit
251 3173 445 3255 ingratitudo,
464 3176 543 3252 quod
557 3176 650 3233 Adam
669 3173 734 3253 plus
754 3176 931 3253 appetendo,
949 3193 1034 3262 quam
1048 3192 1219 3259 anticessum

118 3254 182 3315 ffll,
198 3258 299 3309 tantam
321 3250 378 3307 Dei
399 3250 615 3323 liberalitatem,
641 3273 698 3330 qua
719 3250 825 3309 ditatus
846 3262 923 3323 erat,
954 3250 1074 3328 indigne
1098 3258 1217 3337 sprevit.

121 3312 187 3407 litte
201 3342 260 3385 sero
278 3326 450 3407 prodigiosa
472 3327 526 3386 luit
546 3329 690 3405 impietas,
710 3339 806 3385 terrae
825 3324 1001 3405 blioparum
1014 3325 1116 3396 sidera,
1138 3324 1218 3402 quod

58 3417 69 3479 j·
119 3390 360 3462 tdsrnltuninem
381 3404 438 3461 llei
460 3404 551 3463 lactus
572 3404 731 3477 esset,nisi
752 3404 870 3463 accedat
893 3401 1059 3479 aequalitas.
1099 3402 1132 3459 Si
1152 3400 1218 3459 soe-

58 3488 70 3511 ··
118 3466 389 3538 danetexseerabile
408 3479 501 3539 scelus
523 3493 566 3539 est
585 3481 737 3559 apostasia,
758 3502 815 3557 qim
835 3500 866 3538 se
886 3478 976 3537 laorrro
997 3478 1158 3537 costditoris
1174 3478 1217 3536 sni

115 3540 221 3625 inperio
236 3556 384 3630 subducit,
404 3556 463 3615 imo
484 3558 650 3637 petulanter
670 3558 779 3614 excutit
799 3557 861 3615 eius
883 3556 993 3635 iugum,
1014 3556 1119 3614 frustra
1140 3566 1218 3612 cnte-

115 3636 204 3685 autur
216 3645 363 3709 peceatum
384 3632 475 3691 Adae.
515 3633 690 3711 (lisanqrsam
710 3654 771 3692 non
791 3632 909 3711 simplex
930 3635 1072 3711 apostasia
1083 3632 1146 3702 luit,
1166 3631 1217 3688 sed

111 3702 315 3767 msoedisin
335 3708 433 3767 Deum
458 3710 575 3789 probris
606 3711 779 3779 coniuncta,
810 3709 877 3765 (lum
911 3708 1036 3767 Satanae
1067 3708 1218 3766 calumniis

112 3774 283 3859 absentum,
301 3785 409 3863 quibus
428 3784 526 3843 Deum
546 3798 576 3843 et
596 3786 739 3843 mendacii
760 3798 790 3843 et
809 3785 933 3843 insidiae
968 3795 998 3843 et
1028 3784 1218 3863 malignitatis

79 3882 83 3889 ·
112 3848 240 3919 usmeta
288 3861 429 3940 llenique
452 3861 608 3921 infidelitas
627 3862 781 3921 ambitioni
800 3862 915 3920 ianuam
936 3861 1064 3939 aperuit:
1096 3858 1218 3917 arrrbitio

111 3944 166 3991 tero
182 3938 377 3997 contumaciae
398 3938 453 3997 luit
474 3950 580 4010 nsoter,
605 3949 639 3997 ut
657 3938 803 4009 bomines,
823 3939 940 3996 abiecto
961 3938 1018 3996 llei
1038 3947 1135 4007 metu,
1154 3954 1218 3993 sese

93 4008 265 4093 ¹{troiiterent
285 4033 347 4093 quo
367 4013 483 4075 ferebat
501 4015 602 4075 libido.
625 4014 727 4093 ltaqrm
747 4027 827 4073 reete
839 4014 1003 4072 llernardus
1016 4013 1129 4071 innatam
1142 4010 1218 4070 salu·

113 4088 248 4177 lpaperiri
266 4092 354 4153 uobis
375 4091 473 4163 docet,
493 4114 581 4171 quum
603 4092 689 4149 bodie
704 4091 897 4171 livangclirmr
918 4089 1034 4149 auribus
1047 4086 1216 4165 recipimus:

115 4174 179 4221 neoto
198 4165 252 4225 illis
277 4168 430 4241 terrestris,
446 4166 525 4227 'olum
550 4169 675 4226 Satanae
702 4179 876 4245 patuerunt,
903 4187 982 4225 rroors
1007 4165 1129 4224 admissa
1153 4161 1219 4221 luit.

115 4226 251 4321 llomqmm
270 4246 350 4303 euim
369 4265 536 4325 repugnare
556 4246 613 4302 llei
638 4243 762 4321 imperio
788 4265 873 4303 ausus
898 4242 998 4301 luisset
1021 4240 1134 4314 Adam,
1163 4238 1220 4298 uisi

118 4322 163 4373 bu
182 4322 268 4380 serbo
292 4320 472 4387 incredulus,
528 4321 681 4402 Optimum
711 4319 824 4381 scilicet
852 4320 909 4379 boe
938 4330 1004 4378 erat
1035 4317 1152 4376 frenum
1182 4314 1220 4375 ad
