2596 4726
77 214 138 278 aoo
464 208 541 277 um.
560 210 604 279 ιι
627 202 821 279 'caum
914 222 917 227 ·

81 354 117 416 Si
134 355 285 419 diceretur
301 354 384 416 Dens
400 374 490 438 opem
520 355 598 417 lerre
617 354 750 415 infirmae
778 351 935 431 voluntati,
963 352 1051 417 nobis
1080 353 1201 415 nonniln'

82 431 316 512 relinqueretur:
337 432 389 492 scd
407 454 498 513 quum
519 432 626 495 dicitur
644 432 764 493 efficere
779 430 972 505 voluntatem,
991 432 1047 490 iam
1060 443 1141 492 extra
1152 453 1201 492 uos

83 510 221 645 quicquid
240 509 270 568 in
291 528 325 570 ea
344 508 456 569 bonum
476 521 530 586 est,
548 508 671 570 locatur.
708 507 806 569 Porro
824 509 965 588 quoniam
987 507 1079 569 carnis
1099 519 1200 569 nostra

82 585 255 722 {ltili
258 606 327 723 ⁰:1¹3,
335 584 874 723 “lttttrtf‘lltbdfflittat
894 583 1201 722 {titiibftltl

82 738 192 799 lectum
213 759 305 818 usque
324 682 527 802 administrari.
578 704 736 816 ,Siquidelu
768 757 823 797 nec
847 736 933 797 aliter
956 748 1092 799 constare
1119 756 1201 817 posse

84 814 165 895 quod
186 814 255 876 alibi
275 814 364 899 docet
388 815 427 896 (l.
449 815 519 876 Cor.
539 820 588 890 12,
606 817 664 892 6.),
695 814 814 873 unicum
843 832 906 874 esse
930 814 1027 874 Deum
1051 813 1102 892 qui
1126 812 1201 875 elbei

82 893 181 954 omnia
211 891 242 950 iu
273 892 425 968 omnibus,
453 891 506 951 nbi
528 903 625 952 totum
654 889 809 970 spiritualis
838 890 917 950 ritae
947 911 1062 951 cursum
1081 909 1201 970 compre

83 968 173 1029 beudi
191 980 260 1028 ante
281 969 431 1029 docuimus
451 971 536 1046 (sect.
556 968 610 1044 6.).
650 968 718 1042 Qua
737 967 853 1027 ratione
870 967 964 1027 David
984 978 1140 1047 postquam
1159 966 1201 1026 uis

82 1044 142 1104 Dei
159 1044 216 1105 sibi
235 1045 366 1124 patelieri
385 1056 520 1125 precatus
541 1057 601 1119 est,
630 1056 665 1103 ut
683 1042 813 1103 ambulet
837 1044 868 1103 in
894 1044 955 1104 eius
980 1044 1120 1119 veritate,
1150 1063 1200 1104 mo

83 1120 217 1202 adiungit
235 1122 298 1197 (Ps.
317 1127 366 1194 86,
385 1123 457 1199 tt),
477 1121 570 1181 Unius
589 1139 759 1181 cormeum
779 1120 814 1180 ad
827 1120 988 1179 timendum
999 1140 1108 1180 nomeu
1123 1130 1201 1178 tuum

84 1197 202 1270 Quibus
221 1198 316 1258 verbis
335 1198 491 1279 significat,
509 1197 596 1256 etiam
617 1197 666 1277 qui
687 1196 781 1277 probe
801 1197 900 1257 allecti
919 1208 998 1271 sunt,
1018 1207 1066 1256 tot
1084 1195 1201 1256 essedis

82 1274 278 1343 unctionibus
303 1274 448 1335 obnoxios
467 1286 501 1333 ut
527 1274 611 1334 lacile
641 1284 816 1333 evanescant
846 1272 892 1335 vel
917 1272 1056 1346 ellluant,
1091 1273 1148 1332 nisi
1180 1292 1201 1331 a*

83 1351 280 1445 coustantium
298 1350 460 1411 firmentur.
500 1351 569 1426 Qua
588 1351 703 1410 ratione
721 1349 810 1424 olibi,
840 1362 995 1430 postquam
1016 1369 1131 1429 gressus
1149 1368 1201 1409 suo

83 1427 307 1567 llllnbtllandum
327 1506 382 1567 sibi
402 1505 463 1565 dari
482 1504 618 1586 postulat.
657 1506 723 1579 „Nc
744 1504 929 1577 dominetur,
953 1503 1049 1583 inquit
1067 1502 1131 1581 (Ps.
1151 1509 1201 1567 ill

83 1584 166 1717 133?
186 1581 255 1640 mibi
275 1580 333 1641 ulla
351 1582 519 1662 iniquitas.“
563 1583 651 1641 Hunc
670 1581 769 1673 itaque
793 1584 824 1641 iu
849 1581 970 1643 modum
996 1592 1027 1640 et
1049 1579 1201 1640 inchoate

83 1678 139 1740 per
160 1657 201 1719 cit
219 1658 363 1720 Dominus
384 1660 495 1720 bonum
516 1680 591 1740 opus
611 1658 640 1717 in
661 1659 762 1719 nobas:
791 1670 823 1718 ut
853 1658 930 1719 illius
954 1659 1010 1733 sit,
1043 1657 1124 1737 quod
1144 1668 1201 1717 recl

83 1755 215 1797 umorem
235 1737 365 1816 concipit
383 1736 535 1811 voluntas,
559 1735 639 1815 quod
659 1735 691 1794 iu
713 1735 772 1796 eius
791 1736 918 1795 studium
938 1735 1114 1808 inclinatur,
1137 1754 1201 1815 quo

82 1811 119 1874 ed
140 1813 201 1873 eius
220 1812 351 1874 sectandi
370 1826 508 1874 conatum
526 1814 665 1874 incitatur
685 1824 715 1872 et
734 1824 887 1873 moretur:
921 1812 1026 1873 deinde
1056 1811 1137 1891 quod
1158 1810 1201 1872 ele

81 1890 164 1964 etio,
183 1890 327 1963 studium,
347 1903 469 1952 conatus
489 1912 552 1951 uon
571 1889 723 1963 fatiscunt,
745 1889 796 1949 sed
817 1890 854 1949 ad
874 1889 1013 1951 ellectum
1033 1910 1126 1970 usque
1145 1909 1201 1969 pro

83 1966 207 2027 cedunt:
240 1978 406 2047 postremo,
436 1968 517 2047 quod
542 1968 632 2029 borno
657 1967 689 2027 iu
715 1966 773 2029 illis
792 1979 964 2028 constanter
985 1966 1100 2049 pergit,
1131 1966 1201 2026 eti

83 2042 173 2104 finem
193 2062 286 2124 usque
305 2056 482 2123 perseverat.

158 2126 221 2186 to..
243 2120 289 2180 Ac
307 2120 488 2181 voluntatem
508 2132 625 2198 movet,
644 2141 705 2182 noo
723 2121 967 2201 qualiter-multis
986 2118 1106 2183 saeculis
1125 2119 1202 2181 tradi

82 2204 146 2258 tum
166 2208 211 2256 est
231 2208 261 2255 et
279 2197 440 2271 creditum,
459 2210 493 2257 ut
512 2211 630 2258 nostras
671 2211 751 2259 osten
770 2199 809 2258 sit
828 2198 998 2274 electionis,
1024 2199 1152 2259 motioni
1171 2220 1201 2259 su

82 2273 290 2353 obtemperare
310 2285 361 2333 aut
380 2274 535 2356 refragari:
565 2275 617 2335 sed
636 2219 717 2335 ilum
736 2275 897 2335 efficaciter
913 2275 1081 2336 alliciendo.
1141 2274 1201 2335 llltu

82 2369 158 2429 ergo
178 2350 267 2410 toties
285 2371 302 2410 a
322 2349 535 2432 chrysostomo
556 2353 713 2431 repetitum
733 2372 765 2411 rc
789 2352 880 2411 udiari
899 2372 1018 2413 necesse
1038 2365 1098 2429 est,
1118 2352 1201 2427 Ques

81 2426 190 2502 trahit,
221 2424 369 2487 volentem
388 2427 490 2487 trabit:
522 2428 735 2509 quoinsinuat
758 2375 918 2490 llominum
944 2442 1080 2508 porrecta
1103 2441 1201 2489 tantun

82 2518 173 2562 utsuu
192 2516 375 2581 exspectare,
393 2524 431 2564 an
450 2524 504 2566 suo
531 2504 636 2565 auxilio
669 2506 759 2564 iuvari
791 2506 877 2565 nobis
898 2505 1074 2566 adlubescet.
1114 2506 1201 2565 Tales

81 2576 172 2638 foisse
192 2579 316 2640 bominis
335 2580 429 2640 adbuc
448 2582 552 2641 stantis
571 2583 772 2642 conditionem
793 2583 997 2657 concedimus,
1026 2596 1059 2642 ut
1084 2582 1201 2662 potueri

81 2654 120 2715 ad
139 2655 309 2717 alterutram
328 2668 439 2738 partem
464 2658 618 2719 inclinares
651 2658 702 2719 sed
723 2681 812 2739 quum
832 2680 886 2719 suo
908 2659 1040 2739 exemplo
1070 2661 1201 2719 docuerit

82 2751 169 2811 quam
190 2734 328 2793 miserum
349 2736 386 2794 sit
406 2733 530 2795 liberum
550 2735 718 2810 arbitrium,
748 2736 808 2795 nisi.
825 2736 906 2797 Deus
933 2737 961 2795 in
990 2736 1076 2796 uobis
1098 2748 1128 2796 et
1147 2736 1202 2795 vcli

81 2819 114 2866 et
133 2810 241 2889 possita
260 2810 329 2889 quid
344 2809 396 2877 liet
415 2811 512 2887 uobis,
532 2812 556 2872 si
575 2812 610 2872 ad
631 2832 697 2872 euru
717 2812 868 2873 modulum
887 2835 968 2873 snam
988 2815 1109 2893 gratiam
1130 2812 1201 2873 nobi

80 2881 269 2964 impertitur?
288 2887 354 2946 lmo
374 2888 503 2968 nosipsi
523 2909 588 2951 eam
601 2888 789 2949 obscuramus
802 2901 832 2948 et
852 2902 1037 2949 extenuamus
1056 2901 1157 2949 nostra
1170 2889 1200 2947 in

81 2963 271 3099 fertitudine.
314 2965 384 3024 Non
405 2966 482 3025 euim
502 2965 787 3045 docetApostolus,
817 2965 920 3025 ollcrri
941 2967 1026 3025 nobis
1048 2966 1144 3025 bonae
1163 2985 1201 3025 vo

95 3039 202 3100 untatis
222 3040 356 3122 gratiam,
376 3041 400 3100 si
419 3055 615 3121 acceptemus,
644 3042 695 3103 sed
715 3042 807 3121 ipsum
828 3040 903 3100 velle
922 3042 951 3100 in
973 3042 1058 3101 nobis
1082 3043 1200 3101 efficere

81 3115 164 3195 quod
185 3136 244 3175 non
265 3115 341 3177 aliud
363 3130 418 3192 est,
437 3121 493 3178 uisi
511 3118 674 3178 Dominum
693 3139 747 3179 suo
768 3119 881 3197 Spiritu
901 3139 954 3178 cor
984 3129 1116 3176 nostrum
1146 3118 1201 3178 diri

80 3210 164 3272 gere,
183 3193 315 3267 flectere,
334 3194 499 3267 moderari,
525 3207 553 3253 et
572 3196 603 3253 in
625 3215 680 3271 eo,
700 3207 838 3273 tanquam
859 3193 888 3251 in
908 3191 1045 3271 possionc
1065 3216 1128 3270 sua,
1149 3214 1201 3275 reg

79 3286 162 3327 nare.
212 3270 275 3331 Nec
293 3290 365 3330 vcro
386 3290 440 3350 per
458 3271 644 3331 Ezechielem
664 3270 810 3350 promittit
838 3269 961 3346 (Ezeclr.
983 3276 1096 3341 ll,19.
1118 3284 1150 3331 et
1167 3278 1201 3336 36

79 3346 162 3420 22),
195 3366 228 3406 se
252 3346 386 3406 daturum
413 3346 514 3407 electis
534 3348 678 3425 Spiritum
699 3368 806 3405 novum
834 3345 891 3404 boc
910 3356 1022 3403 tantum
1043 3347 1112 3423 fine,
1133 3361 1167 3408 ut
1186 3347 1201 3406 ii

17 3430 20 3437 '
79 3423 244 3501 praeceptis
263 3424 321 3482 suis
342 3421 490 3483 ambulare
510 3425 635 3504 possint,
653 3421 704 3482 sed
724 3434 758 3481 ut
777 3444 808 3480 rc
828 3423 890 3501 ipsa
911 3421 1071 3482 ambulent.
1109 3425 1198 3504 Ncqu

61 3504 164 3557 'secus
183 3498 277 3576 accipi
296 3499 441 3560 sententia
462 3499 574 3561 Christi
600 3510 713 3578 potest,
746 3498 850 3559 Omnis
881 3498 931 3577 qui
955 3499 1065 3558 audivit
1091 3521 1106 3559 a
1127 3500 1200 3561 Patr

79 3591 160 3645 mco,
180 3576 264 3634 veuit
283 3576 319 3636 ad
340 3595 388 3634 me
413 3576 475 3653 (Io.
493 3582 523 3649 6,
540 3576 621 3650 ab),
641 3596 727 3654 quam
748 3586 781 3634 ut
800 3575 950 3634 efficacem
977 3596 991 3633 a
1018 3597 1049 3635 sc
1068 3576 1131 3655 ipsa
1158 3578 1201 3636 lle

80 3649 204 3729 gratiam
224 3650 346 3711 doceats
383 3651 629 3731 quemadmodum
650 3663 680 3711 et
696 3651 877 3730 Augustinus
898 3653 1052 3711 contendit
1091 3653 1158 3731 [lib.
1180 3654 1197 3712 d

104 3727 226 3786 raedest
246 3726 370 3806 sauct.].
424 3727 492 3801 Qua
523 3730 616 3808 gratia
640 3748 700 3786 uon
728 3727 874 3807 quoslibet
894 3730 1057 3806 promiscue
1079 3725 1201 3809 dignata

79 3746 247 3877 llominus,
279 3803 526 3883 quemadmodum
552 3802 639 3885 vulgo
660 3803 875 3863 laetaturillud
895 3805 970 3882 (nisi
992 3805 1098 3879 lallor)
1121 3810 1201 3866 Occa

79 3877 205 3954 micum,
236 3900 297 3940 cam
324 3880 433 3938 ncmini
460 3879 598 3959 denegari
625 3878 742 3940 facienti
767 3881 847 3958 qnod
868 3879 896 3938 in
918 3901 948 3939 sc
969 3895 1020 3940 cst.
1079 3883 1201 3941 lloccnd

80 3954 198 4030 quidem
219 3967 286 4015 suut
306 3955 457 4030 homines,
487 3954 646 4034 expositam
672 3975 734 4015 essc
753 3956 811 4015 1)ιί
837 3955 1048 4037 benignitatem
1069 3960 1201 4018 omnibus

80 4032 144 4089 siue
164 4031 354 4111 exceptione,
373 4031 422 4109 qui
442 4050 505 4090 earn
526 4043 684 4111 quaerunt:
714 4034 764 4090 sed
785 4055 873 4111 quum
893 4035 911 4093 ii
938 4036 1053 4094 deinum
1074 4057 1201 4113 quaeres

80 4103 231 4185 incipiant,
251 4108 356 4187 quibus
368 4106 501 4169 coelestis
521 4107 615 4188 gratia
635 4108 779 4186 aspiravit,
800 4130 854 4169 nec
875 4109 945 4170 llaec
965 4113 1066 4171 saltem
1080 4112 1201 4190 portiun

80 4181 145 4241 cula
165 4183 202 4242 de
223 4185 284 4244 cius
304 4185 389 4245 laude
410 4183 593 4263 decerpenda
613 4197 685 4244 erat.
724 4184 805 4245 llaec
819 4198 942 4247 estsano
956 4187 1117 4247 electurum
1132 4210 1201 4267 pruc

79 4258 225 4339 rogativa,
257 4272 291 4319 ιιι
321 4280 375 4342 per
398 4260 421 4321 S
444 4259 628 4325 irituns‚Dci
648 4264 832 4341 regenerati,
864 4260 955 4341 ipsius
981 4264 1070 4323 ductu
1092 4276 1201 4342 agunto

79 4353 113 4394 ac
132 4335 348 4415 gubernentur.
406 4282 511 4415 (lasse
533 4339 641 4401 merito
660 4336 920 4419 augustiniutar
949 4360 1000 4400 cos
1021 4340 1146 4416 deridet,
1165 4362 1201 4420 qu

164 1427 230 1488 iad
248 1429 422 1489 servandum
446 1428 506 1487 Dei
529 1446 695 1487 sermonem
720 1439 854 1506 precatus
881 1438 941 1503 est,
971 1426 1066 1486 robur
1094 1447 1201 1505 quoqu·
