2700 4732
502 179 947 270 immersu-xx,¹
1189 212 1247 279 m

106 353 192 437 quod
212 373 274 414 uon
295 363 370 414 esset
390 350 451 415 aliis
470 351 581 425 similis,
600 351 656 411 sibi
675 352 751 413 baud
765 351 854 413 dubie
866 349 1025 433 plaudebat
1043 350 1074 413 in
1094 350 1248 414 bominum

107 431 221 505 oeulis,
249 430 308 490 acsi
326 428 418 489 uellet
442 449 475 489 er
494 428 666 509 precatione
687 442 805 510 captare
824 429 984 489 sanctitatis
1004 429 1117 488 famam.
1167 431 1248 490 Hinc

105 512 274 580 derretnytu
295 505 357 582 illa,
400 525 452 566 uae
473 506 562 565 hodie
581 504 667 566 simili
682 506 718 564 de
732 527 814 566 causa
828 517 975 587 grassatur
994 506 1022 564 in
1035 507 1075 565 Pa
1098 518 1157 582 atu,
1178 508 1248 568 dum

107 584 160 646 alii
179 582 311 662 preculas
329 528 443 642 easllem
464 581 599 643 iterando
620 595 734 662 tempus
755 583 861 642 frustra
881 592 992 655 terunt,
1012 583 1060 642 alii
1078 528 1168 664 longa
1181 605 1248 642 ver-

107 661 218 722 borum
238 662 378 735 congerie
399 680 413 717 a
439 660 475 718 ud
497 659 599 738 vulgus
618 678 650 718 se
669 660 834 718 venditant.
880 658 980 733 Quum
1001 658 1073 719 haec
1093 723 1097 733 ¹
1114 661 1247 722 arrulitae

107 736 263 818 pueriliter
282 736 386 796 illudat
436 755 491 808 eo,
518 757 579 795 non
605 735 709 794 mirum
737 748 781 795 est
806 734 842 795 ab
869 734 990 795 ecclesia
1015 679 1183 815 prohiberi,
1209 756 1248 797 ne

108 813 184 894 quid
202 811 261 875 iilic
281 825 422 892 personet
440 812 496 871 nisi
514 812 620 872 serium
642 822 671 870 et
692 814 901 890 profectumex
919 812 1009 871 corde
1021 814 1136 873 intimo.
1169 813 1249 875 Huic

109 888 299 970 corruptelae
319 890 413 951 vicina
434 901 477 948 est
498 901 527 948 et
546 888 645 948 similis
666 888 773 963 altera,
799 910 885 968 quam
910 887 997 948 simul
1022 891 1141 949 damnat
1161 889 1249 951 Chri·

107 978 188 1027 stus:
212 967 291 1046 quod
311 967 425 1026 scilicet
449 965 621 1057 hypocritae
648 967 851 1025 ostentationis
872 986 956 1024 causa
976 979 1120 1025 venantur
1140 966 1248 1029 multoe

110 1042 219 1117 testes,
238 1064 271 1102 ac
292 1042 389 1103 forum
410 1053 506 1121 potrus
527 1054 674 1120 occupant
693 1042 730 1101 ad
750 1042 910 1118 orandum,
937 1062 1021 1120 qnam
1041 1042 1143 1103 mundi
1162 1042 1248 1103 laude
1297 1078 1300 1083 ·

109 1131 232 1180 careant
251 1119 379 1200 ipsorum
401 1139 511 1198 preces.
552 1117 683 1191 Quando
697 1138 766 1178 vero
788 1117 865 1178 bunc
885 1137 946 1179 esse
963 1119 1105 1180 orationis
1124 1138 1248 1200 scopum

109 1197 169 1256 iarn
191 1195 269 1276 prius
290 1197 397 1256 dictum
421 1206 464 1254 est
480 1194 532 1270 (cf.
545 1217 567 1255 s.
580 1202 608 1256 4.
621 1205 651 1252 et
661 1195 716 1271 5.),
735 1206 767 1254 ut
787 1196 861 1255 recti
881 1196 909 1254 in
923 1194 1021 1253 Deum
1039 1197 1128 1256 animi
1148 1197 1248 1255 feran-

109 1285 177 1344 tur,
202 1284 263 1331 tum
284 1272 321 1331 ad
341 1271 558 1332 confessionem
578 1269 685 1344 laudis,
709 1282 771 1329 tum
797 1272 833 1331 ad
855 1292 941 1351 opem
961 1271 1188 1351 implorandam:
1214 1293 1249 1333 ex

111 1369 151 1410 eo
170 1348 337 1430 intelligere
364 1349 433 1407 licet
452 1348 558 1426 primas
579 1348 641 1406 eius
662 1359 757 1425 partes
783 1348 813 1406 in
840 1360 938 1407 mente
959 1361 989 1407 et
1012 1350 1110 1409 animo
1136 1350 1248 1429 positas

110 1445 191 1487 esse:
221 1426 268 1486 rel
292 1426 389 1504 potius
415 1426 580 1483 orationem
607 1424 712 1502 ipsam,
742 1444 804 1484 esse
830 1425 950 1504 proprie
975 1425 1248 1503 interioris·cordis
1332 1480 1337 1489 .

109 1502 270 1577 affectum,
290 1503 340 1580 qui
360 1502 435 1581 apud
456 1502 569 1574 Deum,
589 1500 720 1559 cordium
740 1513 948 1575 scrutatorem,
968 1501 1132 1561 effunditur
1150 1515 1181 1561 et
1200 1522 1249 1562 er·

108 1579 243 1662 ponitur.
283 1578 484 1652 Quamobrem
504 1582 553 1652 (ut
573 1579 627 1635 iarn
640 1577 749 1645 dictum
762 1579 820 1652 est)
841 1578 975 1638 coelestis
988 1580 1139 1673 Magister,
1158 1600 1248 1660 quum

111 1656 255 1736 optimam
272 1657 374 1714 orandi
396 1654 490 1735 legem
513 1656 589 1713 ferre
608 1653 706 1727 vellet,
727 1655 809 1714 iussit
819 1655 927 1714 intrare
940 1654 968 1712 in
984 1655 1162 1730 cubiculum,
1183 1657 1249 1716 ubi·

113 1751 173 1813 que
191 1731 268 1791 ostio
289 1731 388 1791 clauso
409 1750 492 1790 orare
505 1732 621 1790 Patrem
643 1743 761 1789 notrum
782 1732 812 1789 in
834 1729 1018 1806 abscondito,
1038 1744 1071 1791 ut
1084 1732 1173 1791 Pater
1191 1752 1249 1791 no·
1334 1762 1340 1775 ι

112 1820 184 1879 ster,
204 1808 253 1886 qni
267 1819 311 1867 est
331 1811 360 1866 in
372 1807 559 1882 abscondito,
580 1827 633 1865 nos
654 1809 784 1866 exaudiat
796 1808 915 1884 (Matth.
927 1810 1004 1884 6,6.)
1042 1811 1129 1882 Nam,
1148 1808 1199 1867 ubi
1211 1808 1247 1868 ah

110 1884 335 1965 hypocritarum
355 1885 488 1964 exemplo
509 1884 655 1954 abstraxit,
675 1885 726 1961 qui
747 1883 900 1943 ambitiosa
918 1905 1038 1963 precum
1052 1888 1250 1946 ostentatione

109 1961 265 2022 hominum
286 1960 416 2020 favorem
437 1962 608 2041 captabant,
627 1960 711 2019 simul
732 1960 829 2021 adiicit
848 1962 917 2039 quid
937 1962 974 2021 sit
993 1961 1110 2021 melius:
1136 1963 1250 2022 intrare

110 2038 226 2099 scilicet
256 2037 423 2096 cubiculum
450 2050 479 2096 et
504 2037 602 2096 clauso
628 2039 706 2096 ostio
732 2035 772 2095 ibi
800 2057 893 2097 orare.
947 2038 1064 2111 Quibus
1087 2038 1180 2099 uerbis
1200 2044 1249 2118 (ut

110 2135 171 2196 ego
186 2116 380 2192 interpretor)
399 2135 555 2187 secessuum,
575 2115 623 2192 qni
646 2133 701 2172 nos
721 2133 757 2172 eo
777 2113 869 2188 iuvet,
889 2125 921 2173 nt
941 2127 1003 2185 tota
1017 2115 1197 2195 cogitatione
1216 2116 1248 2174 in

109 2212 167 2252 cor
193 2198 324 2249 nostrum
350 2191 559 2250 descendamus
586 2202 616 2248 et
646 2189 845 2270 ingrediamur
869 2192 1000 2270 penitus,
1031 2211 1173 2271 quaerere
1193 2213 1249 2253 nos

110 2267 230 2327 docuit:
251 2267 357 2347 propin
382 2290 448 2325 rrum
471 2266 663 2325 nobisllenm
684 2265 772 2324 animi
785 2266 940 2327 aflectibus
961 2273 1145 2346 promittens,
1166 2270 1248 2329 cuius
1298 2316 1301 2321 ,

109 2343 220 2423 templa
247 2364 308 2404 esse
334 2289 444 2405 ddbent
470 2363 595 2422 corpora
620 2354 729 2401 nostra.
778 2343 883 2423 Neque
909 2346 985 2404 enim
1018 2365 1126 2425 negare
1145 2345 1249 2422 voluit,

110 2422 183 2500 quin
208 2419 269 2479 aliis
296 2439 415 2498 quoque
441 2419 514 2479 locis
540 2439 626 2479 orare
652 2420 801 2499 expediat:
826 2421 876 2479 sed
904 2441 966 2481 esse
991 2424 1128 2499 quiddam
1152 2442 1249 2483 secre-

110 2510 173 2556 tum
192 2496 322 2556 ostendit
342 2496 523 2571 orationem,
555 2515 629 2576 quae
650 2508 680 2554 et
704 2498 732 2554 in
754 2498 850 2556 animo
876 2497 1057 2578 potissimum
1083 2499 1175 2559 locata
1201 2502 1249 2573 sit,

110 2586 142 2633 et
170 2576 231 2632 eius
257 2574 512 2652 tranquillitatem,
545 2572 650 2651 procul
681 2574 817 2632 omnibus
844 2596 977 2633 curarum
1009 2576 1118 2649 turbis,
1148 2576 1248 2652 requi-

113 2663 169 2710 rat.
211 2651 280 2711 Nou
308 2671 339 2709 er
361 2672 379 2710 ο
404 2652 466 2709 sine
493 2671 575 2708 causa
601 2653 662 2728 ipse
687 2671 806 2729 (quoqne
826 2651 980 2724 Dominus,
1001 2673 1090 2730 quum
1111 2653 1248 2730 precibus

109 2725 284 2787 incumbere
310 2671 510 2785 vehementius
531 2725 636 2799 vellet,
669 2726 696 2783 in
724 2747 867 2785 secessum
893 2728 997 2805 procul
1024 2728 1176 2786 bominum
1198 2740 1248 2786 tu·

110 2802 206 2863 maltu
224 2822 255 2862 se
265 2804 455 2863 conferebat:
476 2803 525 2862 red
548 2815 581 2862 ut
600 2823 654 2861 suo
675 2823 728 2861 nos
741 2802 873 2881 ercnrplo
888 2806 1167 2878 commonefaceret,
1187 2825 1248 2864 non

111 2899 176 2940 esse
196 2878 370 2959 negligenda
392 2881 500 2938 isthaec
528 2878 715 2951 adminicula,
750 2880 854 2957 quibus
881 2880 993 2938 animus
1018 2892 1119 2938 noster
1143 2899 1248 2958 perse

110 2954 235 3014 nimium
261 2954 387 3021 lubricus
414 2958 503 3035 magis
524 2955 559 3014 ad
579 2956 685 3014 serium
708 2955 849 3014 orationis
868 2955 994 3015 studium
1020 2955 1190 3015 intenditur.
1209 2994 1249 3008 -

108 3031 235 3093 Interim
255 3052 340 3104 vero,
360 3033 604 3112 quemadmodum
626 3052 723 3110 neque
743 3033 773 3089 in
800 3031 894 3091 media
919 3031 1069 3091 hominum
1097 3034 1198 3108 turba,
1224 3032 1248 3093 si

110 3108 231 3189 quando
252 3109 291 3168 ita
313 3111 419 3168 tulerat
440 3109 567 3180 occasio,
588 3129 602 3166 a
624 3109 772 3186 precando
790 3107 968 3167 abstinebat:
988 3110 1030 3168 sic
1051 3130 1105 3168 nos
1125 3109 1155 3168 in
1176 3109 1249 3172 loeis

110 3184 261 3257 omnibns,
282 3186 388 3264 quibus
409 3208 482 3264 opus
504 3185 600 3255 fuerit,
622 3185 758 3245 tollamus
778 3205 863 3264 puras
885 3206 986 3245 manus
1006 3185 1044 3256 (Ι.
1065 3186 1142 3244 Tim.
1154 3192 1183 3259 2,
1194 3188 1247 3265 8.).

108 3261 211 3339 Atque
231 3261 305 3321 adeo
326 3262 367 3322 sic
389 3263 553 3322 habendum
575 3274 636 3331 est,
656 3263 786 3340 quisquis
807 3263 837 3320 in
858 3282 941 3321 sacro
963 3262 1077 3341 piorum
1100 3278 1248 3324 conventu

110 3356 201 3397 orare
218 3336 369 3412 detrectat,
392 3341 505 3397 nescire
526 3339 595 3417 quid
616 3339 653 3396 sit
673 3359 757 3396 orare
776 3358 919 3412 seorsum,
940 3337 986 3399 vel
1007 3340 1036 3398 in
1058 3360 1183 3414 secessu,
1202 3341 1248 3402 rel

109 3414 200 3474 domi.
240 3413 350 3474 Rursus
368 3419 417 3494 qui
437 3415 515 3475 solus
537 3428 566 3474 et
586 3414 720 3504 privatim
742 3434 826 3474 orare
847 3415 983 3497 negligit,
1002 3417 1183 3495 quantumvis
1202 3438 1249 3478 se·

108 3489 181 3549 dulo
203 3490 375 3570 frequenter
394 3505 495 3552 coetus
517 3491 666 3571 publicos.
686 3504 819 3550 ventosas
839 3503 951 3550 tautum
971 3512 1074 3571 proces
1094 3493 1154 3552 illic
1174 3514 1248 3553 com
1274 3494 1280 3498 ’

109 3567 225 3646 cipere:
253 3567 320 3646 quia
348 3568 412 3647 plns
439 3569 588 3628 hominum
616 3568 749 3658 opinioni
770 3567 865 3626 defert
885 3589 972 3647 quam
999 3589 1105 3628 arcano
1125 3569 1181 3627 Dei
1202 3570 1248 3628 iu-

109 3643 197 3701 dicio.
237 3644 369 3718 Interea,
403 3667 439 3704 nc
461 3657 643 3723 contemptur
664 3656 759 3704 essent
786 3663 956 3704 communes
976 3645 1115 3704 ecclesiae
1136 3665 1248 3724 preces,

110 3738 159 3778 eas
184 3718 343 3810 splendidis
368 3721 472 3802 elogiis
494 3722 562 3780 olim
584 3722 665 3781 Deus
686 3722 819 3780 ornavit:
846 3721 1015 3800 praesertim
1036 3722 1085 3780 uhi
1106 3722 1248 3800 templum
1331 3787 1334 3794 ,

106 3809 224 3856 vocavit
244 3795 359 3855 ἅοηιιιηι
378 3801 517 3856 orationis
535 3797 606 3875 (les.
627 3803 679 3871 56,
699 3798 751 3871 7.).
795 3798 867 3855 Nam
889 3808 920 3855 et
944 3797 1127 3876 praecipuam
1153 3799 1254 3866 cultus.

106 3874 154 3933 sui
196 3884 288 3932 artem
311 3874 363 3933 hac
382 3896 455 3934 voce
477 3873 577 3934 docuit
597 3894 658 3933 esse
679 3874 818 3954 precandi
832 3872 979 3933 officium:
999 3885 1087 3952 atque
1108 3872 1188 3933 utin
1210 3894 1247 3935 eo

107 3967 140 4008 se
183 3948 262 4008 deles
283 3971 343 4009 uno
366 3972 509 4011 consensu
523 3962 703 4021 exercerent,
723 3949 814 4009 instar
825 3947 924 4008 vexilli
936 3961 1066 4009 erectum
1085 3950 1141 4010 illis
1161 3949 1249 4011 fnisse

108 4024 263 4103 templum.
303 4027 408 4086 Addita
430 4030 516 4086 etiam
539 4028 594 4084 fnit
615 4028 735 4107 insignis
754 4026 911 4105 promissio
931 4025 1081 4103 (Putes,
1097 4027 1157 4103 2.):
1178 4027 1248 4101 „Te

110 4120 157 4160 exs
183 4113 259 4161 ectat
283 4102 380 4178 Deus,
411 4104 471 4163 laus
497 4106 527 4162 in
548 4104 638 4162 Sion:
669 4116 697 4162 et
724 4103 777 4162 tibi
802 4114 902 4163 votum
922 4102 1092 4162 reddetur.“
1131 4103 1248 4179 Quibus

109 4122 209 4236 verbis
229 4178 367 4239 admonet
377 4181 527 4259 Propheta
539 4200 689 4258 nunqnam
701 4179 796 4239 irritas
818 4177 1030 4239 esseecclesiae
1063 4198 1160 4241 retes:
1179 4180 1249 4259 quia

107 4252 205 4314 Deus·
234 4255 326 4348 opulo
346 4278 402 4318 suo
427 4277 542 4336 semper
567 4256 691 4316 canendi
717 4256 868 4317 materiam
890 4276 955 4315 cum
980 4200 1089 4337 gaudio
1109 4256 1250 4337 suppedi-

108 4339 162 4391 tat.
228 4343 263 4400 tsr
289 4344 387 4394 autem
412 4345 562 4407 cessarunt
587 4331 695 4415 legales
720 4331 856 4417 umbrae,
881 4333 949 4412 quia
972 4343 1072 4393 umen
1095 4331 1148 4395 bac
1167 4352 1251 4397 ceres
