<?xml version="1.0" encoding="UTF-8"?>
<!DOCTYPE html PUBLIC "-//W3C//DTD XHTML 1.0 Transitional//EN"
    "http://www.w3.org/TR/xhtml1/DTD/xhtml1-transitional.dtd">
<html xmlns="http://www.w3.org/1999/xhtml" xml:lang="en" lang="en">
 <head>
  <title>
</title>
<meta http-equiv="Content-Type" content="text/html;charset=utf-8" />
  <meta name='ocr-system' content='tesseract 3.04.00' />
  <meta name='ocr-capabilities' content='ocr_page ocr_carea ocr_par ocr_line ocrx_word'/>
</head>
<body>
  <div class='ocr_page' id='page_1' title='image "./ioanniscalvinii02tholgoog/ioanniscalvinii02tholgoog_0452.png"; bbox 0 0 2700 4732; ppageno 0'>
   <div class='ocr_carea' id='block_1_1' title="bbox 524 214 1264 303">
    <p class='ocr_par' dir='ltr' id='par_1_1' title="bbox 524 214 1264 303">
     <span class='ocr_line' id='line_1_1' title="bbox 524 214 1264 303; baseline 0.014 -26"><span class='ocrx_word' id='word_1_1' title='bbox 524 214 676 278; x_wconf 78' lang='lat' dir='ltr'><strong>nutu.</strong></span> <span class='ocrx_word' id='word_1_2' title='bbox 716 218 861 280; x_wconf 77' lang='lat' dir='ltr'><strong>canu</strong></span> <span class='ocrx_word' id='word_1_3' title='bbox 1146 266 1159 303; x_wconf 84' lang='lat'><strong>,</strong></span> <span class='ocrx_word' id='word_1_4' title='bbox 1204 222 1264 287; x_wconf 84' lang='lat' dir='ltr'><strong>sss</strong></span> 
     </span>
    </p>
   </div>
   <div class='ocr_carea' id='block_1_2' title="bbox 96 354 1292 4413">
    <p class='ocr_par' dir='ltr' id='par_1_2' title="bbox 96 354 1292 4413">
     <span class='ocr_line' id='line_1_2' title="bbox 116 354 1261 442; baseline 0.004 -26"><span class='ocrx_word' id='word_1_5' title='bbox 116 354 289 437; x_wconf 73' lang='lat' dir='ltr'><strong>prehendit,</strong></span> <span class='ocrx_word' id='word_1_6' title='bbox 306 357 359 418; x_wconf 90' lang='lat' dir='ltr'><strong>ubi</strong></span> <span class='ocrx_word' id='word_1_7' title='bbox 377 357 542 435; x_wconf 87' lang='lat' dir='ltr'><strong>denuntiat,</strong></span> <span class='ocrx_word' id='word_1_8' title='bbox 563 361 701 420; x_wconf 78' lang='lat' dir='ltr'><strong>iacturam</strong></span> <span class='ocrx_word' id='word_1_9' title='bbox 721 363 820 441; x_wconf 83' lang='lat' dir='ltr'><strong>operis</strong></span> <span class='ocrx_word' id='word_1_10' title='bbox 832 364 876 422; x_wconf 83' lang='lat' dir='ltr'><strong>sul</strong></span> <span class='ocrx_word' id='word_1_11' title='bbox 889 364 986 421; x_wconf 86' lang='lat' dir='ltr'><strong>lacere</strong></span> <span class='ocrx_word' id='word_1_12' title='bbox 994 370 1136 442; x_wconf 90' lang='lat' dir='ltr'><strong>oportere</strong></span> <span class='ocrx_word' id='word_1_13' title='bbox 1147 379 1261 437; x_wconf 87' lang='lat' dir='ltr'><strong>omues,</strong></span> 
     </span>
     <span class='ocr_line' id='line_1_3' title="bbox 114 431 1292 528; baseline 0.002 -33"><span class='ocrx_word' id='word_1_14' title='bbox 114 433 174 515; x_wconf 78' lang='lat' dir='ltr'><strong>qui</strong></span> <span class='ocrx_word' id='word_1_15' title='bbox 191 433 222 495; x_wconf 88' lang='lat' dir='ltr'><strong>iu</strong></span> <span class='ocrx_word' id='word_1_16' title='bbox 241 431 381 495; x_wconf 84' lang='lat' dir='ltr'><strong>ecclesiae</strong></span> <span class='ocrx_word' id='word_1_17' title='bbox 399 446 544 496; x_wconf 71' lang='lat' dir='ltr'><strong>structura</strong></span> <span class='ocrx_word' id='word_1_18' title='bbox 563 435 672 528; x_wconf 85' lang='lat' dir='ltr'><strong>aliquid</strong></span> <span class='ocrx_word' id='word_1_19' title='bbox 694 437 883 499; x_wconf 81' lang='lat' dir='ltr'><strong>fundamento</strong></span> <span class='ocrx_word' id='word_1_20' title='bbox 904 439 998 499; x_wconf 86' lang='lat' dir='ltr'><strong>minus</strong></span> <span class='ocrx_word' id='word_1_21' title='bbox 1025 448 1257 498; x_wconf 82' lang='lat' dir='ltr'><strong>consentaneum</strong></span> <span class='ocrx_word' id='word_1_22' title='bbox 1286 460 1292 472; x_wconf 93' lang='lat'><strong>·</strong></span> 
     </span>
     <span class='ocr_line' id='line_1_4' title="bbox 119 509 1258 593; baseline 0.004 -24"><span class='ocrx_word' id='word_1_23' title='bbox 119 509 286 589; x_wconf 77' lang='lat' dir='ltr'><strong>posuerint.</strong></span> <span class='ocrx_word' id='word_1_24' title='bbox 340 510 442 585; x_wconf 86' lang='lat' dir='ltr'><strong>Quum</strong></span> <span class='ocrx_word' id='word_1_25' title='bbox 462 533 536 593; x_wconf 83' lang='lat' dir='ltr'><strong>ergo</strong></span> <span class='ocrx_word' id='word_1_26' title='bbox 555 513 625 572; x_wconf 80' lang='lat' dir='ltr'><strong>mibi</strong></span> <span class='ocrx_word' id='word_1_27' title='bbox 645 513 791 575; x_wconf 90' lang='lat' dir='ltr'><strong>obiiciunt</strong></span> <span class='ocrx_word' id='word_1_28' title='bbox 816 514 990 589; x_wconf 75' lang='lat' dir='ltr'><strong>adversarii,</strong></span> <span class='ocrx_word' id='word_1_29' title='bbox 1020 526 1090 575; x_wconf 88' lang='lat' dir='ltr'><strong>ante</strong></span> <span class='ocrx_word' id='word_1_30' title='bbox 1121 511 1202 573; x_wconf 89' lang='lat' dir='ltr'><strong>mille</strong></span> <span class='ocrx_word' id='word_1_31' title='bbox 1226 524 1258 574; x_wconf 89' lang='lat' dir='ltr'><strong>et</strong></span> 
     </span>
     <span class='ocr_line' id='line_1_5' title="bbox 115 588 1257 670; baseline 0.003 -23"><span class='ocrx_word' id='word_1_32' title='bbox 115 596 272 649; x_wconf 61' lang='lat' dir='ltr'><strong>&amp;etentes</strong></span> <span class='ocrx_word' id='word_1_33' title='bbox 290 607 384 649; x_wconf 82' lang='lat' dir='ltr'><strong>anuos</strong></span> <span class='ocrx_word' id='word_1_34' title='bbox 402 609 457 649; x_wconf 86' lang='lat' dir='ltr'><strong>usn</strong></span> <span class='ocrx_word' id='word_1_35' title='bbox 475 602 626 669; x_wconf 83' lang='lat' dir='ltr'><strong>receptum</strong></span> <span class='ocrx_word' id='word_1_36' title='bbox 647 590 745 667; x_wconf 87' lang='lat' dir='ltr'><strong>luisse,</strong></span> <span class='ocrx_word' id='word_1_37' title='bbox 764 603 797 651; x_wconf 91' lang='lat' dir='ltr'><strong>ut</strong></span> <span class='ocrx_word' id='word_1_38' title='bbox 815 593 1000 670; x_wconf 78' lang='lat' dir='ltr'>precationes</span> <span class='ocrx_word' id='word_1_39' title='bbox 1020 591 1126 651; x_wconf 80' lang='lat' dir='ltr'><strong>tierent</strong></span> <span class='ocrx_word' id='word_1_40' title='bbox 1159 588 1257 650; x_wconf 89' lang='lat' dir='ltr'><strong>rode·</strong></span> 
     </span>
     <span class='ocr_line' id='line_1_6' title="bbox 119 612 1257 748; baseline 0.004 -25"><span class='ocrx_word' id='word_1_41' title='bbox 119 660 243 725; x_wconf 68' lang='lat' dir='ltr'><strong>iunctim</strong></span> <span class='ocrx_word' id='word_1_42' title='bbox 275 683 327 724; x_wconf 87' lang='lat' dir='ltr'><strong>eos</strong></span> <span class='ocrx_word' id='word_1_43' title='bbox 345 664 471 725; x_wconf 79' lang='lat' dir='ltr'><strong>vicissim</strong></span> <span class='ocrx_word' id='word_1_44' title='bbox 491 665 664 747; x_wconf 77' lang='lat' dir='ltr'><strong>interrogo,</strong></span> <span class='ocrx_word' id='word_1_45' title='bbox 692 687 752 748; x_wconf 92' lang='lat' dir='ltr'><strong>quo</strong></span> <span class='ocrx_word' id='word_1_46' title='bbox 772 668 830 728; x_wconf 79' lang='lat' dir='ltr'><strong>liei</strong></span> <span class='ocrx_word' id='word_1_47' title='bbox 849 667 959 741; x_wconf 83' lang='lat' dir='ltr'><strong>serbo,</strong></span> <span class='ocrx_word' id='word_1_48' title='bbox 988 689 1045 745; x_wconf 84' lang='lat' dir='ltr'><strong>qua</strong></span> <span class='ocrx_word' id='word_1_49' title='bbox 1066 612 1257 743; x_wconf 76' lang='lat' dir='ltr'><strong>revelltionc,</strong></span> 
     </span>
     <span class='ocr_line' id='line_1_7' title="bbox 116 739 1255 824; baseline 0.003 -25"><span class='ocrx_word' id='word_1_50' title='bbox 116 758 184 819; x_wconf 82' lang='lat' dir='ltr'><strong>quo</strong></span> <span class='ocrx_word' id='word_1_51' title='bbox 201 739 335 820; x_wconf 74' lang='lat' dir='ltr'><strong>exemplo</strong></span> <span class='ocrx_word' id='word_1_52' title='bbox 355 740 463 801; x_wconf 80' lang='lat' dir='ltr'><strong>lactum</strong></span> <span class='ocrx_word' id='word_1_53' title='bbox 484 743 530 801; x_wconf 85' lang='lat' dir='ltr'><strong>sit.</strong></span> <span class='ocrx_word' id='word_1_54' title='bbox 568 742 673 823; x_wconf 83' lang='lat' dir='ltr'>Neque</span> <span class='ocrx_word' id='word_1_55' title='bbox 687 745 764 805; x_wconf 90' lang='lat' dir='ltr'><strong>enim</strong></span> <span class='ocrx_word' id='word_1_56' title='bbox 778 744 825 805; x_wconf 80' lang='lat' dir='ltr'><strong>liic</strong></span> <span class='ocrx_word' id='word_1_57' title='bbox 839 745 1010 824; x_wconf 76' lang='lat' dir='ltr'><strong>scripturae</strong></span> <span class='ocrx_word' id='word_1_58' title='bbox 1027 742 1255 804; x_wconf 85' lang='lat' dir='ltr'><strong>testimoniade·</strong></span> 
     </span>
     <span class='ocr_line' id='line_1_8' title="bbox 114 818 1256 910; baseline 0.001 -33"><span class='ocrx_word' id='word_1_59' title='bbox 114 825 336 877; x_wconf 73' lang='lat' dir='ltr'><strong>nuttantum:</strong></span> <span class='ocrx_word' id='word_1_60' title='bbox 368 819 419 878; x_wconf 84' lang='lat' dir='ltr'><strong>sed</strong></span> <span class='ocrx_word' id='word_1_61' title='bbox 450 838 642 898; x_wconf 84' lang='lat' dir='ltr'><strong>quaecunque</strong></span> <span class='ocrx_word' id='word_1_62' title='bbox 667 819 727 882; x_wconf 90' lang='lat' dir='ltr'><strong>illic</strong></span> <span class='ocrx_word' id='word_1_63' title='bbox 750 820 889 899; x_wconf 75' lang='lat' dir='ltr'><strong>leguntur</strong></span> <span class='ocrx_word' id='word_1_64' title='bbox 915 822 1092 880; x_wconf 84' lang='lat' dir='ltr'><strong>Sanctorum</strong></span> <span class='ocrx_word' id='word_1_65' title='bbox 1113 818 1256 910; x_wconf 82' lang='lat' dir='ltr'><strong>exempla,</strong></span> 
     </span>
     <span class='ocr_line' id='line_1_9' title="bbox 114 888 1255 979; baseline 0.004 -28"><span class='ocrx_word' id='word_1_66' title='bbox 114 888 194 952; x_wconf 76' lang='lat' dir='ltr'><strong>nibil</strong></span> <span class='ocrx_word' id='word_1_67' title='bbox 213 891 271 951; x_wconf 84' lang='lat' dir='ltr'><strong>tale</strong></span> <span class='ocrx_word' id='word_1_68' title='bbox 290 894 461 953; x_wconf 77' lang='lat' dir='ltr'><strong>ostendunt.</strong></span> <span class='ocrx_word' id='word_1_69' title='bbox 500 895 548 953; x_wconf 89' lang='lat' dir='ltr'><strong>De</strong></span> <span class='ocrx_word' id='word_1_70' title='bbox 572 895 652 955; x_wconf 84' lang='lat' dir='ltr'><strong>luctu</strong></span> <span class='ocrx_word' id='word_1_71' title='bbox 672 909 703 957; x_wconf 88' lang='lat' dir='ltr'><strong>et</strong></span> <span class='ocrx_word' id='word_1_72' title='bbox 720 896 822 958; x_wconf 88' lang='lat' dir='ltr'><strong>ollicio</strong></span> <span class='ocrx_word' id='word_1_73' title='bbox 842 897 1010 979; x_wconf 84' lang='lat' dir='ltr'><strong>sepulturae</strong></span> <span class='ocrx_word' id='word_1_74' title='bbox 1029 896 1176 957; x_wconf 83' lang='lat' dir='ltr'><strong>habentur</strong></span> <span class='ocrx_word' id='word_1_75' title='bbox 1195 894 1255 956; x_wconf 82' lang='lat' dir='ltr'><strong>illic</strong></span> 
     </span>
     <span class='ocr_line' id='line_1_10' title="bbox 114 966 1254 1054; baseline 0.003 -26"><span class='ocrx_word' id='word_1_76' title='bbox 114 966 230 1029; x_wconf 77' lang='lat' dir='ltr'><strong>multae</strong></span> <span class='ocrx_word' id='word_1_77' title='bbox 249 978 280 1029; x_wconf 89' lang='lat' dir='ltr'><strong>et</strong></span> <span class='ocrx_word' id='word_1_78' title='bbox 296 968 446 1030; x_wconf 88' lang='lat' dir='ltr'><strong>interdum</strong></span> <span class='ocrx_word' id='word_1_79' title='bbox 466 971 573 1052; x_wconf 85' lang='lat' dir='ltr'><strong>longae</strong></span> <span class='ocrx_word' id='word_1_80' title='bbox 593 973 789 1034; x_wconf 69' lang='lat' dir='ltr'><strong>narrationes:</strong></span> <span class='ocrx_word' id='word_1_81' title='bbox 819 973 856 1033; x_wconf 90' lang='lat' dir='ltr'><strong>de</strong></span> <span class='ocrx_word' id='word_1_82' title='bbox 883 974 1020 1054; x_wconf 86' lang='lat' dir='ltr'><strong>precibus</strong></span> <span class='ocrx_word' id='word_1_83' title='bbox 1044 992 1083 1032; x_wconf 86' lang='lat' dir='ltr'><strong>nc</strong></span> <span class='ocrx_word' id='word_1_84' title='bbox 1102 970 1254 1031; x_wconf 89' lang='lat' dir='ltr'><strong>minimum</strong></span> 
     </span>
     <span class='ocr_line' id='line_1_11' title="bbox 115 1042 1253 1130; baseline 0.004 -26"><span class='ocrx_word' id='word_1_85' title='bbox 115 1042 238 1125; x_wconf 81' lang='lat' dir='ltr'><strong>quidem</strong></span> <span class='ocrx_word' id='word_1_86' title='bbox 257 1044 368 1125; x_wconf 82' lang='lat' dir='ltr'><strong>apicem</strong></span> <span class='ocrx_word' id='word_1_87' title='bbox 389 1047 495 1108; x_wconf 82' lang='lat' dir='ltr'><strong>videas.</strong></span> <span class='ocrx_word' id='word_1_88' title='bbox 542 1047 634 1127; x_wconf 80' lang='lat' dir='ltr'><strong>Atqui</strong></span> <span class='ocrx_word' id='word_1_89' title='bbox 663 1069 724 1130; x_wconf 93' lang='lat' dir='ltr'><strong>quo</strong></span> <span class='ocrx_word' id='word_1_90' title='bbox 743 1050 862 1110; x_wconf 89' lang='lat' dir='ltr'><strong>maioris</strong></span> <span class='ocrx_word' id='word_1_91' title='bbox 886 1050 1031 1111; x_wconf 87' lang='lat' dir='ltr'><strong>momenti</strong></span> <span class='ocrx_word' id='word_1_92' title='bbox 1055 1069 1102 1109; x_wconf 89' lang='lat' dir='ltr'><strong>res</strong></span> <span class='ocrx_word' id='word_1_93' title='bbox 1125 1058 1185 1124; x_wconf 87' lang='lat' dir='ltr'><strong>est,</strong></span> <span class='ocrx_word' id='word_1_94' title='bbox 1214 1068 1253 1109; x_wconf 93' lang='lat' dir='ltr'><strong>eo</strong></span> 
     </span>
     <span class='ocr_line' id='line_1_12' title="bbox 113 1118 1254 1205; baseline 0.005 -24"><span class='ocrx_word' id='word_1_95' title='bbox 113 1120 211 1203; x_wconf 68' lang='lat' dir='ltr'><strong>nugis</strong></span> <span class='ocrx_word' id='word_1_96' title='bbox 228 1118 372 1183; x_wconf 76' lang='lat' dir='ltr'><strong>debuerat</strong></span> <span class='ocrx_word' id='word_1_97' title='bbox 390 1125 627 1185; x_wconf 84' lang='lat' dir='ltr'><strong>commemorari:</strong></span> <span class='ocrx_word' id='word_1_98' title='bbox 647 1138 737 1205; x_wconf 89' lang='lat' dir='ltr'><strong>atque</strong></span> <span class='ocrx_word' id='word_1_99' title='bbox 755 1127 809 1205; x_wconf 90' lang='lat' dir='ltr'><strong>ipsi</strong></span> <span class='ocrx_word' id='word_1_100' title='bbox 830 1126 918 1188; x_wconf 88' lang='lat' dir='ltr'><strong>etiam</strong></span> <span class='ocrx_word' id='word_1_101' title='bbox 938 1136 1069 1201; x_wconf 85' lang='lat' dir='ltr'><strong>veteres,</strong></span> <span class='ocrx_word' id='word_1_102' title='bbox 1087 1123 1138 1205; x_wconf 91' lang='lat' dir='ltr'><strong>qni</strong></span> <span class='ocrx_word' id='word_1_103' title='bbox 1170 1142 1254 1187; x_wconf 78' lang='lat' dir='ltr'><strong>recte</strong></span> 
     </span>
     <span class='ocr_line' id='line_1_13' title="bbox 118 1147 1254 1286; baseline 0.005 -29"><span class='ocrx_word' id='word_1_104' title='bbox 118 1194 284 1258; x_wconf 76' lang='lat' dir='ltr'><strong>tundebant</strong></span> <span class='ocrx_word' id='word_1_105' title='bbox 304 1219 358 1278; x_wconf 96' lang='lat' dir='ltr'><strong>pro</strong></span> <span class='ocrx_word' id='word_1_106' title='bbox 378 1200 515 1270; x_wconf 77' lang='lat' dir='ltr'><strong>mortuis,</strong></span> <span class='ocrx_word' id='word_1_107' title='bbox 544 1212 575 1260; x_wconf 89' lang='lat' dir='ltr'><strong>et</strong></span> <span class='ocrx_word' id='word_1_108' title='bbox 594 1203 729 1263; x_wconf 82' lang='lat' dir='ltr'><strong>mundato</strong></span> <span class='ocrx_word' id='word_1_109' title='bbox 749 1202 819 1273; x_wconf 88' lang='lat' dir='ltr'><strong>Dei,</strong></span> <span class='ocrx_word' id='word_1_110' title='bbox 850 1215 881 1262; x_wconf 87' lang='lat' dir='ltr'><strong>et</strong></span> <span class='ocrx_word' id='word_1_111' title='bbox 900 1201 1033 1286; x_wconf 82' lang='lat' dir='ltr'><strong>legitimo</strong></span> <span class='ocrx_word' id='word_1_112' title='bbox 1053 1147 1186 1279; x_wconf 70' lang='lat' dir='ltr'><strong>cuempio</strong></span> <span class='ocrx_word' id='word_1_113' title='bbox 1206 1198 1254 1263; x_wconf 79' lang='lat' dir='ltr'><strong>liic</strong></span> 
     </span>
     <span class='ocr_line' id='line_1_14' title="bbox 112 1272 1253 1359; baseline 0.001 -26"><span class='ocrx_word' id='word_1_114' title='bbox 112 1290 151 1333; x_wconf 82' lang='lat' dir='ltr'><strong>se</strong></span> <span class='ocrx_word' id='word_1_115' title='bbox 170 1272 288 1335; x_wconf 84' lang='lat' dir='ltr'><strong>destitui</strong></span> <span class='ocrx_word' id='word_1_116' title='bbox 309 1274 457 1337; x_wconf 87' lang='lat' dir='ltr'><strong>ridebant.</strong></span> <span class='ocrx_word' id='word_1_117' title='bbox 498 1276 560 1336; x_wconf 85' lang='lat' dir='ltr'><strong>Cur</strong></span> <span class='ocrx_word' id='word_1_118' title='bbox 580 1297 653 1359; x_wconf 84' lang='lat' dir='ltr'><strong>ergo</strong></span> <span class='ocrx_word' id='word_1_119' title='bbox 673 1277 839 1338; x_wconf 83' lang='lat' dir='ltr'><strong>audebant?</strong></span> <span class='ocrx_word' id='word_1_120' title='bbox 867 1277 902 1337; x_wconf 94' lang='lat' dir='ltr'><strong>lu</strong></span> <span class='ocrx_word' id='word_1_121' title='bbox 924 1299 961 1338; x_wconf 91' lang='lat' dir='ltr'><strong>eo</strong></span> <span class='ocrx_word' id='word_1_122' title='bbox 982 1279 1049 1337; x_wconf 89' lang='lat' dir='ltr'><strong>dico</strong></span> <span class='ocrx_word' id='word_1_123' title='bbox 1069 1276 1179 1355; x_wconf 84' lang='lat' dir='ltr'><strong>aliquid</strong></span> <span class='ocrx_word' id='word_1_124' title='bbox 1198 1273 1253 1335; x_wconf 82' lang='lat' dir='ltr'><strong>bu-</strong></span> 
     </span>
     <span class='ocr_line' id='line_1_15' title="bbox 110 1349 1253 1433; baseline 0.002 -24"><span class='ocrx_word' id='word_1_125' title='bbox 110 1349 196 1409; x_wconf 68' lang='lat' dir='ltr'><strong>usui</strong></span> <span class='ocrx_word' id='word_1_126' title='bbox 214 1370 314 1431; x_wconf 81' lang='lat' dir='ltr'><strong>passos</strong></span> <span class='ocrx_word' id='word_1_127' title='bbox 335 1371 411 1411; x_wconf 85' lang='lat' dir='ltr'><strong>esse:</strong></span> <span class='ocrx_word' id='word_1_128' title='bbox 430 1352 559 1433; x_wconf 89' lang='lat' dir='ltr'><strong>ideoque</strong></span> <span class='ocrx_word' id='word_1_129' title='bbox 578 1354 613 1412; x_wconf 84' lang='lat' dir='ltr'><strong>ad</strong></span> <span class='ocrx_word' id='word_1_130' title='bbox 633 1353 825 1414; x_wconf 87' lang='lat' dir='ltr'><strong>imitationem</strong></span> <span class='ocrx_word' id='word_1_131' title='bbox 846 1353 1019 1414; x_wconf 84' lang='lat' dir='ltr'><strong>trahendum</strong></span> <span class='ocrx_word' id='word_1_132' title='bbox 1032 1373 1093 1413; x_wconf 91' lang='lat' dir='ltr'><strong>non</strong></span> <span class='ocrx_word' id='word_1_133' title='bbox 1107 1371 1253 1412; x_wconf 88' lang='lat' dir='ltr'><strong>essscon-</strong></span> 
     </span>
     <span class='ocr_line' id='line_1_16' title="bbox 110 1424 1253 1511; baseline 0.003 -28"><span class='ocrx_word' id='word_1_134' title='bbox 110 1424 210 1485; x_wconf 79' lang='lat' dir='ltr'><strong>teudo</strong></span> <span class='ocrx_word' id='word_1_135' title='bbox 229 1425 310 1506; x_wconf 93' lang='lat' dir='ltr'><strong>quod</strong></span> <span class='ocrx_word' id='word_1_136' title='bbox 340 1426 483 1487; x_wconf 88' lang='lat' dir='ltr'><strong>lecerunt.</strong></span> <span class='ocrx_word' id='word_1_137' title='bbox 532 1429 607 1488; x_wconf 89' lang='lat' dir='ltr'><strong>Nam</strong></span> <span class='ocrx_word' id='word_1_138' title='bbox 637 1451 725 1509; x_wconf 90' lang='lat' dir='ltr'><strong>quum</strong></span> <span class='ocrx_word' id='word_1_139' title='bbox 751 1429 822 1489; x_wconf 87' lang='lat' dir='ltr'><strong>nihil</strong></span> <span class='ocrx_word' id='word_1_140' title='bbox 848 1431 947 1511; x_wconf 85' lang='lat' dir='ltr'><strong>operis</strong></span> <span class='ocrx_word' id='word_1_141' title='bbox 972 1429 1101 1489; x_wconf 87' lang='lat' dir='ltr'><strong>debeant</strong></span> <span class='ocrx_word' id='word_1_142' title='bbox 1130 1426 1253 1508; x_wconf 79' lang='lat' dir='ltr'><strong>agredi</strong></span> 
     </span>
     <span class='ocr_line' id='line_1_17' title="bbox 111 1498 1255 1587; baseline 0.007 -27"><span class='ocrx_word' id='word_1_143' title='bbox 111 1498 227 1574; x_wconf 72' lang='lat' dir='ltr'><strong>fideles,</strong></span> <span class='ocrx_word' id='word_1_144' title='bbox 248 1502 303 1562; x_wconf 89' lang='lat' dir='ltr'><strong>nisi</strong></span> <span class='ocrx_word' id='word_1_145' title='bbox 322 1514 402 1562; x_wconf 84' lang='lat' dir='ltr'><strong>certa</strong></span> <span class='ocrx_word' id='word_1_146' title='bbox 421 1504 610 1575; x_wconf 83' lang='lat' dir='ltr'><strong>conscientia,</strong></span> <span class='ocrx_word' id='word_1_147' title='bbox 630 1517 662 1565; x_wconf 89' lang='lat' dir='ltr'><strong>nt</strong></span> <span class='ocrx_word' id='word_1_148' title='bbox 682 1505 791 1566; x_wconf 84' lang='lat' dir='ltr'><strong>Paulus</strong></span> <span class='ocrx_word' id='word_1_149' title='bbox 817 1506 959 1587; x_wconf 84' lang='lat' dir='ltr'><strong>praecipit</strong></span> <span class='ocrx_word' id='word_1_150' title='bbox 986 1505 1090 1585; x_wconf 81' lang='lat' dir='ltr'><strong>(Rom.</strong></span> <span class='ocrx_word' id='word_1_151' title='bbox 1109 1510 1158 1575; x_wconf 79' lang='lat' dir='ltr'><strong>ld,</strong></span> <span class='ocrx_word' id='word_1_152' title='bbox 1228 1503 1255 1581; x_wconf 83' lang='lat'><strong>)‚</strong></span> 
     </span>
     <span class='ocr_line' id='line_1_18' title="bbox 109 1574 1253 1672; baseline 0.003 -36"><span class='ocrx_word' id='word_1_153' title='bbox 109 1574 147 1636; x_wconf 86' lang='lat' dir='ltr'><strong>iu</strong></span> <span class='ocrx_word' id='word_1_154' title='bbox 166 1575 303 1639; x_wconf 83' lang='lat' dir='ltr'><strong>oratione</strong></span> <span class='ocrx_word' id='word_1_155' title='bbox 323 1578 504 1657; x_wconf 87' lang='lat' dir='ltr'><strong>potissimum</strong></span> <span class='ocrx_word' id='word_1_156' title='bbox 530 1581 690 1672; x_wconf 83' lang='lat' dir='ltr'><strong>requiritur</strong></span> <span class='ocrx_word' id='word_1_157' title='bbox 718 1580 791 1643; x_wconf 85' lang='lat' dir='ltr'><strong>baec</strong></span> <span class='ocrx_word' id='word_1_158' title='bbox 820 1583 977 1645; x_wconf 85' lang='lat' dir='ltr'><strong>certitudo.</strong></span> <span class='ocrx_word' id='word_1_159' title='bbox 1023 1578 1176 1643; x_wconf 82' lang='lat' dir='ltr'><strong>Credibile</strong></span> <span class='ocrx_word' id='word_1_160' title='bbox 1205 1590 1253 1640; x_wconf 84' lang='lat' dir='ltr'><strong>ta·</strong></span> 
     </span>
     <span class='ocr_line' id='line_1_19' title="bbox 107 1652 1250 1739; baseline 0.002 -26"><span class='ocrx_word' id='word_1_161' title='bbox 107 1670 185 1713; x_wconf 79' lang='lat' dir='ltr'><strong>neu</strong></span> <span class='ocrx_word' id='word_1_162' title='bbox 203 1664 249 1714; x_wconf 82' lang='lat' dir='ltr'><strong>est</strong></span> <span class='ocrx_word' id='word_1_163' title='bbox 265 1652 360 1734; x_wconf 84' lang='lat' dir='ltr'><strong>aliqua</strong></span> <span class='ocrx_word' id='word_1_164' title='bbox 380 1655 494 1716; x_wconf 81' lang='lat' dir='ltr'><strong>ratione</strong></span> <span class='ocrx_word' id='word_1_165' title='bbox 512 1656 548 1717; x_wconf 85' lang='lat' dir='ltr'><strong>ad</strong></span> <span class='ocrx_word' id='word_1_166' title='bbox 575 1658 604 1716; x_wconf 91' lang='lat' dir='ltr'><strong>ul</strong></span> <span class='ocrx_word' id='word_1_167' title='bbox 629 1657 780 1738; x_wconf 89' lang='lat' dir='ltr'><strong>impulsos:</strong></span> <span class='ocrx_word' id='word_1_168' title='bbox 822 1679 930 1739; x_wconf 83' lang='lat' dir='ltr'>nempe</span> <span class='ocrx_word' id='word_1_169' title='bbox 959 1657 1097 1720; x_wconf 91' lang='lat' dir='ltr'><strong>solutium</strong></span> <span class='ocrx_word' id='word_1_170' title='bbox 1149 1675 1250 1717; x_wconf 83' lang='lat' dir='ltr'><strong>naere-</strong></span> 
     </span>
     <span class='ocr_line' id='line_1_20' title="bbox 110 1677 1252 1865; baseline 0.002 -76"><span class='ocrx_word' id='word_1_171' title='bbox 110 1726 200 1806; x_wconf 83' lang='lat' dir='ltr'><strong>baut,</strong></span> <span class='ocrx_word' id='word_1_172' title='bbox 212 1749 277 1865; x_wconf 71' lang='lat' dir='ltr'><strong>quo</strong></span> <span class='ocrx_word' id='word_1_173' title='bbox 296 1729 484 1791; x_wconf 70' lang='lat' dir='ltr'><strong>sublevarent</strong></span> <span class='ocrx_word' id='word_1_174' title='bbox 502 1754 585 1793; x_wconf 87' lang='lat' dir='ltr'><strong>suum</strong></span> <span class='ocrx_word' id='word_1_175' title='bbox 610 1754 794 1796; x_wconf 87' lang='lat' dir='ltr'><strong>moerorem:</strong></span> <span class='ocrx_word' id='word_1_176' title='bbox 828 1748 859 1796; x_wconf 88' lang='lat' dir='ltr'><strong>et</strong></span> <span class='ocrx_word' id='word_1_177' title='bbox 878 1735 1066 1795; x_wconf 85' lang='lat' dir='ltr'><strong>inhumanum</strong></span> <span class='ocrx_word' id='word_1_178' title='bbox 1097 1677 1252 1793; x_wconf 81' lang='lat' dir='ltr'><strong>videbatur</strong></span> 
     </span>
     <span class='ocr_line' id='line_1_21' title="bbox 110 1805 1251 1891; baseline 0.002 -26"><span class='ocrx_word' id='word_1_179' title='bbox 110 1822 211 1865; x_wconf 78' lang='lat' dir='ltr'><strong>noue</strong></span> <span class='ocrx_word' id='word_1_180' title='bbox 231 1825 283 1866; x_wconf 87' lang='lat' dir='ltr'><strong>ere</strong></span> <span class='ocrx_word' id='word_1_181' title='bbox 302 1826 400 1868; x_wconf 87' lang='lat' dir='ltr'><strong>coram</strong></span> <span class='ocrx_word' id='word_1_182' title='bbox 420 1805 488 1867; x_wconf 91' lang='lat' dir='ltr'><strong>Deo</strong></span> <span class='ocrx_word' id='word_1_183' title='bbox 508 1808 626 1889; x_wconf 79' lang='lat' dir='ltr'><strong>aliquod</strong></span> <span class='ocrx_word' id='word_1_184' title='bbox 645 1831 715 1872; x_wconf 84' lang='lat' dir='ltr'><strong>snae</strong></span> <span class='ocrx_word' id='word_1_185' title='bbox 735 1830 803 1891; x_wconf 78' lang='lat' dir='ltr'><strong>erga</strong></span> <span class='ocrx_word' id='word_1_186' title='bbox 827 1824 960 1873; x_wconf 81' lang='lat' dir='ltr'><strong>:nortuos</strong></span> <span class='ocrx_word' id='word_1_187' title='bbox 981 1807 1148 1870; x_wconf 85' lang='lat' dir='ltr'><strong>dilectionis</strong></span> <span class='ocrx_word' id='word_1_188' title='bbox 1166 1807 1251 1868; x_wconf 87' lang='lat' dir='ltr'><strong>testi-</strong></span> 
     </span>
     <span class='ocr_line' id='line_1_22' title="bbox 109 1879 1253 1967; baseline 0 -25"><span class='ocrx_word' id='word_1_189' title='bbox 109 1879 260 1942; x_wconf 74' lang='lat' dir='ltr'><strong>nonium.</strong></span> <span class='ocrx_word' id='word_1_190' title='bbox 309 1883 355 1942; x_wconf 80' lang='lat' dir='ltr'><strong>Ad</strong></span> <span class='ocrx_word' id='word_1_191' title='bbox 383 1881 462 1943; x_wconf 91' lang='lat' dir='ltr'><strong>bunc</strong></span> <span class='ocrx_word' id='word_1_192' title='bbox 484 1885 624 1946; x_wconf 84' lang='lat' dir='ltr'><strong>allectum</strong></span> <span class='ocrx_word' id='word_1_193' title='bbox 653 1906 739 1964; x_wconf 87' lang='lat' dir='ltr'><strong>quam</strong></span> <span class='ocrx_word' id='word_1_194' title='bbox 763 1893 803 1946; x_wconf 91' lang='lat' dir='ltr'><strong>sit</strong></span> <span class='ocrx_word' id='word_1_195' title='bbox 820 1906 1001 1967; x_wconf 88' lang='lat' dir='ltr'><strong>propensum</strong></span> <span class='ocrx_word' id='word_1_196' title='bbox 1021 1883 1148 1945; x_wconf 88' lang='lat' dir='ltr'><strong>bominis</strong></span> <span class='ocrx_word' id='word_1_197' title='bbox 1165 1883 1253 1964; x_wconf 82' lang='lat' dir='ltr'><strong>inge·</strong></span> 
     </span>
     <span class='ocr_line' id='line_1_23' title="bbox 108 1955 1251 2040; baseline 0.002 -23"><span class='ocrx_word' id='word_1_198' title='bbox 108 1955 208 2033; x_wconf 72' lang='lat' dir='ltr'><strong>nium,</strong></span> <span class='ocrx_word' id='word_1_199' title='bbox 227 1977 331 2019; x_wconf 84' lang='lat' dir='ltr'><strong>omnes</strong></span> <span class='ocrx_word' id='word_1_200' title='bbox 350 1959 550 2039; x_wconf 81' lang='lat' dir='ltr'><strong>experiuntur.</strong></span> <span class='ocrx_word' id='word_1_201' title='bbox 589 1961 611 2018; x_wconf 83' lang='lat' dir='ltr'>F</span> <span class='ocrx_word' id='word_1_202' title='bbox 617 1961 657 2020; x_wconf 89' lang='lat' dir='ltr'><strong>uit</strong></span> <span class='ocrx_word' id='word_1_203' title='bbox 678 1961 763 2020; x_wconf 83' lang='lat' dir='ltr'><strong>etiam</strong></span> <span class='ocrx_word' id='word_1_204' title='bbox 783 1963 874 2021; x_wconf 82' lang='lat' dir='ltr'><strong>instar</strong></span> <span class='ocrx_word' id='word_1_205' title='bbox 899 1961 967 2022; x_wconf 90' lang='lat' dir='ltr'><strong>l&#39;acis</strong></span> <span class='ocrx_word' id='word_1_206' title='bbox 987 1971 1104 2040; x_wconf 82' lang='lat' dir='ltr'><strong>recepta</strong></span> <span class='ocrx_word' id='word_1_207' title='bbox 1124 1976 1251 2019; x_wconf 83' lang='lat' dir='ltr'><strong>cousue-</strong></span> 
     </span>
     <span class='ocr_line' id='line_1_24' title="bbox 109 2030 1251 2127; baseline 0.002 -34"><span class='ocrx_word' id='word_1_208' title='bbox 109 2030 201 2106; x_wconf 85' lang='lat' dir='ltr'><strong>tudo,</strong></span> <span class='ocrx_word' id='word_1_209' title='bbox 219 2053 295 2113; x_wconf 83' lang='lat' dir='ltr'><strong>quae</strong></span> <span class='ocrx_word' id='word_1_210' title='bbox 314 2035 450 2097; x_wconf 84' lang='lat' dir='ltr'><strong>ardorem</strong></span> <span class='ocrx_word' id='word_1_211' title='bbox 470 2037 630 2096; x_wconf 90' lang='lat' dir='ltr'><strong>multorum</strong></span> <span class='ocrx_word' id='word_1_212' title='bbox 650 2036 750 2096; x_wconf 84' lang='lat' dir='ltr'><strong>animis</strong></span> <span class='ocrx_word' id='word_1_213' title='bbox 770 2037 912 2096; x_wconf 79' lang='lat' dir='ltr'><strong>inliceret.</strong></span> <span class='ocrx_word' id='word_1_214' title='bbox 951 2035 1066 2096; x_wconf 87' lang='lat' dir='ltr'><strong>Scimus</strong></span> <span class='ocrx_word' id='word_1_215' title='bbox 1086 2036 1164 2127; x_wconf 86' lang='lat' dir='ltr'><strong>apud</strong></span> <span class='ocrx_word' id='word_1_216' title='bbox 1178 2054 1251 2095; x_wconf 88' lang='lat' dir='ltr'><strong>cuo·</strong></span> 
     </span>
     <span class='ocr_line' id='line_1_25' title="bbox 108 2107 1250 2187; baseline -0.003 -16"><span class='ocrx_word' id='word_1_217' title='bbox 108 2118 175 2171; x_wconf 79' lang='lat' dir='ltr'><strong>elas</strong></span> <span class='ocrx_word' id='word_1_218' title='bbox 193 2107 319 2185; x_wconf 80' lang='lat' dir='ltr'>Gentes,</span> <span class='ocrx_word' id='word_1_219' title='bbox 339 2124 369 2171; x_wconf 89' lang='lat' dir='ltr'><strong>et</strong></span> <span class='ocrx_word' id='word_1_220' title='bbox 387 2111 509 2173; x_wconf 85' lang='lat' dir='ltr'><strong>saeculis</strong></span> <span class='ocrx_word' id='word_1_221' title='bbox 530 2113 666 2172; x_wconf 87' lang='lat' dir='ltr'><strong>omnibus</strong></span> <span class='ocrx_word' id='word_1_222' title='bbox 686 2113 759 2172; x_wconf 87' lang='lat' dir='ltr'><strong>iustu</strong></span> <span class='ocrx_word' id='word_1_223' title='bbox 780 2114 866 2176; x_wconf 84' lang='lat' dir='ltr'><strong>luisse</strong></span> <span class='ocrx_word' id='word_1_224' title='bbox 885 2111 981 2173; x_wconf 85' lang='lat' dir='ltr'><strong>soluts</strong></span> <span class='ocrx_word' id='word_1_225' title='bbox 1000 2123 1135 2187; x_wconf 77' lang='lat' dir='ltr'><strong>mortuis,</strong></span> <span class='ocrx_word' id='word_1_226' title='bbox 1153 2122 1185 2171; x_wconf 86' lang='lat' dir='ltr'><strong>ot</strong></span> <span class='ocrx_word' id='word_1_227' title='bbox 1204 2107 1250 2169; x_wconf 91' lang='lat' dir='ltr'><strong>lu·</strong></span> 
     </span>
     <span class='ocr_line' id='line_1_26' title="bbox 109 2185 1251 2269; baseline 0 -22"><span class='ocrx_word' id='word_1_228' title='bbox 109 2192 219 2247; x_wconf 72' lang='lat' dir='ltr'><strong>mess</strong></span> <span class='ocrx_word' id='word_1_229' title='bbox 238 2188 395 2266; x_wconf 78' lang='lat' dir='ltr'><strong>quotannis</strong></span> <span class='ocrx_word' id='word_1_230' title='bbox 416 2189 503 2247; x_wconf 83' lang='lat' dir='ltr'><strong>inisse</strong></span> <span class='ocrx_word' id='word_1_231' title='bbox 523 2208 625 2249; x_wconf 89' lang='lat' dir='ltr'><strong>eorum</strong></span> <span class='ocrx_word' id='word_1_232' title='bbox 647 2190 765 2249; x_wconf 87' lang='lat' dir='ltr'><strong>animus.</strong></span> <span class='ocrx_word' id='word_1_233' title='bbox 815 2189 878 2249; x_wconf 82' lang='lat' dir='ltr'><strong>Etsi</strong></span> <span class='ocrx_word' id='word_1_234' title='bbox 902 2201 999 2251; x_wconf 85' lang='lat' dir='ltr'><strong>antem</strong></span> <span class='ocrx_word' id='word_1_235' title='bbox 1024 2189 1068 2248; x_wconf 86' lang='lat' dir='ltr'><strong>bis</strong></span> <span class='ocrx_word' id='word_1_236' title='bbox 1087 2185 1251 2269; x_wconf 75' lang='lat' dir='ltr'><strong>praestigiis</strong></span> 
     </span>
     <span class='ocr_line' id='line_1_27' title="bbox 106 2260 1248 2338; baseline 0.002 -16"><span class='ocrx_word' id='word_1_237' title='bbox 106 2260 220 2323; x_wconf 81' lang='lat' dir='ltr'><strong>stultos</strong></span> <span class='ocrx_word' id='word_1_238' title='bbox 238 2263 377 2325; x_wconf 88' lang='lat' dir='ltr'><strong>mortales</strong></span> <span class='ocrx_word' id='word_1_239' title='bbox 397 2264 503 2324; x_wconf 85' lang='lat' dir='ltr'><strong>delusit</strong></span> <span class='ocrx_word' id='word_1_240' title='bbox 523 2267 628 2338; x_wconf 83' lang='lat' dir='ltr'><strong>Satan,</strong></span> <span class='ocrx_word' id='word_1_241' title='bbox 648 2264 767 2327; x_wconf 80' lang='lat' dir='ltr'><strong>fallendi</strong></span> <span class='ocrx_word' id='word_1_242' title='bbox 786 2277 883 2325; x_wconf 89' lang='lat' dir='ltr'><strong>tamen</strong></span> <span class='ocrx_word' id='word_1_243' title='bbox 905 2269 1089 2327; x_wconf 80' lang='lat' dir='ltr'><strong>occasionem</strong></span> <span class='ocrx_word' id='word_1_244' title='bbox 1110 2284 1144 2324; x_wconf 82' lang='lat' dir='ltr'><strong>ex</strong></span> <span class='ocrx_word' id='word_1_245' title='bbox 1164 2275 1248 2324; x_wconf 87' lang='lat' dir='ltr'><strong>recto</strong></span> 
     </span>
     <span class='ocr_line' id='line_1_28' title="bbox 107 2338 1248 2477; baseline 0.001 -79"><span class='ocrx_word' id='word_1_246' title='bbox 107 2338 259 2477; x_wconf 73' lang='lat' dir='ltr'><strong>principio</strong></span> <span class='ocrx_word' id='word_1_247' title='bbox 290 2341 426 2420; x_wconf 80' lang='lat' dir='ltr'><strong>sumpsit:</strong></span> <span class='ocrx_word' id='word_1_248' title='bbox 457 2354 582 2402; x_wconf 92' lang='lat' dir='ltr'><strong>mortem</strong></span> <span class='ocrx_word' id='word_1_249' title='bbox 611 2363 673 2400; x_wconf 92' lang='lat' dir='ltr'><strong>non</strong></span> <span class='ocrx_word' id='word_1_250' title='bbox 694 2362 756 2402; x_wconf 90' lang='lat' dir='ltr'><strong>csse</strong></span> <span class='ocrx_word' id='word_1_251' title='bbox 783 2343 945 2413; x_wconf 89' lang='lat' dir='ltr'><strong>interitum,</strong></span> <span class='ocrx_word' id='word_1_252' title='bbox 969 2342 1019 2401; x_wconf 90' lang='lat' dir='ltr'><strong>sed</strong></span> <span class='ocrx_word' id='word_1_253' title='bbox 1040 2340 1194 2401; x_wconf 86' lang='lat' dir='ltr'><strong>transitum</strong></span> <span class='ocrx_word' id='word_1_254' title='bbox 1213 2359 1248 2399; x_wconf 78' lang='lat' dir='ltr'><strong>es</strong></span> 
     </span>
     <span class='ocr_line' id='line_1_29' title="bbox 130 2416 1248 2499; baseline 0.002 -24"><span class='ocrx_word' id='word_1_255' title='bbox 130 2427 244 2476; x_wconf 80' lang='lat' dir='ltr'><strong>sessu</strong></span> <span class='ocrx_word' id='word_1_256' title='bbox 266 2416 294 2475; x_wconf 93' lang='lat' dir='ltr'><strong>iu</strong></span> <span class='ocrx_word' id='word_1_257' title='bbox 316 2417 446 2478; x_wconf 84' lang='lat' dir='ltr'><strong>alteram.</strong></span> <span class='ocrx_word' id='word_1_258' title='bbox 493 2420 556 2478; x_wconf 91' lang='lat' dir='ltr'><strong>Nec</strong></span> <span class='ocrx_word' id='word_1_259' title='bbox 586 2418 707 2478; x_wconf 91' lang='lat' dir='ltr'><strong>dubium</strong></span> <span class='ocrx_word' id='word_1_260' title='bbox 737 2430 796 2494; x_wconf 84' lang='lat' dir='ltr'><strong>est,</strong></span> <span class='ocrx_word' id='word_1_261' title='bbox 826 2419 896 2499; x_wconf 85' lang='lat' dir='ltr'><strong>quin</strong></span> <span class='ocrx_word' id='word_1_262' title='bbox 923 2417 1058 2478; x_wconf 85' lang='lat' dir='ltr'><strong>Gentiles</strong></span> <span class='ocrx_word' id='word_1_263' title='bbox 1078 2417 1168 2477; x_wconf 89' lang='lat' dir='ltr'><strong>etiam</strong></span> <span class='ocrx_word' id='word_1_264' title='bbox 1187 2417 1248 2496; x_wconf 83' lang='lat' dir='ltr'><strong>ipsa</strong></span> 
     </span>
     <span class='ocr_line' id='line_1_30' title="bbox 106 2491 1246 2575; baseline -0.002 -22"><span class='ocrx_word' id='word_1_265' title='bbox 106 2491 281 2574; x_wconf 76' lang='lat' dir='ltr'><strong>superstitio</strong></span> <span class='ocrx_word' id='word_1_266' title='bbox 301 2495 452 2555; x_wconf 82' lang='lat' dir='ltr'><strong>convictos</strong></span> <span class='ocrx_word' id='word_1_267' title='bbox 472 2495 548 2574; x_wconf 83' lang='lat' dir='ltr'><strong>apud</strong></span> <span class='ocrx_word' id='word_1_268' title='bbox 568 2494 627 2552; x_wconf 90' lang='lat' dir='ltr'><strong>Dei</strong></span> <span class='ocrx_word' id='word_1_269' title='bbox 648 2495 773 2555; x_wconf 87' lang='lat' dir='ltr'><strong>tribunal</strong></span> <span class='ocrx_word' id='word_1_270' title='bbox 795 2508 904 2570; x_wconf 85' lang='lat' dir='ltr'><strong>teneat,</strong></span> <span class='ocrx_word' id='word_1_271' title='bbox 924 2496 1003 2575; x_wconf 90' lang='lat' dir='ltr'><strong>quod</strong></span> <span class='ocrx_word' id='word_1_272' title='bbox 1025 2494 1141 2553; x_wconf 82' lang='lat' dir='ltr'><strong>loturae</strong></span> <span class='ocrx_word' id='word_1_273' title='bbox 1160 2493 1246 2567; x_wconf 80' lang='lat' dir='ltr'><strong>vitae,</strong></span> 
     </span>
     <span class='ocr_line' id='line_1_31' title="bbox 107 2570 1247 2661; baseline 0 -33"><span class='ocrx_word' id='word_1_274' title='bbox 107 2588 199 2661; x_wconf 73' lang='lat' dir='ltr'><strong>quam</strong></span> <span class='ocrx_word' id='word_1_275' title='bbox 218 2588 250 2628; x_wconf 88' lang='lat' dir='ltr'><strong>sc</strong></span> <span class='ocrx_word' id='word_1_276' title='bbox 270 2570 392 2629; x_wconf 88' lang='lat' dir='ltr'><strong>credere</strong></span> <span class='ocrx_word' id='word_1_277' title='bbox 410 2571 642 2649; x_wconf 83' lang='lat' dir='ltr'><strong>profitebantur,</strong></span> <span class='ocrx_word' id='word_1_278' title='bbox 667 2592 764 2632; x_wconf 85' lang='lat' dir='ltr'><strong>curam</strong></span> <span class='ocrx_word' id='word_1_279' title='bbox 785 2572 979 2653; x_wconf 82' lang='lat' dir='ltr'><strong>negligerent.</strong></span> <span class='ocrx_word' id='word_1_280' title='bbox 1022 2571 1083 2630; x_wconf 87' lang='lat' dir='ltr'><strong>Iam</strong></span> <span class='ocrx_word' id='word_1_281' title='bbox 1105 2591 1142 2630; x_wconf 91' lang='lat' dir='ltr'><strong>ne</strong></span> <span class='ocrx_word' id='word_1_282' title='bbox 1163 2570 1247 2628; x_wconf 88' lang='lat' dir='ltr'><strong>dete·</strong></span> 
     </span>
     <span class='ocr_line' id='line_1_32' title="bbox 109 2645 1246 2727; baseline -0.003 -20"><span class='ocrx_word' id='word_1_283' title='bbox 109 2659 322 2707; x_wconf 83' lang='lat' dir='ltr'><strong>rsoresessent</strong></span> <span class='ocrx_word' id='word_1_284' title='bbox 343 2647 473 2726; x_wconf 87' lang='lat' dir='ltr'><strong>prolanis</strong></span> <span class='ocrx_word' id='word_1_285' title='bbox 493 2647 660 2708; x_wconf 88' lang='lat' dir='ltr'><strong>hominibus</strong></span> <span class='ocrx_word' id='word_1_286' title='bbox 692 2648 866 2722; x_wconf 80' lang='lat' dir='ltr'><strong>Christiani,</strong></span> <span class='ocrx_word' id='word_1_287' title='bbox 901 2648 1005 2727; x_wconf 87' lang='lat' dir='ltr'><strong>pruluit</strong></span> <span class='ocrx_word' id='word_1_288' title='bbox 1034 2646 1101 2705; x_wconf 88' lang='lat' dir='ltr'><strong>illos</strong></span> <span class='ocrx_word' id='word_1_289' title='bbox 1134 2645 1246 2705; x_wconf 90' lang='lat' dir='ltr'><strong>nullum</strong></span> 
     </span>
     <span class='ocr_line' id='line_1_33' title="bbox 111 2721 1246 2805; baseline -0.003 -22"><span class='ocrx_word' id='word_1_290' title='bbox 111 2721 234 2783; x_wconf 75' lang='lat' dir='ltr'><strong>nonnis</strong></span> <span class='ocrx_word' id='word_1_291' title='bbox 255 2722 384 2783; x_wconf 84' lang='lat' dir='ltr'><strong>silicium</strong></span> <span class='ocrx_word' id='word_1_292' title='bbox 405 2735 561 2803; x_wconf 83' lang='lat' dir='ltr'><strong>praestare,</strong></span> <span class='ocrx_word' id='word_1_293' title='bbox 579 2724 637 2783; x_wconf 86' lang='lat' dir='ltr'><strong>acsi</strong></span> <span class='ocrx_word' id='word_1_294' title='bbox 658 2725 773 2805; x_wconf 90' lang='lat' dir='ltr'><strong>penitus</strong></span> <span class='ocrx_word' id='word_1_295' title='bbox 792 2725 925 2784; x_wconf 83' lang='lat' dir='ltr'><strong>exstincti</strong></span> <span class='ocrx_word' id='word_1_296' title='bbox 947 2725 1054 2783; x_wconf 84' lang='lat' dir='ltr'><strong>locent.</strong></span> <span class='ocrx_word' id='word_1_297' title='bbox 1080 2721 1246 2782; x_wconf 84' lang='lat' dir='ltr'><strong>lliucmulc</strong></span> 
     </span>
     <span class='ocr_line' id='line_1_34' title="bbox 113 2797 1245 2880; baseline -0.004 -21"><span class='ocrx_word' id='word_1_298' title='bbox 113 2798 245 2861; x_wconf 71' lang='lat' dir='ltr'><strong>munte:</strong></span> <span class='ocrx_word' id='word_1_299' title='bbox 265 2799 406 2859; x_wconf 79' lang='lat' dir='ltr'><strong>sedullus:</strong></span> <span class='ocrx_word' id='word_1_300' title='bbox 460 2801 504 2859; x_wconf 87' lang='lat' dir='ltr'><strong>nia</strong></span> <span class='ocrx_word' id='word_1_301' title='bbox 530 2801 553 2860; x_wconf 87' lang='lat' dir='ltr'><strong>si</strong></span> <span class='ocrx_word' id='word_1_302' title='bbox 575 2800 604 2880; x_wconf 89' lang='lat' dir='ltr'><strong>pi</strong></span> <span class='ocrx_word' id='word_1_303' title='bbox 629 2800 651 2859; x_wconf 92' lang='lat' dir='ltr'><strong>ri</strong></span> <span class='ocrx_word' id='word_1_304' title='bbox 677 2813 773 2860; x_wconf 84' lang='lat' dir='ltr'><strong>esseut</strong></span> <span class='ocrx_word' id='word_1_305' title='bbox 797 2802 826 2859; x_wconf 93' lang='lat' dir='ltr'><strong>in</strong></span> <span class='ocrx_word' id='word_1_306' title='bbox 852 2802 987 2859; x_wconf 79' lang='lat' dir='ltr'><strong>curandis</strong></span> <span class='ocrx_word' id='word_1_307' title='bbox 1013 2798 1181 2871; x_wconf 80' lang='lat' dir='ltr'><strong>funeribus,</strong></span> <span class='ocrx_word' id='word_1_308' title='bbox 1213 2797 1245 2855; x_wconf 91' lang='lat' dir='ltr'><strong>iu</strong></span> 
     </span>
     <span class='ocr_line' id='line_1_35' title="bbox 182 2821 1245 2957; baseline -0.003 -22"><span class='ocrx_word' id='word_1_309' title='bbox 182 2874 206 2936; x_wconf 89' lang='lat' dir='ltr'><strong>is</strong></span> <span class='ocrx_word' id='word_1_310' title='bbox 238 2888 269 2936; x_wconf 86' lang='lat' dir='ltr'><strong>et</strong></span> <span class='ocrx_word' id='word_1_311' title='bbox 298 2823 513 2950; x_wconf 84' lang='lat' dir='ltr'><strong>oblationibus,</strong></span> <span class='ocrx_word' id='word_1_312' title='bbox 541 2821 684 2956; x_wconf 71' lang='lat' dir='ltr'><strong>putabant</strong></span> <span class='ocrx_word' id='word_1_313' title='bbox 703 2897 734 2937; x_wconf 91' lang='lat' dir='ltr'><strong>se</strong></span> <span class='ocrx_word' id='word_1_314' title='bbox 754 2898 863 2957; x_wconf 85' lang='lat' dir='ltr'><strong>magno</strong></span> <span class='ocrx_word' id='word_1_315' title='bbox 884 2877 996 2957; x_wconf 89' lang='lat' dir='ltr'><strong>probro</strong></span> <span class='ocrx_word' id='word_1_316' title='bbox 1017 2875 1179 2954; x_wconf 84' lang='lat' dir='ltr'><strong>expositum</strong></span> <span class='ocrx_word' id='word_1_317' title='bbox 1200 2873 1245 2932; x_wconf 89' lang='lat' dir='ltr'><strong>iri.</strong></span> 
     </span>
     <span class='ocr_line' id='line_1_36' title="bbox 225 2950 1245 3033; baseline -0.003 -22"><span class='ocrx_word' id='word_1_318' title='bbox 225 2964 323 3011; x_wconf 85' lang='lat' dir='ltr'><strong>autem</strong></span> <span class='ocrx_word' id='word_1_319' title='bbox 343 2972 377 3011; x_wconf 78' lang='lat' dir='ltr'><strong>et</strong></span> <span class='ocrx_word' id='word_1_320' title='bbox 396 2974 529 3033; x_wconf 77' lang='lat' dir='ltr'><strong>perversa</strong></span> <span class='ocrx_word' id='word_1_321' title='bbox 549 2953 746 3013; x_wconf 80' lang='lat' dir='ltr'><strong>aemulatione</strong></span> <span class='ocrx_word' id='word_1_322' title='bbox 766 2954 897 3023; x_wconf 79' lang='lat' dir='ltr'><strong>fluxerat,</strong></span> <span class='ocrx_word' id='word_1_323' title='bbox 926 2953 1011 3012; x_wconf 89' lang='lat' dir='ltr'><strong>novis</strong></span> <span class='ocrx_word' id='word_1_324' title='bbox 1042 2950 1166 3011; x_wconf 87' lang='lat' dir='ltr'><strong>subinde</strong></span> <span class='ocrx_word' id='word_1_325' title='bbox 1198 2950 1245 3009; x_wconf 92' lang='lat' dir='ltr'><strong>in·</strong></span> 
     </span>
     <span class='ocr_line' id='line_1_37' title="bbox 109 3027 1244 3110; baseline -0.004 -20"><span class='ocrx_word' id='word_1_326' title='bbox 109 3030 269 3090; x_wconf 78' lang='lat' dir='ltr'><strong>crementis</strong></span> <span class='ocrx_word' id='word_1_327' title='bbox 288 3029 329 3088; x_wconf 88' lang='lat' dir='ltr'><strong>sic</strong></span> <span class='ocrx_word' id='word_1_328' title='bbox 348 3043 463 3090; x_wconf 90' lang='lat' dir='ltr'><strong>auctum</strong></span> <span class='ocrx_word' id='word_1_329' title='bbox 485 3042 542 3099; x_wconf 91' lang='lat' dir='ltr'><strong>est,</strong></span> <span class='ocrx_word' id='word_1_330' title='bbox 575 3042 606 3088; x_wconf 91' lang='lat' dir='ltr'><strong>ut</strong></span> <span class='ocrx_word' id='word_1_331' title='bbox 625 3030 780 3110; x_wconf 84' lang='lat' dir='ltr'><strong>praecipua</strong></span> <span class='ocrx_word' id='word_1_332' title='bbox 804 3030 939 3090; x_wconf 88' lang='lat' dir='ltr'><strong>sanctitas</strong></span> <span class='ocrx_word' id='word_1_333' title='bbox 962 3030 1087 3107; x_wconf 84' lang='lat' dir='ltr'><strong>Papatus</strong></span> <span class='ocrx_word' id='word_1_334' title='bbox 1106 3027 1143 3087; x_wconf 91' lang='lat' dir='ltr'><strong>sit</strong></span> <span class='ocrx_word' id='word_1_335' title='bbox 1162 3046 1244 3086; x_wconf 92' lang='lat' dir='ltr'><strong>mor-</strong></span> 
     </span>
     <span class='ocr_line' id='line_1_38' title="bbox 107 3103 1244 3186; baseline -0.003 -21"><span class='ocrx_word' id='word_1_336' title='bbox 107 3104 170 3165; x_wconf 90' lang='lat' dir='ltr'><strong>tuis</strong></span> <span class='ocrx_word' id='word_1_337' title='bbox 188 3103 390 3166; x_wconf 86' lang='lat' dir='ltr'><strong>lsbornntibus</strong></span> <span class='ocrx_word' id='word_1_338' title='bbox 410 3127 497 3186; x_wconf 79' lang='lat' dir='ltr'><strong>opem</strong></span> <span class='ocrx_word' id='word_1_339' title='bbox 517 3107 633 3164; x_wconf 84' lang='lat' dir='ltr'><strong>alierre.</strong></span> <span class='ocrx_word' id='word_1_340' title='bbox 686 3107 794 3165; x_wconf 90' lang='lat' dir='ltr'><strong>Verum</strong></span> <span class='ocrx_word' id='word_1_341' title='bbox 819 3106 896 3166; x_wconf 86' lang='lat' dir='ltr'><strong>aliud</strong></span> <span class='ocrx_word' id='word_1_342' title='bbox 915 3105 1051 3165; x_wconf 83' lang='lat' dir='ltr'><strong>solatium</strong></span> <span class='ocrx_word' id='word_1_343' title='bbox 1072 3104 1162 3184; x_wconf 82' lang='lat' dir='ltr'><strong>longe</strong></span> <span class='ocrx_word' id='word_1_344' title='bbox 1181 3122 1244 3163; x_wconf 85' lang='lat' dir='ltr'><strong>me·</strong></span> 
     </span>
     <span class='ocr_line' id='line_1_39' title="bbox 107 3180 1245 3264; baseline 0 -24"><span class='ocrx_word' id='word_1_345' title='bbox 107 3180 167 3241; x_wconf 81' lang='lat' dir='ltr'><strong>lius</strong></span> <span class='ocrx_word' id='word_1_346' title='bbox 191 3202 225 3242; x_wconf 80' lang='lat' dir='ltr'><strong>ac</strong></span> <span class='ocrx_word' id='word_1_347' title='bbox 244 3180 365 3241; x_wconf 84' lang='lat' dir='ltr'><strong>solidius</strong></span> <span class='ocrx_word' id='word_1_348' title='bbox 385 3184 551 3264; x_wconf 84' lang='lat' dir='ltr'><strong>suppeditat</strong></span> <span class='ocrx_word' id='word_1_349' title='bbox 570 3183 736 3263; x_wconf 83' lang='lat' dir='ltr'><strong>Scriptura,</strong></span> <span class='ocrx_word' id='word_1_350' title='bbox 766 3205 855 3262; x_wconf 92' lang='lat' dir='ltr'><strong>quum</strong></span> <span class='ocrx_word' id='word_1_351' title='bbox 883 3183 986 3242; x_wconf 87' lang='lat' dir='ltr'><strong>beatos</strong></span> <span class='ocrx_word' id='word_1_352' title='bbox 1004 3193 1135 3240; x_wconf 78' lang='lat' dir='ltr'><strong>mortuos·</strong></span> <span class='ocrx_word' id='word_1_353' title='bbox 1155 3190 1245 3240; x_wconf 83' lang='lat' dir='ltr'><strong>testa·</strong></span> 
     </span>
     <span class='ocr_line' id='line_1_40' title="bbox 106 3257 1243 3338; baseline 0 -20"><span class='ocrx_word' id='word_1_354' title='bbox 106 3271 169 3332; x_wconf 90' lang='lat' dir='ltr'><strong>tur,</strong></span> <span class='ocrx_word' id='word_1_355' title='bbox 189 3257 239 3338; x_wconf 93' lang='lat' dir='ltr'><strong>qui</strong></span> <span class='ocrx_word' id='word_1_356' title='bbox 259 3258 287 3317; x_wconf 89' lang='lat' dir='ltr'><strong>iu</strong></span> <span class='ocrx_word' id='word_1_357' title='bbox 308 3259 439 3318; x_wconf 91' lang='lat' dir='ltr'><strong>Domino</strong></span> <span class='ocrx_word' id='word_1_358' title='bbox 459 3260 634 3319; x_wconf 90' lang='lat' dir='ltr'><strong>moriuntur.</strong></span> <span class='ocrx_word' id='word_1_359' title='bbox 692 3261 731 3319; x_wconf 86' lang='lat' dir='ltr'><strong>Et</strong></span> <span class='ocrx_word' id='word_1_360' title='bbox 751 3260 894 3318; x_wconf 84' lang='lat' dir='ltr'><strong>rationem</strong></span> <span class='ocrx_word' id='word_1_361' title='bbox 915 3259 1009 3319; x_wconf 82' lang='lat' dir='ltr'><strong>addit:</strong></span> <span class='ocrx_word' id='word_1_362' title='bbox 1042 3257 1131 3336; x_wconf 85' lang='lat' dir='ltr'><strong>„quia</strong></span> <span class='ocrx_word' id='word_1_363' title='bbox 1152 3278 1186 3316; x_wconf 87' lang='lat' dir='ltr'><strong>ex</strong></span> <span class='ocrx_word' id='word_1_364' title='bbox 1205 3277 1243 3318; x_wconf 87' lang='lat' dir='ltr'><strong>eo</strong></span> 
     </span>
     <span class='ocr_line' id='line_1_41' title="bbox 105 3333 1244 3416; baseline -0.001 -21"><span class='ocrx_word' id='word_1_365' title='bbox 105 3333 298 3412; x_wconf 84' lang='lat' dir='ltr'><strong>requiescunt</strong></span> <span class='ocrx_word' id='word_1_366' title='bbox 317 3355 333 3393; x_wconf 87' lang='lat' dir='ltr'><strong>a</strong></span> <span class='ocrx_word' id='word_1_367' title='bbox 354 3335 503 3395; x_wconf 85' lang='lat' dir='ltr'><strong>laboribus</strong></span> <span class='ocrx_word' id='word_1_368' title='bbox 523 3337 600 3396; x_wconf 84' lang='lat' dir='ltr'><strong>suis“</strong></span> <span class='ocrx_word' id='word_1_369' title='bbox 621 3336 873 3416; x_wconf 77' lang='lat' dir='ltr'><strong>(Apoc.1l,13.).</strong></span> <span class='ocrx_word' id='word_1_370' title='bbox 893 3335 997 3394; x_wconf 77' lang='lat' dir='ltr'><strong>Amori</strong></span> <span class='ocrx_word' id='word_1_371' title='bbox 1016 3346 1112 3394; x_wconf 86' lang='lat' dir='ltr'><strong>antem</strong></span> <span class='ocrx_word' id='word_1_372' title='bbox 1140 3345 1244 3394; x_wconf 85' lang='lat' dir='ltr'><strong>nostro</strong></span> 
     </span>
     <span class='ocr_line' id='line_1_42' title="bbox 106 3409 1243 3492; baseline -0.003 -21"><span class='ocrx_word' id='word_1_373' title='bbox 106 3430 171 3471; x_wconf 90' lang='lat' dir='ltr'><strong>non</strong></span> <span class='ocrx_word' id='word_1_374' title='bbox 192 3410 333 3470; x_wconf 87' lang='lat' dir='ltr'><strong>debemus</strong></span> <span class='ocrx_word' id='word_1_375' title='bbox 353 3431 483 3492; x_wconf 88' lang='lat' dir='ltr'><strong>eousque</strong></span> <span class='ocrx_word' id='word_1_376' title='bbox 504 3412 673 3492; x_wconf 80' lang='lat' dir='ltr'><strong>indulgere,</strong></span> <span class='ocrx_word' id='word_1_377' title='bbox 703 3424 735 3470; x_wconf 90' lang='lat' dir='ltr'><strong>ut</strong></span> <span class='ocrx_word' id='word_1_378' title='bbox 782 3434 927 3471; x_wconf 85' lang='lat' dir='ltr'><strong>ervcrsum</strong></span> <span class='ocrx_word' id='word_1_379' title='bbox 954 3412 1057 3471; x_wconf 88' lang='lat' dir='ltr'><strong>orandi</strong></span> <span class='ocrx_word' id='word_1_380' title='bbox 1078 3429 1191 3470; x_wconf 91' lang='lat' dir='ltr'><strong>morem</strong></span> <span class='ocrx_word' id='word_1_381' title='bbox 1212 3409 1243 3468; x_wconf 91' lang='lat' dir='ltr'><strong>iu</strong></span> 
     </span>
     <span class='ocr_line' id='line_1_43' title="bbox 106 3433 1246 3580; baseline -0.001 -33"><span class='ocrx_word' id='word_1_382' title='bbox 106 3484 233 3547; x_wconf 85' lang='lat' dir='ltr'><strong>ecclesia</strong></span> <span class='ocrx_word' id='word_1_383' title='bbox 253 3488 405 3580; x_wconf 71' lang='lat' dir='ltr'><strong>erigamus.</strong></span> <span class='ocrx_word' id='word_1_384' title='bbox 446 3489 536 3549; x_wconf 81' lang='lat' dir='ltr'><strong>Certe</strong></span> <span class='ocrx_word' id='word_1_385' title='bbox 556 3488 684 3567; x_wconf 91' lang='lat' dir='ltr'><strong>quisquis</strong></span> <span class='ocrx_word' id='word_1_386' title='bbox 703 3433 844 3548; x_wconf 81' lang='lat' dir='ltr'><strong>mediocri</strong></span> <span class='ocrx_word' id='word_1_387' title='bbox 865 3488 1017 3568; x_wconf 84' lang='lat' dir='ltr'><strong>prudentia</strong></span> <span class='ocrx_word' id='word_1_388' title='bbox 1079 3486 1141 3562; x_wconf 87' lang='lat' dir='ltr'><strong>llet,</strong></span> <span class='ocrx_word' id='word_1_389' title='bbox 1161 3486 1246 3546; x_wconf 86' lang='lat' dir='ltr'><strong>lacile</strong></span> 
     </span>
     <span class='ocr_line' id='line_1_44' title="bbox 106 3510 1246 3647; baseline -0.001 -25"><span class='ocrx_word' id='word_1_390' title='bbox 106 3564 245 3647; x_wconf 71' lang='lat' dir='ltr'><strong>agnoscit</strong></span> <span class='ocrx_word' id='word_1_391' title='bbox 265 3566 402 3643; x_wconf 83' lang='lat' dir='ltr'><strong>quicquid</strong></span> <span class='ocrx_word' id='word_1_392' title='bbox 424 3565 460 3624; x_wconf 90' lang='lat' dir='ltr'><strong>de</strong></span> <span class='ocrx_word' id='word_1_393' title='bbox 481 3565 533 3624; x_wconf 89' lang='lat' dir='ltr'><strong>buc</strong></span> <span class='ocrx_word' id='word_1_394' title='bbox 555 3586 586 3624; x_wconf 90' lang='lat' dir='ltr'><strong>re</strong></span> <span class='ocrx_word' id='word_1_395' title='bbox 606 3564 714 3646; x_wconf 82' lang='lat' dir='ltr'><strong>legitur</strong></span> <span class='ocrx_word' id='word_1_396' title='bbox 733 3564 810 3645; x_wconf 89' lang='lat' dir='ltr'><strong>apud</strong></span> <span class='ocrx_word' id='word_1_397' title='bbox 830 3579 959 3637; x_wconf 84' lang='lat' dir='ltr'><strong>veteres,</strong></span> <span class='ocrx_word' id='word_1_398' title='bbox 978 3510 1098 3644; x_wconf 65' lang='lat' dir='ltr'><strong>pubppo</strong></span> <span class='ocrx_word' id='word_1_399' title='bbox 1118 3563 1194 3622; x_wconf 93' lang='lat' dir='ltr'><strong>mori</strong></span> <span class='ocrx_word' id='word_1_400' title='bbox 1214 3572 1246 3621; x_wconf 89' lang='lat' dir='ltr'><strong>et</strong></span> 
     </span>
     <span class='ocr_line' id='line_1_45' title="bbox 106 3640 1245 3722; baseline -0.002 -20"><span class='ocrx_word' id='word_1_401' title='bbox 106 3640 189 3721; x_wconf 77' lang='lat' dir='ltr'><strong>uulgi</strong></span> <span class='ocrx_word' id='word_1_402' title='bbox 210 3641 373 3721; x_wconf 88' lang='lat' dir='ltr'><strong>imperitiae</strong></span> <span class='ocrx_word' id='word_1_403' title='bbox 395 3642 482 3702; x_wconf 87' lang='lat' dir='ltr'><strong>luisse</strong></span> <span class='ocrx_word' id='word_1_404' title='bbox 502 3642 610 3701; x_wconf 86' lang='lat' dir='ltr'><strong>datum.</strong></span> <span class='ocrx_word' id='word_1_405' title='bbox 649 3640 774 3722; x_wconf 84' lang='lat' dir='ltr'><strong>Abrepti</strong></span> <span class='ocrx_word' id='word_1_406' title='bbox 793 3643 880 3701; x_wconf 89' lang='lat' dir='ltr'><strong>etiam</strong></span> <span class='ocrx_word' id='word_1_407' title='bbox 900 3641 964 3721; x_wconf 92' lang='lat' dir='ltr'><strong>ipsi,</strong></span> <span class='ocrx_word' id='word_1_408' title='bbox 984 3643 1090 3713; x_wconf 77' lang='lat' dir='ltr'><strong>fatcor,</strong></span> <span class='ocrx_word' id='word_1_409' title='bbox 1109 3640 1138 3697; x_wconf 93' lang='lat' dir='ltr'><strong>in</strong></span> <span class='ocrx_word' id='word_1_410' title='bbox 1160 3658 1245 3700; x_wconf 86' lang='lat' dir='ltr'><strong>erro-</strong></span> 
     </span>
     <span class='ocr_line' id='line_1_46' title="bbox 107 3714 1243 3798; baseline -0.002 -21"><span class='ocrx_word' id='word_1_411' title='bbox 107 3737 174 3777; x_wconf 89' lang='lat' dir='ltr'><strong>rem</strong></span> <span class='ocrx_word' id='word_1_412' title='bbox 195 3717 324 3792; x_wconf 84' lang='lat' dir='ltr'><strong>lueruut,</strong></span> <span class='ocrx_word' id='word_1_413' title='bbox 345 3738 450 3798; x_wconf 89' lang='lat' dir='ltr'><strong>nempe</strong></span> <span class='ocrx_word' id='word_1_414' title='bbox 472 3731 503 3778; x_wconf 92' lang='lat' dir='ltr'><strong>ut</strong></span> <span class='ocrx_word' id='word_1_415' title='bbox 524 3717 738 3777; x_wconf 84' lang='lat' dir='ltr'><strong>inconsiderata</strong></span> <span class='ocrx_word' id='word_1_416' title='bbox 758 3718 912 3779; x_wconf 83' lang='lat' dir='ltr'><strong>credulitas</strong></span> <span class='ocrx_word' id='word_1_417' title='bbox 932 3719 1046 3796; x_wconf 83' lang='lat' dir='ltr'><strong>privare</strong></span> <span class='ocrx_word' id='word_1_418' title='bbox 1067 3714 1174 3774; x_wconf 90' lang='lat' dir='ltr'><strong>iudicio</strong></span> <span class='ocrx_word' id='word_1_419' title='bbox 1193 3734 1243 3775; x_wconf 90' lang='lat' dir='ltr'><strong>so-</strong></span> 
     </span>
     <span class='ocr_line' id='line_1_47' title="bbox 108 3792 1245 3874; baseline -0.004 -19"><span class='ocrx_word' id='word_1_420' title='bbox 108 3793 152 3855; x_wconf 89' lang='lat' dir='ltr'><strong>let</strong></span> <span class='ocrx_word' id='word_1_421' title='bbox 173 3792 323 3853; x_wconf 88' lang='lat' dir='ltr'><strong>bominum</strong></span> <span class='ocrx_word' id='word_1_422' title='bbox 344 3807 466 3854; x_wconf 88' lang='lat' dir='ltr'><strong>mentes.</strong></span> <span class='ocrx_word' id='word_1_423' title='bbox 524 3794 640 3854; x_wconf 86' lang='lat' dir='ltr'><strong>Interea</strong></span> <span class='ocrx_word' id='word_1_424' title='bbox 666 3816 753 3873; x_wconf 88' lang='lat' dir='ltr'><strong>quam</strong></span> <span class='ocrx_word' id='word_1_425' title='bbox 777 3794 947 3854; x_wconf 79' lang='lat' dir='ltr'><strong>dubitanter</strong></span> <span class='ocrx_word' id='word_1_426' title='bbox 966 3813 1067 3874; x_wconf 87' lang='lat' dir='ltr'><strong>preces</strong></span> <span class='ocrx_word' id='word_1_427' title='bbox 1087 3811 1142 3870; x_wconf 93' lang='lat' dir='ltr'><strong>pro</strong></span> <span class='ocrx_word' id='word_1_428' title='bbox 1162 3811 1245 3851; x_wconf 90' lang='lat' dir='ltr'><strong>mor-</strong></span> 
     </span>
     <span class='ocr_line' id='line_1_48' title="bbox 107 3869 1245 3950; baseline -0.003 -20"><span class='ocrx_word' id='word_1_429' title='bbox 107 3869 169 3930; x_wconf 88' lang='lat' dir='ltr'><strong>tuis</strong></span> <span class='ocrx_word' id='word_1_430' title='bbox 187 3871 413 3944; x_wconf 86' lang='lat' dir='ltr'><strong>commendent,</strong></span> <span class='ocrx_word' id='word_1_431' title='bbox 432 3870 520 3931; x_wconf 90' lang='lat' dir='ltr'><strong>lectio</strong></span> <span class='ocrx_word' id='word_1_432' title='bbox 541 3871 601 3950; x_wconf 85' lang='lat' dir='ltr'><strong>ipsa</strong></span> <span class='ocrx_word' id='word_1_433' title='bbox 624 3872 813 3931; x_wconf 85' lang='lat' dir='ltr'><strong>demonstrat.</strong></span> <span class='ocrx_word' id='word_1_434' title='bbox 851 3871 998 3931; x_wconf 80' lang='lat' dir='ltr'><strong>lilonicum</strong></span> <span class='ocrx_word' id='word_1_435' title='bbox 1023 3881 1145 3929; x_wconf 82' lang='lat' dir='ltr'><strong>matrem</strong></span> <span class='ocrx_word' id='word_1_436' title='bbox 1163 3888 1245 3929; x_wconf 86' lang='lat' dir='ltr'><strong>suam</strong></span> 
     </span>
     <span class='ocr_line' id='line_1_49' title="bbox 106 3944 1245 4028; baseline -0.002 -21"><span class='ocrx_word' id='word_1_437' title='bbox 106 3948 138 4007; x_wconf 92' lang='lat' dir='ltr'><strong>in</strong></span> <span class='ocrx_word' id='word_1_438' title='bbox 150 3944 231 4008; x_wconf 89' lang='lat' dir='ltr'><strong>libris</strong></span> <span class='ocrx_word' id='word_1_439' title='bbox 243 3948 472 4007; x_wconf 80' lang='lat' dir='ltr'><strong>Confessionum</strong></span> <span class='ocrx_word' id='word_1_440' title='bbox 493 3948 717 4028; x_wconf 79' lang='lat' dir='ltr'><strong>Augustinus</strong></span> <span class='ocrx_word' id='word_1_441' title='bbox 738 3960 838 4007; x_wconf 78' lang='lat' dir='ltr'><strong>narrat</strong></span> <span class='ocrx_word' id='word_1_442' title='bbox 857 3947 1048 4006; x_wconf 76' lang='lat' dir='ltr'><strong>vehementer</strong></span> <span class='ocrx_word' id='word_1_443' title='bbox 1064 3966 1097 4004; x_wconf 90' lang='lat' dir='ltr'><strong>ro</strong></span> <span class='ocrx_word' id='word_1_444' title='bbox 1121 3965 1192 4019; x_wconf 84' lang='lat' dir='ltr'><strong>asse,</strong></span> <span class='ocrx_word' id='word_1_445' title='bbox 1211 3954 1245 4005; x_wconf 93' lang='lat' dir='ltr'><strong>ut</strong></span> 
     </span>
     <span class='ocr_line' id='line_1_50' title="bbox 105 3965 1243 4106; baseline -0.006 -20"><span class='ocrx_word' id='word_1_446' title='bbox 105 4022 153 4086; x_wconf 87' lang='lat' dir='ltr'><strong>stri</strong></span> <span class='ocrx_word' id='word_1_447' title='bbox 174 4024 314 4082; x_wconf 84' lang='lat' dir='ltr'><strong>memoria</strong></span> <span class='ocrx_word' id='word_1_448' title='bbox 336 4025 364 4083; x_wconf 93' lang='lat' dir='ltr'><strong>in</strong></span> <span class='ocrx_word' id='word_1_449' title='bbox 388 4024 561 4106; x_wconf 77' lang='lat' dir='ltr'><strong>peragendis</strong></span> <span class='ocrx_word' id='word_1_450' title='bbox 582 4025 725 4105; x_wconf 78' lang='lat' dir='ltr'><strong>mysteriis</strong></span> <span class='ocrx_word' id='word_1_451' title='bbox 746 4023 830 4082; x_wconf 79' lang='lat' dir='ltr'><strong>fieret</strong></span> <span class='ocrx_word' id='word_1_452' title='bbox 851 4023 885 4082; x_wconf 83' lang='lat' dir='ltr'><strong>ad</strong></span> <span class='ocrx_word' id='word_1_453' title='bbox 912 4024 1010 4082; x_wconf 81' lang='lat' dir='ltr'><strong>altare.</strong></span> <span class='ocrx_word' id='word_1_454' title='bbox 1050 3965 1136 4081; x_wconf 78' lang='lat' dir='ltr'><strong>Ande</strong></span> <span class='ocrx_word' id='word_1_455' title='bbox 1161 4020 1243 4081; x_wconf 89' lang='lat' dir='ltr'><strong>scili·</strong></span> 
     </span>
     <span class='ocr_line' id='line_1_51' title="bbox 106 4097 1242 4180; baseline -0.004 -19"><span class='ocrx_word' id='word_1_456' title='bbox 106 4111 158 4162; x_wconf 83' lang='lat' dir='ltr'><strong>cet</strong></span> <span class='ocrx_word' id='word_1_457' title='bbox 176 4112 289 4173; x_wconf 81' lang='lat' dir='ltr'><strong>votum,</strong></span> <span class='ocrx_word' id='word_1_458' title='bbox 309 4102 388 4179; x_wconf 90' lang='lat' dir='ltr'><strong>quod</strong></span> <span class='ocrx_word' id='word_1_459' title='bbox 409 4101 483 4161; x_wconf 78' lang='lat' dir='ltr'><strong>lilius</strong></span> <span class='ocrx_word' id='word_1_460' title='bbox 504 4123 563 4161; x_wconf 91' lang='lat' dir='ltr'><strong>uon</strong></span> <span class='ocrx_word' id='word_1_461' title='bbox 585 4101 679 4180; x_wconf 85' lang='lat' dir='ltr'><strong>eregit</strong></span> <span class='ocrx_word' id='word_1_462' title='bbox 700 4101 735 4159; x_wconf 85' lang='lat' dir='ltr'><strong>ad</strong></span> <span class='ocrx_word' id='word_1_463' title='bbox 756 4122 888 4160; x_wconf 85' lang='lat' dir='ltr'><strong>nonnam</strong></span> <span class='ocrx_word' id='word_1_464' title='bbox 909 4101 1094 4180; x_wconf 79' lang='lat' dir='ltr'><strong>Scripturas:</strong></span> <span class='ocrx_word' id='word_1_465' title='bbox 1114 4097 1166 4159; x_wconf 91' lang='lat' dir='ltr'><strong>sed</strong></span> <span class='ocrx_word' id='word_1_466' title='bbox 1186 4116 1242 4177; x_wconf 93' lang='lat' dir='ltr'><strong>pro</strong></span> 
     </span>
     <span class='ocr_line' id='line_1_52' title="bbox 108 4174 1244 4258; baseline -0.001 -21"><span class='ocrx_word' id='word_1_467' title='bbox 108 4187 233 4238; x_wconf 79' lang='lat' dir='ltr'><strong>naturae</strong></span> <span class='ocrx_word' id='word_1_468' title='bbox 257 4176 366 4237; x_wconf 84' lang='lat' dir='ltr'><strong>ellectu</strong></span> <span class='ocrx_word' id='word_1_469' title='bbox 393 4177 510 4258; x_wconf 85' lang='lat' dir='ltr'><strong>probari</strong></span> <span class='ocrx_word' id='word_1_470' title='bbox 533 4177 596 4237; x_wconf 87' lang='lat' dir='ltr'><strong>aliis</strong></span> <span class='ocrx_word' id='word_1_471' title='bbox 626 4176 728 4236; x_wconf 87' lang='lat' dir='ltr'><strong>voluit.</strong></span> <span class='ocrx_word' id='word_1_472' title='bbox 786 4177 875 4236; x_wconf 89' lang='lat' dir='ltr'><strong>Liber</strong></span> <span class='ocrx_word' id='word_1_473' title='bbox 907 4189 1005 4238; x_wconf 86' lang='lat' dir='ltr'><strong>autem</strong></span> <span class='ocrx_word' id='word_1_474' title='bbox 1034 4174 1070 4235; x_wconf 80' lang='lat' dir='ltr'><strong>dc</strong></span> <span class='ocrx_word' id='word_1_475' title='bbox 1093 4195 1167 4236; x_wconf 75' lang='lat' dir='ltr'><strong>oum</strong></span> <span class='ocrx_word' id='word_1_476' title='bbox 1184 4194 1244 4249; x_wconf 75' lang='lat' dir='ltr'><strong>pro</strong></span> 
     </span>
     <span class='ocr_line' id='line_1_53' title="bbox 110 4252 1245 4333; baseline -0.003 -21"><span class='ocrx_word' id='word_1_477' title='bbox 110 4256 229 4313; x_wconf 65' lang='lat' dir='ltr'><strong>mab</strong></span> <span class='ocrx_word' id='word_1_478' title='bbox 247 4252 378 4331; x_wconf 59' lang='lat' dir='ltr'><strong>cgmdu,</strong></span> <span class='ocrx_word' id='word_1_479' title='bbox 409 4255 444 4313; x_wconf 90' lang='lat' dir='ltr'><strong>ab</strong></span> <span class='ocrx_word' id='word_1_480' title='bbox 466 4274 503 4312; x_wconf 90' lang='lat' dir='ltr'><strong>eo</strong></span> <span class='ocrx_word' id='word_1_481' title='bbox 524 4253 704 4333; x_wconf 88' lang='lat' dir='ltr'><strong>compositus</strong></span> <span class='ocrx_word' id='word_1_482' title='bbox 728 4264 775 4313; x_wconf 91' lang='lat' dir='ltr'><strong>tot</strong></span> <span class='ocrx_word' id='word_1_483' title='bbox 801 4253 1006 4315; x_wconf 82' lang='lat' dir='ltr'><strong>haesitationes</strong></span> <span class='ocrx_word' id='word_1_484' title='bbox 1031 4253 1180 4327; x_wconf 88' lang='lat' dir='ltr'><strong>eontinet,</strong></span> <span class='ocrx_word' id='word_1_485' title='bbox 1211 4259 1245 4309; x_wconf 92' lang='lat' dir='ltr'><strong>ut</strong></span> 
     </span>
     <span class='ocr_line' id='line_1_54' title="bbox 96 4324 1246 4413; baseline -0.004 -22"><span class='ocrx_word' id='word_1_486' title='bbox 96 4332 166 4391; x_wconf 85' lang='lat' dir='ltr'><strong>&#39;suo</strong></span> <span class='ocrx_word' id='word_1_487' title='bbox 185 4329 299 4412; x_wconf 75' lang='lat' dir='ltr'><strong>frigore</strong></span> <span class='ocrx_word' id='word_1_488' title='bbox 319 4330 426 4391; x_wconf 86' lang='lat' dir='ltr'><strong>merito</strong></span> <span class='ocrx_word' id='word_1_489' title='bbox 447 4330 554 4391; x_wconf 84' lang='lat' dir='ltr'><strong>debent</strong></span> <span class='ocrx_word' id='word_1_490' title='bbox 573 4329 654 4390; x_wconf 88' lang='lat' dir='ltr'><strong>stulti</strong></span> <span class='ocrx_word' id='word_1_491' title='bbox 673 4328 729 4391; x_wconf 82' lang='lat' dir='ltr'><strong>zeli</strong></span> <span class='ocrx_word' id='word_1_492' title='bbox 749 4329 875 4392; x_wconf 81' lang='lat' dir='ltr'><strong>calorem</strong></span> <span class='ocrx_word' id='word_1_493' title='bbox 896 4330 1089 4413; x_wconf 75' lang='lat' dir='ltr'><strong>exstinguere.</strong></span> <span class='ocrx_word' id='word_1_494' title='bbox 1127 4324 1246 4409; x_wconf 84' lang='lat' dir='ltr'><strong>Siquis</strong></span> 
     </span>
    </p>
   </div>
   <div class='ocr_carea' id='block_1_3' title="bbox 0 0 1354 4732">
    <p class='ocr_par' dir='ltr' id='par_1_3' title="bbox 0 0 1354 4732">
     <span class='ocr_line' id='line_1_55' title="bbox 0 0 1354 4732; baseline 0 2"><span class='ocrx_word' id='word_1_495' title='bbox 0 0 1354 4732; x_wconf 95' lang='lat' dir='ltr'><strong> </strong></span> 
     </span>
    </p>
   </div>
  </div>
 </body>
</html>
