2700 4732
107 188 168 252 m
495 146 871 291 mmmm

108 336 155 389 cst
193 346 264 391 nam
277 324 448 391 mendacem
469 324 567 387 lacere
584 326 694 389 Deum.
732 327 844 388 Eadem
864 327 952 389 etiarn
971 345 1067 409 opera
1084 322 1237 387 astutus

106 403 157 463 isti
172 346 281 464 ioedns
300 402 370 477 Dei,
391 423 451 481 quo
461 403 585 465 vidimus
604 405 726 465 salutem
746 416 875 465 nostram
893 405 1053 479 contineri,
1071 402 1169 483 eapite
1183 422 1238 463 uno

107 479 232 540 inducto
252 479 391 554 lacerant,
408 489 496 559 atque
516 480 557 541 ita
575 480 707 542 funditus
726 478 922 542 labefaciunt:
942 502 1004 541 non
1023 490 1142 541 tantum
1159 478 1190 539 in
1206 496 1238 539 eo

108 555 259 638 sacrilegi,
288 554 369 635 quod
388 568 526 636 separant
551 576 598 618 res
618 557 694 619 adeo
719 557 905 633 coniunctas,
931 558 983 619 aed
1004 556 1096 618 etiam
1114 554 1196 636 impii
1215 564 1239 615 et

108 632 243 693 crudeles
263 631 343 712 quod
363 632 481 693 miseras
501 632 611 694 animas
636 634 768 693 obruunt
794 634 1015 713 desperatione:
1054 632 1088 693 in
1112 651 1146 693 ee
1170 632 1239 713 ipit:

108 708 227 789 quidem
254 720 285 768 et
307 708 364 769 sibi
388 708 494 769 similes
514 710 634 789 perfidi,
660 710 740 789 quod
760 710 924 771 socordiam
943 710 999 771 sibi
1018 720 1175 771 arcessunt
1190 704 1240 767 liri

106 784 325 847 misericordiae
345 804 380 845 ex
400 784 542 847 diametro
561 787 720 848 adversam.
760 787 851 860 Quod
872 798 968 846 autem
984 786 1147 861 obiiciunt,
1165 782 1240 867 regri

61 910 66 923 .
106 861 168 922 Dei
187 862 344 921 adventum
364 861 496 942 optando
516 862 601 923 simul
622 885 675 924 nos
695 863 809 945 pcccati
828 863 1023 924 abolitionem
1050 874 1172 943 petere:
1200 856 1240 919 ni·

106 940 162 999 uiis
182 937 295 1019 puerile
315 950 373 997 est:
394 938 463 1018 quia
482 939 512 999 iii
533 940 633 1032 priore
654 940 797 1000 orationis
816 938 916 1000 tabula
939 960 1050 1001 sumina
1072 936 1164 999 uobis
1181 956 1240 1017 pe·

106 1014 218 1089 lectio,
244 1015 291 1074 bie
316 1025 413 1073 autem
439 1014 590 1077 inlirmitas
609 1016 797 1097 proponitur.
844 1016 890 1076 lta
910 1017 969 1077 duo
989 1015 1063 1077 baec
1082 1024 1156 1095 apte
1172 1014 1242 1075 inter

36 1110 39 1115 ’
105 1113 140 1154 ae
160 1091 353 1163 conveniunt,
373 1100 406 1149 ut
425 1091 580 1170 aspirando
602 1093 638 1152 ad
657 1104 782 1167 metam,
802 1113 876 1171 quae
896 1091 1055 1153 necessitas
1075 1102 1184 1151 nomn
1198 1106 1241 1149 re·

106 1167 204 1229 media
225 1166 322 1246 exigit,
342 1184 404 1225 non
424 1167 616 1262 negligamus.
635 1207 674 1218 —
702 1168 832 1230 Petimus
852 1169 968 1229 demum
988 1168 1241 1229 remissionem

107 1244 217 1305 nobis
245 1241 345 1317 lieri,
375 1254 433 1316 „ut
462 1248 531 1324 ipsi
556 1245 792 1307 debitoribus
817 1246 958 1307 nostris
980 1245 1241 1305 remittimus:ll

107 1320 168 1381 boe
188 1331 242 1392 est,
262 1331 296 1378 ut
314 1318 450 1380 omnibus
470 1322 614 1401 parcimus
624 1342 667 1387 ,ac
686 1323 801 1382 veniam
821 1321 931 1394 damus,
950 1343 966 1382 a
986 1339 1175 1401 quocunque
1191 1316 1243 1379 nlla

106 1396 141 1457 in
160 1413 194 1455 re
214 1394 283 1456 laesi
301 1415 411 1471 suiuus,
430 1410 480 1457 aut
499 1396 578 1459 lacto
599 1398 701 1479 inique
719 1399 844 1472 tractati,
863 1410 913 1458 aut
932 1398 1011 1458 dieto
1029 1394 1244 1459 contumeliose

106 1472 231 1551 accepti
267 1472 336 1533 Non
358 1472 437 1552 quod
452 1474 550 1535 delicti
562 1487 650 1555 atque
662 1475 796 1535 offensae
816 1473 929 1553 eulpam
941 1474 1097 1535 remittere
1113 1484 1244 1535 nom!

106 1548 160 1625 sit,
180 1548 259 1628 quod
279 1547 369 1609 solius
389 1549 448 1610 Dei
467 1562 512 1611 est
529 1551 601 1630 (les.
620 1558 675 1626 43,
694 1553 781 1627 25.):..
797 1571 898 1611 verum
919 1551 990 1611 baec
1009 1562 1118 1611 nostra
1139 1561 1186 1611 est
1201 1568 1244 1609 re·

92 1625 225 1701 missio,
244 1625 332 1699 iram,
352 1624 469 1700 odium,
489 1627 637 1687 vindictae
654 1629 853 1708 appetentiam
874 1646 908 1686 ex
931 1627 1028 1688 animo
1049 1626 1136 1687 ultro
1157 1626 1244 1707 depu-

105 1721 197 1775 nere,
237 1713 268 1760 et
296 1701 467 1763 iniuriarum
501 1704 670 1764 memoriam
701 1702 864 1765 voluntaria
898 1702 1050 1765 oblivione
1081 1714 1244 1764 contenet·

107 1777 315 1855 Quamobrem
334 1791 521 1870 peccatorum
541 1781 674 1841 remissio
695 1802 710 1840 a
730 1782 798 1840 Deo
818 1781 944 1862 petenda
965 1801 1025 1840 non
1048 1790 1105 1853 est,
1127 1778 1186 1840 nisi
1202 1776 1245 1841 ol·

104 1855 204 1916 sensas
225 1855 312 1913 etiarn
332 1855 387 1933 ipsi
408 1868 522 1917 nostras
534 1857 670 1918 omnibus
691 1858 881 1932 remittamus,
900 1856 952 1935 qui
971 1854 1060 1917 nobis
1080 1854 1187 1916 iniurii
1203 1852 1245 1917 rel

104 1943 177 1994 aunt
196 1929 243 1991 vel
263 1930 391 1991 suerunt.
430 1933 531 2012 Siqua
545 1954 616 1993 vero
632 1933 700 1993 odia
720 1934 822 1993 animis
842 1934 1013 2007 retinemus,
1033 1930 1173 1997 ultione·
1189 1950 1245 1993 ne·

106 2008 246 2082 ditamur,
265 2019 295 2066 et
315 2029 372 2088 qua
393 2029 550 2070 noceamus
571 2010 726 2071 occasione
738 2010 915 2090 cogitamus:
935 2009 1083 2069 imovero
1104 2009 1166 2070 nisi
1185 2020 1252 2071 tu!-

88 2083 236 2161 ¹inimicis
259 2083 356 2143 redire
377 2087 406 2144 in
427 2086 568 2166 gratiam,
594 2088 731 2177 ipsosque
756 2084 838 2147 omni
864 2085 1030 2146 officiorum
1056 2104 1177 2167 genere
1198 2084 1244 2145 ile·

104 2162 227 2234 mereri,
246 2160 392 2240 nobisque
407 2162 566 2222 conciliare
586 2160 723 2222 nitimur:
743 2161 797 2224 bae
817 2162 987 2243 precatione
997 2161 1098 2223 Deum
1119 2162 1244 2223 obtesta-

104 2260 185 2313 mur,
206 2255 244 2295 ne
263 2250 451 2329 peccatorum
471 2239 673 2300 remissionem
694 2238 780 2301 nobis
800 2239 896 2299 iaciat
940 2238 1097 2299 Poseimni
1119 2240 1201 2299 enim
1215 2248 1244 2299 1

105 2314 195 2375 nobis
214 2311 312 2386 iaciat,
350 2314 488 2376 uamaliis
509 2315 638 2375 iacimus.
676 2316 826 2377 Hoevero
847 2319 891 2375 est
910 2326 1023 2396 petere,
1043 2314 1244 2377 ueriobial't·
1279 2344 1282 2351 ·

104 2390 164 2452 ciat
184 2389 240 2449 nisi
258 2389 312 2469 ipsi
329 2335 462 2451 iacimus.
503 2393 566 2466 Qui
586 2411 658 2483 ergo
679 2391 844 2452 huiusmodi
864 2393 947 2466 sunt,
967 2390 1037 2471 quid
1058 2412 1244 2473 consequita-

104 2478 157 2528 tur
175 2486 225 2526 sua
245 2465 389 2546 petitione
409 2468 464 2529 nisi
483 2470 601 2549 gravius
620 2467 777 2529 indicium?
794 2502 834 2518 -
853 2468 1008 2528 Postremo
1027 2468 1243 2531 observanda
1280 2526 1282 2533 .

105 2554 163 2618 est,
181 2562 242 2601 non
264 2542 338 2603 bane
359 2543 562 2604 conditionem
581 2546 648 2605 ideo
662 2545 759 2619 adiici,
778 2557 811 2604 ut
831 2545 963 2606 remittat
980 2542 1079 2620 nobis,
1100 2547 1183 2607 sicut
1198 2544 1244 2607 de·
1280 2558 1282 2565 '

105 2618 255 2681 bitoribus
266 2620 373 2711 nostris
386 2621 570 2695 remittimus,
589 2634 747 2702 propterea
760 2622 840 2702 quod
860 2632 970 2694 nostra,
983 2642 1069 2700 quani
1089 2621 1161 2685 aliis
1180 2622 1243 2685 laei-

105 2718 188 2769 mus‚
209 2715 395 2772 remissione,
414 2697 613 2757 remissionem
638 2718 819 2770 mereamur,
852 2698 909 2758 acsi
929 2708 1031 2757 notata
1051 2711 1134 2760 esset
1152 2718 1243 2761 unia:

105 2794 209 2834 verum
229 2773 287 2833 boe
306 2773 402 2834 verbo
427 2774 516 2834 solari
541 2776 647 2854 partim
671 2775 769 2834 voluit
788 2775 933 2833 Dominus
958 2772 1025 2832 fidei
1052 2788 1180 2835 nostrae
1195 2778 1243 2837 in-
1277 2836 1282 2847 ,

105 2849 309 2912 berillitateni.
325 2848 465 2910 'Addidit
484 2851 563 2910 enim
584 2851 640 2912 boc
658 2863 798 2930 tanquam
818 2852 1005 2932 signumque
1024 2851 1245 2925 confirmemur,

106 2938 168 2989 tarn
189 2942 272 2988 certo
293 2927 380 2988 nobis
400 2927 505 2989 iactam
525 2948 541 2987 a
560 2948 592 2989 se
612 2928 813 2988 remissionem
834 2939 1032 3007 peecatorum,
1053 2949 1147 3006 quain
1167 2940 1243 2991 certo

106 3004 221 3066 conscii
240 3026 338 3065 suinus
357 3004 420 3064 aliis
441 3024 504 3064 eam
524 3024 541 3063 a
562 3005 648 3065 nobis
668 3005 744 3063 lieri:
765 3005 790 3064 si
808 3017 906 3064 tamen
926 3004 1039 3063 animus
1060 3004 1244 3067 nobisoiini

106 3081 199 3154 odio,
222 3080 331 3154 livore,
353 3081 497 3154 vindicta,
520 3101 627 3141 vacuus
652 3092 849 3163 purgatusque
870 3093 926 3139 est:
956 3080 1062 3159 partim
1082 3080 1143 3144 bae
1162 3081 1245 3143 veluti

106 3169 197 3230 nota,
217 3176 234 3215 e
253 3157 380 3218 filiorum
400 3176 525 3218 numero
546 3159 695 3236 expungit,
715 3157 765 3236 qui
785 3158 820 3216 ad
840 3156 1039 3216 ulciscendum
1060 3160 1246 3241 praecipiter,

107 3235 144 3293 ad
171 3234 378 3294 remittendum
399 3232 548 3305 dilficiles,
580 3234 743 3312 pertinaces
767 3232 930 3293 inimicitias
959 3245 1117 3308 exercent,
1151 3248 1182 3297 et
1203 3238 1245 3297 iu·

107 3308 326 3391 dignationem,
347 3330 433 3389 quam
453 3331 469 3368 a
488 3329 521 3368 se
533 3309 737 3388 deprecantur,
757 3309 811 3389 ipsi
827 3311 962 3370 adversus
981 3309 1053 3370 alios
1075 3309 1193 3389 fovent,
1211 3330 1246 3373 ne

106 3406 139 3449 ee
159 3405 217 3466 pro
235 3384 323 3445 Patre
343 3386 482 3446 invocare
501 3386 611 3446 ausint:
632 3388 712 3467 quod
732 3394 818 3447 etiam
839 3387 947 3446 diserte
966 3387 996 3446 in
1018 3385 1136 3449 Christi
1156 3388 1248 3451 rerbit

108 3462 284 3544 exprimitur
302 3463 378 3541 apud
398 3463 518 3522 Lu'cani.

187 3544 236 3603 46.
273 3538 368 3597 Sextis
387 3539 493 3617 petitio
513 3541 561 3616 (ut
574 3536 709 3618 diximus)
729 3538 917 3619 promissioni
937 3537 1101 3619 respondet
1121 3538 1248 3619 ‹10an

108 3616 172 3677 Dei
189 3613 323 3675 cordibus
340 3617 448 3674 nonnis
470 3614 677 3690 insculpenda:
704 3617 754 3677 sed
775 3617 841 3695 quia
867 3637 927 3675 non
948 3618 1010 3675 sirie
1031 3616 1180 3691 contiuua
1198 3620 1249 3681 ni·

108 3695 171 3755 litia
193 3693 330 3771 durisque
350 3703 381 3751 et
398 3692 496 3752 arduis
511 3693 716 3753 certaminibus
727 3693 793 3752 Deo
813 3712 957 3771 paremus,
977 3692 1023 3752 liic
1066 3694 1178 3757 etilnua
1196 3716 1248 3757 utta

109 3770 196 3832 armis
216 3768 320 3829 instrui
347 3781 378 3829 et
402 3768 548 3848 praesidio
570 3768 706 3861 delendi,
735 3779 768 3828 ut
796 3789 879 3848 pares
901 3769 988 3861 simiis
1012 3790 1027 3828 a
1073 3770 1247 3861 victoriam:

109 3865 430 3986 tttat‘ttitt‘dt?
443 3846 768 3994 lttltiJ'tltd'lt
792 3845 1247 4005 ttsstgdtt‘td‘tltattt

109 4001 161 4063 sed
182 3998 272 4059 etiam
292 3999 415 4069 auxilio,
435 4018 495 4077 quo
516 4018 570 4058 nos
591 3999 802 4078 insuperabiles
821 3998 924 4058 reddat
942 4011 1048 4057 contra
1067 4019 1179 4063 omnes
1198 4002 1248 4063 Sa·

108 4090 197 4138 tanae
221 4087 281 4135 tam
312 4075 431 4135 insidias
450 4094 537 4152 quam
563 4074 708 4135 violentos
734 4074 897 4136 conflictus.
947 4075 1009 4134 lam
1033 4093 1110 4137 vero
1141 4078 1248 4139 multae

67 4200 70 4207 -
109 4164 179 4216 sunt
203 4173 240 4214 ac
263 4151 359 4214 variae
383 4150 579 4210 tentationum
604 4150 727 4212 lormae.
771 4152 846 4212 Nam
872 4164 903 4211 et
926 4170 1031 4232 pravae
1058 4152 1154 4215 animi
1177 4174 1247 4217 con·

108 4229 275 4320 ceptione:²
293 4228 323 4288 in
335 4228 423 4311 Legis
441 4228 701 4310 transgressionem
720 4248 775 4289 nos
794 4241 1002 4319 provocantes,
1021 4230 1161 4308 quesnel
1179 4251 1247 4293 cou-

108 4308 294 4390 cupiscentia
311 4316 413 4369 noina
431 4303 518 4369 nobis
535 4305 684 4390 suggerit,
701 4305 748 4368 iiel
773 4303 908 4368 diabolus
927 4305 1049 4384 moui,
1066 4306 1246 4401 tentatione·
