2700 4732
490 192 564 263 nan.
585 192 638 252 av.
660 191 766 266 ,cae
785 136 867 267 ,ΚΧ
1189 196 1247 265 tet
1287 212 1292 233 ·

93 350 145 399 ‚et
165 338 317 399 exanimo
338 335 486 405 subiectos
504 356 536 397 se
557 357 619 397 esse
638 346 794 411 testentur,
813 335 895 397 addit
915 334 1021 396 Paulus
1039 333 1079 412 (1.
1093 333 1206 406 Tim2,
1218 341 1247 401 1.

112 428 145 477 et
156 418 213 493 2.),
233 425 266 474 ut
285 435 400 486 eorum,
418 411 472 475 sub
493 413 598 492 quibus
618 413 730 490 vivunt,
749 413 870 474 salntem
890 432 924 472 ac
943 411 1167 492 prosperitatem
1177 410 1246 473 Deo

112 491 331 550 commendent.
363 488 566 564 „lldbortor,“
587 490 694 570 inquit,
713 503 766 565 „ut
776 491 847 551 bant
858 487 1090 568 deprecationes,
1110 487 1249 549 obsecras

111 568 248 642 „tiones,
268 565 536 658 interpellationes,
578 567 714 626 ratiarum
734 566 865 628 actiones
885 586 939 646 pro
961 563 1247 624 omnibushomini-

111 644 198 721 ,‚bus,
220 665 272 734 pro
284 643 416 724 Regibus
434 653 464 701 et
483 586 619 702 omnibus
639 643 670 701 in
689 642 847 703 eminentia
861 642 1040 703 constitutis:
1060 652 1093 704 ut
1105 639 1247 720 placidam

111 734 164 796 „et
203 733 308 779 metam
329 720 415 779 vitam
437 719 585 854 depamns,
604 741 670 778 cum
689 721 771 778 omni
791 718 899 799 pietate
919 739 953 778 ac
973 717 1158 777 honestate.“
1182 718 1246 777 Ne·

113 743 238 876 queldo
258 818 289 857 se
309 796 461 877 quisquam
496 795 572 854 allat.
617 796 747 870 Quando
769 798 846 855 enirn
871 795 964 855 resisti
984 793 1162 873 magistratui
1182 814 1246 853 non

112 884 222 952 potest,
241 874 312 952 quio
332 872 417 932 simul
428 872 494 932 Deo
509 871 672 932 resistatur:
693 872 805 933 etiamsi
825 871 944 951 impune
963 869 1114 931 contemni
1133 869 1247 929 videtur

112 970 201 1029 posse
220 950 337 1010 inermis
359 948 555 1030 magistratus,
587 949 666 1007 Deus
685 960 784 1009 tamen
805 959 931 1009 armatus
951 957 1011 1020 est,
1031 946 1081 1025 qui
1101 947 1145 1007 sui
1170 967 1248 1006 con-.

110 1037 254 1105 temptum
277 1025 393 1086 sortiter
413 1025 577 1085 ulciscatur.
621 1024 684 1083 Sub
706 1024 760 1085 bac
778 1035 930 1104 praeterea
950 1023 1121 1093 obedientia
1142 1022 1245 1082 mode-

112 1102 255 1161 rationem
267 1101 498 1181 comprehendo,
517 1121 602 1179 quam
622 1100 678 1161 sibi
699 1101 728 1160 in
749 1100 868 1181 publico
890 1101 1034 1179 imperare
1047 1096 1168 1159 debent
1184 1099 1246 1179 pri·

113 1180 171 1238 rati
192 1178 339 1252 homines,
358 1198 396 1237 ne
415 1198 446 1259 se
465 1178 542 1238 ultra
562 1177 881 1258 admisceantpublicis
906 1177 1034 1258 negotiis
1058 1189 1109 1237 aut
1132 1188 1246 1237 temere

111 1259 276 1334 irrumpant
299 1255 328 1314 in
354 1262 452 1333 p'artcs
476 1275 520 1313 ma
546 1254 659 1313 istratus
685 1274 719 1313 ac
744 1253 871 1335 nequid
892 1253 1014 1313 omnino
1042 1252 1159 1331 publice
1178 1272 1246 1312 mo-

111 1330 229 1391 liantur.
269 1331 391 1411 Siquid
411 1332 441 1391 iu
463 1273 580 1410 pondes
600 1329 788 1390 ordinatione
807 1328 917 1412 corrigi
937 1329 1088 1401 intererit,
1115 1350 1177 1389 non
1196 1339 1246 1388 tu-

111 1408 296 1468 multuentur
315 1410 323 1467 i
345 1409 386 1478 si,
415 1428 472 1468 nec
491 1407 665 1467 admoveant
683 1405 768 1485 operi
791 1428 910 1480 manus,
935 1426 1006 1484 quas
1031 1405 1087 1466 illis
1108 1404 1247 1466 omnibns

110 1483 213 1564 ligatas
238 1504 300 1545 esse
325 1431 379 1543 liae
412 1484 442 1544 in
471 1495 555 1565 parte
581 1482 681 1542 deceta
712 1483 763 1543 sed
783 1484 819 1549 ad
839 1483 1021 1564 magistratus
1041 1482 1247 1563 cognitionem

111 1561 261 1632 deferant,
294 1561 375 1620 cuius
394 1561 479 1622 unius
499 1558 545 1620 bic
564 1559 660 1620 soluta
679 1570 724 1618 est
742 1581 853 1621 manus.
901 1558 1041 1640 Intelligo
1066 1570 1181 1633 autem,
1206 1577 1248 1618 ne

111 1638 181 1716 quid
203 1637 302 1695 iniussi
322 1636 462 1696 audeant:
484 1658 549 1696 narn
570 1635 620 1716 ubi
635 1637 757 1697 accessit
775 1635 915 1717 praelecti
931 1636 1095 1713 imperium,
1113 1633 1171 1694 iam
1190 1634 1259 1715 ipsi,

111 1733 232 1792 quoque
258 1712 376 1792 publica
399 1713 572 1773 anctoritate
596 1712 721 1792 praediti
747 1725 824 1774 sunt.
873 1711 917 1773 Ut
941 1712 1019 1775 enirn
1046 1730 1130 1780 aures
1155 1721 1245 1802 atque

111 1790 215 1849 oculos
237 1789 375 1880 principis
393 1809 499 1851 uocare
519 1788 607 1871 vulgo
627 1788 726 1849 solent
744 1789 806 1850 eius
826 1787 1024 1850 consiliarios:
1055 1787 1098 1855 ita.
1116 1807 1177 1855 non
1197 1808 1248 1858 ιιι-7

110 1865 198 2001 sulses
214 1866 352 1956 principis
379 1887 480 1926 manns
501 1865 564 1946 quis
584 1865 671 1940 dicat,
691 1886 766 1946 quos
785 1865 874 1926 rebus
894 1865 1013 1946 agendis
1032 1863 1171 1925 mandato
1191 1884 1247 1926 suo

133 1962 181 2001 rae
197 1953 295 2002 ecerat.
1245 1983 1247 1987 ι

111 1963 130 2022 P
186 2024 233 2082 24.
273 2018 423 2092 Quoniam
448 2029 544 2078 autem
565 2017 704 2079 hactenus
729 2017 928 2098 magistratum
948 2016 1166 2096 descripsimus,
1195 2015 1247 2154 pui

110 2114 180 2155 vere
199 2095 253 2167 sit,
273 2095 353 2173 quod
373 2095 497 2169 dicitur,
527 2094 577 2154 ille
600 2095 711 2155 scilicet
731 2095 843 2174 patriae
868 2105 953 2173 pater
971 2105 1003 2153 et
1020 2095 1070 2172 (ut
1090 2093 1182 2161 Poeta

110 2171 225 2250 quitur)
245 2182 344 2249 pastor
364 2170 480 2250 populi,
505 2183 602 2232 custos
643 2171 717 2243 acis,
749 2180 864 2250 praeses
884 2169 1028 2242 iustitiae,
1057 2169 1246 2231 innocentiae

109 2248 231 2306 vindex:
252 2246 368 2306 insanus
382 2246 489 2306 merito
501 2191 672 2315 iudicandus
690 2249 739 2320 sit,
758 2246 806 2307 cui
824 2244 883 2306 tale
903 2245 1131 2325 nonprobetur
1149 2246 1244 2327 impe-

108 2324 197 2383 rium.
236 2323 281 2383 Ac
321 2345 390 2382 uum
410 2324 541 2383 omnium
561 2344 655 2405 prope
673 2322 855 2397 saeculorum
875 2323 931 2382 boc
952 2322 1113 2402 exemplum
1134 2323 1187 2397 sit,
1211 2334 1245 2384 nt
1323 2359 1329 2370 =

108 2399 274 2479 principum
294 2345 360 2473 dii,
388 2419 491 2459 eorum
517 2401 648 2463 omniurn
673 2400 784 2472 securi,
803 2397 909 2478 quibus
930 2398 1119 2479 providendis
1136 2400 1246 2459 intenti

109 2495 173 2535 esse
188 2476 360 2550 debuerant,
380 2475 486 2555 procul
505 2477 586 2537 omni
604 2476 802 2537 sollicitudine
820 2476 959 2537 socordes
979 2474 1165 2550 delicientur,
1184 2476 1246 2551 alii,

108 2553 147 2612 ad
168 2572 228 2610 rem
248 2572 328 2611 suam
348 2553 464 2623 attenti,
484 2552 545 2611 inra
566 2553 675 2627 omnia,
695 2552 858 2634 privilegia,
878 2551 992 2625 iudicia,
1012 2551 1173 2630 diplomata
1192 2572 1245 2613 ve·
1313 2576 1323 2599 s

108 2627 186 2688 nalia
207 2627 394 2707 prostituant,
414 2626 462 2686 alii
483 2627 663 2707 plebeculam
684 2627 854 2689 exhauriant
894 2629 1013 2700 ecnnia,
1034 2649 1120 2706 quam
1141 2641 1245 2707 postea

107 2705 216 2764 insanis
236 2703 439 2839 larpitiorsibus
459 2704 649 2782 profundant,
669 2705 727 2778 alii,
749 2651 906 2785 expilandis
925 2705 1060 2765 domibus
1079 2724 1114 2763 ac
1135 2716 1245 2765 matro-

110 2782 155 2841 nis
174 2780 271 2839 violan
294 2781 330 2854 is,
362 2781 521 2840 mactandis
543 2781 766 2854 innocentibus,
797 2801 877 2840 mera
901 2780 1053 2840 latrocinia
1073 2792 1243 2843 exerceant:

87 2914 89 2920 .
110 2876 162 2916 eos
182 2877 255 2915 vero
276 2877 330 2936 pro
342 2856 530 2992 principibus
550 2857 754 2937 agnoscendos
775 2877 847 2931 esse,
867 2877 992 2935 quorum
1012 2855 1149 2934 imperio,
1167 2879 1245 2993 spuo-

107 2932 145 2993 ad
160 2931 238 3003 licet,
251 2953 338 3011 paren
362 2955 408 2991 urn
421 2945 468 3006 sit,
479 2932 576 2992 multis
597 2933 763 3012 persuaderi
783 2953 843 2993 non
865 2943 972 3012 potest.
1010 2931 1162 3010 Siquidem
1196 2955 1245 2994 um

107 3012 140 3068 in
160 3020 241 3068 tanta
260 3009 434 3089 indignitate
453 3029 486 3068 ac
505 3011 583 3068 inter
601 3020 660 3068 tam
687 3008 781 3067 aliena
812 3030 872 3068 non
898 3030 913 3069 a
939 3009 1123 3089 magistratus
1143 3010 1244 3083 modo,
1336 3027 1340 3041 ·

106 3085 160 3146 sed
181 3085 308 3146 bominis
327 3105 447 3165 quoque
474 3084 573 3145 olllcio
601 3085 729 3145 facinora
755 3085 865 3145 nullam
888 3087 1015 3165 speciem
1035 3085 1168 3167 imaginis
1184 3086 1245 3147 Dei

80 3204 87 3223 .
106 3165 271 3237 intuentur,
292 3162 414 3241 quaein
435 3162 604 3243 magistratu
624 3159 741 3221 elucere
766 3161 922 3234 debuerat,
946 3163 1013 3221 dum
1038 3160 1149 3222 nullum
1170 3183 1245 3223 con-

106 3239 235 3316 spiciunt
254 3239 406 3319 vestigium
428 3239 488 3298 eins
508 3238 632 3297 ministri
651 3238 719 3309 Dei,
738 3238 788 3317 qui
807 3238 837 3297 in
858 3238 972 3297 laudem
993 3237 1192 3312 bonis,1nalis
1212 3241 1243 3300 in

106 3315 253 3376 ultionem
274 3316 357 3374 datus
377 3327 454 3374 erat:
481 3315 520 3374 ita
540 3333 637 3393 neque
658 3315 745 3373 etiarn
787 3315 946 3375 raelectum
968 3314 1049 3374 illum
1069 3328 1245 3398 agnoscunt,
1267 3316 1269 3321 ’

108 3390 192 3450 cuius
217 3391 387 3471 dignitatem
412 3403 501 3470 atque
531 3392 734 3450 auctoritatem
759 3337 911 3471 Scriptura
936 3392 1022 3452 nobis
1046 3393 1244 3458 commendat.

107 3467 149 3526 Et
167 3486 237 3525 sane
254 3475 278 3527 is
298 3487 415 3547 semper
433 3468 583 3528 bominum
603 3467 704 3527 animis
723 3468 871 3550 ingenitus
892 3467 946 3526 suit
964 3488 1080 3541 sensns,
1105 3490 1167 3529 non
1188 3470 1244 3528 mi-

108 3562 185 3602 nore
204 3554 345 3622 tyrannos
366 3545 435 3604 odio
461 3557 549 3636 atque
575 3545 773 3604 exsecratione
797 3545 949 3618 insectari,
973 3565 1058 3625 quom
1085 3544 1244 3606 dilectione

109 3631 141 3678 et
160 3621 351 3680 veneratione
372 3643 510 3701 prosequi
531 3619 677 3700 legitimos
698 3620 802 3703 [teges.

185 3702 232 3760 25.
273 3697 382 3757 Verum
403 3699 426 3758 si
447 3702 475 3756 in
492 3697 545 3756 Dei
565 3696 686 3757 verbum
705 3697 886 3776 respicimus,
905 3695 1021 3788 longius
1042 3718 1096 3757 nos
1109 3698 1244 3775 deducet,

107 3783 223 3832 utnon
244 3793 347 3833 eorum
367 3775 457 3834 modo
479 3773 643 3853 principum
671 3774 795 3852 imperio
820 3772 931 3835 subditi
955 3796 1053 3849 snmus,
1094 3775 1123 3834 ui
1147 3775 1244 3854 probe

110 3859 152 3922 et,
172 3870 229 3927 qua
241 3850 361 3921 debent,
381 3850 438 3909 fide
457 3870 579 3909 munere
598 3871 652 3910 suo
664 3872 732 3931 erga
744 3871 797 3909 nos
809 3850 898 3910 delun
921 3863 1020 3920 untur,
1039 3795 1092 3911 sed
1103 3851 1245 3928 omnium,

108 3925 161 4004 qui
180 3945 301 4004 quoquo
323 3927 412 3986 modo
434 3946 530 3985 rerum
551 3928 721 4005 potiuntur,
747 3926 859 3987 etiamsi
879 3871 929 3986 nis

109 4022 197 4081 quarn
223 4002 302 4081 quod
334 4023 367 4060 ex
393 4003 493 4063 officio
519 4014 581 4063 erat
608 4005 783 4082 principum.
833 4003 964 4064 Tametsi
993 4005 1071 4063 enim
1099 4026 1243 4065 summurn

108 4099 178 4139 suae
200 4076 413 4140 beneficentiae
438 4101 541 4139 munus
566 4099 629 4140 esse
654 4082 853 4161 magistratum
883 4080 918 4139 ad
944 4078 1066 4140 salutem
1092 4080 1242 4141 bominum

110 4155 342 4214 conservandam
373 4168 496 4216 testatur
520 4156 666 4216 Dominus
693 4178 726 4216 ac
751 4176 819 4217 snos
844 4156 1058 4239 magistratibus
1082 4156 1150 4235 ipsis
1171 4157 1244 4220 fines

110 4231 299 4366 praescribit,
318 4233 403 4292 simul
422 4243 519 4291 tamen
540 4232 685 4307 declarat,
708 4232 925 4325 qualescunque
943 4234 1017 4307 sint,
1040 4234 1158 4292 nonnisi
1177 4253 1193 4292 a
1213 4253 1246 4294 se

133 4305 222 4369 abere
240 4308 404 4391 imperinm.
443 4308 504 4372 Eos
522 4309 658 4391 quidem,
676 4330 727 4391 qur
753 4309 873 4391 publico
893 4310 976 4374 bono
995 4311 1159 4392 imperant,
1175 4329 1245 4372 vera

902 3952 909 3986 ι
931 3927 950 3984 il
970 3927 1065 3987 minus
1085 3939 1244 4007 praestent,
1340 3950 1345 3967 ·
