2700 4732
401 215 477 279 uus.
496 216 549 276 tv.
589 214 678 278 car.
698 214 738 275 11.
1024 180 1028 187 ’
1084 222 1142 287 mr

79 382 98 421 u
117 358 257 434 Domini,
279 358 419 440 templum
437 359 575 438 Domini,
598 359 738 442 templum
758 357 880 419 Domini
901 362 975 424 est.“
1012 360 1140 437 Quando

79 439 92 498 t
111 437 257 496 Dominus
275 436 385 515 uspiam
405 457 487 495 suum
507 458 522 496 a
547 437 650 511 noscit,
670 437 725 496 nisi
744 435 795 497 ulii
814 435 935 497 verbum
955 459 1037 498 suum
1057 439 1141 499 audi-

95 535 129 574 ac
148 513 284 605 religiose
303 512 481 572 observatur.
520 457 566 572 ita
587 535 674 592 quum
694 512 789 593 gloria
807 512 865 571 Dei
884 512 961 572 inter
981 513 1140 574 Cherubim

79 602 233 650 sanctuario
254 588 369 647 sederet
388 589 510 666 (Ezecle
530 596 581 661 10,
601 591 659 663 4.),
691 608 813 669 eamque
837 589 935 649 sedem
959 590 1014 650 sibi
1038 603 1139 651 statam

79 686 86 726 t
111 666 258 745 pollicitus
280 676 355 723 esset
373 665 455 744 ipsis:
483 664 534 723 ubi
555 664 664 726 cultum
684 665 745 724 eius
774 667 867 743 pravis
877 667 1141 745 ,superstitionibus

79 764 136 801 rum
159 753 212 800 unt
230 741 406 815 sacerdotes,
425 740 482 800 alio
500 742 695 821 transmigrat,
714 741 858 801 stlocum
878 742 940 801 sine
959 742 1016 801 ulla
1036 744 1141 802 saucti-

79 848 80 871 1
103 763 252 908 relinquit.
303 816 336 875 Si
359 818 499 896 templum
520 817 605 892 illud,
627 817 706 896 quod
725 817 877 876 videbatur
900 829 1058 897 perpetuae
1081 819 1140 878 Dei

82 895 194 954 itatiom
215 904 425 966 consecratum,
446 892 554 951 derelin
580 895 607 953 ui
631 915 646 952 a
666 893 733 953 Deo
752 915 786 954 ac
805 892 1010 971 profanescere
1035 895 1141 985 potuit,

79 995 87 1039 ιΙ
103 983 147 1031 cst
165 970 244 1048 quod
264 967 349 1028 nobis
372 969 419 1028 isti
443 915 667 1051 fingaut‘lhum
693 969 731 1029 ita
756 969 888 1051 personis
913 981 963 1031 aut
986 970 1057 1031 locrs
1077 970 1141 1032 alli·

79 1068 135 1120 um,
166 1059 195 1105 et
214 1044 326 1105 affixum
347 1046 471 1104 externis
498 1045 764 1119 observationibus,
793 1056 826 1104 ut
849 1065 968 1106 manere
993 1045 1069 1126 apud
1089 1066 1141 1108 eos

79 1133 174 1194 retest,
205 1122 254 1200 qui
282 1120 398 1180 titulum
423 1121 512 1181 modo
533 1133 564 1181 et
586 1120 711 1201 speciem
732 1120 868 1181 ecelesiae
888 1121 1003 1182 babent.
1041 1123 1141 1204 Atque

79 1220 93 1258 e
113 1209 157 1257 est
176 1198 339 1270 contentio,
360 1217 443 1331 quam
470 1197 556 1257 babet
575 1194 680 1258 Paulus
699 1197 730 1257 io
751 1196 871 1277 epistola
891 1198 926 1257 ad
946 1197 1105 1276 Romanos,
1124 1219 1141 1259 a

79 1295 104 1334 ro
124 1274 218 1352 capite
238 1292 362 1352 usquea
403 1273 614 1334 duodecimum.
654 1275 721 1333 lloe
741 1276 817 1333 euim
833 1274 1021 1335 vehementer
1038 1274 1141 1336 turba-

92 1348 217 1408 infirmas
237 1348 438 1421 conscientias,
457 1350 535 1428 quod
555 1371 643 1430 quum
663 1349 830 1409 viderentur
849 1369 910 1410 esse
930 1350 1054 1431 populus
1072 1351 1142 1428 Dei,

79 1425 170 1507 mgelii
195 1425 356 1484 doctrinam
382 1445 443 1484 non
468 1427 557 1484 modo
583 1424 772 1506 respuebant,
796 1426 846 1485 sed
873 1426 959 1486 etiam
982 1447 1142 1507 perseque-

83 1513 137 1561 tur.
176 1502 333 1580 l‘ostquam
350 1520 422 1583 ergo
442 1501 603 1561 doctrinam
623 1503 762 1594 exposuit,
782 1500 855 1562 banc
876 1501 1073 1563 difficultatem
1093 1524 1142 1564 re-

79 1590 134 1638 ret:
161 1599 194 1636 ac
214 1589 302 1653 negat
319 1577 443 1636 ludaeos
463 1577 539 1653 illos,
557 1577 683 1638 veritatis
704 1578 812 1652 hostes,
832 1597 893 1637 esse
912 1577 1075 1639 ecclesiam:
1093 1586 1142 1639 irt-

82 1674 137 1735 que
158 1655 197 1714 eis
218 1653 421 1727 uibildeesset,
442 1654 520 1733 quod
541 1666 638 1732 posset
658 1653 692 1712 ad
706 1666 850 1713 externam
864 1654 1001 1714 eeclesiae
1019 1656 1141 1723 sormam

79 1753 90 1790 s
110 1731 276 1791 desiderari.
314 1730 445 1808 Ideoque
466 1743 553 1810 negat
565 1730 631 1809 quia
645 1730 791 1789 Christum
811 1750 872 1789 non
888 1730 1142 1809 amplecterentur.

79 1820 181 1885 quanto
203 1807 287 1879 etiam
308 1807 464 1885 expressius
484 1807 512 1864 iu
526 1806 648 1886 epistola
660 1806 696 1864 ad
708 1804 825 1866 Galatas
837 1810 880 1886 (4,
892 1808 1007 1883 tuse),
1027 1807 1078 1869 ubi
1097 1808 1142 1868 ls-

79 1885 145 1943 elem
165 1905 229 1943 cum
247 1883 327 1943 lsaae
346 1882 551 1973 comparando,
571 1882 677 1942 multos
697 1882 766 1941 dieii
786 1884 814 1942 in
836 1883 955 1942 ecclesia
976 1896 1077 1944 tenere
1095 1883 1143 1944 lo-

79 1983 103 2034 u,
121 1960 156 2019 ad
173 1980 247 2037 quos
267 1981 327 2018 nou
341 1971 475 2092 pertinet
496 1958 668 2019 haereditas:
689 1959 754 2038 quia
774 1959 921 2040 progeniti
942 1979 1001 2018 non
1022 1972 1090 2020 suot
1109 1980 1143 2021 ex

79 2059 114 2097 era
139 2048 238 2095 matre.
289 2036 337 2094 Un
362 2053 377 2092 e
409 2036 493 2093 etiam
519 2036 554 2094 ad
580 2036 827 2113 comparationem
853 2035 975 2114 duplicis
999 2037 1142 2097 Hieroso·

79 2133 116 2173 iae
135 2112 297 2172 descendit:
319 2110 386 2190 quia
406 2111 489 2170 sicuti
509 2111 539 2169 in
560 2124 661 2170 monte
680 2111 760 2170 Sinai
779 2112 838 2170 Lex
858 2125 901 2170 cst
921 2111 987 2185 lata,
1008 2114 1143 2195 Evange-

79 2209 181 2248 urero
202 2187 401 2246 exlerusalem
422 2187 546 2265 prodiit:
567 2192 607 2247 sic
627 2187 709 2246 multi
728 2189 948 2247 serviliter·nati
970 2200 999 2248 et
1019 2189 1143 2266 educati,

79 2286 97 2324 ss
113 2265 169 2322 Dei
190 2275 220 2322 et
239 2264 377 2324 eeclesiae
397 2283 426 2322 se
447 2284 587 2323 essenon
608 2264 916 2323 dubitanter.iactant.·
937 2264 995 2324 imo
1016 2265 1142 2344 superbe

79 2342 186 2422 piciunt
199 2341 342 2422 genuinos
355 2339 411 2398 Ilei
425 2338 509 2413 filios,
530 2362 617 2419 quum
637 2352 694 2399 smt
714 2341 768 2420 ipsi
790 2342 957 2421 degeneres.
995 2342 1057 2401 Nos
1069 2362 1145 2421 quo·

99 2438 131 2477 ex
152 2419 303 2498 opposito,
335 2417 401 2474 dum
425 2416 554 2476 audimus
574 2417 662 2476 semel
689 2437 705 2475 e
730 2417 815 2476 coelo
842 2418 1059 2496 pronuntiatum
1080 2438 1143 2480 esse

79 2496 269 2568 rn.21,10.):
290 2492 390 2565 „Eiice
410 2493 541 2551 ancillam
563 2504 592 2551 et
612 2493 699 2552 filium
721 2492 814 2568 eius,“
834 2493 890 2553 boe
910 2493 1072 2553 inviolabili
1091 2495 1143 2555 de-

79 2584 105 2630 to
126 2571 193 2631 lreti
214 2570 329 2628 lortitcr
354 2589 522 2648 spernamus
548 2571 683 2649 insipidas
704 2592 804 2629 eorum
825 2571 979 2629 iactantias.
1024 2571 1098 2629 Nam
1118 2571 1142 2631 si

79 2668 136 2705 ema
157 2646 338 2726 professione
357 2668 388 2703 su
403 2646 540 2720 serbiam,
559 2646 662 2705 lsmael
682 2667 799 2725 quoque
820 2647 1002 2706 circumcisus
1022 2659 1097 2707 erat:
1118 2647 1142 2706 si

79 2724 194 2800 iquitate
215 2734 360 2802 pugnant,
385 2722 433 2780 ilc
453 2735 515 2780 erat
539 2723 764 2802 primogenitus:
795 2723 923 2782 ridemus
943 2734 1039 2781 tamen
1059 2721 1143 2782 abdi·

79 2800 90 2856 i.
128 2800 160 2858 Si
180 2820 261 2859 causa
282 2800 440 2877 quaeritur,
462 2819 523 2856 cam
544 2799 649 2857 Paulus
675 2800 799 2878 assignat
820 2798 919 2874 (llom.
938 2806 972 2871 9,
992 2801 1052 2875 6.),
1080 2818 1142 2857 nou

81 2875 135 2934 seri
155 2876 232 2934 inter
251 2875 324 2933 lilios
345 2875 398 2932 nisi
420 2875 467 2953 qui
488 2875 578 2953 geniti
598 2886 665 2932 srrnt
684 2894 716 2930 ex
738 2895 811 2952 pirro
832 2885 862 2932 et
883 2873 1012 2953 legitimo
1033 2873 1143 2935 doctri·

97 2953 215 3011 semiue.
256 2951 421 3010 Secundum
448 2951 520 3009 haue
545 2951 688 3010 rationem
716 2963 804 3030 negat
828 2968 859 3008 se
879 2950 960 3009 lieus
984 2949 1077 3030 impiis
1096 2971 1142 3009 sa-

79 3026 188 3088 lutibus
215 3026 384 3087 obstrictum
411 3048 482 3099 esse,
503 3027 568 3105 quia
595 3027 738 3107 pepigerit
764 3048 827 3083 cum
848 3038 930 3104 patre
951 3046 1052 3086 eorum
1072 3028 1143 3086 Levi

79 3126 113 3163 rm
133 3105 187 3163 sibi
215 3104 348 3184 angelum
369 3104 413 3163 vel
436 3104 624 3181 interpretem
651 3105 714 3162 lore
733 3102 871 3179 (lllalacb.
890 3109 926 3178 2,
945 3104 1002 3176 4·):
1030 3103 1091 3164 imo
1110 3104 1143 3163 iu

97 3192 251 3258 retorquet
276 3181 372 3238 lalsam
397 3201 497 3237 eorum
519 3178 738 3258 gloriationem,
763 3200 818 3258 qua
838 3177 973 3238 solebant
991 3179 1143 3261 insurgere

80 3268 122 3315 tra
150 3256 326 3336 Prophetas:
358 3256 436 3334 quod
466 3255 576 3315 scilieet
604 3256 727 3335 dignitas
757 3254 913 3314 sacerdotii
943 3256 972 3313 in
1003 3256 1143 3337 singulari

79 3332 121 3392 tio
141 3332 272 3393 habenda
294 3334 380 3391 soret.
424 3333 491 3391 lloc
517 3333 578 3410 ipse
596 3332 723 3391 libenter
747 3330 887 3404 admittit,
919 3343 948 3390 et
968 3331 1020 3391 bac
1039 3334 1143 3393 condi·

79 3427 104 3465 re
124 3428 187 3467 cum
208 3409 273 3488 ipsis
299 3411 448 3488 disceptat,
479 3409 543 3487 quia
573 3421 687 3487 pactum
712 3428 826 3467 servare
852 3419 966 3487 paratus
989 3408 1041 3468 sit:
1072 3409 1141 3468 dum

79 3505 116 3542 rm
136 3485 189 3564 ipsi
210 3497 309 3544 mutuo
331 3507 389 3544 non
412 3485 606 3562 respondent,
631 3485 776 3564 repudiari
801 3495 957 3543 merentur.
1006 3484 1051 3543 Eu
1094 3485 1141 3544 uid

79 3572 115 3620 eat
133 3562 291 3633 successio,
317 3562 370 3620 nisi
391 3562 513 3633 imitatio
541 3562 626 3619 ctiam
646 3563 800 3618 coniuncta
820 3561 857 3619 sit
877 3573 963 3638 atque
983 3507 1141 3639 aequabilis

79 3656 122 3695 ar:
153 3659 258 3715 nempe
280 3649 311 3694 ut
331 3638 455 3716 posteri,
476 3639 593 3696 simulac
613 3638 739 3695 cons-icti
760 3637 868 3695 luerint
886 3636 1036 3695 descivisse
1056 3657 1071 3694 a
1090 3657 1142 3696 sua

79 3712 150 3792 gine,
181 3713 261 3772 onisii
287 3714 401 3772 honore
426 3715 583 3792 priventur.
631 3713 692 3771 Nisi
719 3713 794 3772 sorte
815 3714 880 3791 quia
901 3712 1024 3791 Caiphae
1043 3712 1141 3772 multis

90 3787 305 3849 'Sacerdotibus
328 3791 464 3849 successit
488 3791 561 3867 (imo
589 3789 625 3847 ab
645 3790 763 3847 llaronc
788 3810 819 3846 us
842 3808 878 3845 ue
902 3788 937 3846 ad
962 3787 1041 3847 illum
1067 3808 1142 3848 con-

79 3885 101 3924 ia
121 3864 177 3923 luit
196 3867 309 3943 series),
328 3866 396 3924 ideo
416 3865 570 3925 sceleratus
591 3867 639 3924 illc
659 3877 760 3924 coetus
782 3810 917 3923 ecdlesiae
936 3862 1024 3922 titulo
1037 3863 1142 3945 diguus

79 3972 141 3998 .—-
180 3940 219 4000 At
242 3943 269 4000 ui
289 3962 326 4000 ne
348 3944 377 4001 in
398 3944 521 4000 terrenis
541 3942 656 4020 quidem
676 3940 802 4019 imperiis
823 3942 879 3999 hoc
892 3940 962 3999 serri
981 3953 1079 4018 posset
1109 3952 1142 3999 ut

79 4038 102 4074 rs
123 3964 302 4096 reipublicae
331 4031 419 4078 status
445 4019 557 4077 dicatur
583 4020 710 4098 tyrannis
732 4015 895 4096 Caligulae,
916 4015 1059 4091 Neronis,
1080 3982 1143 4075 lle·

79 4092 166 4162 (abali,
189 4105 217 4152 et
236 4095 387 4166 similium,
408 4095 473 4173 quia
496 4096 607 4166 Brutis,
627 4093 813 4182 Scipiopibus
834 4105 863 4151 et
882 4091 1009 4152 Camillis
1028 4111 1144 4153 sueces-

79 4179 117 4227 ut.
156 4169 330 4231 Praesertim
343 4192 412 4229 vero
432 4173 460 4228 in
482 4171 619 4230 ecclesiae
638 4171 780 4260 regimme
799 4167 870 4226 nibil
890 4170 979 4304 magis
995 4167 1142 4243 frivolum,

79 4264 105 4303 m
124 4247 228 4306 omissa
250 4248 383 4308 doctrina
402 4246 612 4306 successionem
640 4249 669 4306 in
696 4267 765 4326 rpsrs
785 4245 916 4325 personis
946 4263 1042 4303 ocare.
1078 4245 1142 4303 Nec

79 4324 263 4403 >quicquam
283 4323 378 4382 minus
396 4323 501 4385 sanctis
521 4322 706 4400 doctoribus,
731 4342 804 4402 quos
827 4320 900 4381 falso
924 4319 1012 4381 nobis
1038 4318 1143 4379 obtru-

1080 4496 1097 4525 X
