2596 4726
109 213 170 277 m
516 178 848 273 mnmu

115 363 175 443 est,
192 354 224 411 in
243 351 330 414 buius
347 352 425 415 ritae
443 353 672 431 constitutione,
690 352 941 415 nullumdestitui
960 352 1027 415 lnce
1045 350 1171 416 rationis
1195 354 1255 417 bn·

115 449 236 491 manem.
1224 486 1228 493 .

87 494 101 510 ’
192 512 240 570 ld.
278 505 451 597 Sequuntur
473 516 551 565 artes
574 516 638 566 turn
665 505 818 580 liberales,
844 518 907 567 tum
930 506 1115 580 manuarias,
1145 504 1255 587 quibus

117 582 273 657 discendis,
293 604 360 662 quia
378 581 601 643 inestomnibus
620 583 707 643 nobis
726 584 867 664 quaedam
886 583 1031 662 aptitudo,
1050 582 1082 642 in
1101 582 1144 644 eis
1165 584 1254 643 etiam

118 670 241 739 apparet
259 659 300 719 vis
321 659 438 718 humani
458 658 609 719 acuminis.
658 660 837 740 Quanquam
861 672 959 721 autem
979 680 1041 719 non
1061 670 1130 721 sunt
1148 678 1254 721 omnes

119 735 256 797 omnibus
276 736 419 796 discendis
440 735 556 809 idonei,
580 736 647 796 satis
671 749 769 797 tamen
790 736 952 797 communis
972 735 1110 818 energiae
1137 747 1254 799 certum
1292 786 1295 791 .

118 812 266 893 specimen
281 825 335 887 est,
354 811 434 892 quod
454 831 541 871 nemo
554 832 648 894 prope
667 815 824 892 reperitur,
836 813 917 873 cuius
937 813 1049 872 inacte
1069 811 1167 892 aliqua
1186 832 1254 891 per·

119 889 272 969 spicientia
304 910 364 949 non
399 908 431 948 se
464 901 587 947 exserat.
635 890 741 967 Neque
765 889 824 950 sola
855 894 985 969 suppetit
1014 888 1049 947 ad
1080 889 1253 949 discendum

120 965 239 1045 energia
259 976 289 1026 et
308 965 441 1039 facilitas,
461 964 512 1023 sed
533 965 567 1023 ad
581 966 806 1046 excogitandum
826 965 855 1025 in
877 983 1049 1045 unaquaque
1062 976 1124 1023 arte
1145 986 1253 1027 norum

120 1042 240 1120 aliquid,
259 1040 304 1100 vel
324 1041 559 1120 amplificandum
579 1053 609 1100 et
628 1041 832 1122 expoliendum
870 1042 926 1102 uod
947 1041 1005 1101 alin
1047 1054 1188 1101 raeeunte
1210 1040 1254 1101 di-

120 1118 234 1177 diceris.
275 1117 366 1192 Quod
387 1118 583 1176 utPlatonem
602 1138 754 1197 perperam
774 1064 898 1197 impulit,
917 1129 950 1177 ut
968 1128 1014 1177 tra
1035 1129 1099 1177 eret
1116 1136 1255 1197 compre-

121 1195 295 1253 hensionem
315 1195 457 1254 eiusmodi
478 1194 549 1252 nihil
562 1216 622 1253 csse
635 1216 718 1273 quam
740 1195 989 1255 recordationem:
1008 1198 1049 1255 ita
1068 1214 1124 1253 nos
1144 1194 1255 1275 optima

122 1271 237 1330 ratione
258 1272 339 1351 cogit
366 1271 468 1343 fateri,
495 1290 556 1329 esse
582 1272 744 1351 ingenitum
771 1270 898 1331 humano
923 1271 1043 1362 ingenio
1064 1271 1125 1329 eius
1146 1270 1256 1351 priaci·

122 1346 211 1425 piu'm.
251 1348 332 1407 llaec
357 1367 431 1428 ergo
452 1346 626 1406 documenta
653 1360 753 1429 aperte
778 1359 903 1406 testatur
920 1347 1111 1407 anniversalem
1131 1346 1255 1409 rationis

123 1434 155 1482 et
173 1422 384 1505 intelligentiae
404 1423 695 1513 comprehensionem
716 1444 777 1483 esse
798 1422 965 1483 hominibus
985 1412 1158 1483 naturaliter
1177 1422 1256 1483 iadi-

124 1511 193 1559 tam.
234 1500 284 1560 Sic
309 1513 408 1558 tamen
433 1499 596 1558 universale
621 1512 665 1559 est
685 1501 813 1574 bonum,
838 1500 978 1560 utinen
1004 1520 1060 1580 pro
1081 1519 1113 1558 se
1133 1499 1256 1579 quisque

123 1574 302 1655 peculiarem
315 1576 372 1635 Dei
393 1577 515 1657 gratiam
535 1595 696 1657 agnoscere
716 1577 830 1635 debeat.
868 1576 915 1634 hd
936 1598 1021 1655 quam
1046 1576 1256 1657 gratitudinem

124 1674 179 1711 nos
209 1652 326 1713 abunde
356 1652 552 1733 expergefacit
583 1653 644 1731 ipse
674 1664 794 1711 naturae
824 1653 976 1722 conditor,
1007 1653 1075 1711 dum
1104 1652 1256 1713 moriones

124 1741 214 1801 creat,
231 1730 259 1787 in
272 1730 377 1809 quibus
390 1740 601 1808 repraesentat,
615 1729 719 1806 quibus
739 1727 859 1787 excellat
878 1729 996 1788 dotibus
1016 1728 1143 1787 hominis
1163 1728 1258 1791 anima

125 1805 183 1865 uisi
210 1806 272 1865 eius
298 1806 406 1865 lumine
430 1804 559 1885 perfusa:
593 1806 672 1884 quod
701 1806 742 1865 sie
772 1803 903 1864 naturale
936 1806 1013 1864 inest
1038 1804 1192 1881 omnibus,
1223 1816 1259 1865 nt

146 1902 244 1942 rorsus
276 1883 434 1965 gratuitum
472 1884 509 1941 sit
538 1902 607 1963 erga
643 1881 772 1963 singulos
805 1881 1016 1941 beneficentiae
1047 1883 1109 1940 eius
1143 1902 1258 1943 munna

125 1902 258 2037 ipsarum
279 1980 369 2039 porro
390 1959 492 2017 artium
517 1958 650 2020 inventio
669 1970 721 2018 aut
739 1958 904 2017 methodica
925 1957 1042 2017 traditio
1063 1968 1114 2016 aut
1133 1956 1259 2019 interior

127 2046 157 2093 et
177 2037 370 2114 praestantior
389 2035 521 2115 cognitio
541 2039 631 2115 (qnae
650 2036 769 2114 propria
789 2046 833 2092 est
852 2038 1027 2112 pancorum)
1047 2054 1108 2093 non
1129 2045 1174 2093 est
1192 2034 1260 2114 qui-

126 2111 193 2170 dem
213 2110 337 2173 solidum
353 2124 556 2201 argumentum
574 2113 736 2171 communis
755 2110 965 2190 perspicaciae:
985 2112 1051 2189 quia
1069 2122 1167 2171 tamen
1189 2130 1260 2191 pro·

125 2187 235 2247 misene
260 2182 408 2269 codtingct
436 2189 492 2269 piis
517 2200 547 2248 et
571 2187 682 2268 impiis,
717 2188 780 2247 iure
808 2186 886 2246 inter
918 2186 1061 2247 naturales
1092 2186 1178 2247 dotes
1202 2208 1260 2249 nn-

128 2276 266 2323 meratur.

168 2362 171 2369 ·
204 2347 251 2403 15.
291 2340 418 2415 Quoties
438 2358 510 2420 ergo
532 2339 561 2399 in
581 2340 722 2421 prosimos
741 2340 899 2421 scriptores
920 2338 1085 2414 incidimus,
1104 2337 1164 2413 illa,
1184 2356 1260 2419 quae

128 2414 304 2476 admirabilis
324 2419 352 2476 in
374 2418 408 2477 iis
427 2417 566 2497 affulget,
609 2418 739 2478 veritatis
768 2416 846 2475 luce·
868 2416 1094 2490 admoneamur,
1130 2428 1261 2477 mentm

129 2490 256 2551 hominis
281 2492 502 2572 quantumlibet·
519 2493 555 2552 ab
588 2493 757 2575 integritate
776 2514 826 2552 sua
852 2491 1007 2571 collapsam
1028 2504 1058 2551 et
1083 2510 1262 2572 perversam,

129 2569 240 2627 eximiis
264 2580 360 2629 tamen
393 2570 551 2628 etiamnum
576 2570 634 2628 Dei
668 2570 753 2629 donis
780 2569 910 2627 vestitam
941 2588 1003 2627 esse
1028 2581 1058 2628 et
1083 2579 1281 2641 exornatam.¹

128 2643 163 2703 si
182 2646 300 2707 unicum
320 2647 447 2705 veritatis
467 2646 580 2706 fontem
600 2644 657 2706 Dei
676 2646 808 2726 spiritum
829 2665 891 2704 esse
911 2657 1088 2723 reputamus,
1107 2645 1262 2705 veritatem

128 2721 235 2799 ipsam,
255 2744 352 2801 neque
373 2742 551 2802 respuemus,
570 2744 665 2804 neque
691 2734 928 2793 contemnemus,
949 2722 1118 2800 ubicunque
1136 2741 1263 2801 appare-

129 2796 186 2857 bit:
220 2799 273 2857 nisi
294 2798 413 2859 velimus
439 2799 470 2858 in
496 2801 636 2877 Spiritum
657 2800 713 2858 Dei
739 2797 946 2858 contumeliosi
976 2818 1046 2857 esse.
1091 2798 1160 2856 Non
1182 2796 1263 2859 enim

131 2874 207 2932 dona
228 2876 373 2955 Spiritus,
394 2878 456 2935 sine
482 2876 569 2957 ipsius
589 2888 760 2955 contemptu
781 2888 810 2933 et
831 2875 1011 2954 opprobrio,
1031 2872 1264 2953 vilipendantur,
1288 2900 1291 2905 ·

131 2951 213 3024 Quid
233 2952 347 3011 autem?
370 2953 522 3012 veritatem
543 2954 684 3015 affulsisse
704 2952 830 3030 antiquis
851 2949 1060 3010 iurisconsultis
1081 2950 1238 3043 negabimu

153 3029 181 3085 ui
205 3040 286 3087 tanta
310 3031 457 3107 aequitate
488 3031 604 3089 civilem
630 3029 765 3089 ordinem
791 3042 820 3087 et
844 3027 1022 3105 disciplinam
1046 2968 1265 3107 prodideruufi

129 3048 329 3197 Dhilosnpbos
349 3106 509 3165 coecatisse
529 3108 668 3182 dicemus,
688 3126 755 3165 eum
774 3105 803 3164 in
824 3104 964 3183 exquisita
984 3104 1039 3163 ista
1057 3114 1177 3163 naturae
1188 3122 1266 3163 con·

130 3180 325 3259 templataone
351 3193 411 3240 tum
443 3183 599 3243 artificiosa
625 3180 839 3260 descriptione?
883 3181 1020 3241 Dicemus
1051 3191 1180 3238 mentem
1205 3176 1266 3241 ill'n

131 3256 269 3328 defuisse,
289 3258 338 3337 qui
358 3270 420 3317 arte
440 3258 599 3318 disserendi
619 3264 792 3331 constituta,
812 3277 865 3315 nos
886 3278 951 3315 cum
972 3257 1087 3314 ratione
1107 3254 1189 3336 loqui
1209 3253 1266 3317 dn·

130 3334 273 3393 currunt?
311 3335 451 3394 Dicemus
471 3355 522 3394 eos
542 3335 702 3404 insaniisse,
722 3335 771 3412 qui
792 3333 963 3401 medicinam
981 3332 1265 3406 excudendo,.suam

130 3409 303 3469 industriam
323 3411 409 3469 nobis
429 3411 654 3486 impenderunt?
694 3410 774 3489 Quid
800 3410 974 3493 matbpmata
1002 3408 1118 3477 omnia?
1146 3406 1266 3489 putabi-

129 3486 236 3545 mu‘sne
253 3488 413 3546 amentium
426 3488 545 3547 delicia?
583 3488 648 3546 lmo
669 3507 707 3546 ne
726 3488 790 3547 sine
810 3486 922 3567 ingenti
935 3483 1051 3564 quidem
1072 3484 1267 3544 admiratione

130 3575 264 3622 veterum
276 3562 384 3641 scripta
403 3563 501 3643 legere
514 3565 550 3623 de
570 3564 613 3623 his
632 3564 720 3623 rebus
739 3564 916 3644 poterimus:
937 3560 1145 3623 admirabimur
1156 3572 1267 3635 atatem,

154 3638 201 3699 uia
223 3638 388 3717 praeclara,
414 3652 447 3698 ut
471 3653 554 3716 sunt,
583 3660 725 3720 cogemur
744 3658 913 3721 agnoscere.
963 3638 1060 3697 Porro
1082 3635 1266 3697 laudabilem

131 3660 241 3794 iliquid
262 3727 311 3774 aut
329 3714 510 3797 praeclarum
523 3716 715 3789 censebimus,
735 3716 815 3794 quod
836 3736 896 3773 non
909 3733 1155 3794 recognoscamus
1167 3734 1183 3773 a
1196 3712 1265 3777 Deo

131 3792 307 3873 provenire?
345 3792 458 3851 Pudeat
477 3814 530 3853 nos
551 3804 650 3852 tantae
671 3791 896 3873 ingratitudinis,
917 3792 945 3847 in
967 3810 1053 3868 quam
1073 3810 1135 3854 non
1155 3789 1269 3849 incidas

134 3868 334 3927 runtEthnici
353 3880 470 3948 poetae,
490 3870 540 3947 qni
561 3881 591 3928 et
611 3867 835 3948 philosophiam,
857 3878 887 3925 et
907 3866 996 3946 leges,
1017 3878 1047 3925 et
1057 3866 1149 3926 bonas
1162 3882 1266 3925 omnes

134 3957 211 4005 artes
237 3947 360 4005 deorum
387 3944 509 4007 inventa
540 3965 603 4005 esse
632 3946 758 4004 confessi
784 3956 861 4003 sunt.
910 3943 991 4023 Ergo
1016 3964 1106 4021 quum
1131 3942 1266 4003 bomine!

132 4022 215 4098 istos,
236 4042 309 4100 qnos
329 4020 481 4099 Scriptura
502 4021 638 4093 ψυχικοὺς
655 4032 751 4093 vocat,
771 4040 862 4099 usquc
883 4038 919 4077 eo
941 4020 1029 4078 fnisse
1050 4030 1147 4098 pateat
1167 4022 1197 4077 in
1217 4036 1266 4077 re-

131 4118 198 4158 rum
218 4098 390 4159 inferiorum
410 4098 635 4177 investigatione
655 4108 757 4157 acutos
776 4109 805 4156 et
825 4096 1021 4175 perspicaces,
1040 4096 1149 4155 talibus
1170 4113 1269 4153 esem·

132 4174 187 4253 plis
215 4174 372 4248 discamus,
395 4184 470 4254 quot
494 4186 614 4233 naturae
640 4173 782 4234 humanae
808 4172 888 4233 bona
912 4172 1059 4233 Dominus
1083 4168 1271 4251 relinqueril,

132 4261 287 4331 postquam
306 4270 377 4312 vero
397 4252 480 4313 bono
499 4250 623 4331 spoliata
642 4261 694 4310 est
