2596 4726
118 216 179 281 rao
206 184 216 197 '
492 210 569 274 cm
589 210 644 272 rr.
683 210 773 277 cur.
791 210 890 287 amr.

119 372 264 433 ,manem
286 374 348 417 non
367 375 399 417 ae
418 352 497 419 dicat
513 366 564 417 aut
582 356 726 417 existimt
743 354 919 418 manducare
942 374 1052 437 corpus
1075 342 1178 418 meum
1202 365 1256 417 ant

120 432 315 515 ,panguinem
345 430 480 493 bibere.“
527 431 702 513 Expendaut
729 431 856 493 lectores
883 431 1041 506 antitheta,
1067 443 1255 495 sacramento

120 521 208 571 tenua
233 520 264 569 et
282 529 322 570 re·
333 509 527 570 rera'ederer
558 520 589 569 et
607 506 687 569 nulla
706 509 828 571 restabit
846 507 1001 571 dubitatio.
1039 508 1124 570 Idem
1142 507 1256 571 eonhr·

121 596 263 742 :paupe
281 586 377 722 minps
396 584 475 646 clare
492 585 542 720 bip¹
554 585 767 721 verbialcdout.
786 586 881 721 ¹³⁰⁸ss
897 583 1257 723 ἑιιῐὲἐέὲίαέρέὥζ

121 684 166 738 „r
244 682 326 754 arare
362 682 463 755 aurea,
490 682 536 754 se·
563 682 631 723 cors
660 682 729 722 me
760 682 921 754 commu·
990 684 1032 756 'a‘
1132 736 1141 755 .
1165 682 1209 753 pe

121 736 733 906 drsrsslauauttaauzr
750 736 1008 905 esperare
1022 737 1257 907 surana

122 911 223 966 „mura
252 902 325 952 non·
339 910 413 974 ergo
432 890 512 985 quod
530 889 663 984 videtur,
688 890 842 984 ‚reduced
854 891 1006 983 credatur,
1045 894 1149 951 asmt.“
1198 890 1257 983 llrc

163 986 243 1060 oque
262 967 344 1047 quod
361 977 479 1028 sumunt
497 987 590 1059 smper,
609 978 718 1029 reatnu
740 966 932 1061 [tadngnum
944 967 1026 1029 narba
1039 984 1057 1027 e
1072 982 1150 1061 ‘uec
1163 964 1256 1027 atmr

152 1042 285 1120 hrratum,
298 1062 385 1124 quam
404 1042 683 1135 hde„rec1prdocet.
745 1054 878 1134 ucetiam
892 1042 953 1105 alro
972 1040 1041 1105 loeo
1052 1008 1164 1105 deserte
1182 1062 1256 1135 pro·

122 1120 278 1213 nandans,
289 1120 386 1182 bonos
405 1131 436 1213 ct
453 1119 544 1181 malos
553 1120 710 1213 signaculis
728 1139 955 1212 communicare,
974 1119 1028 1182 boa
1044 1139 1144 1213 arerp
1162 1138 1259 1181 carno

124 1196 236 1259 Chnatu
265 1196 489 1289 mandumtrope
514 1195 649 1259 excludat.
697 1197 773 1259 Nam
794 1218 819 1258 ar
849 1214 912 1289 rem
935 1198 1027 1278 ipsam
1052 1206 1256 1281 percuperent,

122 1292 186 1365 non
214 1282 352 1365 taturuet
381 1292 522 1348 omnruo,
547 1272 629 1365 quod
657 1292 760 1335 causae
794 1293 838 1333 ma
916 1284 986 1365 erat·
1010 1276 1255 1365 comenmneum.

122 1349 193 1409 Alto
212 1359 300 1409 etnam
319 1349 387 1410 loco
407 1349 445 1409 dc
463 1349 689 1411 munducatrone
700 1351 821 1431 eiusque
852 1360 937 1411 ructo
957 1350 1101 1410 deserens
1118 1369 1163 1410 src
1182 1368 1257 1409 con-

122 1424 216 1511 cludit
234 1426 337 1502 (serm.
354 1430 383 1518 2
403 1425 440 1486 de
457 1425 540 1486 verb.
557 1424 692 1562 Aportps
717 1427 826 1503 „Tunc
845 1428 901 1488 rita
926 1425 1087 1518 aniculus
1109 1424 1171 1485 'erit
1189 1444 1258 1485 cor·

121 1512 250 1597 ·„pns·et
267 1522 384 1595 sangnis
400 1500 526 1595 Christi,
545 1502 579 1595 ai,
598 1523 657 1583 quo
696 1502 727 1562 in
746 1513 930 1595 sacramento
948 1501 1032 1595 yisrbu
1046 1512 1103 1561 ner
1119 1502 1258 1594 sumitur,

122 1600 178 1715 Cin
206 1598 276 1671 rpaa·
290 1590 416 1640 veritate
437 1577 626 1660 aprrrtualrter
652 1577 858 1653 manducetur,
884 1577 1077 1660 aprrrtnahter
1103 1576 1259 1639 bibatur-‘⁸

165 1675 205 1737 go
225 1675 276 1734 qur
295 1655 598 1747 increduloslaciunt
621 1656 777 1749 participas
796 1659 891 1717 carnia
909 1666 942 1747 pt
964 1651 1114 1737 sanguinis
1132 1652 1257 1745 Christi,

122 1730 633 1891 hdtfltttttsslttltl
641 1729 1257 1889 ’.t‘lta‘tt‘tt'h”¹5,tttt‘„”·d¹¹“h

10 1920 13 1927 ·
123 1897 207 1947 certo
228 1904 262 1945 ex
280 1886 343 1947 eina
361 1884 459 1947 verbis
484 1884 648 1967 colligitur,
677 1886 914 1947 sacramentalem
940 1903 1035 1955 esum,
1060 1882 1113 1943 ubi
1136 1880 1256 1947 veritati

123 1961 234 2023 aditum
254 1960 364 2023 clandit
382 1959 583 2037 incredulitas,
611 1961 783 2022 tantundem
802 1962 901 2023 valere
926 1981 961 2021 ac
979 1958 1122 2021 visibilem
1140 1958 1189 2020 vel
1210 1977 1257 2027 ea·

122 2048 251 2100 ternum.
290 2038 406 2115 Quodsi
416 2056 487 2097 rere
504 2058 561 2099 nec
577 2049 677 2099 tamen
696 2038 886 2118 spiritualiter
899 2037 1015 2098 comedi
1075 2046 1136 2097 sset
1145 2033 1258 2098 Christi

123 2134 242 2197 eorpus,
260 2114 331 2196 qnid
349 2113 514 2191 ribirellet,
532 2114 612 2195 quod
631 2113 702 2175 alibi
719 2114 765 2191 (iu
778 2114 924 2192 Psalssss.)
942 2114 1033 2174 tradit
1086 2111 1180 2188 „Non
1200 2110 1257 2175 hoe

122 2211 270 2273 „carpum
293 2192 374 2272 qnod
397 2190 516 2267 ridetis,
545 2190 746 2251 manducaturi
770 2192 839 2253 estis
863 2203 894 2252 et
923 2189 1047 2252 bibituri
1069 2188 1256 2271 ¹aarrguinear,

122 2288 235 2349 „quem
258 2268 401 2344 tundent,
425 2267 476 2347 qni
499 2287 548 2327 me
567 2266 751 2351 crucifigent.
790 2266 1011 2329 Sacramentum
1034 2264 1155 2347 aliquod
1174 2278 1256 2328 eom·

122 2344 282 2422 „mendaci
300 2344 398 2405 vobis:
423 2342 613 2435 spiritualiter
635 2342 820 2405 intellectum
838 2343 997 2405 vivificabit
1017 2348 1099 2404 roa.“
1136 2342 1264 2423 Negare·

123 2431 205 2481 certe
221 2419 329 2495 noluit,
348 2420 419 2499 quin
439 2420 515 2479 rdem
528 2440 645 2499 corpur,
656 2420 737 2501 quod
755 2422 786 2480 in
805 2420 978 2481 sacrificinm
987 2419 1123 2482 Christus
1134 2418 1256 2493 obtulit,

123 2495 154 2557 in
169 2496 272 2558 Coena
291 2497 474 2577 porrigatur,
492 2496 543 2556 sed
563 2496 793 2557 manducationis
811 2498 932 2557 modum
952 2496 1077 2570 notavit,
1097 2496 1178 2575 quod
1199 2496 1255 2556 sci-

123 2574 195 2634 licet
213 2573 242 2631 in
263 2572 421 2633 coelestem
446 2572 569 2653 gloriam
594 2583 742 2652 receptum
769 2594 872 2633 arcana
894 2573 1019 2654 Spiritus
1038 2572 1147 2632 virtute
1165 2573 1254 2633 vitam

124 2650 213 2711 nobis
231 2650 362 2729 inspiret.
400 2650 509 2709 Fateor
529 2647 656 2727 quidem,
676 2650 788 2728 saepius
808 2650 885 2728 apud
905 2670 970 2710 eum
992 2669 1150 2709 occurrere
1169 2649 1253 2709 istam

124 2726 266 2808 loquendi
287 2727 426 2801 lorruam,
450 2724 586 2801 „comedi
606 2746 711 2804 corpus
732 2725 842 2786 Christi
869 2726 904 2786 ab
931 2724 1133 2785 infidelibus:“
1151 2727 1203 2786 sed
1223 2746 1253 2784 se

124 2803 512 2942 {tractandus
534 2800 936 2961 wadaldi
951 2801 1254 2939 {electensis

123 2969 209 3018 munt
227 2959 322 3036 (horn.
342 2958 371 3016 in
392 2957 495 3016 Ioaun.
514 2924 586 3032 27.)ζ
632 2956 675 3016 hc
700 2977 737 3017 ne
761 2957 902 3047 congerie
927 2975 973 3014 me
1000 2974 1131 3046 pugnare
1156 2955 1255 3015 dicant

123 3034 289 3106 adversarii,
309 3033 489 3107 scirerelim,
502 3031 652 3112 quomodo
673 3032 709 3093 ab
729 3054 785 3092 una
804 3054 865 3092 erus
883 3044 1029 3093 sententra
1048 3053 1078 3091 se
1090 3032 1255 3113 expediant,

123 3109 176 3169 ubi
186 3109 267 3185 dicit,
286 3110 473 3169 Sacramenta
493 3108 523 3168 in
543 3108 611 3168 solis
632 3109 869 3184 electiselficerc,
888 3109 967 3189 qnod
989 3107 1123 3189 figurant
1163 3110 1255 3170 Certe

123 3185 245 3245 inficiari
266 3207 326 3246 non
347 3185 506 3257 audebunt,
527 3184 596 3262 quin
617 3184 723 3277 figuret
743 3186 771 3244 in
789 3186 891 3254 Coena
912 3185 993 3267 panis
1013 3183 1123 3245 Christi
1138 3203 1193 3245 cor
1213 3208 1254 3246 us.

125 3261 213 3319 Unde
232 3264 376 3340 sequitur,
397 3261 540 3340 reprobos
560 3261 595 3321 ab
622 3282 681 3321 crus
708 3262 931 3342 participatione
956 3263 1059 3321 arceri.
1110 3261 1253 3342 Cyrilum

124 3356 244 3418 quoquc
264 3358 325 3396 non
345 3337 430 3397 aliter
447 3337 588 3412 sensisse,
608 3338 755 3399 declarant
779 3339 850 3397 haec
869 3340 967 3400 verba.
1005 3338 1156 3413 „Perinde
1175 3359 1211 3400 ac
1231 3338 1255 3399 si

123 3416 209 3494 „quis
229 3412 402 3493 liquefactae
422 3433 504 3474 cerae
524 3412 609 3472 aliam
630 3434 726 3474 ceram
746 3414 903 3490 infuderit,
928 3416 1048 3476 alteram
1074 3436 1140 3473 cum
1161 3415 1253 3475 altera

124 3510 201 3573 „per
225 3500 321 3551 totum
348 3491 546 3551 commisceat:
573 3493 611 3550 ita
638 3511 756 3552 necesse
781 3503 841 3566 est,
866 3494 890 3552 si
910 3493 973 3572 quis
998 3511 1114 3551 carnem
1137 3503 1166 3550 et
1185 3513 1253 3552 sau-

122 3567 263 3663 „guinem
283 3566 407 3625 Domini
427 3565 542 3646 recipit,
563 3589 627 3626 cum
648 3568 712 3646 ipso
734 3569 887 3660 coniungi,
908 3582 941 3628 ut
961 3568 1092 3629 Christus
1113 3568 1144 3626 in
1166 3588 1204 3627 eo
1225 3579 1254 3627 et

124 3665 208 3724 „rpse
227 3645 258 3704 iu
279 3642 399 3705 Christo
419 3645 612 3704 inveniatur.“
652 3645 706 3704 llis
725 3646 819 3705 verbis
840 3646 951 3726 luquere
972 3644 1114 3717 arbitror,
1134 3665 1206 3704 vero
1226 3656 1256 3704 et

124 3721 196 3782 reali
214 3739 265 3795 esu
285 3719 402 3803 privari,
425 3721 474 3800 qui
493 3721 740 3781 sacramentaliter
760 3733 874 3782 tanturn
894 3722 1002 3782 Christi
1029 3741 1136 3800 corpus
1156 3739 1255 3781 come·

124 3798 208 3870 dunt,
228 3798 307 3877 quod
327 3817 344 3856 a
363 3819 413 3857 sua
426 3798 532 3856 virtute
551 3799 679 3877 separari
698 3800 816 3876 nequit:
837 3819 892 3859 nec
911 3799 979 3858 ideo
999 3797 1149 3857 labascere
1167 3797 1255 3859 fidem

124 3874 349 4008 pronulissionum
369 3874 442 3950 Dei,
468 3873 518 4010 pai
538 3895 599 3934 uon
621 3874 727 3935 desinit
746 3878 868 4012 {⁰9ss
894 3875 1010 3955 pluere,
1035 3875 1165 3954 quamvis
1191 3875 1254 3954 plu·

143 3970 266 4009 reru
306 3971 351 4009 ern
401 3971 469 4010 rae
502 3971 806 4010 rucsnnconcrr

123 3971 169 4012 Π
199 3971 246 4091 dhq-
269 3971 517 4111 olriacspognffio
539 3972 597 4086 bos
623 3973 741 4087 licilea
769 3974 876 4089 gradali
896 4030 981 4088 ctiam
1002 4028 1177 4086 adoratione
1204 4027 1256 4087 ab·

122 4104 244 4179 strahet,
263 4124 348 4183 quam
369 4125 503 4184 perversa
522 4104 686 4163 temeritate
705 4104 820 4183 quidam
840 4108 869 4164 in
891 4116 1073 4166 sacramento
1092 4116 1257 4178 erexerunt,

124 4180 205 4260 qnod
224 4200 324 4241 secum
343 4182 553 4242 subducerent:
575 4180 607 4238 si
628 4200 734 4259 corpus
756 4193 808 4253 est,
829 4195 857 4241 et
876 4182 972 4243 anima
992 4183 1081 4262 igitur
1101 4194 1131 4240 et
1151 4181 1255 4240 divini·

123 4267 167 4315 tas
186 4267 255 4315 sunt
274 4278 330 4317 nna
350 4280 415 4319 cum
436 4275 577 4337 corpore,
608 4275 683 4336 quae
707 4261 764 4316 iam
785 4258 882 4318 divelli
908 4281 969 4318 nou
996 4269 1131 4336 possunt:
1164 4258 1255 4340 igitur

120 4330 183 4396 illic
197 4333 362 4415 adorandus
374 4333 518 4399 Christus.
544 4331 685 4409 Primum,
705 4337 728 4395 si
748 4356 798 4396 sua
818 4334 877 4411 illa,
888 4357 975 4417 quam
989 4334 1168 4410 obtendunt,
1179 4353 1253 4395 con·
