2700 4732
449 204 525 275 Lus„
546 204 586 264 Il.
627 206 716 266 Cili).
736 206 820 268 VIII.
1138 220 1197 287 m

101 358 176 411 m
191 348 224 413 ad
240 348 448 421 iuramentum,
465 346 516 407 illc
528 348 652 409 vicissim
673 350 837 413 iuramento
858 354 1053 435 respondere:
1072 356 1195 441 ethpo·

98 424 164 487 :tales
178 428 215 487 xit
230 424 340 505 (Hebe.
358 430 394 500 6,
412 425 493 500 lli),
518 424 659 487 humanas
683 430 897 491 controversias
915 431 973 492 hoc
992 434 1122 496 remedio
1143 456 1194 496 ex.

94 502 171 639 Ledrai.
202 502 238 563 lu
257 502 317 563 hoe
336 515 496 581 praecepto
518 500 606 562 hahet
622 515 746 582 uterque
765 505 887 566 solidam
909 507 1000 569 officii
1018 512 1062 570 sui
1081 532 1192 603 appro-

105 580 219 640 'tionem
272 577 356 653 Quin
387 579 474 639 etiam
506 580 582 657 apud
615 591 727 640 veteres
759 582 892 642 ethnicos
921 583 1077 647 observare
1112 588 1191 663 licet,

92 656 207 737 pullicum
218 668 250 717 et
260 655 398 716 sollenne
409 656 606 714 iusiurandum
626 656 657 714 in
677 678 780 738 magna
790 659 933 741 religione
944 660 1074 721 habitum
1086 664 1190 725 fuisse:

90 732 204 815 vulgaria,
232 754 310 813 quae
329 733 495 811 promiscue
521 732 681 797 faciehant,
712 746 762 793 ant
781 756 835 813 pro
856 736 964 812 nihilo,
993 750 1045 797 aut
1068 741 1191 801 nonita

89 830 169 891 urguo
186 810 273 869 fuisse
292 819 441 888 reputata,
467 808 591 887 perinde
609 832 641 869 ac
661 810 718 869 Ilei
738 832 846 871 numen
866 810 896 871 in
918 812 960 873 his
980 834 1041 874 noo
1061 815 1191 877 interce-

89 884 137 945 lere
151 897 295 967 putarent.
336 886 444 944 Verum
465 883 576 963 privata
594 884 770 962 iuramenta,
790 909 864 966 quae
883 887 993 963 sobrie,
1012 902 1121 967 sancte,
1141 912 1190 953 re-

89 974 193 1023 verenter
209 961 382 1022 necessariis
400 960 488 1020 rebus
508 960 699 1038 adhibentur,
727 963 865 1024 damnare
889 966 972 1024 nimis
993 967 1190 1045 periculosum

89 1038 162 1099 feerit:
179 1058 257 1119 quae
275 1039 338 1117 ipsa
359 1049 390 1097 et
408 1038 523 1096 ratione
542 1050 572 1097 et
592 1038 727 1117 exemplis
748 1040 916 1102 fulciuntur.
952 1043 1028 1101 Nam
1047 1046 1071 1103 si
1092 1046 1189 1124 priva-

89 1114 153 1175 tite
173 1138 206 1175 re
229 1115 312 1207 gravi
337 1125 368 1174 et
390 1114 466 1173 seria
491 1114 587 1173 Deum
620 1116 698 1173 inter
727 1136 759 1175 se
784 1117 909 1175 iudicem
934 1118 1083 1207 appellare
1108 1120 1189 1195 licet,

89 1188 152 1253 mito
168 1212 262 1273 magus
280 1202 395 1251 testem.
434 1190 618 1249 Insimulabit
638 1203 666 1249 te
687 1191 778 1250 frater
795 1204 861 1251 tuus
880 1194 1034 1272 perfidiae:
1061 1216 1188 1277 purgare

89 1268 253 1343 teatudehis,
271 1288 306 1327 ex
325 1267 451 1326 caritatis
471 1267 586 1327 officio:
607 1268 655 1326 ille
676 1267 755 1327 nulla
776 1270 891 1327 ratione
909 1270 1042 1329 satisfieri
1060 1272 1116 1332 sibi
1137 1294 1189 1352 pa·

89 1344 155 1405 leue
192 1346 227 1406 Si
247 1345 278 1403 in
300 1344 454 1403 discrimen
475 1344 550 1401 fama
571 1356 619 1403 tua
640 1343 679 1404 oh
700 1344 776 1405 illius
789 1345 963 1405 obstinatam
975 1346 1187 1438 malignitatem

89 1422 164 1497 teniat,
180 1422 246 1482 siue
261 1420 376 1482 offensa
398 1419 433 1479 ad
454 1420 509 1478 Dei
529 1421 667 1480 iudicium
688 1421 872 1499 provocabis,
893 1432 925 1481 ut
942 1434 1022 1482 tuam
1042 1445 1187 1485 innocen-

89 1496 130 1557 hn
145 1510 280 1579 tempore
299 1496 474 1556 manifestet.
513 1498 609 1557 hlinus
629 1509 673 1557 est
691 1509 793 1555 testem
814 1498 967 1571 advocare,
985 1502 1009 1559 si
1028 1499 1118 1561 verba
1138 1520 1188 1559 ex-

89 1574 234 1635 tnduntur.
273 1575 343 1633 Non
370 1574 454 1631 video
479 1573 569 1650 igitur
589 1594 641 1633 cur
667 1573 714 1633 hic
738 1573 869 1633 illicitnm
889 1595 1047 1635 asseramus
1066 1587 1187 1636 attesta-

89 1650 178 1711 imeev.
216 1652 322 1731 Neque
343 1649 448 1709 desunt
468 1650 591 1727 plurima
613 1649 752 1730 exempla.
790 1650 822 1709 Si
842 1650 989 1711 Abraham
1011 1663 1041 1710 et
1059 1651 1185 1729 lsaac*)

89 1738 267 1787 manentum
287 1748 353 1787 cum
374 1725 545 1786 llbimelech
566 1727 685 1805 publico
706 1728 825 1786 nomine
845 1732 1035 1806 praetexitur:
1056 1739 1186 1788 atcerte

89 1800 149 1863 berb
166 1816 197 1863 et
214 1803 315 1863 Laban
337 1803 440 1882 privati
460 1814 560 1875 erant,
585 1804 635 1883 qui
660 1815 762 1862 mutuo
789 1806 950 1865 iuramento
978 1803 1081 1863 foedus
1107 1805 1186 1863 iuter

89 1881 248 1941 euntium.
286 1878 421 1939 Privatus
440 1890 503 1938 erat
521 1880 622 1953 booz,
653 1880 702 1959 qui
723 1880 895 1957 promissum
915 1879 1085 1961 coniugium
1104 1880 1186 1939 Ruth

89 1954 165 2015 Mem
182 1958 271 2016 modo
293 1956 487 2015 confirmavit.
533 1956 666 2016 Privatus
692 1967 753 2015 erat
772 1955 899 2031 Abdias,
923 1956 970 2015 vir
987 1956 1078 2016 iustus
1097 1967 1128 2015 et
1145 1956 1186 2016 ti-

89 2032 229 2105 erubet,
258 2034 309 2113 qui
339 2035 502 2091 iuramento
533 2044 677 2092 asseverat
702 2033 781 2111 qnod
807 2032 889 2091 Eliae
914 2032 975 2091 vult
1000 2032 1185 2111 persuadere.

89 2104 177 2167 llxllarn
192 2110 289 2188 itaque
310 2108 461 2168 meliorem
482 2108 613 2190 regulam
635 2108 739 2180 habeo,
760 2109 814 2168 nisi
834 2121 866 2167 ut
886 2110 1047 2168 iuramenta
1066 2109 1107 2168 sic
1120 2130 1184 2169 mo·

90 2178 204 2257 laune,
220 2208 258 2245 ne
271 2185 423 2246 temeraria
433 2185 504 2257 sint,
524 2205 561 2243 ne
581 2186 753 2264 promiscua,
774 2205 811 2243 ne
831 2184 993 2257 libidinosa,
1013 2205 1051 2243 ne
1068 2184 1183 2246 frivola:

93 2258 131 2317 sel
144 2258 218 2321 iustae
235 2262 403 2323 necessitati
422 2263 559 2336 serviant,
578 2262 630 2321 uhi
648 2262 818 2321 scilicetvel
837 2262 958 2321 Domini
977 2260 1071 2343 gloria
1090 2260 1187 2321 vindi·

95 2334 212 2411 “adbeel
221 2338 421 2421 promovenda
429 2338 523 2397 fratris
537 2338 712 2399 aedificatio:
726 2360 783 2417 quo
792 2340 879 2421 Legis
889 2339 1186 2418 mandatumspectat.

274 2580 646 2642 PRAECEPTUM
686 2580 967 2655 Quantum.

107 2714 267 2787 hteoxlare
297 2727 391 2786 diem
425 2724 591 2798 sabbati,
615 2735 653 2782 ut
678 2723 901 2784 sanctifices.
960 2726 1027 2784 Sex
1055 2725 1185 2786 diebus

114 2800 290 2886 ltttaberis,
316 2815 351 2862 et
377 2802 491 2861 facies
512 2801 632 2860 omnia
653 2820 765 2877 opera
792 2812 867 2860 tua:
889 2801 1044 2879 septimo
1066 2814 1184 2861 autem

142 2870 364 2941 ltetabhatum
384 2878 620 2938 lehovaeDei
640 2876 694 2935 tui
715 2888 775 2935 est.
802 2878 883 2937 Non
903 2878 1014 2937 facies
1034 2879 1145 2937 ullum

484 2976 573 3035 opus
594 2956 627 3012 in
648 2973 690 3012 eo
711 2964 767 3012 etc.

159 3102 192 3163 lb
220 3102 301 3163 Finis
334 3099 482 3181 praecepti
514 3109 572 3171 est,
602 3109 635 3155 ut
659 3096 785 3175 propriis
810 3096 962 3156 affectibus
988 3109 1018 3156 et
1046 3097 1187 3176 operibus

111 3178 204 3259 quiri,
219 3201 343 3271 regnum
363 3178 421 3235 Dei
441 3175 631 3247 meditemur,
658 3186 745 3251 atque
764 3173 799 3231 ad
821 3193 882 3231 eam
902 3173 1123 3234 meditationem
1143 3176 1189 3233 in·

109 3252 229 3315 tulisti
252 3277 318 3337 apso
345 3254 508 3313 rationibus
539 3271 733 3309 exerceamur.
786 3250 911 3324 Verum,
936 3251 1072 3329 quoniam
1100 3249 1190 3311 hahet

104 3328 233 3411 puberem
255 3346 285 3393 et
305 3331 423 3391 divisam
444 3351 459 3388 a
486 3327 605 3404 reliquis
629 3326 913 3397 considerationem,
938 3327 1024 3404 paulo
1049 3327 1193 3387 diversam

101 3410 308 3487 ¹llttpretatiouis
327 3409 432 3467 seriem
454 3406 584 3484 requirit.
629 3402 792 3460 [liubrutile
819 3414 931 3461 veteres
951 3424 1120 3482 nuncupare
1139 3424 1190 3463 so-

97 3470 144 3555 Ifll,
158 3487 230 3565 quod
250 3498 400 3545 externam
421 3484 478 3541 diei
500 3479 732 3540 observationem
753 3478 917 3549 contineat,
937 3498 1011 3556 quae
1031 3479 1060 3537 iu
1080 3478 1190 3539 Christi

96 3554 270 3623 diruturum
290 3561 412 3639 reliquis
432 3558 530 3638 figuris
557 3556 668 3615 abolita
693 3555 793 3612 fuerit:
828 3555 907 3631 quod
928 3574 995 3612 vere
1015 3555 1131 3634 quidem
1152 3555 1188 3615 ab

93 3626 255 3712 llbdicitur,
283 3638 336 3697 sed
357 3636 472 3695 dimidia
497 3643 611 3693 tantum
638 3651 671 3689 ex
696 3643 777 3709 parte
797 3650 858 3688 rem
878 3630 1036 3711 attingunt.
1088 3631 1190 3704 Quare

92 3706 151 3775 dlt'tts
167 3714 326 3796 repetenda
346 3725 390 3772 est
409 3711 568 3795 expositio:
599 3721 630 3766 et
651 3707 845 3786 dispiciendas
865 3718 924 3766 tres
944 3728 1058 3780 causae,
1083 3706 1197 3784 quibus·

90 3802 194 3851 evadare
217 3792 275 3851 hoc
302 3789 468 3848 mandatum
496 3786 663 3855 observasse
689 3783 759 3842 mihi
782 3783 895 3841 videor.
915 3816 952 3829 -
983 3782 1086 3841 Voluit
1111 3782 1191 3841 enim

89 3864 193 3927 ttelestis
211 3866 379 3947 Legislator
403 3864 458 3925 suh
479 3864 537 3923 diei
556 3861 672 3940 septimi
693 3860 793 3939 quiete
813 3857 923 3937 populo
946 3858 1033 3917 Israel
1054 3858 1193 3937 spiritua·
1254 3866 1262 3873 '

89 3930 128 3998 ltu
142 3946 266 4024 requiem
287 3942 429 4022 figurare,
456 3959 512 4019 qua
532 3959 548 3997 a
569 3937 694 4017 propriis
715 3934 853 4026 operibus
873 3934 971 4001 feriari
991 3935 1101 3993 dehent
1120 3933 1193 3992 fide·

89 4004 128 4085 ltt,
147 4034 175 4079 ut
192 4022 288 4081 lleum
309 4024 340 4079 in
360 4039 391 4077 se
411 4016 527 4095 operari
547 4014 652 4074 sinant.
691 4013 808 4070 Ilernde
830 4022 936 4069 statum
957 4011 1033 4068 diem
1054 4030 1117 4068 esse
1135 4030 1193 4069 vo-

90 4081 135 4168 luit,
151 4117 204 4175 quo
224 4098 260 4157 ad
275 4098 387 4177 Legem
407 4092 579 4154 audiendam
601 4102 630 4149 et
651 4088 831 4148 ceremonias
852 4088 1030 4167 peragendas
1050 4087 1193 4145 conveni-

96 4240 1186 4271 W

142 4334 243 4405 ')Gen.
258 4340 305 4401 Ἢ,
317 4336 362 4393 Ἃ
379 4350 405 4391 et
422 4334 465 4397 26,
480 4335 522 4393 31·
541 4347 565 4387 et
581 4333 626 4396 31,
641 4333 682 4387 53.
717 4328 796 4381 Ruth.
812 4330 839 4393 3,
856 4328 898 4384 13-
932 4327 951 4379 l.
970 4324 1032 4389 fleg·
1049 4325 1092 4387 18,
1109 4324 1150 4377 ll).

114 4416 311 4477 wint-suu·
321 4427 342 4477 ι.
962 4398 1000 4459 tt·
