2700 4732
431 178 552 277 ΗΜ.
590 214 783 277 cneum.
1121 224 1179 285 ιιι

104 366 136 427 8.
179 360 246 437 Qui
268 359 339 422 lanio
365 358 519 421 doctrinae
537 358 675 421 invidiam
701 357 942 435 iacere-volunt,
964 359 1181 423 calumniantur

79 440 230 521 e'dogrna
249 438 439 509 Stoicorum,
468 436 506 495 de
526 436 603 497 fato:
630 438 710 515 quod
732 450 763 497 et
779 438 949 517 ¹llegustino
973 438 1040 517 [tit.
1060 438 1097 497 ad
1116 440 1181 499 lio-

79 520 134 579 .2
151 536 221 594 cap.
240 520 270 579 6.
291 526 323 573 et
341 513 428 593 alibi]
454 514 662 591 exprobratum
687 514 844 593 aliquando
869 514 934 573 suit.
982 516 1044 575 Nos
1063 514 1119 575 etsi
1138 516 1181 575 de
1215 574 1218 579 .

79 592 130 655 loir
152 590 243 653 iuviti
264 589 423 671 litigamus,
442 590 508 649 Fati
527 601 626 650 tamen
641 590 821 650 vocabulum
842 610 903 649 non
922 590 1091 671 recipimus:
1112 604 1179 652 tum

79 672 103 740 ia
122 680 168 729 est
187 688 223 727 ex
242 688 349 727 eorum
370 686 491 747 genere,
511 687 639 746 quorum
659 667 796 747 profanas
808 667 953 727 novitates
972 670 1108 749 refugere
1120 688 1179 735 nos

79 742 143 807 ntur
162 744 254 805 docet
273 742 316 819 (Ι.
337 742 418 803 Tim.
437 748 468 815 6,
486 744 564 817 20.):
590 754 652 801 tum
672 744 740 823 quia
765 746 827 803 eius
846 744 918 803 odio
943 758 1088 803 conantur
1106 764 1176 837 gra·
1274 760 1283 775 ¹

79 842 105 883 :e
124 822 182 881 Dei
199 821 366 881 veritatem.
408 819 527 899 Dogma
546 838 617 878 vero
641 818 737 899 ipsum
763 818 836 879 falso
861 820 949 879 nobis
974 841 1007 880 ac
1031 820 1178 882 malitiose

80 900 212 959 iectatnr.
249 897 320 957 Non
341 896 420 955 enirn
440 917 506 956 cum
526 894 636 955 Stoicis
656 898 860 957 necessitatem
880 898 1129 957 comminiscimur
1141 918 1179 958 eu
1278 962 1283 969 ,

79 986 183 1055 rpetuo
201 994 354 1033 cauurum
375 994 450 1032 nexu
467 984 498 1032 ct
517 972 657 1052 implicita
677 975 800 1052 quadem
820 974 908 1046 serie,
927 984 1004 1052 qu'ae
1022 977 1052 1033 in
1073 986 1180 1035 natura

79 1052 237 1111 retineatur:
270 1050 322 1109 sed
352 1048 449 1109 Deum
481 1049 686 1109 constituimus
717 1051 860 1110 arbitrum
889 1071 923 1109 ac
955 1051 1179 1111 moderatorem

79 1128 178 1201 auium
197 1126 248 1205 qui
269 1145 324 1205 pro
343 1146 395 1186 sua
413 1126 567 1205 sapientia,
586 1125 622 1185 ab
642 1125 744 1185 ultima
758 1126 932 1187 aeternitate
945 1128 1074 1188 decrevit
1092 1126 1178 1219 quod

79 1217 164 1264 turns
187 1214 280 1263 esset:
311 1213 343 1260 et
367 1222 446 1261 nuuc
469 1223 520 1262 sua
545 1202 694 1281 potentia,
725 1203 806 1281 qood
830 1203 975 1279 decrerit,
997 1217 1177 1283 exsequitur.

78 1280 124 1339 rde
142 1281 206 1339 eius
226 1278 413 1359 providentia
433 1298 495 1339 non
515 1278 632 1338 coelum
652 1278 744 1339 modo
764 1300 797 1339 ac
821 1290 947 1353 terram,
977 1292 1008 1339 et
1026 1292 1177 1341 creaturas

79 1356 217 1429 minutas,
234 1354 288 1416 sed
307 1354 458 1413 hominum
478 1353 566 1415 etiam
587 1355 707 1415 consilia
728 1367 759 1414 et
770 1356 935 1415 voluntates
954 1357 1113 1435 gubernari
1132 1356 1178 1417 sic

79 1434 208 1505 terimus,
235 1442 271 1491 ut
288 1431 323 1492 ad
345 1430 521 1491 destinatum
535 1430 583 1490 ab
605 1450 638 1490 ea
658 1453 779 1512 scopum
800 1444 879 1493 reeta
900 1433 1040 1492 serantur.
1090 1432 1177 1505 Quid

79 1506 607 1665 itia²⁰⁴33².¹¹i¹'i¹:iti⁰tt⁵gtt
629 1506 1089 1645 'tiit''titss‘tttttii‘i
1112 1510 1177 1647 ii'

79 1682 114 1737 u,
131 1628 325 1721 Etllnicornm
346 1680 408 1719 esse
426 1680 525 1734 voces,
545 1681 667 1740 quarum
687 1629 903 1741 significatione
943 1664 1038 1721 iorum
1058 1674 1176 1722 menter

79 1738 174 1817 eepari
199 1758 263 1798 non
283 1736 420 1797 debeant.
469 1736 545 1795 Nam
575 1736 600 1796 si
623 1758 770 1797 successus
795 1738 891 1797 omnis
919 1685 975 1795 liei
1001 1739 1174 1798 benedictio

79 1814 258 1887 §calamites
278 1826 309 1872 et
320 1812 490 1885 adversitas,
510 1813 571 1873 eius
592 1813 774 1875 maledictiot
798 1814 935 1873 fortunae
954 1815 1011 1873 iarn
1032 1815 1060 1873 in
1083 1814 1175 1875 rebus

79 1892 167 1951 suauis
185 1902 236 1950 aut
247 1892 326 1949 casm
346 1888 443 1949 nullus
452 1888 628 1971 relinquitur
649 1889 739 1950 locus.
778 1889 817 1949 Et
838 1909 958 1949 movere
979 1911 1032 1949 nos
1052 1910 1175 1969 quoque

79 1964 320 2048 leddugustini
341 1966 431 2025 debet
452 1965 517 2045 [lib.
530 1974 558 2029 1.
577 1966 708 2025 lletract.
728 1966 865 2045 cep.1.]:
885 1968 944 2042 „lu
965 1966 1047 2027 libris
1066 1980 1174 2028 contra

79 2041 258 2113 tendentem,
277 2044 391 2123 inquit,
410 2064 472 2101 non
492 2043 563 2101 milti
583 2042 680 2122 placet
701 2043 789 2101 toties
810 2064 858 2101 me
877 2042 1038 2123 appellasse
1057 2044 1172 2103 Fortu-

79 2119 295 2257 :tuditi
310 2118 636 2256 dicitlicit:
653 2118 796 2255 ‘titiis‘
817 2118 874 2256 lii
893 2119 1175 2257 itti'tlt'iiti
1257 2174 1269 2189 ·

79 2268 187 2337 Untect
203 2272 249 2333 illa
258 2272 349 2332 verba
368 2283 447 2346 suut,
466 2292 541 2351 quae
561 2272 641 2331 nulla
661 2272 765 2353 religio
786 2272 885 2333 dicere
898 2272 1047 2351 prohibet,
1065 2240 1174 2351 Forte,

79 2344 186 2423 tom,
202 2350 356 2422 Forsitan,
374 2350 524 2408 l'ortuito:
545 2350 624 2427 quod
644 2361 743 2408 tamen
765 2361 858 2409 totum
879 2352 916 2409 ad
937 2350 1061 2409 divinam
1082 2370 1174 2411 revo-

79 2424 180 2485 nttdutu
197 2439 241 2487 est
260 2425 483 2507 providentiam.
521 2426 626 2503 Neque
648 2425 704 2485 ltoc
725 2426 818 2497 tacui,
837 2427 947 2505 diceus,
967 2427 1086 2487 Etenim
1107 2428 1174 2487 lor·-

79 2508 146 2575 use,
161 2524 232 2582 quae
251 2502 342 2583 vulgo
355 2504 487 2561 Fortuna
508 2515 704 2580 nuncupatur,
723 2502 842 2561 occulto
856 2523 974 2581 quoqne
995 2504 1101 2562 ordine
1123 2526 1172 2563 re-

79 2575 150 2655 gitur:
167 2579 296 2658 nihilque
316 2578 393 2639 aliud
415 2580 445 2637 in
465 2578 553 2637 rebus
574 2578 681 2637 Casum
700 2600 848 2650 vocemus,
869 2580 923 2638 nisi
942 2581 1024 2639 cuius
1044 2581 1119 2640 ratio
1140 2592 1172 2641 et

79 2672 141 2713 :rusa
158 2670 266 2716 secreta
288 2668 342 2715 est
388 2656 453 2713 Dixi
473 2656 592 2733 quidem
615 2654 685 2714 hoc:
706 2676 805 2714 verum
826 2658 962 2735 poenitet
981 2676 1027 2714 me
1047 2657 1089 2716 sic
1109 2678 1169 2716 no-

79 2730 180 2791 uioasse
198 2732 257 2792 illic
273 2733 450 2791 Fortunam:
471 2754 558 2823 quum
579 2731 690 2790 vulcam
712 2732 845 2792 homines
866 2732 975 2791 habere
996 2733 1025 2790 in
1047 2735 1171 2811 pessima

79 2810 286 2883 mmuetodine,
306 2820 339 2867 ut
357 2808 409 2867 ubi
428 2809 485 2868 dier
505 2808 698 2883 debet,.lloc
718 2809 798 2867 Deus
819 2808 927 2881 voluit,
958 2809 1074 2879 dicant,
1099 2810 1169 2869 lloc

79 2882 150 2943 ulnit
166 2885 327 2944 l'ortuna.“
353 2886 431 2943 lieni
454 2905 491 2943 ue
504 2885 609 2964 passim
621 2885 719 2956 docet,
738 2886 762 2943 si
782 2886 852 2963 quid
865 2886 1013 2944 Fortunae
1027 2886 1170 2963 relinqui-

79 2970 218 3031 u,teurere
236 2961 346 3021 uersari
365 2907 512 3019 munllum.
551 2963 591 3019 Et
610 2982 773 3040 quanquam
794 2961 900 3021 alicubi
921 2961 1024 3019 definit
1042 2962 1168 3051 [tibet-

79 3037 260 3119 tunsionum]
290 3038 396 3117 partim
427 3038 522 3098 libero
551 3037 680 3097 hominis
700 3037 839 3111 arbitrio,
866 3038 970 3117 partim
991 3038 1048 3097 Der
1069 3038 1169 3117 provi·

79 3110 135 3171 rutis
151 3116 245 3174 omnia
263 3116 342 3195 geri,
363 3113 431 3175 huic
449 3128 548 3174 tamen
569 3114 687 3173 subesse
708 3113 842 3173 homines
864 3114 950 3173 stab
972 3134 1005 3173 ea
1026 3114 1101 3195 regi,
1120 3136 1170 3174 sa-

79 3188 175 3269 ntulo
195 3202 262 3271 post
281 3190 424 3265 ostendit,
444 3189 620 3281 principium
643 3190 714 3249 illud
734 3210 866 3265 sumens,
888 3191 959 3249 nihil
980 3210 1042 3251 esse
1062 3190 1168 3251 absur-

80 3280 197 3343 qum
222 3266 288 3327 fieri
315 3269 471 3346 quicquam
496 3267 553 3327 nisu
573 3266 729 3326 ordinante
751 3267 834 3325 Deo:
867 3268 934 3346 quia
955 3279 1067 3326 temere
1086 3268 1167 3327 acci-

79 3348 136 3397 trtt
165 3342 228 3419 Qua
250 3343 369 3404 ratione
390 3355 420 3402 et
442 3343 691 3424 contingentiam,
711 3364 784 3422 quae
805 3343 841 3401 ab
864 3344 1015 3403 hominurn
1040 3344 1169 3406 arbitrio

79 3412 1033 3569 3fflp11=3333r2535p2gpgggogppgrggqm
1053 3442 1167 3555 ligi?

79 3568 184 3657 wimple
200 3520 529 3665 loclintetligildlbeat
548 3591 581 3630 ex
602 3516 666 3631 lino
692 3572 761 3631 loco
782 3574 893 3650 optime
911 3518 1115 3653 litatebilnl'lils.
1134 3510 1165 3637 il

79 3640 168 3705 erm.
183 3668 238 3729 cap.
250 3648 309 3729 s.]‚
329 3649 380 3709 ubi
392 3650 448 3709 Dei
468 3649 660 3719 voluntatem,
679 3669 822 3707 summam
842 3669 904 3708 esse
926 3650 1032 3727 probat
1053 3661 1082 3707 et
1101 3650 1164 3727 pri-

79 3726 251 3862 afflui
273 3748 403 3859 causasq:
424 3722 583 3861 qpqunihil
596 3726 712 3859 1ηἰείἕιι
731 3725 808 3785 iussu
829 3726 891 3859 elus
903 3726 949 3785 vel
969 3727 1163 3859 petrmissqone

206 3822 269 3863 ere
291 3822 352 3861 non
395 3822 443 3883 ngr
508 3822 573 3859 eum
595 3822 625 3859 m
646 3822 664 3859 o
691 3822 741 3860 osa
760 3820 878 3934 specua
898 3821 1071 3873 cessassem,
1113 3823 1163 3859 um

113 3875 138 3935 td
154 3876 214 3939 vult
231 3879 416 3958 permittere,
437 3878 488 3937 ubi
506 3877 626 3937 actualis
646 3880 695 3953 (ut
711 3878 751 3936 ita
786 3880 893 3956 oquar)
914 3878 1047 3937 voluntas
1067 3878 1161 3936 inter-

79 3890 206 4033 ἄφιε
225 3956 339 4034 alioqui
359 3976 420 4014 non
441 3966 540 4033 posset
558 3954 673 4013 censeri
693 3974 790 4013 causa.

107 4034 132 4091 9.
166 4028 319 4104 Quoniam
340 4042 438 4091 tantm
458 4031 548 4112 longe
575 4030 651 4089 infra
673 4030 878 4109 providentiae
897 4028 955 4087 Dei
976 4027 1163 4087 altitudinem

79 4102 145 4166 uidit
161 4107 268 4167 mentis
288 4118 407 4167 nostrae
425 4107 559 4181 tarditas,
587 4106 753 4165 adhibenda
780 4117 824 4165 est
844 4126 918 4184 quae
935 4124 1002 4171 ,enm
1027 4102 1163 4163 sublevet

79 4178 182 4243 tinctio.
220 4184 328 4243 Dicam
347 4185 447 4265 igitur,
467 4198 617 4261 utcunque
637 4183 814 4242 ordinentur
834 4182 934 4241 omnia
954 4180 1013 4241 Dei
1036 4180 1162 4239 consilio

82 4270 152 4322 terte
168 4260 408 4341 dispensatione,
426 4260 513 4321 nobis
533 4272 630 4321 umen
650 4279 713 4321 esse
733 4259 871 4320 fortuita:
898 4276 961 4317 non
975 4257 1064 4336 ,quod
1083 4256 1160 4315 For-
