2596 4726
430 236 506 298 tte.
526 236 550 297 l.
591 236 681 298 CAP.
702 237 739 298 ll.
896 282 899 289 -
1110 246 1150 307 45

19 382 150 477 moniam
169 381 290 464 plenius
308 404 422 445 sursum
435 372 563 477 rclnlget
580 381 734 476 potentiae
753 370 1031 478 etrapientiaeeiut
1043 356 1150 469 gloria,
1233 452 1237 467 Ι

17 460 899 616 “ttttttttffllttt2¹:1⁸tt':lt¹¹t';nll,¹’tt⁰t;
918 484 1153 601 tttttttltt

16 558 107 674 iamlten
128 612 251 693 aliquae
271 579 385 709 gloriae
404 613 493 693 ipsius
503 614 630 676 emicare
647 582 814 675 cernaniur.
841 561 1067 696 qAmplissimam
1076 621 1149 677 iero

17 692 80 751 tue
98 701 134 751 et
152 689 365 771 pulcernmam
385 690 563 765 machinam,
589 710 675 826 spuam
695 690 753 782 late
772 702 869 772 patet,
895 712 955 784 nno
977 693 1084 757 intuitu
1104 692 1151 786 lu·
1184 755 1185 759 ,

642 787 721 902 pons
746 780 827 829 totus
852 769 984 905 unrlupue
1009 769 1150 830 obruam.

15 779 98 827 strare
117 786 272 847 nequeas,
291 767 363 848 quin
383 767 411 826 ri
435 766 575 828 immensa
611 766 638 828 ul

16 843 110 918 Quare
124 842 285 935 eleganter
295 855 399 904 auctor
412 843 561 924 Epistulae
580 844 640 903 adl
657 843 780 906 ebraeus
792 848 855 923 (ll,
866 847 910 922 3.)
954 845 1053 905 arcula
1074 866 1152 904 nun·

14 932 102 1000 supat,
116 918 319 980 invisibilium
339 941 438 979 rernm
463 919 644 999 spectacula:
674 921 753 999 quod
782 922 869 983 nobis
887 920 952 983 vice
975 921 1087 1002 speculi
1110 921 1151 981 sit

14 1009 63 1058 tan
83 999 240 1057 concinna
260 995 363 1056 mundi
382 996 502 1077 positio,
521 996 551 1055 in
586 995 819 1061 uoinvisibilem
840 997 1056 1078 alioquiDeum
1077 1018 1152 1059 eon-

13 1072 143 1153 teuplari
170 1072 269 1133 liceat.
320 1071 390 1146 Qua
419 1073 534 1133 ratione
564 1019 713 1165 impleta
738 1074 874 1153 (esto,
895 1076 939 1151 1.)
971 1074 1151 1135 coelestibus

14 1150 151 1210 creaturis
171 1149 285 1210 idioma
304 1150 449 1223 attribuit,
470 1149 556 1209 nullis
577 1149 745 1210 nationibus
765 1151 964 1233 incognitum:
985 1152 1067 1242 quod
1086 1150 1158 1211 eri-⁸

15 1226 128 1286 lentior
147 1224 213 1285 illic
233 1237 326 1286 exstat
338 1226 496 1286 divinitatis
515 1227 693 1301 testificatio,
734 1248 799 1286 uam
820 1239 853 1285 ut
872 1239 1033 1306 praeterire
1053 1227 1151 1307 gentis

13 1302 92 1363 allius
107 1301 161 1362 'rel
181 1301 396 1363 obtusissimae'
407 1303 672 1363 considerationem
687 1303 723 1361 de
746 1314 801 1362 eat.
841 1304 932 1377 Quod
944 1302 1046 1363 clarius
1066 1323 1152 1363 enar·

14 1400 70 1439 rans
95 1378 283 1458 Apostolus,
314 1380 491 1459 patefactum
521 1399 583 1440 esse
608 1379 775 1439 hominibus
799 1380 887 1454 dicit,
912 1379 992 1459 quod
1019 1379 1056 1439 de
1081 1381 1151 1439 lle'n
1271 1413 1276 1427 =

15 1457 152 1537 cognosci
172 1475 286 1536 operae
311 1455 437 1536 pretium
457 1468 532 1515 erat:
565 1456 633 1537 quia
656 1456 809 1516 invisibilia
830 1456 906 1530 eius,
939 1456 974 1515 ad
1001 1467 1151 1517 aeternam

16 1552 99 1611 mque
119 1532 186 1592 eius
206 1531 346 1592 virtutem
370 1544 401 1593 et
427 1532 621 1607 divinitatem,
647 1554 663 1592 a
690 1533 840 1593 creatione
864 1532 967 1592 mundi
991 1531 1153 1609 intellectu,

17 1629 111 1670 onnes
132 1608 171 1668 ad
194 1630 287 1667 unum
308 1609 493 1690 conspiciunt
513 1610 614 1689 (llum.
635 1610 756 1686 1,19.).

80 1691 111 1749 2
150 1684 313 1744 Mirifieam
338 1684 399 1744 eius
424 1685 593 1765 sapientiam
614 1706 688 1767 quae
713 1697 874 1760 testentur,
904 1685 1058 1747 innumera
1082 1697 1153 1747 sunt

17 1772 68 1821 nu
86 1765 119 1822 in
140 1760 247 1837 coelo,
266 1773 330 1820 tum
350 1761 381 1820 in
400 1762 488 1821 terris
513 1761 706 1823 documenta:
734 1783 794 1822 non
820 1762 869 1821 illa
895 1763 986 1823 modo
1012 1763 1151 1822 recondi-

17 1838 93 1913 tiora,
113 1837 227 1931 quibus
238 1838 361 1918 propius
373 1837 561 1899 observandis
574 1838 744 1921 astrologia,
764 1839 919 1910 medicina,
940 1850 970 1899 et
989 1850 1052 1899 tota
1072 1837 1152 1930 phy-

17 1916 65 1976 sin
89 1915 218 1976 serentia
252 1914 395 1976 destinata
427 1926 484 1974 ests
515 1915 565 1976 sed
590 1935 666 1994 quae
694 1916 838 1975 rurlissimi
870 1917 1009 1995 cuiusque
1040 1915 1153 1976 idrotae

15 1994 138 2072 aspectui
158 2011 193 2051 se
211 1990 368 2073 ingerunt,
388 2003 422 2051 ut
439 1992 546 2072 aperiri
566 1992 645 2053 oculi
666 2004 815 2070 nequeant
826 1992 897 2072 quin
918 2012 1021 2050 eornm
1041 2011 1153 2072 cogan-

15 2080 60 2128 tur
78 2089 140 2128 esse
158 2080 264 2128 testes.
308 2068 452 2148 Equidem
472 2069 522 2148 qui
547 2067 681 2129 liberales
706 2067 773 2131 illas¹
789 2080 866 2128 artes
886 2068 931 2127 vel
956 2067 1152 2145 imbiberunt,

16 2144 62 2202 rel
81 2144 167 2204 etiam
188 2145 401 2226 degustarunt,
427 2165 526 2204 earum
547 2144 677 2206 subsidio
697 2146 805 2220 adiuti,
830 2144 919 2227 longe
939 2144 1024 2205 altius
1043 2164 1152 2224 prove·

19 2219 125 2280 huntur
143 2220 178 2281 ad
204 2221 437 2302 introspicienda
462 2222 578 2283 divinae
602 2222 763 2302 sapientiae
788 2242 906 2282 amana:
937 2241 1026 2283 nemo
1051 2233 1153 2281 tamen

20 2316 113 2356 carun
123 2299 240 2358 inscitia
258 2297 426 2378 impeditur,
438 2300 603 2379 quominus,
613 2298 729 2359 artificii
747 2300 815 2359 satis
834 2319 981 2379 superque
1002 2297 1154 2379 pervideat

20 2373 113 2434 tanei
130 2375 288 2469 operibus,
310 2375 388 2435 unde
407 2376 437 2434 in
449 2376 560 2456 opificis
580 2375 802 2435 admirationem
822 2386 1005 2455 prorumpat.
1037 2376 1153 2455 Nempe

18 2450 52 2511 ad
68 2450 278 2532 disquirendos
298 2463 441 2512 astrorum
461 2465 569 2528 motus,
588 2452 802 2512 distribuendas
820 2450 921 2525 redes,
940 2452 1087 2512 metienda
1107 2452 1154 2511 inl·

17 2528 147 2601 terratia,
172 2529 373 2609 proprietates
397 2529 557 2604 notandas,
587 2542 651 2589 arte
683 2549 717 2588 ac
741 2529 886 2588 exactiore
913 2528 1052 2589 industria
1078 2550 1153 2610 opua

16 2618 69 2666 est:
89 2606 202 2686 quibus
219 2606 395 2697 perspectis,
415 2616 447 2665 ut
460 2605 517 2664 Dei
537 2605 722 2687 providentia
741 2604 907 2684 explicatius
920 2605 1097 2685 seprolert,
1115 2606 1156 2666 ita

17 2685 44 2741 ia
61 2683 124 2743 eius
146 2681 276 2800 gipsum
288 2682 535 2762 conspiciendam,
556 2683 757 2816 animumpar
777 2693 822 2741 est
840 2681 990 2773 aliquanto
1002 2679 1155 2772 sublimius

17 2779 171 2896 negritu}
192 2758 630 2909 ddmiiridulduiiidtddecdssddridl,
649 2759 1068 2914 ‘igineddlreetqdidisi'ldididdld
1086 2757 1155 2893 :idid

19 2912 234 2986 excellentiam,
252 2910 332 2971 ultro
352 2932 384 2972 se
403 2913 432 2971 in
453 2912 506 2973 ista
524 2912 742 2984 innumerabili,
762 2923 793 2970 et
812 2923 911 2970 tamen
928 2912 1003 2971 adeo
1017 2911 1156 2970 distructa

20 3000 46 3047 et
62 2989 209 3071 disposita
236 2987 372 3081 coelestis
391 2989 512 3049 militiae
533 2990 671 3081 varietate
692 3000 887 3048 exserentem:
900 3067 906 3078 Ι
919 2999 1037 3048 constat
1060 2987 1156 3080 nemi·

21 3085 352 3205 tznttt‘u‘ttttt
372 3065 505 3222 iiiiii
522 3064 1158 3219 itt:{tltfflctttttl'ltlt”iytliltss

80 3219 259 3292 titudinem,
279 3240 373 3288 nsum,
391 3237 425 3278 ea
446 3240 531 3297 quam
553 3218 684 3278 Galenus
704 3217 770 3294 (tit.
784 3218 822 3276 de
841 3240 895 3277 usu
915 3216 1057 3297 partium)
1076 3216 1157 3276 adbi-

90 3296 224 3359 solertia
243 3295 437 3376 pensiculate,
458 3295 552 3355 eximii
572 3306 616 3354 est
636 3294 786 3354 acuminis.
826 3294 885 3353 Sed
906 3293 1037 3354 omnium
1057 3306 1158 3352 tamen
1198 3350 1202 3359 ,

24 3373 226 3446 rmlesrione,
252 3391 324 3453 prae
342 3393 374 3432 se
400 3372 459 3431 fert
477 3393 584 3452 corpus
611 3372 768 3430 humanum
788 3381 847 3430 tam
871 3370 1054 3449 ingeniosam
1075 3389 1159 3430 com-

24 3451 209 3528 positionem,
230 3460 263 3507 ot
281 3448 322 3509 ob
343 3469 409 3509 eam
428 3449 535 3508 merito
556 3447 736 3507 admirabilis
755 3446 855 3524 opilex
874 3445 1030 3505 iudicetur.

87 3532 117 3592 3.
158 3528 208 3586 Ac
227 3524 355 3606 proinde
375 3525 492 3604 quidam
513 3545 546 3584 er
565 3523 746 3604 philosophis
758 3523 815 3599 θ’)
835 3521 905 3582 olim
926 3522 1075 3581 hominem
1095 3536 1176 3581 non‘

10 3600 165 3663 'inmerito
186 3613 332 3661 vocarunt
350 3598 552 3673 μικρόκοσμον,
572 3601 639 3680 quia
659 3621 756 3659 rarum
775 3600 814 3658 sit
835 3599 996 3678 potentiae,
1015 3597 1160 3658 bonitatis

25 3690 50 3737 et
64 3680 229 3761 sapientiae
250 3679 309 3737 Dei
329 3678 495 3758 specimen,
522 3677 649 3755 satisque
668 3675 875 3735 miraculorum
896 3675 926 3733 in
951 3694 982 3735 se
1009 3675 1160 3734 contineat

26 3754 330 3909 tttttltst'tllt
350 3748 1160 3906 llll?„ltltmtttll‘l'ttl‘'tttsllztt·

28 3909 60 3968 tis
77 3930 199 3990 qnoque
223 3929 313 3991 posse
333 3872 537 3986 slepi-clrcnili,
568 3928 636 3968 mor
661 3872 765 3986 procdl
786 3849 987 3985 quaercpudimr
1012 3923 1074 3964 non
1098 3920 1161 3963 esse

85 4175 113 4243 ⁸)
128 4173 304 4271 Angustinrps:
329 4170 500 4237 „astrologia
515 4188 646 4251 'magnum
673 4165 796 4233 religiosis
822 4180 1017 4234 argumentum,
1045 4181 1163 4220 tormen·

31 4251 266 4378 ”Qecelindnriit
284 4308 344 4363 hist.
361 4305 440 4359 anim.
463 4306 507 4360 lib.
526 4309 550 4369 l,
576 4326 596 4358 e.
615 4306 655 4364 17.
691 4304 810 4358 Macrob.
826 4302 855 4357 in
876 4321 964 4359 somn.
989 4301 1058 4373 Seip.
1077 4301 1122 4355 lib.
1137 4303 1162 4357 2.

34 4394 49 4424 t·
66 4378 100 4432 12
131 4378 227 4433 Βοιὼ.
246 4379 281 4431 de
300 4375 464 4430 delinitione.
