2596 4726
75 222 135 301 dil)
471 212 610 307 tiltpr.
649 210 740 277 CAP.
759 212 796 271 ι’.

81 360 155 437 „tibi
175 358 313 419 debetur:
334 370 365 417 et
380 380 469 437 qrrrrm
490 358 652 437 praemium
667 358 793 431 venerit,
811 374 863 417 sua
875 354 956 415 dona
967 352 1149 433 combibe

81 438 203 513 „merita
228 440 311 494 tua.“
349 436 462 493 Eodem
483 456 569 493 sensu
590 434 660 494 alibi
688 434 741 513 l‘l‘
760 432 861 493 verbis
880 430 1019 513 Apostol.
1039 438 1149 497 semi

82 536 143 575 non
170 512 293 595 gratiam
318 532 351 571 cx
376 513 502 583 merito,
533 512 584 571 sed
609 513 747 569 meritum
771 530 806 570 es
830 512 925 585 gratia
947 526 1014 569 esse
1038 506 1132 569 docet.

82 590 169 671 paulo
201 602 267 670 post
297 587 448 649 concludit
467 588 566 647 lleum
590 588 648 647 suis
668 588 755 647 donis
780 586 883 645 merita
904 584 1007 645 omnia
1033 582 1149 675 praeced

82 680 116 729 ut
135 667 203 727 inde
223 665 319 725 eliciat
337 686 388 725 sna
408 666 522 733 merita,
542 675 573 723 et
594 685 711 743 prorsus
730 663 820 743 gratis
832 662 915 731 dare,
932 662 1003 741 qnia
1017 658 1149 721 nibilisrt

83 745 161 804 nndc
185 742 284 803 salvet.
333 741 392 799 Sed
413 742 483 821 quid
509 740 677 821 longiorem
704 738 871 819 catalogum
895 749 997 797 texere
1022 754 1147 797 neceas·

83 842 171 900 quum
200 819 325 879 subinde
348 816 421 877 tales
452 819 617 877 sententiae
643 817 672 875 in
693 818 755 875 eius
779 815 896 895 scriptis
916 812 1093 875 recurrant?
1125 814 1149 873 d

83 898 186 957 melius
217 898 376 955 etiamnum
400 893 459 953 boe
484 914 586 953 errore
612 892 749 952 liberabit
772 911 824 952 eos
844 884 1027 971 Apostolus,
1056 890 1083 949 si
1101 888 1149 949 aad

83 995 143 1053 quo
164 993 197 1031 es
217 971 362 1052 prim-ipio
381 981 549 1029 sanctorum
570 968 693 1051 gloriam
713 968 849 1028 deducat.
899 966 1011 1041 „Quos
1030 964 1121 1049 elegit

84 1049 209 1109 vocavit:
230 1067 304 1125 quos
323 1047 448 1118 vocavit,
469 1067 519 1106 eos
539 1045 717 1107 iustificavit:
739 1065 814 1125 quos
834 1041 1017 1115 iustificavit,
1036 1006 1150 1125 ensplu

84 1125 179 1186 cavit“
199 1122 396 1198 (Remitto.
409 1126 482 1196 stt).
523 1124 586 1183 Cur
606 1143 690 1203 crgo,
709 1133 784 1181 teste
796 1119 945 1199 Apostolo
964 1118 1150 1196 (ttTtmt,

84 1211 266 1261 coronantur
286 1198 403 1257 fideles?
442 1198 522 1273 Quia
543 1199 664 1259 Domini
685 1196 899 1269 misericordia,
924 1216 987 1255 non
1007 1216 1061 1255 sua
1081 1194 1150 1255 indu

84 1288 115 1335 et
134 1274 221 1335 electi
240 1286 309 1333 sunt
329 1288 359 1335 et
377 1278 472 1336 vocati
494 1288 523 1335 et
544 1274 697 1335 iustificati.
750 1276 887 1334 Facessat
906 1292 981 1353 ergo
1002 1272 1098 1332 inanis
1114 1270 1150 1331 bic

84 1372 167 1425 mor,
198 1350 277 1410 nulla
303 1351 368 1411 fore
392 1350 514 1430 amplius
534 1352 637 1412 merita
658 1354 681 1413 si
707 1350 833 1410 liberum
859 1368 921 1409 non
946 1347 1039 1408 stabit
1058 1346 1150 1410 arbitri

83 1428 292 1489 Stultissimum
313 1428 389 1486 enim
411 1439 455 1487 est
473 1428 509 1487 ab
530 1447 567 1487 eo
588 1428 747 1488 absterreri
767 1448 801 1486 ac
821 1426 971 1507 refugere,
991 1446 1054 1504 quo
1074 1422 1150 1485 nost

85 1515 169 1585 ptura
189 1515 290 1563 vocat:
315 1503 369 1577 „si
390 1504 488 1563 omnia
509 1524 577 1564 acce
601 1506 658 1578 isti,
678 1506 718 1563 ait
737 1504 777 1575 (l.
798 1502 872 1563 Cor.
892 1508 922 1571 l,
941 1504 1001 1577 7-)‚
1020 1502 1094 1580 quid
1111 1498 1150 1595 pls

85 1583 136 1655 ris,
155 1581 236 1661 quasi
257 1600 318 1639 non
339 1580 527 1659 acceperisi“
594 1582 656 1639 ides
676 1582 715 1641 ob
737 1580 764 1639 id
783 1580 878 1658 ipsum
898 1577 996 1638 libero
1015 1578 1140 1638 arbitrio

84 1676 165 1717 mere
184 1676 250 1715 eum
270 1657 386 1731 omnia,
407 1676 550 1735 nequem
571 1657 681 1717 meritis
701 1657 800 1716 locum
820 1654 980 1735 relinquat.
1007 1726 1010 1733 Ι
1032 1654 1096 1715 Sed
1113 1664 1150 1715 tar

86 1746 118 1794 ιι
137 1733 302 1793 inexhausta
323 1745 353 1793 et
372 1733 522 1813 multiplex
543 1746 587 1792 est
606 1734 663 1792 bei
684 1732 879 1793 beneficentia
899 1752 934 1791 ac
954 1730 1132 1807 liberalitas,

84 1811 189 1891 gratias
208 1811 237 1869 in
259 1830 314 1870 nos
334 1810 461 1883 confert,
481 1810 549 1890 quia
568 1822 681 1871 nostras
701 1810 782 1885 facit,
801 1807 925 1888 perinde
944 1828 978 1869 ac
997 1818 1116 1869 nostras
1130 1828 1150 1867 c

85 1900 129 1947 tes
149 1899 360 1946 remuneretur.

160 1968 188 2027 3.
227 1963 349 2022 Addunt
368 1963 447 2042 quod
469 1984 502 2023 ex
521 1964 735 2045 (lbrysostomo
755 1972 902 2041 sumptum
917 1960 1016 2021 videri
1033 1972 1138 2041 potest

86 2039 145 2099 mil·
165 2046 213 2103 ⁶22.
233 2040 263 2098 in
282 2039 387 2115 Gen),
409 2041 526 2113 Quodsi
547 2041 615 2101 baec
635 2062 694 2099 uon
716 2040 753 2099 sit
773 2038 931 2098 voluntatis
952 2050 1073 2098 nostrae
1091 2036 1151 2097 fact

86 2116 196 2176 bonum
216 2126 267 2175 ant
287 2113 391 2175 malum
413 2114 539 2197 eligere,
569 2128 619 2177 aut
642 2138 744 2175 ornnes
765 2115 895 2175 eiusdem
920 2126 1044 2175 naturae
1064 2112 1151 2194 partic

86 2192 177 2251 malos
198 2194 261 2251 eise
281 2204 439 2266 onortere,
473 2204 523 2252 aut
542 2212 644 2253 omnes
672 2194 775 2252 bunos.
827 2193 891 2251 Nec
912 2191 1003 2273 longe
1023 2188 1151 2251 abestal

86 2268 255 2346 quicunque
268 2286 311 2327 est
323 2269 451 2345 scriptor
461 2268 512 2327 ille
522 2271 632 2346 operis,
640 2269 676 2329 de
690 2269 854 2329 vocatione
868 2266 1012 2327 Gentium
1021 2266 1151 2345 (tibae

86 2344 137 2423 qui
154 2343 209 2403 sub
220 2343 369 2405 Ambrosii
389 2346 509 2403 nominc
525 2346 738 2417 circumfertur,
759 2346 828 2405 dnrn
848 2346 1052 2419 ratiocinatur,
1071 2342 1151 2403 nemi

87 2439 215 2512 unquam
241 2440 257 2479 a
281 2419 339 2479 fide
363 2419 451 2479 fuisse
479 2442 674 2495 recessurum,
707 2424 760 2481 nisi
786 2421 988 2481 mutabilitatis
1015 2420 1151 2481 conditio

85 2495 142 2555 Der
163 2500 254 2587 gratia
274 2496 359 2556 nobis
380 2495 572 2577 relinqueret:
606 2499 634 2557 in
657 2520 716 2577 quo
747 2500 854 2557 mirum
879 2510 923 2557 est
947 2507 1048 2557 tantos
1068 2496 1148 2559 virm

86 2573 233 2633 excidisse.
285 2572 448 2647 Quomodo
480 2576 557 2633 enim
584 2575 798 2653 (Ibrysostomo
830 2575 859 2634 in
886 2586 1015 2633 mentem
1041 2594 1104 2633 non
1127 2594 1151 2633 n

88 2650 263 2710 electionem
283 2648 341 2707 1)ιί
367 2669 428 2709 esse
449 2670 523 2728 quae
549 2651 627 2710 intcr
653 2652 785 2711 homines
805 2653 846 2709 sic
867 2650 1032 2711 discernat?
1070 2650 1133 2709 Nos

87 2727 154 2786 dem
174 2726 339 2787 concedere
359 2725 476 2785 minime
497 2728 703 2798 formidamus,
735 2728 813 2807 quod
834 2727 943 2787 Pardus
968 2746 1075 2809 magna
1094 2744 1151 2786 eon

85 2804 170 2864 tione
189 2804 302 2877 asserit,
321 2824 423 2863 omnes
441 2804 526 2864 simul
546 2826 650 2884 pravos
663 2825 724 2864 esse
745 2817 774 2863 et
794 2805 919 2865 malitiae
931 2804 1063 2865 deditos:
1083 2800 1137 2864 ssd

87 2880 138 2942 illo
158 2880 343 2953 subiicimus,
362 2880 418 2938 Dei
438 2881 636 2941 misericordia
658 2882 736 2951 fieri,
756 2902 793 2940 ne
814 2902 917 2941 ornrrcs
937 2881 967 2940 in
988 2882 1135 2960 pravitate

86 2970 231 3017 maneant.
269 2958 310 3017 Er
332 2978 350 3016 o
372 2980 460 3036 quum
492 2959 553 3037 pari
584 2958 690 3017 morbo
716 2958 883 3019 laboremus
908 2957 1085 3017 naturaliter
1106 2976 1152 3017 on

86 3034 141 3093 soli
161 3034 203 3093 ilfi
224 2978 447 3108 convalescunt,
472 3036 577 3113 quibus
602 3036 741 3095 medicam
766 3055 882 3094 nianum
910 3034 1067 3094 admovere
1084 3031 1152 3093 lion

87 3109 204 3190 placuit.
255 3110 330 3185 Alii,
360 3131 434 3189 quos
455 3111 531 3171 iusto
552 3111 660 3171 iudicio
683 3111 904 3191 praetermittit,
937 3112 966 3168 in
986 3131 1038 3169 sua
1062 3120 1152 3190 putre

88 3186 252 3259 tabescunt,
272 3185 367 3246 donce
387 3186 584 3246 absumantur.
622 3190 684 3250 Nec
705 3188 821 3247 aliunde
841 3200 885 3246 est
905 3188 986 3265 quod
1006 3185 1055 3246 alii
1074 3186 1111 3246 ad
1131 3186 1152 3245 fl

88 3274 290 3342 perseverant,
319 3262 367 3322 alii
401 3261 465 3322 inec
488 3275 520 3322 to
546 3286 629 3323 cursu
662 3264 864 3343 prolabuntur.
916 3264 1070 3343 Siquidem
1095 3274 1128 3323 et

86 3340 300 3417 perseverentia
322 3338 433 3399 donum
484 3338 511 3399 ei
531 3352 591 3413 est,
622 3342 701 3419 quod
728 3362 788 3400 non
816 3339 951 3399 onmibns
972 3340 1144 3421 promiscue

87 3414 176 3497 gitur,
195 3414 245 3473 scd
266 3415 371 3493 quibus
390 3414 481 3475 visum
503 3427 557 3490 est,
576 3416 715 3495 impertit.
754 3418 788 3476 Si
809 3438 891 3476 causa
912 3416 1101 3476 differentiae
1121 3438 1152 3478 re

88 3490 178 3565 ritur,
209 3511 262 3549 eur
286 3489 333 3549 alii
353 3503 524 3552 constanter
546 3505 750 3584 perseverent,
781 3493 829 3553 alii
861 3493 1049 3552 instabilitate
1075 3494 1152 3555 delic

89 3587 150 3626 non
170 3565 225 3625 alia
245 3564 331 3626 nobis
350 3580 478 3642 constat,
498 3567 553 3629 nisi
574 3569 653 3661 quod
674 3569 739 3628 illos
758 3592 807 3629 sua
827 3568 935 3627 virtute
955 3570 1117 3631 roboratos
1136 3592 1152 3631 s

88 3654 140 3703 net
157 3640 320 3714 Dominus,
340 3662 377 3701 ne
397 3658 534 3722 percant:
564 3646 607 3707 brs
628 3666 687 3724 quo
712 3645 772 3706 sint
796 3646 1006 3706 inconstantiae
1031 3646 1152 3708 documt

88 3740 150 3780 non
170 3719 291 3781 andem
312 3719 449 3779 virtutem
470 3722 658 3782 administrat.

164 3804 192 3861 4.
231 3794 346 3855 Instant
366 3809 532 3875 praeterea,
558 3798 663 3859 frustra
683 3798 900 3859 exhortationes
924 3798 1047 3877 suscipi,
1080 3818 1152 3883 supe

89 3896 175 3934 cuum
195 3892 257 3933 esse
276 3872 508 3931 admonitionum
538 3896 634 3948 uentu,
659 3875 792 3935 ridiculas
813 3896 876 3935 esse
900 3875 1143 3957 obiurgationes,

88 3952 126 4011 sit
150 3969 240 4032 penes
269 3960 454 4031 peccatorem
506 3971 597 4009 arere.
647 3950 757 4010 Similia
784 3952 853 4011 olim
879 3974 966 4030 quum
997 3952 1152 4013 obiectare

89 4026 309 4119 Augustino,
328 4024 459 4085 libellum
480 3972 517 4085 de
528 4027 728 4108 Correptionc
740 4040 769 4086 et
779 4030 870 4107 gratia
882 4029 1010 4089 scribere
1022 4041 1142 4089 coactus

89 4103 151 4164 Ubi
171 4116 226 4165 etsi
244 4102 366 4242 eppiose
385 4103 435 4162 illa
453 4103 553 4180 diluit,
586 4104 620 4162 ad
651 4104 726 4163 banc
750 4115 847 4164 tamen
871 4126 1011 4166 summam
1038 4108 1153 4165 adversa

89 4192 221 4242 revocat:
245 4224 266 4257 „
318 4179 425 4255 bomo,
450 4180 482 4239 in
505 4180 714 4261 praeceptione
734 4201 881 4263 cognosce
901 4180 971 4260 quid
991 4181 1099 4242 debeas
1119 4202 1153 4263 ag

87 4256 119 4317 in
143 4258 330 4320 correctione
354 4276 503 4340 cognosce
527 4269 581 4318 tuo
611 4258 738 4318 teritio
769 4279 831 4318 non
864 4257 985 4332 babere,
1018 4259 1047 4316 in
1080 4270 1153 4319 orati

85 4353 250 4417 cognosce,
280 4334 360 4399 unda
380 4333 507 4417 accipias
531 4333 672 4415 quodvis
696 4334 836 4395 babere.“
883 4334 1020 4394 Eiusdem
1047 4334 1111 4394 fere
1131 4355 1153 4397 ai
