2596 4726
98 202 159 265 dbd
477 192 555 255 Uli.
573 192 633 257 111.
670 192 761 257 (ibl’.
780 190 867 259 Vffl.

117 338 196 416 ,tisri
215 337 319 399 taciem
338 349 435 399 tuam:
460 336 504 399 lui
524 336 708 419 perculsus.“
750 338 876 399 Fatetur
902 336 980 397 eninr
1005 346 1130 415 torpore
1149 334 1188 393 in·
1203 354 1252 393 re-

103 383 162 479 bus
182 416 331 496 prosperis
350 413 572 495 obstupefactos
598 414 686 475 luisse
706 435 776 476 suos
794 434 912 487 sensus,
942 424 976 473 ut
1002 410 1173 493 posthabita
1193 408 1253 471 Dei
1287 462 1294 467 .

107 494 218 575 gratia,
243 512 259 552 a
280 513 337 572 qua
357 492 488 572 pendere
509 492 668 565 debuerat,
693 491 748 553 sibi
767 492 881 553 iunixus
900 490 992 550 luerit
1014 500 1047 549 ut
1066 488 1254 570 perpetuita-

107 583 168 632 tem
188 569 244 629 sibi
263 571 462 649 promitteret.
500 569 534 629 Si
553 567 611 629 boc
622 579 708 629 tanto
720 567 889 648 Prophetae
903 566 1019 642 accidit,
1038 564 1103 645 quis
1115 576 1254 625 nostrum

109 668 171 708 nou
192 648 296 709 timeat
315 658 348 705 ut
367 645 488 707 caveat?
520 645 612 720 Quod
628 666 661 704 er
683 667 713 721 ο,
733 645 821 706 rebus
841 642 1018 725 tranquillis,
1037 640 1157 703 maioris
1178 660 1255 701 cou-

108 724 234 785 stantius
256 734 286 782 et
304 724 462 803 patientiae
481 722 626 801 opinione
645 665 701 783 sibi
721 721 968 795 blandiebantur,
996 719 1086 781 rebus
1111 718 1256 799 asperatia

111 800 270 874 humiliati,
289 800 459 882 hypocrisin
480 800 567 861 luisse
588 799 711 859 discunt.
750 798 889 871 Talibus,
909 794 1255 935 inpuam,·docurueutis

110 877 254 939 admoniti
271 898 391 937 suorum
412 877 586 937 morborum
606 875 723 949 fideles,
747 875 909 956 proficiunt
926 896 942 935 a
983 872 1196 933 bumilitatem:
1221 881 1257 930 ut

110 974 198 1036 prava
218 955 315 1014 caruis
335 954 514 1014 confidentia
534 954 622 1023 exuti,
642 954 677 1013 ad
689 952 747 1013 Dei
764 952 888 1033 gratiam
908 971 940 1013 se
949 948 1114 1012 conterant
1153 946 1256 1009 Porro

111 1031 164 1091 ubi
183 1050 216 1092 se
235 1030 442 1107 contulerunt,
474 1030 588 1090 divinae
607 1030 723 1091 virtutis
742 1030 955 1111 praesentiam,
986 1028 1017 1087 in
1037 1048 1095 1108 qua
1112 1024 1185 1085 satis
1203 1046 1257 1085 su-

111 1127 225 1189 perque
245 1107 382 1187 praesidii
401 1110 487 1184 inest,
507 1110 707 1188 experiuntur.
828 1144 835 1149 -
1094 1116 1099 1133 ¹

187 1192 215 1251 3.
255 1185 355 1265 Atque
376 1185 406 1246 id
427 1186 569 1265 estquod
590 1185 698 1246 Paulus
718 1184 823 1255 docet,
853 1180 1096 1244 tribulationibus
1115 1178 1259 1263 generari

111 1262 293 1343 patientiam,
314 1264 453 1342 patientia
473 1261 679 1344 probationem
700 1262 880 1340 (Romus.
892 1262 967 1337 ss),
983 1261 1058 1320 Nam
1078 1257 1161 1339 quod
1173 1256 1264 1333 lberar¹

113 1340 249 1419 promisit
272 1338 407 1401 fidelibus
431 1360 462 1401 se
487 1340 654 1400 adiuturum
680 1340 710 1400 in
736 1337 989 1409 tribulationibus,
1018 1336 1048 1395 id
1067 1356 1171 1397 verum
1192 1354 1260 1397 este

112 1416 245 1476 sentiunt
265 1416 333 1476 dum
353 1418 501 1498 patienter
519 1417 695 1493 subsistunt,
726 1416 787 1477 eius
812 1438 902 1475 manu
927 1414 1056 1475 suliulti:
1086 1414 1171 1493 quod
1195 1410 1261 1476 auls

112 1492 224 1554 viribus
243 1513 338 1573 nequa
362 1515 427 1554 uam
447 1506 576 1575 possent.
621 1494 768 1554 Patientia
792 1494 886 1575 igitur
909 1493 1142 1572 experimentum
1167 1488 1261 1571 aller-t

113 1570 232 1644 sanctis,
274 1571 334 1632 uod
384 1592 452 1647 eus,
471 1594 558 1653 quam
578 1570 728 1653 pollicitus
747 1580 791 1629 est
811 1590 915 1651 opem,
934 1590 967 1630 re
987 1570 1065 1650 ipsa,
1085 1568 1156 1627 dum
1177 1588 1257 1649 opus

116 1658 178 1722 est,
197 1591 341 1708 exhibeat.
384 1649 459 1710 lude
482 1671 549 1729 spes
569 1668 688 1730 quoque
712 1666 817 1707 eorum
837 1646 1042 1708 confirmatur:
1068 1645 1190 1725 quando
1212 1646 1259 1706 in·

113 1724 302 1806 gratitudinis
327 1728 434 1787 nimiae
453 1726 548 1801 foret,
576 1746 638 1787 non
659 1736 826 1816 exspectare
848 1728 880 1784 in
901 1734 1053 1806 posterum
1072 1743 1162 1802 quam
1182 1742 1259 1785 eon-

113 1812 240 1862 stantem
260 1824 293 1863 ac
312 1803 424 1863 firmam
446 1804 558 1885 experti
576 1804 637 1864 siut
655 1802 714 1863 Der
732 1801 893 1864 veritatem.
938 1802 1079 1861 Videmus
1100 1800 1158 1859 iam
1180 1812 1257 1881 quot

115 1899 177 1940 uno
197 1891 338 1941 contextu
358 1880 437 1942 bona
456 1901 491 1940 ex
510 1901 598 1942 cruce
617 1892 782 1941 nascantur.
820 1880 904 1940 lllam
921 1879 999 1939 euim
1012 1898 1100 1959 quam
1120 1876 1198 1939 tabo
1219 1876 1257 1938 sle

115 1958 236 2035 propria
255 1956 364 2019 virtute
383 1959 593 2039 praesumimus
612 1958 787 2037 opinionem
813 1968 965 2032 evertens,
989 1968 1182 2035 nostramque
1202 1954 1257 2039 bp-

114 2032 724 2174 {iiiiii}all“0‘20‘¹a‘li³²iu¹¹iiiiii:
753 2032 1258 2173 lt‘btt'l‘„ttl‘lttttt‘tt

114 2196 176 2247 cet:
202 2208 262 2267 quo
282 2188 368 2249 litut
392 2210 455 2249 non
481 2190 697 2270 opprimamur,
725 2155 785 2249 bec
808 2186 1040 2249 succumbamus.
1093 2186 1284 2249 victoriam.

113 2274 212 2323 autem
237 2286 249 2323 s
273 2285 303 2325 es
327 2268 473 2346 sequitur:
505 2279 649 2346 quatenus
677 2264 791 2327 scilicet
809 2266 973 2339 Dominus,
1006 2264 1086 2345 quod
1117 2262 1258 2343 promisit

112 2285 302 2430 praestanlo,
319 2364 401 2402 suam
421 2344 451 2401 in
473 2343 602 2402 futurum
613 2342 768 2403 veritatem
786 2341 906 2404 stabilit.
944 2342 1024 2403 Sane
1044 2352 1078 2401 ut
1095 2340 1179 2402 solae
1198 2340 1258 2401 sint

112 2428 186 2475 astae
205 2419 347 2494 rationes,
368 2430 490 2500 apparet
508 2441 596 2500 quarn
616 2419 779 2480 necessaria
799 2419 886 2480 uobis
905 2419 943 2479 sit
962 2418 1056 2481 crucis
1073 2416 1257 2479 exercitatio.

113 2492 219 2571 Neque
246 2495 324 2553 enim
350 2495 431 2574 parvi
457 2496 599 2556 momenti
623 2508 668 2555 est
686 2516 808 2557 coecum
830 2496 873 2555 tui
893 2517 1023 2557 amorem
1048 2495 1198 2577 abstergi,
1227 2506 1258 2555 ut

113 2569 323 2631 imbecillitatis
344 2584 411 2631 tuac
432 2574 567 2634 conscius
587 2572 682 2652 probe
694 2571 752 2632 fias.
778 2573 989 2633 Imbecillitatis
1011 2571 1149 2653 propriae
1169 2593 1256 2632 sensu

114 2647 207 2720 attici,
231 2660 264 2706 ut
284 2648 419 2708 diffidere
439 2650 493 2710 tibi
518 2650 617 2710 discas.
649 2649 791 2708 Diffidam
810 2650 876 2721 tibi,
897 2662 929 2710 ut
950 2650 1084 2710 fiduciam
1104 2649 1137 2709 in
1157 2648 1256 2710 Deum

114 2725 282 2785 transieras.
331 2725 441 2787 Cordis
461 2725 566 2787 fiducia
591 2727 621 2785 in
640 2726 739 2785 Deum
759 2726 949 2800 recumbere,
978 2740 1010 2786 ut
1035 2726 1125 2806 ipsius
1147 2726 1256 2786 auxilio

114 2799 208 2861 frctus
228 2802 263 2862 ad
284 2800 419 2862 ultimum
439 2803 563 2864 invictus
582 2823 762 2883 perseveres.
802 2805 974 2866 Consistere
993 2807 1083 2883 ipsius
1099 2804 1207 2884 gratia,
1226 2813 1258 2863 ut
1288 2828 1295 2863 2.

113 2897 251 2939 veracem
271 2899 335 2941 esse
355 2880 385 2939 in
404 2880 462 2941 suis
482 2880 630 2961 promissis
650 2880 805 2964 intelligas.
845 2880 1061 2942 (lentitudinem
1082 2881 1257 2959 promissio-

115 2976 185 3015 num
206 2958 269 3017 eius
288 2956 399 3033 babere
418 2970 611 3039 compertam,
630 2969 663 3019 ut
681 2978 746 3037 spes
766 2972 816 3018 tua
836 2958 903 3017 inde
924 2956 1094 3020 roboretur.

192 3039 220 3095 t.
260 3032 359 3094 Alium
380 3056 499 3125 quoque
530 3036 619 3095 finem
645 3035 735 3095 babet
760 3034 906 3095 Dominus
930 3033 1082 3116 aslligendi
1106 3054 1194 3105 suos,
1226 3044 1259 3093 ut

115 3107 248 3201 ipsorum
269 3110 607 3203 patientramexploret,
628 3112 711 3203 etad
732 3111 931 3202 obedientiam
953 3133 1004 3172 eos
1025 3111 1147 3201 erudiat
1186 3110 1259 3202 {lou

116 3187 253 3321 ttlltt‘
272 3187 561 3345 ttlt’tttb'l
585 3188 1260 3357 ,tl‘lt'gllt,llttlt‘u'ltltttttt

115 3337 253 3412 illustres,
273 3361 344 3419 quas
364 3341 394 3400 in
415 3353 530 3401 sanctos
550 3340 678 3402 contulit
695 3342 816 3424 gratias:
838 3362 875 3401 nc
895 3344 973 3402 intus
993 3343 1107 3403 otiosae
1134 3340 1259 3401 lateant.

115 3416 199 3498 Ergo
220 3414 365 3476 tolerandi
384 3419 523 3479 virtutem
543 3439 577 3478 ac
597 3419 807 3493 constantiam,
827 3438 883 3509 qua
903 3439 1001 3479 servos
1022 3440 1090 3479 suos
1110 3418 1260 3493 instruxit,

114 3494 519 3632 {succumbatis
533 3495 770 3632 litteus}
808 3495 1143 3650 ‘telumue
1168 3494 1260 3636 nt

116 3660 149 3707 et
159 3650 234 3725 12),
254 3658 285 3706 et
303 3592 442 3728 pietatem
464 3594 530 3709 ciuil
545 3660 726 3729 compertam
747 3648 882 3708 habuerit
901 3668 935 3707 ex
954 3668 1002 3726 eo,
1043 3649 1103 3710 uod
1123 3613 1187 3708 obn
1207 3613 1261 3709 lle·

115 3735 271 3785 trectasset
298 3727 451 3806 proprium
477 3726 569 3785 filium
595 3736 626 3785 et
658 3726 778 3785 unicum
810 3725 970 3785 immolare.
1022 3671 1126 3801 Quare
1151 3724 1262 3785 l'ctrus

116 3800 223 3939 gLep.
244 3810 272 3875 l,
292 3804 336 3877 7.)
365 3822 427 3861 non
453 3824 535 3863 secus
556 3802 643 3863 fidem
664 3815 794 3862 nostram
817 3801 1057 3863 tribulationibus
1078 3805 1167 3862 docet
1186 3823 1262 3882 pro·

139 3878 198 3951 ari,
223 3898 310 3956 quam
330 3900 431 3937 aurum
452 3880 483 3938 in
509 3879 629 3940 fornace
649 3880 711 3961 igni
740 3880 929 3939 examinatur.
978 3880 1054 3954 Quis
1075 3891 1172 3939 autem
1196 3900 1261 3939 non

117 3954 256 4037 expedire
276 3956 353 4015 ducat
372 3967 405 4013 ut
426 3958 701 4036 praestantissimum
722 3958 881 4036 patientiae
903 3957 1029 4030 donum,
1053 3956 1133 4034 quud
1154 3977 1170 4015 a
1190 3954 1262 4017 Deo

117 4052 171 4092 suo
191 4030 284 4093 fidelis
303 4033 434 4111 accepit,
455 4035 485 4091 in
505 4054 589 4093 usum
609 4033 806 4113 producatur,
826 4046 859 4093 ut
879 4046 991 4092 certum
1012 4032 1262 4112 manifestumque

117 4106 185 4168 fiat?
223 4110 329 4189 Neque
349 4108 426 4167 enirn
448 4108 533 4170 aliter
552 4132 678 4193 unquam
700 4110 832 4170 bornines
852 4112 945 4189 ipsunt
966 4131 1020 4189 pro
1042 4109 1149 4169 merito
1169 4108 1261 4169 aesti-

117 4184 248 4246 mabunt.
322 4185 408 4247 uodsi
427 4187 510 4247 Deus
530 4187 610 4268 ipse,
641 4206 680 4247 ne
700 4186 731 4245 iu
752 4185 881 4248 obscuro
901 4186 1026 4261 lateant,
1059 4187 1118 4245 imo
1139 4185 1263 4247 inutiles

116 4262 232 4325 iaceant
250 4282 286 4327 ac
333 4275 469 4347 pereant,
487 4286 558 4345 quas
577 4262 712 4329 fidelibus
731 4264 791 4328 auis
802 4264 922 4329 virtutes
942 4263 1079 4341 contulit,
1098 4262 1165 4324 iure
1178 4262 1263 4341 iacit,
