2700 4732
91 202 148 262 168
458 190 535 253 Lm.
553 191 611 253 111.
649 192 739 255 CAP.
758 188 866 253 XXIV.

58 370 61 377 ·
91 337 200 420 quitia,
224 334 434 418 ingratitudine
453 357 503 397 sua
522 334 620 394 meriti
637 346 705 397 sunt
727 334 877 395 homines:
907 330 987 393 bene
1004 328 1037 391 id
1058 328 1174 411 quidem
1188 338 1216 389 et

90 434 161 475 vere
181 413 307 472 dicetur:
327 413 378 473 sed
390 413 456 491 quia
477 412 607 473 nondum
627 423 708 491 patet
726 412 808 471 istius
820 410 964 471 varietatis
981 408 1073 481 ratio,
1091 428 1145 467 cnr
1160 404 1216 465 aliia

93 492 126 552 in
151 488 346 549 obedientiam
372 490 467 565 flexis,
496 489 544 549 isti
567 487 706 548 obdurati
728 487 899 568 persistant:
927 485 958 545 in
985 504 1019 545 ea
1047 480 1219 557 eucraticum,

92 567 258 625 necessario
279 565 315 624 nd
340 564 411 625 illud
452 566 510 624 uod
532 584 565 623 cx
584 566 670 623 Mose
695 564 844 624 annotavit
863 561 988 638 Paulus,
1016 556 1218 619 transeunda

95 644 164 703 erit:
184 662 290 721 nempe
309 642 411 720 „quod
431 588 467 701 lb
487 642 571 701 initio
593 660 644 700 eos
666 640 796 701 excitarit
815 640 977 711 Dominus,
1002 648 1040 697 ut
1059 634 1220 727 ostenduet

95 737 204 779 nomen
224 739 306 777 suum
326 718 357 776 in
377 717 509 777 universa
529 716 891 793 terra“(llom.9,17.).
936 712 1032 789 Quod
1056 714 1067 771 i
1100 722 1151 771 tut·
1169 708 1220 771 alba

95 792 241 875 patefacto
263 792 318 851 Dei
338 793 429 854 verbo
453 815 514 852 non
540 792 747 871 obtemperant
767 791 903 870 reprobi,
927 790 1025 869 probe
1044 788 1055 848 i
1095 788 1128 847 in
1147 784 1220 845 mali·

95 871 165 931 tiam
185 871 414 962 pravitatemque
433 870 529 935 cordis
549 887 650 928 eorum
671 869 830 940 reficietur,
851 865 938 926 modo
958 864 1048 925 simul
1067 860 1219 951 adiiciam,

95 942 165 1007 ideo
184 968 214 1005 ιιι
235 945 308 1005 bane
327 944 497 1023 pravitatem
517 944 662 1021 addictos,
695 945 761 1024 quia
781 943 873 1015 iusto,
896 943 947 1002 sed
968 936 1155 1001 inscrutabili
1170 935 1219 996 Der

30 1062 36 1075 ι
97 1022 209 1082 iudicio
228 1021 356 1081 suscitati
374 1034 443 1080 sunt
462 1021 498 1079 ad
539 1020 642 1081 loriam
662 1021 723 1081 eius
742 1042 792 1081 sua
812 1018 998 1079 damnatione
1018 1012 1221 1077 illustrandam

99 1098 240 1157 Similiter
258 1118 346 1175 quum
368 1096 404 1155 de
423 1098 487 1157 filiis
539 1098 575 1155 eli
596 1110 746 1170 narratur,
779 1097 857 1176 qnod
879 1115 940 1153 non
960 1092 1168 1154 auscultarunt
1183 1110 1221 1149 aa·

98 1172 239 1233 luteribus
258 1173 392 1247 monitis,
421 1174 507 1252 „quia
527 1172 653 1234 voluerit
672 1174 817 1233 Dominus
837 1172 972 1231 occidere
992 1176 1069 1230 eos“
1088 1168 1133 1246 (l.
1154 1166 1222 1225 Sam

97 1254 129 1324 2,
148 1250 227 1321 ⁴25·)=
255 1269 317 1307 non
349 1264 473 1331 negatur
502 1250 712 1310 contumaciam
743 1270 759 1309 a
783 1250 901 1327 propria
932 1246 1067 1326 ipsorum
1099 1242 1223 1331 nequitiq

98 1324 262 1403 prolectam
284 1344 360 1384 esse:
392 1346 490 1385 verum
522 1326 606 1385 simul
637 1337 756 1385 notatur
780 1346 832 1384 eur
855 1326 886 1382 in
906 1321 1096 1382 contumacia
1125 1318 1223 1377 desem

99 1399 226 1473 luerint,
246 1421 333 1479 quum
353 1403 483 1481 potuerit
502 1422 604 1467 eornm
629 1402 716 1462 corda
736 1401 882 1460 Dominus
902 1397 1057 1457 emollire:
1089 1396 1160 1477 quia
1177 1394 1225 1454 sei-

99 1476 170 1535 licet
190 1495 241 1533 eos
260 1474 350 1534 semel
367 1478 453 1536 exitio
468 1478 638 1537 destinasset
657 1476 834 1536 immutabile
846 1474 907 1535 eius
917 1473 1082 1533 decretum.
1124 1470 1227 1531 Eodem

23 1612 30 1635 ι
100 1551 230 1684 nana
246 1549 320 1684 {tu
340 1552 457 1687 sn
477 1554 540 1631 <¹²
550 1552 873 1687 q›=.„s÷=q12;·1·
892 1548 1229 1685 “sansana

101 1648 176 1762 didit
194 1702 304 1762 auditui
315 1647 568 1765 unnddtrbl‘lffllllbi
590 1648 680 1762 {liddae
697 1648 823 1794 dmdulpbd
837 1649 905 1762 lbrein
931 1701 1040 1761 liberat
1052 1646 1229 1793 'pdrrieaecq

103 1790 260 1838 contentus
281 1792 324 1838 est
342 1792 439 1840 tamen
460 1780 508 1839 illa
527 1781 658 1855 ratione,
683 1780 763 1860 quod
789 1778 912 1858 insipida
931 1778 969 1837 sit
988 1774 1166 1836 bornrnibus
1181 1774 1229 1833 lto

103 1854 206 1935 gratia,
227 1854 321 1914 donec
341 1856 465 1936 Spiritus
483 1869 599 1917 sanctus
618 1877 752 1937 saporem
772 1855 885 1915 aflerat.
923 1854 963 1911 Et
974 1853 1117 1913 Christus
1133 1850 1230 1913 lenire

104 1931 268 1989 vaticinium
288 1932 378 1991 citans
402 1933 462 2067 (Ilo.
482 1939 517 2006 6,
536 1935 614 2010 45.):
647 1934 764 2008 „Erunt
783 1952 885 1991 omnes
906 1930 984 1991 docti
1005 1950 1023 1989 a
1044 1928 1157 2001 Deo,“
1177 1944 1229 1987 ιιι

104 2007 164 2066 alio
194 2007 305 2081 tendit,
337 2008 391 2067 nlsi
428 2010 534 2068 ndaeos
564 2030 625 2069 esse
649 2009 793 2088 reprobos
814 2019 844 2067 et
865 2006 901 2067 ab
929 2004 1056 2065 ecclesia
1077 2016 1230 2077 extraneae,

105 2087 172 2162 quia
191 2094 258 2141 sunt
277 2084 433 2145 indociles:
452 2105 508 2143 nec
528 2086 611 2144 aliam
625 2106 734 2144 causam
748 2085 847 2158 allent,
869 2084 922 2142 nisi
964 2080 1025 2141 uod
1048 2082 1085 2142 ad
1108 2100 1164 2141 eos
1181 2098 1229 2139 noa

104 2158 251 2238 pertineat
270 2159 327 2217 Dei
347 2160 509 2238 promissio.
555 2162 646 2236 Quod
671 2160 827 2220 confirmat
851 2158 921 2218 illud
974 2156 1050 2231 auli,
1076 2156 1230 2229 clansam.

33 2230 37 2243 '
105 2235 155 2312 qui
173 2233 288 2294 Iudaeis
308 2249 352 2295 est
371 2237 545 2313 scandalum,
566 2251 596 2297 et
616 2236 762 2295 Gentibus
781 2237 912 2309 stultitia,
932 2254 994 2294 esse
1013 2236 1135 2297 vocatis
1153 2232 1231 2295 rtru-

105 2319 164 2368 tem
186 2322 216 2367 et
234 2312 404 2390 sapientiam
423 2313 480 2372 Dei
499 2314 538 2387 (l.
560 2315 632 2374 Cor.
651 2323 684 2387 1,
703 2316 775 2387 22).
821 2314 894 2371 Nam
915 2311 966 2369 ubi
991 2309 1068 2371 dixit
1087 2308 1164 2391 quid
1179 2306 1231 2367 lut

109 2387 272 2465 contingat,
293 2389 406 2465 quoties
426 2391 610 2468 praedicatur
629 2388 829 2469 Evangelium,
848 2407 955 2467 nempe
973 2399 1007 2447 nt
1027 2385 1106 2447 alios
1126 2402 1231 2475 empt-

105 2472 167 2533 ret,
190 2462 226 2521 ab
252 2464 314 2521 aliis
339 2477 507 2541 spernatur,
539 2466 609 2525 dicit
639 2468 715 2544 apud
746 2465 826 2524 solos
852 2477 971 2524 vocatos
990 2482 1058 2523 esse
1083 2464 1120 2523 in
1140 2472 1232 2543 prm

106 2535 201 2597 Paulo
220 2551 287 2597 ante
307 2539 424 2617 qnidem
446 2542 645 2602 nominaverat
665 2542 833 2613 credentes,
857 2542 906 2599 sed
928 2539 1043 2621 gratiae
1062 2538 1146 2611 Dei,
1170 2552 1231 2619 qu

107 2610 194 2671 fidem
215 2615 379 2692 praeeedit,
398 2615 495 2675 noluit
515 2619 634 2698 gradum
655 2640 738 2677 sarram
760 2637 881 2697 negare:
903 2619 972 2695 quin
992 2614 1099 2694 potius
1122 2614 1181 2675 boe
1195 2632 1232 2673 ae·
1267 2622 1269 2679 !

107 2690 236 2748 cundum
255 2691 446 2751 correctionis
466 2695 527 2752 viee
546 2695 668 2769 addidit,
700 2706 733 2753 nt
753 2695 809 2753 Dei
829 2694 978 2752 vocationi
997 2691 1071 2750 fidei
1092 2710 1167 2751 suae
1184 2688 1233 2749 lan·

108 2764 175 2826 dem
194 2766 388 2840 ascriberent,
422 2770 471 2848 qui
491 2771 679 2853 liv-angelium
711 2770 834 2849 amplexi
859 2769 982 2828 lucrant.
1035 2768 1139 2828 Sicuti
1159 2766 1233 2827 etiau
1267 2764 1269 2821 ἶ

108 2841 198 2933 paulo
224 2854 289 2921 post
309 2845 397 2903 docet
416 2867 432 2904 a
452 2847 518 2905 Deo
545 2848 653 2907 electos
679 2866 749 2906 esse.
796 2849 876 2904 llaec
903 2845 970 2902 dnm
998 2844 1087 2923 impii
1115 2844 1234 2913 audiunt,

17 2924 20 2929 '
108 2918 286 2996 queritantur
303 2920 399 2979 Deum
420 2924 530 2984 miseris
550 2925 607 2982 suis
627 2924 764 2982 creaturis
785 2923 949 2981 inordinata
970 2921 1114 2998 potentia
1134 2921 1166 2979 in
1183 2936 1235 2979 aaa·
1263 2930 1266 2935 '

108 2996 193 3053 vitiae
213 3015 282 3053 sune
302 2996 400 3055 ludnm
421 2999 512 3056 abuti.
552 3000 611 3058 Sed
625 3020 688 3071 nos,
709 3000 758 3078 qui
778 3010 898 3058 cunctos
919 2998 1058 3056 bomines
1079 3008 1133 3057 tot
1151 2992 1236 3055 noni-

108 3069 194 3130 nibus
213 3071 271 3129 Dei
296 3072 433 3133 tribunali
461 3074 605 3135 obnoxios
625 3076 773 3148 novimus,
799 3088 832 3133 ut
852 3076 888 3133 de
908 3073 987 3132 mille
1008 3074 1192 3157 interrogati
1207 3088 1237 3129 ue

109 3145 138 3203 in
160 3167 219 3205 uno
240 3148 358 3224 quidem
387 3151 553 3208 satisfacere
575 3165 683 3229 queant.
702 3152 782 3229 (Iob.
802 3160 831 3225 9,
850 3153 910 3225 tt),
941 3148 1149 3210 conliteamur
1175 3144 1237 3209 nibil

110 3223 169 3300 pati
190 3222 351 3299 reprobos,
377 3226 455 3304 qnod
477 3247 537 3284 rron
558 3229 712 3286 iustissimo
733 3228 789 3285 Dei
811 3228 917 3286 indicio
939 3227 1117 3286 conveniat.
1158 3222 1237 3301 Quod

111 3298 254 3355 rationem
275 3301 309 3357 ad
331 3300 349 3357 li
373 3303 470 3360 nidum
493 3323 553 3361 rron
573 3305 767 3382 assequimur,
799 3304 907 3393 aliquid
931 3303 1050 3362 nescire
1076 3324 1148 3363 non
1165 3322 1239 3363 reeu-

109 3393 215 3446 semus‚
236 3372 286 3432 ubi
305 3398 335 3435 se
387 3379 412 3435 ei
431 3378 572 3457 sapientia
592 3381 621 3437 in
642 3402 721 3438 suam
741 3380 947 3439 sublimitatem
968 3377 1095 3439 attollit.

186 3458 233 3513 15.
272 3453 312 3509 At
332 3456 469 3529 qnoniam
495 3456 584 3514 obiici
608 3454 704 3514 solent
732 3459 814 3534 parnei
835 3458 1002 3534 Scripturas
1032 3456 1117 3531 loci,
1145 3454 1240 3537 quibus

109 3525 227 3586 videtur
246 3548 353 3606 negare
374 3531 453 3587 Deus
479 3552 528 3588 sna
555 3533 742 3591 ordinatione
767 3533 828 3591 fieri
850 3545 882 3590 nt
906 3532 998 3611 iniqui
1021 3545 1173 3611 pereant,
1196 3530 1241 3589 nisi

111 3601 206 3679 quoad
226 3624 256 3663 se
277 3603 450 3663 reclamante
475 3607 527 3684 ipsi
555 3620 678 3667 mortem
698 3622 805 3686 sponte
824 3609 879 3667 sibi
903 3621 1074 3667 arcessunt:
1104 3628 1161 3669 eos
1183 3608 1243 3667 bre·

109 3679 185 3737 viter
205 3678 373 3757 explicando
395 3681 636 3758 demonstremus,
655 3684 727 3745 nibil
743 3686 886 3763 superiori
904 3685 1075 3744 sententiae
1091 3684 1243 3745 adversari.

109 3753 266 3814 Profertur
285 3754 444 3816 Ezechielis
464 3757 545 3818 locus
565 3762 711 3837 (18,23.),
732 3762 810 3840 qnod
826 3762 908 3819 Dens
928 3759 1003 3818 nolit
1025 3774 1164 3821 mortem
1182 3780 1243 3843 pee-

111 3834 233 3904 catoris,
262 3832 312 3889 sed
333 3833 422 3911 magis
443 3847 475 3892 nt
494 3849 681 3896 eonvertatur
700 3850 731 3895 et
749 3839 833 3896 vivat.
885 3838 917 3895 Si
938 3837 993 3895 lroc
1013 3837 1053 3895 ad
1074 3848 1178 3899 totum
1197 3838 1243 3897 bu·

109 3926 227 3965 manum
246 3926 339 3989 genus
349 3909 505 3968 extendere
517 3910 623 3991 placet,
644 3935 695 3972 cur
714 3913 854 4003 plurimos
872 3914 906 3972 ad
927 3913 984 3971 resi
1008 3916 1172 3974 iscentiam
1191 3932 1242 3975 nou

110 3982 258 4057 sollicitat,
277 4005 401 4062 quorum
421 3987 510 4045 animi
529 3988 564 4047 ad
577 3989 775 4049 obedientiam
794 3991 884 4071 magis
903 4002 971 4049 sunt
981 3934 1146 4065 flexibiles,
1187 4010 1242 4051 nam

112 4080 215 4117 eorum
235 4060 286 4137 qui
306 4061 341 4119 ad
362 4062 542 4138 quotidianas
569 4066 629 4124 eius
655 4067 842 4126 invitationes
869 4066 958 4143 magis
979 4088 1013 4125 ac
1036 4068 1135 4149 magis
1156 4091 1176 4128 o
1199 4070 1242 4127 du·
1267 4068 1269 4139 J

110 4136 246 4195 rescunt'?
284 4137 371 4216 Apud
383 4135 528 4198 Ninivitas
540 4153 569 4199 et
581 4142 760 4218 Sodomitas,
781 4155 855 4202 teste
871 4142 989 4203 Christo
1003 4143 1115 4221 (Matr.
1125 4144 1242 4233 1223)-
1267 4168 1269 4205 :

110 4211 267 4289 Evangelii
307 4213 463 4274 raedicatio
484 4228 514 4275 et
537 4218 674 4278 nriraeula
701 4219 765 4298 plns
787 4219 895 4279 fructus
919 4219 1090 4279 attulissent
1110 4242 1201 4301 quam
1217 4238 1241 4277 ιι

110 4286 228 4349 Iudaea.
267 4233 330 4365 diri
350 4288 383 4350 fit
401 4310 491 4373 ergo,
510 4293 535 4353 si
554 4293 616 4357 vult
633 4294 715 4355 Deus
735 4315 836 4356 omnes
855 4295 949 4357 salvos
968 4294 1052 4373 fieri,
1072 4307 1108 4359 ut
1128 4294 1240 4367 nsueti,
