2700 4732
484 215 558 276 bill.
578 215 634 275 lll.
676 216 763 277 CAP.
783 214 863 277 xlv.
1207 227 1244 291 41

117 374 248 415 summus
265 353 315 414 ille
327 356 416 418 ludes
436 376 490 436 pro
511 358 650 420 tribunali
669 358 789 435 sederit,
809 379 982 422 evanescere
1001 374 1123 424 ventosa
1144 364 1242 427 buius-

116 430 202 491 modi
221 430 323 510 plaeita
342 433 502 527 oportebit
546 436 623 510 Hoc,
649 436 705 496 hoc
718 437 915 516 quaerendum
928 450 1000 510 erat,
1042 461 1104 501 uam
1124 442 1159 501 ad
1180 442 1242 504 eius

116 505 246 575 mibanal
266 507 443 571 defensionis
461 511 595 571 fiduciam
614 511 733 587 afferre,
751 532 813 573 non
825 513 894 594 quid
914 515 944 575 in
964 460 1070 576 sclubis
1085 528 1114 577 et
1131 518 1242 601 angulis

116 580 241 643 fabulari
259 603 419 665 possumus.
784 604 789 611 ’

162 690 165 695 ·
195 663 242 724 16.
280 661 364 722 Duae
382 673 452 724 sunt
469 663 648 742 potissimum
661 662 747 724 nobis
766 665 814 725 abi
836 665 928 725 cudae
948 665 1002 727 bac
1023 678 1107 747 parte
1127 688 1161 727 ex
1180 672 1242 729 ani-

116 733 301 815 miapestes:
333 758 371 799 ne
391 739 459 817 quid
484 739 515 798 in
541 760 663 817 operum
683 740 791 801 iustitia
810 683 932 802 lidnciae
951 754 1082 822 ponant,
1113 763 1151 803 ne
1192 744 1242 806 uid

116 808 176 872 illis
205 811 318 891 gloriae
342 815 496 876 ascribant
553 817 674 876 Fiducia
706 817 834 897 qnalibet
865 830 926 878 nos
951 818 1054 898 passim
1092 766 1243 913 depellunt

116 886 303 967 scripturae,
334 911 422 970 quum
443 891 552 951 docent
582 892 702 952 iustitias
728 913 829 954 omues
856 904 970 954 nostras
996 894 1109 955 foetere
1134 919 1164 957 rn
1184 897 1241 959 llei

114 976 292 1042 conspectu,
312 967 366 1027 nisi
386 990 401 1026 a
423 967 532 1028 Christi
552 970 722 1028 innocentia
743 969 852 1030 bonum
873 970 996 1031 odorem
1017 971 1137 1033 ducant:
1166 973 1240 1034 nihil

116 1058 205 1117 qnam
229 1040 344 1103 irritare
363 1043 420 1102 llei
446 1043 588 1104 ultionem
608 1065 708 1126 posse,
735 1045 790 1105 nisi
816 1045 1033 1107 misericordiae
1060 1047 1120 1111 eius
1145 1048 1242 1109 indul-

114 1115 214 1195 gentia
233 1120 436 1180 sustineantur.
474 1120 519 1180 lta
545 1140 634 1202 porro
660 1120 731 1180 nihil
757 1121 900 1201 reliquum
926 1121 1011 1183 nobis
1037 1125 1161 1200 faciunt,
1186 1126 1242 1187 nisi

115 1201 151 1250 ut
168 1192 293 1253 indicem
311 1207 444 1256 nostrum
465 1197 664 1277 deprecemur,
684 1218 751 1256 cum
771 1195 946 1259 illallavidis
965 1200 1161 1274 consessione,
1179 1203 1241 1262 Ne-

114 1267 225 1327 minem
251 1271 432 1333 iustilicatunr
459 1273 495 1331 iri
514 1294 610 1333 coram
630 1273 710 1352 ipso,
740 1275 763 1333 si
790 1275 934 1333 rationem
960 1294 976 1333 a
1002 1276 1091 1337 servis
1115 1278 1172 1338 suis
1193 1300 1241 1340 re·

114 1355 219 1423 poscat
236 1348 298 1426 (Ps.
317 1354 384 1422 143,
403 1350 454 1424 2.).
494 1349 553 1408 Ubi
571 1359 667 1408 autem
687 1349 743 1408 lob
765 1349 834 1409 dicit
852 1349 934 1428 (lob.
946 1355 995 1425 1⁰,
1015 1353 1091 1430 15.):
1113 1354 1166 1427 „Si
1185 1356 1241 1415 im-

114 1421 197 1500 pium
217 1426 275 1505 egi,
293 1443 346 1484 vae
366 1424 451 1484 mibi:
472 1425 495 1485 si
516 1437 610 1485 autem
632 1424 721 1500 iuste,
741 1445 797 1486 nec
816 1426 856 1485 sic
877 1426 985 1509 erigam
1005 1438 1130 1509 caput:“
1151 1454 1242 1510 quan·

136 1518 203 1558 uam
228 1502 345 1580 respicit
369 1503 404 1561 ad
424 1522 563 1561 summam
584 1500 660 1559 illam
680 1501 738 1560 Dei
758 1501 908 1573 iustitiam,
938 1503 985 1562 eui
1005 1523 1042 1563 ne
1062 1505 1157 1587 angeli
1177 1509 1242 1590 qui·

114 1516 183 1634 dem
204 1577 396 1656 respondent:
416 1577 499 1638 simul
519 1591 618 1637 tamen
639 1577 778 1653 ostendit,
798 1578 849 1637 ubi
870 1577 905 1637 ad
925 1578 982 1638 Dei
1002 1580 1138 1640 iudicium
1158 1586 1241 1645 veni-

113 1660 181 1728 tur,
212 1652 284 1712 nibil
317 1666 426 1714 restare
450 1656 561 1714 cunctis
587 1653 759 1714 mortalibus
784 1653 839 1714 nisi
864 1666 897 1713 ut
921 1654 1133 1716 obmutescant.
1171 1661 1241 1721 Non

114 1728 194 1789 enim
214 1749 250 1790 eo
272 1741 383 1791 tantum
398 1731 537 1811 pertinet,
558 1731 636 1810 quod
657 1731 762 1790 cedere
782 1730 860 1790 ultro
880 1728 959 1790 malit
979 1752 1065 1811 quarn
1085 1754 1150 1793 cunr
1170 1737 1241 1819 rigi·

113 1805 206 1867 ditate
217 1806 274 1866 Dei
292 1807 456 1889 periculose
472 1818 598 1867 certare:
619 1807 669 1867 sed
688 1806 831 1888 significat
850 1827 910 1868 non
930 1805 1012 1866 aliam
1032 1809 1153 1870 sensisse
1174 1833 1240 1872 curn

112 1882 147 1941 in
167 1901 199 1943 ee
218 1883 281 1964 ipso
301 1884 448 1960 iustitiam,
470 1904 555 1961 qsram
576 1903 650 1963 quae
669 1885 766 1962 primo
786 1893 937 1942 momento
958 1895 1033 1943 esset
1052 1906 1068 1944 a
1089 1884 1162 1946 lacie
1182 1888 1241 1949 Dei
1304 1940 1309 1953 ,

113 1957 286 2039 collapsum.
324 1960 430 2020 Exacta
454 1960 557 2020 fiducia
582 1959 787 2051 ploriationem
812 1978 930 2038 quoque
957 1978 1073 2020 omnem
1100 1960 1241 2025 facessere

111 2047 298 2097 neeesseest.
337 2037 413 2111 Quis
426 2037 502 2096 enim
522 2037 648 2095 iustitiae
667 2034 779 2094 laudern
799 2035 925 2116 assignet
944 2036 1095 2115 operibus,
1114 2060 1240 2118 quorum

111 2111 291 2174 confidentia
314 2114 442 2193 trepidet
466 2133 481 2171 a
507 2112 565 2171 Dei
585 2112 763 2190 conspectu?
801 2111 986 2171 Veniendum
1013 2132 1084 2195 ergo
1105 2135 1165 2195 quo
1185 2137 1240 2179 nos

111 2199 202 2249 vocat
220 2188 340 2263 lessius,
366 2200 399 2248 ut
417 2190 448 2248 in
468 2188 534 2248 Deo
554 2187 689 2248 laudetur
707 2207 741 2247 ac
759 2185 906 2268 glorietur
923 2207 1012 2248 omne
1030 2209 1129 2250 semen
1150 2191 1240 2254 lsrael

110 2264 187 2345 (les.
205 2271 254 2339 45,
271 2269 348 2340 ²⁵·)=
370 2268 437 2345 quia
457 2264 634 2324 verissimum
655 2275 699 2323 est
719 2262 797 2343 quod
818 2262 887 2323 alibi
906 2262 987 2337 dicit,
1007 2286 1061 2325 nos
1082 2266 1238 2346 plantatio·

110 2361 183 2403 nem
202 2361 264 2403 esse
284 2342 394 2424 gloriae
414 2340 470 2403 Dei
490 2340 573 2418 (ibid.
593 2346 646 2414 61,
663 2341 715 2415 ll).
759 2338 827 2399 Rite
847 2359 919 2421 ergo
944 2351 1006 2400 turn
1024 2363 1080 2422 pur
1102 2355 1163 2423 atus
1184 2346 1239 2406 erit

110 2419 241 2489 animus,
265 2439 353 2499 quum
374 2416 476 2479 necin
497 2416 599 2476 fiducia
620 2436 742 2496 operum
762 2414 820 2477 ulla
839 2435 872 2475 ex
893 2427 975 2497 parte
995 2437 1093 2477 return
1117 2431 1161 2494 et,
1181 2441 1238 2484 nee

111 2495 144 2555 in
164 2494 259 2576 gloria
284 2493 445 2554 exsultabit.
490 2493 536 2552 nd
562 2492 648 2552 salsae
670 2504 765 2553 autem
791 2504 821 2553 et
847 2493 993 2553 mendacis
1017 2494 1097 2555 istius
1117 2495 1239 2558 fiduciae

111 2572 214 2631 ilatum
234 2570 338 2631 stultos
358 2570 489 2630 homines
508 2571 555 2630 hic
576 2589 660 2628 error
679 2568 796 2644 animat,
817 2569 897 2650 quod
916 2590 985 2631 suae
1004 2570 1102 2632 salutis
1122 2593 1236 2635 causam

112 2649 145 2709 iu
167 2646 305 2727 operibus
324 2667 438 2725 semper
456 2646 563 2706 locant.

191 2731 237 2790 17.
275 2726 400 2795 Verum,
429 2725 452 2782 si
471 2735 596 2802 quatuor
615 2742 763 2783 causarum
782 2740 890 2802 genera
911 2722 1093 2802 respicimus,
1113 2726 1237 2803 quaein

113 2820 213 2862 rerum
233 2799 341 2860 ellectu
361 2799 545 2859 considerare
571 2799 755 2878 praecipiunt
780 2798 960 2878 philosophi,
990 2797 1101 2858 nullum
1134 2819 1236 2861 eornm

111 2877 292 2970 reperiemus
312 2875 449 2955 operibus
469 2876 499 2933 in
521 2875 722 2935 constituenda
742 2874 834 2932 salute
854 2884 953 2933 nostra
978 2875 1144 2934 convenire.
1169 2876 1237 2966 ,Et-

74 3009 77 3013 .
111 2955 258 3015 licrentem
284 2954 360 3012 enim
387 2952 460 3011 vitae
485 2963 620 3011 aeternae
647 2949 731 3009 nobis
756 2949 966 3028 comparandae
991 2971 1102 3010 causam
1126 2950 1237 3032 ubsque

111 3031 263 3109 Scriptura
282 3028 427 3120 praedicat
438 3028 532 3087 Patris
552 3026 684 3086 coelestis
703 3026 942 3101 misericordiam,
962 3036 993 3085 et
1001 3029 1153 3118 gratuitam
1167 3048 1235 3121 erga

109 3129 168 3168 nos
193 3106 394 3165 dilectionem:
422 3103 598 3163 materialem
626 3123 695 3161 vero
720 3102 868 3164 Christum
892 3124 957 3162 curn
983 3123 1032 3161 sua
1059 3102 1236 3181 obedrentra,

109 3202 270 3266 perquam
291 3182 377 3241 nobis
397 3181 532 3240 iustitiam
553 3178 720 3258 acquisivit:
747 3178 897 3238 formalem
919 3199 1037 3258 qnoque
1056 3178 1102 3240 vel
1128 3180 1235 3242 instru-

109 3259 269 3321 mentalem
290 3279 375 3337 quam
396 3278 456 3317 esse
477 3257 603 3315 dicemus
629 3256 684 3314 nisi
712 3254 815 3314 fidem?
853 3255 893 3314 At
916 3276 951 3315 ue
977 3266 1036 3316 tres
1059 3257 1144 3316 simul
1168 3258 1235 3319 istas

107 3358 170 3397 uua
194 3335 337 3396 sententia
363 3333 585 3414 comprehendit
610 3332 752 3404 loannes,
776 3352 864 3410 quum
912 3337 962 3392 rcit
986 3334 1130 3412 (3,16.):
1163 3335 1235 3408 „Sic

106 3415 192 3474 Deus
212 3411 311 3471 dilexit
329 3411 484 3483 muudum,
509 3421 542 3467 ut
561 3407 665 3467 lilium
691 3408 871 3489 unigenitum
896 3408 991 3468 daret:
1017 3421 1050 3468 ut
1069 3410 1163 3468 omnis
1183 3412 1234 3490 qui

86 3488 205 3550 ‘credit
224 3489 254 3547 in
282 3508 347 3545 eum
371 3508 430 3545 non
457 3497 570 3566 pereat,
601 3483 658 3545 sed*
677 3483 783 3543 habeat
805 3485 891 3544 vitam
919 3491 1099 3544 aeternam.“
1137 3486 1233 3546 Porro

109 3564 227 3625 finalem
248 3574 371 3623 testatur
390 3563 415 3621 A
439 3561 548 3621 ostolus
568 3581 646 3634 esse,
672 3571 701 3619 et
722 3560 835 3619 divinae
860 3560 985 3620 iustitiae
1005 3560 1233 3622 demonstratio-

110 3661 195 3714 nem,
215 3651 244 3699 et
264 3638 403 3699 bonitatis
419 3584 551 3696 laudem:
576 3637 625 3696 ubi
646 3649 675 3696 et
694 3637 760 3696 alias
781 3647 839 3695 tres
859 3635 972 3697 disertis
991 3637 1086 3697 uerbis
1106 3656 1234 3698 comme·

109 3729 215 3777 morat.
254 3716 304 3776 Sic
324 3717 401 3774 enirn
421 3714 456 3773 ad
474 3714 622 3773 Romanos
641 3713 771 3791 loquitur
790 3715 832 3789 (3,
851 3719 897 3776 22.
917 3713 992 3792 sq.):
1012 3712 1145 3788 „Omnes
1164 3734 1247 3800 pee-¹

109 3804 266 3865 caverunt,
295 3803 325 3850 et
355 3803 443 3872 egent
467 3789 559 3870 gloria
585 3789 656 3847 Dei:
682 3788 880 3849 'iustificantur
908 3801 1004 3849 autem
1030 3789 1117 3870 gratis
1144 3789 1232 3869 ipsius

107 3871 238 3952 gratia:“
266 3868 310 3926 lric
332 3868 417 3929 habes
438 3879 524 3944 caput
544 3877 573 3924 et
593 3865 715 3944 primurn
737 3864 865 3940 sontem,
894 3865 974 3945 quod
993 3865 1073 3926 Deus
1093 3886 1147 3925 noa
1167 3887 1233 3948 gra·

107 3947 183 4007 tutta
209 3946 404 4003 misericordia
429 3942 593 4022 complexus
614 3953 666 4000 est.
711 3939 865 4019 Sequitut:
889 3960 966 4021 „per
990 3942 1234 4021 redemptionem,
1312 3962 1315 3966 ·

107 4042 183 4102 quae
204 4033 248 4081 est
267 4023 296 4080 in
320 4019 436 4079 Christo
458 4020 561 4078 Iesu:“
593 4019 638 4078 hic
662 4016 750 4076 babes
770 4016 859 4075 veluti
878 4019 1045 4091 materiem,
1068 4039 1125 4098 qua
1146 4018 1232 4081 nobis

106 4098 218 4159 iustitia
239 4096 400 4157 coniicitur.
440 4096 519 4168 „Per
538 4094 624 4153 fidem
644 4093 675 4152 in
696 4094 836 4185 sanguine
855 4093 981 4172 ipsius:“
1007 4093 1054 4155 hic
1078 4114 1162 4155 causa
1186 4095 1233 4154 in·
1283 4126 1287 4133 ·

108 4173 304 4237 strumentalis
340 4172 519 4246 ostenditur,
557 4191 613 4251 qua
650 4170 760 4231 Christi
794 4169 903 4229 iustitia
940 4168 1027 4230 nobis
1064 4169 1233 4251 applicatur.

107 4248 264 4311 Postremo
283 4247 434 4341 subiungit
452 4247 549 4322 finem,
569 4268 657 4328 quum
677 4247 762 4305 dicit:
783 4244 833 4321 „iu
853 4245 1131 4309 demonstrationem
1150 4247 1233 4308 lusti·

108 4326 168 4388 tiae
187 4326 296 4407 ipsius,
322 4338 354 4387 ut
374 4337 410 4390 stt
429 4323 616 4405 ipseiustus,
647 4334 677 4385 et
700 4321 856 4386 iustificam
875 4342 958 4405 eum,
991 4324 1041 4405 qni
1059 4334 1105 4388 eet
1122 4343 1157 4387 ex
1174 4322 1235 4387 tide
