2700 4732
101 231 240 315 aon¹
492 220 871 286 mmmm

96 366 99 371 ’
182 373 230 434 22
256 368 424 451 ,Neminem
443 368 499 429 iam
520 389 581 430 esre
600 380 674 450 puto
693 367 824 449 quinon
843 365 996 447 perspicue
1005 360 1125 438 cernat,
1144 382 1250 424 ornnes

18 476 27 487 ·-
88 442 194 507 'lunius
213 455 302 505 notae
321 446 451 506 rationes
469 467 564 508 meras
585 465 647 506 esse
668 445 837 524 scripturae
856 443 1048 503 inversiones.
1088 440 1180 515 Quae
1197 462 1248 501 rn-

108 534 233 605 persunt
249 519 294 582 bis
314 521 431 659 affinerq
457 524 561 584 cursim
582 541 800 602 persequemur.
848 520 1032 599 Baptismom
1051 518 1082 577 in
1107 528 1247 598 peccato-

109 620 175 661 rum
194 597 395 659 remissionem
435 600 476 660 ari
495 599 649 660 obiiciunt.
690 598 783 673 Quod
802 595 1035 656 ubiconccssnru
1055 591 1160 669 luerit,
1177 612 1247 675 sen-

108 675 219 737 tentiae
248 687 367 736 nostrae
396 675 515 738 abunde
546 672 788 755 patrocinabitur.
839 673 1015 732 Peccatores
1045 671 1127 731 enirn
1157 690 1246 750 qn-

108 772 277 826 nascamur,
306 752 480 825 remissione
500 762 531 811 et
547 753 633 812 venia
653 751 710 810 iam
730 773 747 811 a
766 749 865 809 matris
894 761 979 810 utero
998 768 1074 828 opus
1095 746 1246 806 halrmnur.

109 828 318 922 Porroquum
342 848 424 908 spem
455 829 674 889 misericordiae
705 827 773 887 lruic
797 825 884 885 aetati
904 845 966 885 non
984 823 1139 904 praecidat
1157 822 1246 896 Deus,

105 902 162 981 sed
182 915 280 986 potrus
301 917 410 967 certam
430 904 531 966 iaciat:
558 926 611 965 cur
633 905 749 985 signum
768 923 801 962 re
820 902 881 983 ipsa
901 901 995 961 multo
1014 899 1143 959 inferius
1160 918 1246 982 prae-

109 980 291 1063 riperemus?
321 981 431 1056 «Quare
450 982 530 1062 quod
551 982 581 1040 in
601 1002 655 1041 nos
674 978 791 1040 vibrare
810 978 989 1049 moliuntur,
1008 976 1067 1037 hoc
1087 977 1133 1035 ita
1152 986 1246 1036 retor-

110 1077 234 1149 quemus
252 1057 295 1117 “in
320 1076 372 1149 eqs
395 1059 490 1150 ipsos,
516 1057 634 1141 Parvuli
686 1067 853 1117 necatorum
871 1053 1053 1145 ‘remispione
1081 1051 1245 1144 donanturr

111 1135 444 1290 :qupppgpqspqupdq
461 1147 623 1272 {iiiiii}
642 1232 657 1270 a
677 1126 1248 1295 Ippgqrpptmququqquvqprgqqtpalq

110 1287 142 1346 in
163 1286 260 1350 verbu
275 1287 360 1348 ritae
438 1308 476 1348 uo
501 1287 538 1347 ad
564 1306 694 1347 errorem
715 1304 818 1344 eorum
837 1283 1027 1344 evertendum
1053 1279 1130 1341 nrltil
1156 1292 1247 1363 aptius

113 1364 195 1423 citari
215 1375 346 1443 poterat:
377 1386 444 1425 nam
464 1364 535 1424 inde
553 1362 641 1424 nobis
661 1360 752 1422 facilis
771 1360 898 1422 nascitur
937 1359 1066 1420 cubatio.
1104 1357 1140 1417 Si
1159 1369 1247 1418 terta-

111 1450 171 1499 tam
188 1438 334 1519 baptismo
354 1440 415 1502 vult
433 1440 567 1502 Christus
586 1440 778 1514 ablutionem,
818 1458 852 1496 ua
872 1380 1127 1515 ecclesiam—'suam
1146 1453 1249 1495 emun-

114 1514 180 1591 dat,
200 1522 325 1596 aequum
345 1537 406 1578 non
426 1517 520 1579 rideri
540 1529 574 1578 ut
591 1538 645 1577 ruo
666 1516 696 1577 in
718 1459 843 1596 parvniis
860 1514 1029 1573 testimonio
1050 1522 1169 1585 careat,
1199 1509 1249 1590 qui

112 1592 145 1652 in
164 1592 305 1655 ecclesiae
329 1607 413 1674 parte
437 1595 502 1654 inre
527 1605 700 1667 censentur,
746 1614 814 1651 nuru
840 1589 978 1651 ltacredes
1002 1587 1249 1649 scortecclari·

95 1670 172 1730 ’sint
191 1690 287 1729 nuncu
309 1671 357 1730 ati.
396 1671 567 1732 Universum
588 1671 665 1730 enim
678 1613 826 1729 ecciesiam
838 1667 944 1727 Paulus
957 1638 1180 1747 complectitur,
1198 1664 1249 1724 ubi

114 1744 187 1806 (licit
205 1768 274 1805 mun
297 1757 371 1807 atam
391 1746 507 1809 lavacro
528 1767 628 1827 aquae.
672 1744 771 1805 Nihilo
797 1742 941 1804 meimet
959 1764 992 1803 ex
1011 1762 1050 1804 eo
1070 1741 1156 1822 quod
1171 1740 1253 1803 ulilri

115 1821 187 1882 dicit
204 1821 245 1900 (l.
264 1823 335 1884 Cor.
354 1828 403 1899 12,
419 1826 500 1900 tu),
525 1844 580 1884 nos
604 1824 635 1883 in
657 1821 766 1883 Christi
785 1841 892 1900 corpor
904 1839 966 1911 -per
983 1819 1170 1901 Baptismum
1188 1838 1251 1879 erse

113 1897 253 1975 incertos,
272 1899 447 1982 colligimus,
464 1900 603 1977 infantes,
621 1919 696 1981 quos
715 1897 854 1957 membris
873 1917 931 1957 curs
950 1908 1137 1971 annumerat,
1156 1894 1252 1976 bapti·

115 1975 226 2036 nendos
244 1996 323 2051 csse,
348 1996 387 2036 ne
406 1999 423 2037 n
441 2000 495 2039 suo
521 1996 649 2057 corpore
676 1974 859 2037 divellantur.
897 1973 944 2033 Eo
963 1993 1025 2053 quo
1049 1974 1167 2053 impetn
1186 1993 1250 2033 cunr

114 2062 163 2113 tot
179 2052 320 2114 machinis
337 2053 368 2112 in
389 2052 457 2114 fidei
475 2065 594 2115 nostrae
613 2052 756 2132 praesidia
773 2051 996 2131 impressionem
1016 2048 1138 2111 sariam.

191 2136 239 2196 23.
278 2131 340 2190 Iam
359 2130 394 2190 ad
413 2127 694 2222 saeculidpostolici
705 2128 804 2208 prarin
825 2139 913 2208 atque
932 2125 1183 2188 consuetudinem
1200 2126 1251 2187 dc-

54 2266 56 2271 .
116 2206 278 2282 scendunt,
303 2224 488 2291 qnoprsmo,
513 2207 569 2267 nim
592 2205 681 2267 fidem
705 2216 775 2267 autc
798 2204 1071 2283 poenitentiamque
1085 2203 1250 2341 professus,

116 2281 153 2341 ad
171 2282 213 2341 Ba
237 2284 351 2343 tismnnr
372 2284 511 2345 admissus
529 2283 719 2363 comperitur.
765 2282 841 2341 Nam
867 2281 918 2340 ubi
942 2292 1068 2361 rogatur
1114 2292 1197 2341 etrus
1214 2280 1249 2341 ab

77 2380 81 2385 ·
114 2302 802 2517 circlirmepicuru
819 2357 1067 2495 tutum
1088 2356 1251 2495 um*

132 2506 139 2522 Ι
610 2518 628 2541 Ρ
649 2479 657 2508 ἱ
726 2511 733 2526 ο
765 2514 772 2527 ς
787 2511 796 2525 ι
906 2512 913 2525 e
928 2510 935 2524 ι
1225 2508 1235 2525 0

115 2454 1136 2680 maritumumc,.⁸.:u¹uct:lu·aurc
1153 2509 1249 2645 cm

118 2664 253 2723 crederet
272 2664 354 2741 (Act.
364 2669 394 2740 8,
405 2667 476 2741 37.).
522 2665 601 2724 Hinc
625 2665 680 2724 sibi
701 2664 839 2724 obtinere
857 2684 943 2745 posse
961 2663 1114 2734 videntur,
1131 2662 1251 2743 Baptis-

117 2761 208 2877 qqprq,
228 2741 284 2876 quisi
293 2752 466 2876 ¹praeeunte
486 2741 544 2876 liqc
557 2763 596 2832 'ac
617 2741 810 2877 ppenitqntia,
831 2744 965 2875 cpiquarq
986 2738 1113 2874 cqnceqli
1129 2739 1251 2875 minisque

118 2839 287 2954 nulta⁵⁸filei
310 2838 581 2972 titillari?
600 2840 707 2956 ‘till'
727 2837 1251 2973 .3‘rl.‘“...²‘3t{rl.‘.¹.t..⁰‘.;'t.2.}

118 2970 210 3045 alter,
241 2992 300 3051 quo
327 2972 510 3051 poenitentia
530 2971 649 3031 minime
669 2972 842 3051 requiritur,
871 2970 961 3030 solam
982 2971 1051 3030 satis
1071 2971 1136 3030 csse
1156 2969 1250 3029 fidem.

119 3047 284 3126 Excipient,
305 3060 388 3126 puto,
408 3048 505 3109 locum
525 3049 648 3109 alterum
669 3048 762 3108 altero
783 3048 922 3120 adiuvari,
941 3046 1180 3126 ideoquesiniul
1192 3066 1251 3106 erse

120 3125 351 3183 connectendos.
389 3125 454 3206 Ego
476 3126 595 3204 quoque
608 3126 737 3188 ,vicissim
758 3124 954 3197 conferendos
974 3122 1043 3185 dico
1064 3120 1141 3184 alios
1160 3123 1251 3195 locos,

120 3198 237 3334 ssaisad’
246 3200 326 3260 istius
345 3201 417 3261 nodi
436 3201 613 3292 sqlutionem
626 3201 734 3283 aliquid
747 3202 870 3292 valent..
884 3198 1134 3292 Quandoquidem
1146 3198 1251 3292 multae

119 3276 1251 3446 lcitmscliiitiimpcsriiiiiimilciiii}eiiiupiiae‘ile'riiiismciiiitipiiirgrirn‘elicuirii'tcc‘urcita-
1277 3398 1290 3413 .

120 3426 225 3508 quibus
255 3427 326 3489 haec
350 3430 487 3490 dicuutur
505 3454 521 3490 u
541 3432 631 3492 Petro
653 3445 683 3491 et
701 3432 855 3512 Philippo,
883 3442 977 3491 aetate
1001 3429 1127 3489 suntad
1149 3430 1250 3509 poeni-

120 3505 245 3565 tentiam
266 3506 462 3566 meditandam
481 3508 627 3599 fidemque
647 3509 870 3587 concipiendam
891 3508 1008 3568 idonea.
1059 3505 1183 3596 Tales&
1197 3504 1250 3566 nisi

120 3592 273 3748 tritt&
295 3581 1250 3740 rttssltpitttfttttt..tl.l⁶5..l⁸tl‘.‘.t.t⁰..².⁰g:¹.t..¹.¹⁰fl‘t2

121 3756 187 3794 rum
206 3755 237 3793 m
257 3679 344 3795 aiium
365 3736 531 3817 catalogum
551 3737 726 3819 relegandos
751 3757 813 3798 esse
838 3738 982 3809 infantes,
1009 3734 1074 3814 plns
1094 3737 1165 3811 satis
1184 3755 1249 3814 per-

121 3812 254 3891 spicuum
274 3823 331 3872 est:
359 3818 468 3873 namsi
489 3815 552 3892 quis
577 3815 646 3874 olim
671 3834 702 3875 se
723 3813 824 3874 Israeli
849 3812 1025 3895 adiungebat
1043 3812 1075 3870 in
1100 3810 1250 3896 religionis

122 3887 371 3963 communionem,
390 3901 457 3949 ante
477 3902 508 3949 et
527 3892 630 3951 foedus
642 3890 765 3951 Domini
777 3890 894 3950 edoceri
914 3902 945 3950 et
963 3888 1029 3969 lege
1039 3888 1150 3948 erudiri
1162 3909 1251 3969 opor·

121 3962 205 4024 sebas
228 3985 314 4043 quam
330 3965 550 4027 circumcisione
569 3968 747 4048 signaretur:
769 3967 846 4046 quod
868 3966 985 4026 natione
1006 3976 1069 4025 erat
1087 3963 1250 4038 ἀλλόφυλος,

121 4038 182 4099 ltoc
208 4052 251 4099 est
275 4040 439 4123 alienigena
471 4042 507 4103 ab
538 4043 699 4104 Israelitico
721 4045 849 4123 populo,
870 4063 995 4131 quocum
1021 4041 1144 4115 foedus,
1175 4039 1251 4122 qnod

122 4115 303 4177 circumcisio
323 4119 482 4193 sanciebat,
502 4139 669 4200 percussum
690 4119 795 4179 luerat.

198 4198 245 4257 24.
285 4192 542 4267 Quemadmodum
572 4217 628 4256 nec
657 4196 819 4271 Dominus,
849 4216 939 4274 quum
969 4190 1172 4264 Abrahumum
1200 4190 1251 4254 sibi

4 4320 9 4331 .
123 4276 266 4347 cooptat-,1
284 4289 301 4328 s
326 4272 550 4334 circumcisione
573 4272 661 4333 sumit
679 4273 845 4347 exordium,
864 4271 981 4332 interlin
1000 4270 1071 4349 quid
1091 4270 1146 4332 illo
1166 4271 1250 4354 signo

121 4340 176 4405 sibi
196 4344 265 4406 velit
284 4345 480 4412 dissimulans:
500 4367 601 4412 rerum
612 4348 693 4431 quod
713 4348 800 4410 scrire
816 4370 882 4410 cnm
901 4348 965 4449 ipso
984 4345 1091 4410 toruus
1109 4348 1252 4421 instituat,

1260 4600 1275 4669 l
