2596 4726
458 200 535 261 Llll.
556 201 597 267 ll.
639 201 726 263 CAP.
751 203 817 265 l'll.
1143 206 1200 269 ‘tet

97 344 140 403 tiae
160 340 308 425 adiungat,
336 346 417 423 quod
449 346 638 426 semiplenam
671 360 801 408 nostram
831 344 1030 407 obedientiam
1057 367 1119 407 non
1153 368 1199 407 re-

95 438 188 509 spuens,
210 431 240 477 ct
259 422 342 499 quod
362 420 445 513 deest
462 422 699 517 complemento,
725 426 894 516 remittens,
924 424 1048 503 perinde
1073 434 1163 504 atque
1176 446 1198 517 ’a

94 495 519 653 ,ildss'ldidbssi'db
537 500 1199 657 ltlttitt:3¹:33¹‘tlte‘tltt'trtttti

92 648 235 709 stturtone
255 648 371 731 plenius
390 650 561 731 disputanda
581 654 652 729 erit,
683 674 745 714 non
771 654 848 715 ultra
874 654 905 713 in
931 673 1070 737 praesens
1094 674 1198 735 prose·

56 785 61 801 ,
92 746 196 805 quemue.

143 808 169 865 b
240 822 280 862 ue
324 815 421 863 autem
454 825 571 864 rmtossr
595 824 662 865 rem
703 826 732 864 ae
755 807 777 867 is
803 828 821 866 ο
844 807 1039 868 servationem
1068 807 1189 867 diximus

91 876 98 891 .
207 800 301 893 Q·d
374 880 381 893 ⁹
454 803 753 897 ‘'111th
824 806 843 865 b
1190 851 1200 880 ,

89 876 1201 1040 lt*,tttt'ttttltr‘ttlttll‘t,till5²„tttlttttlt'ltdltf

88 1028 171 1122 bitarit⁸
190 1031 346 1123 euatbema
378 1033 420 1092 illi
452 1034 627 1094 denuntiare
645 1035 691 1112 ΙΙ).
750 1036 833 1111 Quid
863 1036 953 1095 visum
983 1037 1022 1096 sit
1045 1036 1198 1117 Hierony·

88 1126 131 1179 no,
145 1107 215 1166 urbrl
234 1129 352 1168 moror:
372 1129 427 1171 nos
446 1112 516 1203 quid
535 1131 638 1170 verum
656 1114 696 1172 sit
715 1113 902 1191 inquiramus.
942 1112 1011 1173 Non
1037 1124 1130 1173 texam
1152 1113 1199 1173 bie

87 1180 166 1265 leugas
184 1183 326 1266 ambages
344 1185 381 1245 de
400 1190 485 1247 vareis
504 1188 705 1267 possibilitatis
724 1189 891 1270 generibus.
934 1188 1121 1270 Impossibile
1146 1210 1198 1270 ap-

87 1258 154 1350 pello,
173 1261 255 1340 quod
275 1281 332 1320 nee
352 1262 408 1354 luit
426 1284 566 1353 unquam,
587 1277 618 1357 et
636 1284 674 1324 ne
694 1266 729 1356 in·
745 1277 895 1345 posterum
911 1266 968 1358 pit,
999 1264 1057 1323 Dei
1077 1266 1199 1327 ordina·

85 1338 599 1491 tlttsltttttttttltttd:
614 1340 1198 1498 tlttlt'ttft‘tttttt’ttttttefft

34 1518 36 1525 ·
85 1489 307 1581 teudileetionis
325 1512 446 1572 scopum
467 1494 632 1573 pertigerit,
649 1506 683 1555 ut
703 1514 738 1553 ex
756 1507 824 1555 toto
844 1494 946 1567 corde,
966 1505 1199 1585 entotameute²

34 1582 36 1587 ·
85 1576 168 1625 ettota
182 1587 292 1642 anama,
312 1586 345 1625 ex
360 1580 422 1629 tota
435 1575 568 1649 potentia
580 1570 677 1629 Deum
697 1583 822 1630 amaret:
844 1571 991 1631 neminem
1011 1592 1126 1631 rursum
1146 1592 1198 1649 qur

34 1656 36 1665 ·
85 1643 374 1721 uueoucupiscentia
385 1644 534 1705 laborarit.
554 1648 631 1721 Quis
640 1647 905 1709 reclametivideo
932 1646 1196 1726 uidemqualesno·

84 1716 230 1779 lbnnetos
247 1718 428 1813 imaginetur
436 1722 524 1783 stulta
539 1723 720 1802 superstitio,
736 1744 863 1801 quorum
882 1666 994 1783 sedicet
1013 1722 1132 1801 puritati
1151 1722 1197 1781 vix

83 1794 201 1855 coelestes
219 1797 318 1878 angela
336 1799 552 1877 respondeant:
583 1799 634 1859 sed
661 1811 847 1883 repugnante
864 1811 927 1858 tum
946 1798 1115 1879 Scriptura,
1133 1808 1196 1857 tum

82 1872 254 1951 operientiae
273 1874 397 1933 ratione.
415 1874 495 1937 Dico
512 1878 596 1950 item,
615 1878 764 1935 neminem
784 1876 906 1957 posthae
926 1875 1067 1949 luturum,
1087 1874 1139 1954 qui
1158 1874 1195 1933 ad

81 1966 148 2007 terae
184 1948 356 2010 effectionis
374 1963 481 2009 metam
500 1964 694 2031 perventurus
712 1954 766 2027 sit,
786 1952 840 2011 nisi
859 1951 995 2031 eorporis
1015 1948 1095 2011 mole
1113 1949 1195 2011 solu·

81 2030 124 2081 us
209 2024 286 2085 banc
304 2046 368 2085 rem
386 2028 512 2106 primum
531 2040 693 2107 suppetunt
710 2040 810 2119 aperta
825 2028 993 2107 Scripturas
1011 2027 1193 2087 testimonia:

121 2120 155 2159 uu
172 2112 217 2161 est
237 2102 328 2163 bomo
346 2104 437 2165 iustus
455 2125 546 2195 super:
563 2117 671 2164 terram
691 2128 741 2185 qur
762 2126 822 2165 nou
843 2110 980 2185 peccet‚“
1004 2103 1122 2196 dicebat
1139 2102 1194 2163 Sa-

82 2178 211 2323 ,luadiit
219 2178 1194 2347 {gffispssgcpp{unizfflelisapilvsppuql'slgqbpllupi-mqlgossptitsthffi:

35 2342 41 2359 ··
82 2326 193 2390 stirme
231 2331 398 2423 (lenssinre
417 2334 548 2394 orrrniuur
567 2334 674 2396 Paulus
694 2332 778 2415 (Gal.
797 2342 827 2405 5,
846 2342 894 2401 17.
914 2335 1085 2412 et3,1ll,),
1109 2330 1193 2413 quod

83 2424 141 2465 care
155 2421 332 2489 concupiscit
351 2410 487 2471 adversus
511 2412 661 2489 spiritum,
690 2423 720 2470 et
749 2412 867 2493 spiritus
897 2410 1034 2472 adversus
1065 2430 1193 2469 carnem.

82 2479 332 2545 destinatione
351 2486 474 2577 probat,
505 2508 615 2567 omnes
634 2489 685 2565 qui
705 2488 758 2547 sub
779 2488 861 2568 Lege
880 2499 963 2561 srrnt,
992 2485 1194 2546 maledictioni

35 2558 39 2620 l
80 2556 217 2649 subiectos,
236 2562 292 2621 nisi
312 2584 380 2641 quta
398 2566 538 2643 scriptum
558 2564 596 2623 sit
613 2566 720 2642 (Deut.
739 2570 788 2638 27,
806 2566 883 2639 ⁶lli),
901 2564 1073 2623 maledictos
1089 2582 1193 2622 omnes

35 2633 40 2712 l
80 2652 122 2723 qua
135 2658 192 2697 nou
211 2641 423 2719 permanserint
442 2641 472 2698 in
492 2640 628 2700 omnibus
648 2642 710 2700 eius
729 2642 887 2701 mandatis:
920 2642 1045 2700 innuens
1069 2638 1193 2711 seilicet,

36 2725 41 2776 i
80 2728 128 2771 ΙΙο
143 2732 195 2793 pro
214 2715 349 2775 confesso
368 2736 527 2789 assumens,
547 2717 694 2776 neminem
713 2736 888 2797 permanere
907 2737 1001 2795 posse.
1041 2716 1194 2793 Quicquid

36 2787 41 2844 ,⁵
80 2798 159 2848 arten
177 2792 335 2851 Serirturis
354 2794 534 2872 praedictum
559 2806 619 2868 est,
648 2794 678 2853 id
703 2816 759 2874 pro
782 2805 945 2883 perpetuo,
975 2791 1112 2871 adeoque
1135 2810 1192 2869 pro

36 2914 41 2955 ·.
80 2870 222 2927 senario
243 2814 346 2927 baberi
364 2870 461 2930 docet.
517 2870 670 2929 Eiusmodi
694 2883 806 2952 argutra
830 2869 974 2929 vexabant
997 2868 1194 2950 Arrgustinum

36 2974 38 2979 ·
80 2938 209 3025 Pelagiaui
230 2946 284 3025 [ef.
303 2944 355 3004 lib.
375 2946 411 3005 de
432 2958 491 3005 nat.
510 2958 541 3007 et
559 2948 661 3031 grat.],
680 2947 814 3006 iniuriam
835 2946 898 3005 lieri
919 2946 998 3020 Deo,
1019 2944 1042 3002 si
1063 2944 1127 3023 plus
1146 2943 1192 3001 iu-

36 3031 41 3093 ;·“
80 3012 134 3077 bert
150 3043 232 3099 quam
253 3042 308 3103 per
327 3022 388 3083 eius
407 3024 531 3103 gratiam
551 3036 698 3105 praestare
718 3034 828 3102 queant
847 3022 958 3081 fideles.
997 3020 1070 3091 llle,
1094 3031 1128 3078 ut
1146 3019 1192 3079 el·

36 3103 39 3137 2
80 3090 176 3183 lugeret
185 3100 371 3174 calumniam,
391 3100 536 3160 fatebatur
550 3120 636 3179 posse
655 3101 774 3179 quidem
788 3098 962 3173 Dominum,
982 3097 1006 3156 si
1017 3096 1118 3170 vellet,
1138 3094 1192 3155 bo·

80 3190 166 3257 nauem
184 3177 340 3235 mortalem
359 3197 389 3235 rn
409 3178 570 3257 angelicam
596 3178 751 3256 puritatem
776 3176 918 3235 evelrere:
948 3172 999 3233 sed
1024 3192 1121 3251 neque
1146 3171 1192 3231 le·

79 3266 138 3309 tuse
154 3272 291 3330 unquam,
317 3274 372 3313 nee
393 3256 547 3330 iacturum,
601 3253 660 3313 uod
679 3254 765 3313 aliter
783 3255 814 3311 in
835 3250 993 3330 scripturis
1013 3250 1191 3311 asseruisset.

80 3320 209 3407 llneque
230 3350 288 3410 ego
307 3330 441 3389 inficior:
472 3332 523 3389 sed
544 3276 622 3390 odilo
647 3341 761 3402 tamen,
792 3331 961 3407 importune
992 3326 1029 3385 de
1060 3326 1192 3405 potentia

78 3398 126 3459 llei
142 3404 275 3484 disputari
295 3420 399 3465 contra
419 3407 480 3465 eius
500 3409 667 3466 veritatem:
698 3408 766 3466 ideo
794 3405 905 3465 cavillis
930 3424 991 3462 non
1012 3420 1075 3462 esse
1094 3402 1193 3461 obno-

77 3476 137 3567 ¹l²¹¹¹
153 3484 336 3555 sententiam,
363 3484 387 3541 si
403 3484 466 3560 quis
492 3484 569 3542 dicat
587 3484 650 3543 lieri
674 3504 737 3542 non
764 3501 859 3561 posse,
879 3479 960 3559 quod
978 3500 1041 3539 uon
1061 3477 1192 3537 lutrarum

77 3558 227 3635 beripturae
247 3559 450 3637 pronuntiant.
509 3562 618 3619 Verum
637 3561 661 3617 si
681 3560 718 3617 de
736 3558 829 3619 uerbo
849 3557 1026 3637 dimittatur,
1045 3554 1192 3614 Dominus

79 3636 230 3711 rogantibus
250 3633 400 3716 discipulis
420 3637 484 3713 quis
504 3638 596 3727 possit
615 3635 706 3695 salsus
727 3655 804 3709 esse,
830 3634 1006 3713 respondet,
1036 3632 1114 3709 apud
1136 3630 1192 3687 bo-

80 3708 155 3767 miues
172 3712 199 3771 id
225 3713 344 3791 quidem
369 3712 564 3847 impossible,
598 3712 675 3791 apud
698 3712 796 3770 Deum
820 3730 892 3770 vero
919 3709 1018 3798 omnia
1041 3704 1192 3794 possibilia

77 3784 177 3859 (llllllt.
195 3796 244 3857 ts,
263 3796 333 3865 25.).
371 3790 414 3848 Va
428 3790 553 3849 idissima
573 3790 659 3849 etiam
678 3785 1004 3877 rationeitlcontendrt·
1017 3782 1191 3862 Augusti·

79 3866 275 4001 lttll‘ttt'·
296 3864 980 4003 tillnldti’tttttttlttl’alell'
996 3859 1192 3994 ”iiiiii

79 4018 157 4095 „qoit,
173 3965 305 4079 uetiti-aiis
328 4019 369 4079 ita
387 3992 535 4098 sequitur,
554 3987 593 4079 ul
606 4020 703 4078 Deum
723 4037 819 4078 amase
839 4036 927 4075 nemo
947 3977 1080 4095 perlbcte
1100 3976 1193 4089 pbssit

136 4256 161 4319 ⁰)
175 4252 231 4305 vid.
250 4254 318 4305 inter
335 4272 415 4322 opera
433 4252 519 4302 lustina
538 4266 633 4319 quaest.
652 4252 710 4306 103.
730 4264 754 4302 et
771 4248 960 4318 llieronyururn
985 4245 1018 4295 ad
1036 4240 1192 4315 Ctesipbuu-

80 4332 121 4371 tem
136 4322 187 4375 adv.
204 4322 366 4388 Pelagianos,
383 4320 427 4373 ubi
445 4320 515 4375 idem
533 4336 559 4373 ct
575 4338 677 4387 negare,
696 4332 721 4372 et
738 4318 814 4373 lateri
830 4315 935 4369 videtur.
