2700 4732
505 195 657 257 Lttt.·1v.
697 191 787 259 CAP.
806 192 893 257 xttt
1117 232 1122 239 «
1209 199 1267 261 841

124 337 188 414 „Et
207 337 275 417 ipsis
295 336 392 418 lapsus
411 339 543 416 occasio,
573 353 605 401 et
624 339 723 401 ordini
748 338 923 402 clericorum
942 335 977 399 lit
999 333 1199 419 indignissima
1218 338 1265 399 in·

121 414 235 492 „iuria,
261 414 285 474 si
304 413 469 478 desertores
488 418 736 478 monasteriorum
762 418 797 477 ad
822 415 956 477 militiam
976 414 1128 476 clericatus
1149 414 1264 498 eligun-

120 503 205 567 „turz
241 513 332 582 quum
351 513 385 551 ex
404 494 438 554 iis
458 495 509 573 qni
528 496 560 553 in
579 495 761 554 monasterio
781 504 971 574 permanent,
1001 501 1181 552 nontamen
1205 496 1261 552 nisi
1331 500 1334 505 '

119 568 330 647 „probatiores
349 590 381 627 ac
397 571 535 631 meliores
555 571 585 630 in
607 571 718 631 clerum
739 590 885 658 assumere
897 569 1051 630 soleamus.
1089 568 1151 626 Nisi
1172 568 1262 645 forte,

117 645 215 721 „sicut
225 642 331 725 vulgus
342 644 423 723 dicit,
442 646 536 708 Malus
556 647 721 721 choraules,
740 647 837 708 bonus
856 658 901 707 est
919 645 1153 728 symphoniacus,
1173 645 1212 705 ita
1232 657 1263 704 et

116 707 177 796 „de
198 720 284 781 nobis
302 723 464 798 iocabitur,
488 722 583 784 Malos
608 723 784 798 monachus,
809 724 905 786 bonus
931 721 1054 785 clericus
1074 733 1127 781 est.
1168 721 1261 782 Nimis

118 796 317 873 „dolendum,
346 800 372 859 si
391 801 428 860 ad
448 813 507 860 tam
535 801 684 861 ruinosam
704 799 872 881 superbiam
892 799 1054 860 monachos
1074 798 1261 879 surrigamus,

117 884 245 949 „ettam
266 875 348 956 gravi
368 877 545 937 contumelia
566 877 689 938 clericos
702 879 806 960 dignos
827 889 977 957 putemus:
999 896 1089 957 quum
1100 874 1257 954 aliqnando

115 950 225 1025 „etiam
247 951 343 1012 bonus
363 954 524 1014 monachus
544 955 588 1013 vix
609 955 721 1014 bonum
743 954 880 1015 clericum
902 954 999 1027 faciat,
1019 953 1043 1011 si
1062 951 1130 1025 assit
1150 952 1177 1010 ei
1197 950 1258 1011 sul-

116 1027 238 1102 „ficiens
259 1029 457 1106 continentia,
488 1042 637 1091 ettamen
657 1031 733 1091 desit
752 1030 912 1090 necessaria
933 1028 1099 1090 doctrina.“
1149 1027 1193 1086 Er
1213 1026 1258 1090 bis

115 1103 189 1163 locis
208 1115 331 1195 apparet
349 1105 413 1185 pios
434 1105 567 1167 homines
587 1127 650 1168 sese
670 1107 706 1168 ad
727 1107 866 1168 ecclcsiae
885 1105 1134 1189 gubernationem
1154 1124 1258 1165 mona·

114 1182 187 1240 stica
209 1180 362 1260 disciplina
388 1182 491 1244 solitos
512 1183 600 1245 luisse
626 1202 694 1263 prae
717 1205 818 1257 arare,
871 1205 910 1242 uo
942 1182 1072 1262 aptiores
1097 1193 1127 1241 et
1152 1179 1257 1243 metius

114 1254 235 1345 formati
252 1268 367 1314 tantum
387 1281 493 1319 munus
513 1259 658 1320 subirent.
726 1281 767 1321 on
787 1204 869 1340 quod
888 1280 990 1327 omnes
1010 1258 1046 1318 ad
1067 1258 1144 1317 bunc
1164 1257 1255 1316 tinem

113 1342 314 1410 pervenirent,
335 1344 385 1393 aut
404 1336 492 1394 etiarn
512 1336 681 1409 tenderent,
700 1357 789 1415 quum
810 1336 959 1395 maiorica
978 1346 1062 1414 parte
1082 1345 1179 1396 essent
1198 1332 1256 1394 ho·

113 1408 208 1467 mines
228 1407 373 1469 illiterati:
393 1411 445 1469 scd
465 1411 516 1489 qui
535 1410 637 1471 idonei
658 1425 752 1486 erant,
771 1409 982 1493 seligebantur.

190 1492 219 1548 9.
258 1484 383 1546 Duobus
404 1498 502 1546 tamen
522 1487 679 1567 praecipue
705 1488 778 1549 locis
798 1488 906 1548 veteris
929 1487 1105 1546 monastices
1127 1485 1252 1547 formam
1318 1549 1329 1560 ⁶

112 1559 202 1620 nobis
217 1559 366 1642 depingit.
410 1563 502 1623 Libro
522 1562 558 1622 de
576 1562 703 1624 moa-ibus
721 1563 856 1624 ecclesiae
874 1559 1047 1630 catholicae,
1075 1561 1128 1621 ubi
1148 1563 1253 1623 adver·

112 1657 161 1696 sus
180 1637 420 1698 Manichaeorum
441 1638 598 1700 calumnias
619 1640 680 1701 eius
699 1641 892 1720 professionis
911 1638 1135 1700 sanctimoniam
1156 1658 1253 1719 oppo-

112 1715 169 1785 nit,
189 1726 220 1773 et
239 1713 349 1786 altero,
369 1715 416 1776 cui
436 1717 554 1775 titulum
574 1717 657 1794 iecit,
677 1715 713 1776 de
732 1739 819 1793 opere
834 1712 1058 1776 monachorum:
1079 1715 1128 1774 ubi
1148 1715 1178 1774 in
1200 1714 1252 1773 de·

112 1810 238 1870 generes
258 1793 399 1868 quosdam
419 1793 595 1865 monachos,
621 1794 672 1873 qui
692 1795 857 1854 institutum
877 1792 950 1853 illud
970 1811 1160 1870 corrumpere
1180 1810 1252 1851 coe-

112 1878 218 1946 perant
241 1867 396 1927 invehitur.
445 1870 510 1951 Ego
537 1869 583 1930 bic
605 1890 803 1962 eorumquae
829 1870 918 1930 tradit
943 1889 1085 1930 summam
1104 1869 1144 1927 ita
1164 1867 1271 1927 colli-¹
1294 1879 1299 1886 ‘

110 1963 189 2023 gam,
210 1955 242 2003 ut
261 1945 358 2004 verbis
378 1967 496 2025 quoque
517 1947 588 2020 eius,
609 1947 705 2027 quoad
726 1947 839 2020 licebit,
859 1958 925 2006 utar
944 1945 997 2023 (dc
1009 1965 1084 2004 mor.
1097 1943 1250 2004 ecclcatb.

111 2039 138 2079 c.
149 2019 228 2095 31.)=
248 2020 467 2101 „Contemptis,
487 2025 594 2103 inquit,
613 2023 715 2082 mundi
735 2023 820 2084 buius
838 2022 996 2097 illecebris,
1014 2021 1046 2081 in
1063 2039 1250 2081 communem

109 2097 219 2173 „vitam
235 2098 419 2157 castissimam
434 2101 699 2191 sanctissimamque
718 2099 901 2182 congregati,
919 2097 1005 2160 simul
1022 2108 1147 2158 aetatem
1160 2107 1253 2179 agunt

109 2173 261 2249 „viventes
277 2174 307 2233 in
319 2176 514 2248 orationibus,
534 2176 722 2252 lectionibus,
742 2177 784 2236 dis
807 2175 1001 2236 utationibns:
1021 2172 1142 2235 nullasu
1167 2172 1250 2234 erbia

110 2250 245 2325 „tumidi
264 2250 344 2310 nulla
364 2253 525 2332 pervicacia
543 2252 720 2329 turbulenti,
740 2198 821 2312 nuda
843 2251 1004 2314 invidentia
1023 2249 1112 2312 lividi.
1181 2268 1248 2309 emo

109 2329 286 2405 „quicquam
308 2328 439 2406 possidet
457 2330 623 2466 proprium:
645 2351 733 2390 nemo
755 2331 888 2410 cuiquam
909 2350 1052 2390 onerosus
1073 2339 1125 2387 cst·
1165 2325 1249 2406 Ope-

109 2414 232 2479 „rautur
252 2404 384 2464 manibus
404 2423 439 2465 ea
459 2407 508 2484 qui
534 2429 566 2466 us
587 2418 617 2465 et
636 2426 744 2486 corpus
764 2408 845 2486 pasci
863 2408 966 2486 possit,
987 2417 1017 2466 ct
1037 2425 1119 2465 mens
1140 2425 1156 2463 a
1176 2403 1245 2464 Deo

109 2479 269 2558 „impediri
290 2502 350 2540 non
392 2482 472 2541 ossit.
524 2483 607 2561 Opus
628 2496 724 2542 autem
745 2504 828 2543 suum
854 2483 975 2543 tradunt
994 2484 1034 2543 eis
1076 2501 1129 2541 uos
1149 2480 1249 2538 Deca-

108 2577 185 2633 „nos
205 2569 323 2617 vocant.
370 2503 424 2617 itti
443 2558 541 2619 a‘utem
561 2559 675 2619 Deeani
701 2583 766 2620 cum
792 2579 899 2672 magna
924 2503 1122 2619 sollicitudine
1148 2556 1248 2616 omnia

107 2633 332 2710 „disponcntes,
349 2638 494 2695 rationem
509 2637 560 2695 uni
571 2638 709 2711 reddunt,
729 2658 815 2717 quern
829 2638 946 2696 latrem
967 2648 1083 2694 vocant.
1122 2635 1161 2691 lli
1172 2651 1247 2690 vero
1310 2651 1312 2655 ·

108 2710 233 2784 „Patres
254 2731 314 2768 non
334 2712 429 2771 solum
449 2714 618 2774 sanctissimi
638 2715 786 2786 moribus,
810 2713 862 2772 sed
887 2712 974 2771 etiam
995 2712 1092 2770 divina
1113 2710 1248 2768 doctrina

108 2784 377 2863 „excellentissimi,
407 2790 542 2848 omnibus
573 2789 661 2849 rebus
682 2790 801 2864 excelsi,
835 2788 913 2847 nulla
932 2788 1070 2866 superbia
1091 2784 1248 2845 consulunt

108 2861 165 2937 „iis
185 2882 257 2939 quos
279 2862 353 2923 filios
373 2877 496 2939 vocant,
522 2887 626 2944 magna
647 2887 697 2924 sua
719 2867 748 2924 in
768 2865 898 2924 iubendo
919 2865 1111 2937 auctoritate,
1141 2883 1186 2920 ma
1210 2878 1247 2921 na

106 2937 260 3018 „ipsorum
289 2941 320 2999 in
353 2941 587 3020 obtemperando
616 2941 780 3001 voluntate.
840 2941 1033 3002 Conveniunt
1063 2952 1160 2998 autem
1185 2880 1246 2996 diei

107 3027 265 3093 „ternpore
286 3028 415 3076 extremo
437 3020 472 3076 de
501 3019 558 3077 suis
601 3018 704 3097 uisque
729 3017 928 3099 habitaculis,
943 3017 1012 3076 dum
1037 3015 1130 3076 adhuc
1155 3012 1247 3073 ieiuni

107 3105 207 3168 „sunt,
227 3094 262 3152 ad
282 3095 457 3153 audiendum
478 3094 559 3153 illum
580 3039 711 3154 iatrem:
733 3108 763 3155 et
781 3095 964 3155 conveniunt
982 3093 1018 3153 ad
1038 3085 1170 3174 singulos
1188 3089 1248 3149 Pa·

107 3181 198 3246 „tres,
219 3182 303 3230 terna
322 3184 356 3230 ut
375 3171 527 3230 minimum
548 3170 698 3231 bominum
718 3172 807 3232 millia
830 3171 882 3252 [dc
902 3172 1044 3253 Aegypto
1064 3169 1248 3250 potissimum

107 3258 160 3323 „et
181 3248 306 3306 Oriente
326 3247 488 3327 loquitur]:
517 3269 623 3328 corpus
655 3248 762 3308 deinde
781 3251 926 3322 relicitur,
952 3258 1092 3340 quantum
1112 3245 1197 3307 saluti
1217 3254 1247 3303 et

109 3323 294 3398 „salubritati
314 3337 356 3385 sat
377 3336 438 3385 est:
464 3337 621 3384 coercente
641 3345 824 3406 unoquoque
845 3325 1131 3405 concupiscentiam,
1158 3339 1247 3381 nese

108 3401 292 3531 „profundat
310 3403 357 3461 vel
377 3403 408 3460 in
429 3423 463 3461 ea
490 3403 552 3480 ipsa
579 3421 655 3481 quae
687 3416 802 3481 praesto
830 3413 915 3477 sunt,
947 3423 1034 3482 parca
1055 3413 1085 3460 ct
1103 3399 1247 3467 vilissima.

108 3488 176 3550 „ta
197 3496 259 3534 non
283 3478 378 3537 solnm
399 3500 414 3538 a
435 3478 570 3538 carnibus
596 3490 626 3536 et
645 3478 713 3538 vino
739 3480 887 3539 abstinent
911 3499 966 3558 pro
991 3478 1165 3539 sufficientia
1191 3477 1247 3534 do·

109 3552 301 3625 „mandarum
324 3555 493 3629 libidinum,
512 3555 563 3615 scd
584 3554 620 3613 ab
641 3556 674 3615 iis
695 3576 770 3635 <luae
790 3567 872 3615 tanto
894 3556 1067 3615 concitatius
1086 3552 1195 3613 ventris
1217 3559 1248 3607 ct

109 3631 256 3708 „gutturis
287 3646 451 3708 provocant
470 3633 642 3710 appetitum,
668 3645 779 3710 quanto
806 3631 886 3711 quasi
916 3628 1071 3690 mundiora
1097 3625 1249 3715 nonnullis

110 3705 277 3778 „videntum
324 3707 394 3781 Quo
420 3711 540 3767 nomine
565 3706 641 3768 solet
665 3720 752 3789 turpe
779 3708 955 3767 desiderium
976 3705 1185 3786 exquisitorum
1207 3726 1248 3763 cr-

113 3782 253 3856 „borum,
274 3786 354 3861 quod
374 3805 390 3845 a
410 3784 547 3845 carnibus
566 3784 691 3843 alienum
713 3798 767 3858 est,
786 3783 909 3844 ridicule
925 3785 1111 3863 turpiterque
1121 3777 1251 3841 delendi.

109 3859 284 3937 „Quicquid
309 3862 473 3920 necessario
498 3862 586 3921 victui
617 3861 765 3921 redundat
795 3861 1071 3940 (redundat’autem
1092 3858 1250 3940 plurimum

109 3957 164 4010 „ex
185 3934 325 4014 operibus
344 3958 497 4013 manpum,
518 3949 548 3997 et
568 3938 719 4018 epularum
738 3939 941 4012 restrictione)
968 3948 1049 3997 tanta
1069 3955 1138 3997 cura
1159 3955 1250 4017 egen·

109 4013 207 4088 „tibus
229 4012 428 4089 distribuitur,
454 4026 560 4106 quanta
580 4036 641 4075 non
663 4015 699 4076 ab
720 4015 798 4095 ipsis.
811 4014 861 4095 qui
883 4012 1080 4086 distribuunt,
1095 4031 1250 4091 compara-

110 4102 193 4164 „tum
215 4102 266 4148 est.
310 4090 401 4150 Nullo
422 4112 500 4151 enim
519 4092 610 4151 modo
631 4091 776 4174 satag'unt,
795 4105 828 4151 ut
848 4092 919 4153 baec
938 4089 995 4152 sibi
1013 4088 1178 4150 abundent:
1198 4085 1250 4146 sed

110 4166 322 4238 „omnimodo
344 4179 446 4249 agunt,
471 4181 505 4229 ut
528 4189 590 4228 non
615 4169 691 4249 apud
711 4180 913 4230 seremaneat
931 4166 1012 4249 quod
1031 4163 1252 4226 abundaverit.“

109 4243 228 4301 Deinde
249 4257 481 4306 commemorata
500 4247 684 4322 austeritate,
700 4247 784 4307 'cuius
804 4246 814 4304 i
835 4266 866 4306 sc
887 4242 1018 4325 exempla
1038 4244 1068 4302 et
1087 4238 1251 4327 Mediolani

111 4330 143 4379 et
163 4318 232 4378 alibi
252 4322 367 4384 viderat
385 4322 475 4403 (ibid.
496 4341 561 4403 cap.
581 4323 659 4404 33):
690 4323 794 4405 „Inter
812 4266 887 4385 baec
906 4320 1035 4402 (inquit)
1054 4338 1143 4381 nemo
1163 4335 1251 4399 urge-
