<?xml version="1.0" encoding="UTF-8"?>
<!DOCTYPE html PUBLIC "-//W3C//DTD XHTML 1.0 Transitional//EN"
    "http://www.w3.org/TR/xhtml1/DTD/xhtml1-transitional.dtd">
<html xmlns="http://www.w3.org/1999/xhtml" xml:lang="en" lang="en">
 <head>
  <title>
</title>
<meta http-equiv="Content-Type" content="text/html;charset=utf-8" />
  <meta name='ocr-system' content='tesseract 3.04.00' />
  <meta name='ocr-capabilities' content='ocr_page ocr_carea ocr_par ocr_line ocrx_word'/>
</head>
<body>
  <div class='ocr_page' id='page_1' title='image "./ioanniscalvinii02tholgoog/ioanniscalvinii02tholgoog_0132.png"; bbox 0 0 2700 4732; ppageno 0'>
   <div class='ocr_carea' id='block_1_1' title="bbox 479 218 1220 285">
    <p class='ocr_par' dir='ltr' id='par_1_1' title="bbox 479 218 1220 285">
     <span class='ocr_line' id='line_1_1' title="bbox 479 218 1220 285; baseline 0.011 -8"><span class='ocrx_word' id='word_1_1' title='bbox 479 218 555 279; x_wconf 73' lang='lat' dir='ltr'>tto.</span> <span class='ocrx_word' id='word_1_2' title='bbox 576 221 602 279; x_wconf 91' lang='lat' dir='ltr'>l.</span> <span class='ocrx_word' id='word_1_3' title='bbox 642 220 730 283; x_wconf 75' lang='lat' dir='ltr'>CAP.</span> <span class='ocrx_word' id='word_1_4' title='bbox 751 220 831 278; x_wconf 77' lang='lat' dir='ltr'>xtt&#39;.</span> <span class='ocrx_word' id='word_1_5' title='bbox 1160 224 1220 285; x_wconf 81' lang='lat'>119</span> 
     </span>
    </p>
   </div>
   <div class='ocr_carea' id='block_1_2' title="bbox 63 358 1216 2119">
    <p class='ocr_par' dir='ltr' id='par_1_2' title="bbox 111 358 1214 669">
     <span class='ocr_line' id='line_1_2' title="bbox 113 358 1214 441; baseline 0.001 -22"><span class='ocrx_word' id='word_1_6' title='bbox 113 358 230 441; x_wconf 82' lang='lat' dir='ltr'>colendis,</span> <span class='ocrx_word' id='word_1_7' title='bbox 268 380 309 421; x_wconf 86' lang='lat' dir='ltr'>uo</span> <span class='ocrx_word' id='word_1_8' title='bbox 325 360 423 421; x_wconf 85' lang='lat' dir='ltr'>Deum</span> <span class='ocrx_word' id='word_1_9' title='bbox 444 362 604 421; x_wconf 77' lang='lat' dir='ltr'>faciliorem</span> <span class='ocrx_word' id='word_1_10' title='bbox 625 362 712 423; x_wconf 90' lang='lat' dir='ltr'>nobis</span> <span class='ocrx_word' id='word_1_11' title='bbox 731 362 855 421; x_wconf 77' lang='lat' dir='ltr'>reddant</span> <span class='ocrx_word' id='word_1_12' title='bbox 874 361 963 441; x_wconf 84' lang='lat' dir='ltr'>[Plat.</span> <span class='ocrx_word' id='word_1_13' title='bbox 983 363 1014 422; x_wconf 90' lang='lat' dir='ltr'>in</span> <span class='ocrx_word' id='word_1_14' title='bbox 1034 360 1214 440; x_wconf 81' lang='lat' dir='ltr'>Epinonride</span> 
     </span>
     <span class='ocr_line' id='line_1_3' title="bbox 112 436 1213 518; baseline 0.002 -23"><span class='ocrx_word' id='word_1_15' title='bbox 112 436 247 515; x_wconf 77' lang='lat' dir='ltr'>etliratylo</span> <span class='ocrx_word' id='word_1_16' title='bbox 272 458 378 515; x_wconf 86' lang='lat' dir='ltr'>:quam</span> <span class='ocrx_word' id='word_1_17' title='bbox 388 440 582 517; x_wconf 75' lang='lat' dir='ltr'>superstitiosi</span> <span class='ocrx_word' id='word_1_18' title='bbox 593 438 757 518; x_wconf 88' lang='lat' dir='ltr'>curiosiqnc</span> <span class='ocrx_word' id='word_1_19' title='bbox 769 438 902 497; x_wconf 85' lang='lat' dir='ltr'>homines</span> <span class='ocrx_word' id='word_1_20' title='bbox 917 440 1013 498; x_wconf 85' lang='lat' dir='ltr'>corrati</span> <span class='ocrx_word' id='word_1_21' title='bbox 1023 450 1091 497; x_wconf 90' lang='lat' dir='ltr'>sunt</span> <span class='ocrx_word' id='word_1_22' title='bbox 1102 436 1132 495; x_wconf 90' lang='lat' dir='ltr'>in</span> <span class='ocrx_word' id='word_1_23' title='bbox 1144 436 1213 497; x_wconf 90' lang='lat' dir='ltr'>reli·</span> 
     </span>
     <span class='ocr_line' id='line_1_4' title="bbox 111 512 1211 593; baseline 0.002 -22"><span class='ocrx_word' id='word_1_24' title='bbox 111 512 205 593; x_wconf 70' lang='lat' dir='ltr'>ponem</span> <span class='ocrx_word' id='word_1_25' title='bbox 215 524 345 573; x_wconf 87' lang='lat' dir='ltr'>nostram</span> <span class='ocrx_word' id='word_1_26' title='bbox 357 512 395 573; x_wconf 86' lang='lat' dir='ltr'>ab</span> <span class='ocrx_word' id='word_1_27' title='bbox 408 514 493 575; x_wconf 90' lang='lat' dir='ltr'>initio</span> <span class='ocrx_word' id='word_1_28' title='bbox 506 514 731 579; x_wconf 78' lang='lat' dir='ltr'>invebere.etad</span> <span class='ocrx_word' id='word_1_29' title='bbox 746 514 1003 593; x_wconf 85' lang='lat' dir='ltr'>bencusqnediem</span> <span class='ocrx_word' id='word_1_30' title='bbox 1014 525 1211 593; x_wconf 82' lang='lat' dir='ltr'>perseverant.</span> 
     </span>
     <span class='ocr_line' id='line_1_5' title="bbox 164 589 1213 669; baseline -0.004 -16"><span class='ocrx_word' id='word_1_31' title='bbox 164 594 207 653; x_wconf 62' lang='lat' dir='ltr'>fb</span> <span class='ocrx_word' id='word_1_32' title='bbox 246 590 334 663; x_wconf 81' lang='lat' dir='ltr'>Quae</span> <span class='ocrx_word' id='word_1_33' title='bbox 352 590 389 649; x_wconf 92' lang='lat' dir='ltr'>de</span> <span class='ocrx_word' id='word_1_34' title='bbox 410 590 535 651; x_wconf 76' lang='lat' dir='ltr'>diabolis</span> <span class='ocrx_word' id='word_1_35' title='bbox 547 591 699 669; x_wconf 80' lang='lat' dir='ltr'>Scriptura</span> <span class='ocrx_word' id='word_1_36' title='bbox 710 592 808 666; x_wconf 78' lang='lat' dir='ltr'>tradit,</span> <span class='ocrx_word' id='word_1_37' title='bbox 826 612 863 649; x_wconf 91' lang='lat' dir='ltr'>eo</span> <span class='ocrx_word' id='word_1_38' title='bbox 885 592 947 649; x_wconf 88' lang='lat' dir='ltr'>fere</span> <span class='ocrx_word' id='word_1_39' title='bbox 965 592 1090 650; x_wconf 89' lang='lat' dir='ltr'>tendunt</span> <span class='ocrx_word' id='word_1_40' title='bbox 1102 589 1213 665; x_wconf 91' lang='lat' dir='ltr'>omnia,</span> 
     </span>
    </p>

    <p class='ocr_par' dir='ltr' id='par_1_3' title="bbox 63 664 1213 1053">
     <span class='ocr_line' id='line_1_6' title="bbox 63 664 1210 745; baseline 0.003 -24"><span class='ocrx_word' id='word_1_41' title='bbox 63 690 65 699; x_wconf 92' lang='lat'>·</span> <span class='ocrx_word' id='word_1_42' title='bbox 111 675 133 721; x_wconf 88' lang='lat' dir='ltr'>rt</span> <span class='ocrx_word' id='word_1_43' title='bbox 151 664 258 725; x_wconf 77' lang='lat' dir='ltr'>solliciti</span> <span class='ocrx_word' id='word_1_44' title='bbox 287 668 376 725; x_wconf 90' lang='lat' dir='ltr'>simus</span> <span class='ocrx_word' id='word_1_45' title='bbox 404 668 441 726; x_wconf 88' lang='lat' dir='ltr'>ad</span> <span class='ocrx_word' id='word_1_46' title='bbox 472 668 684 745; x_wconf 81' lang='lat' dir='ltr'>praecavendas</span> <span class='ocrx_word' id='word_1_47' title='bbox 707 688 808 727; x_wconf 89' lang='lat' dir='ltr'>eorum</span> <span class='ocrx_word' id='word_1_48' title='bbox 833 667 952 727; x_wconf 84' lang='lat' dir='ltr'>insidias</span> <span class='ocrx_word' id='word_1_49' title='bbox 975 680 1006 726; x_wconf 87' lang='lat' dir='ltr'>et</span> <span class='ocrx_word' id='word_1_50' title='bbox 1028 666 1210 725; x_wconf 72' lang='lat' dir='ltr'>molitiones:</span> 
     </span>
     <span class='ocr_line' id='line_1_7' title="bbox 63 724 1213 823; baseline 0.003 -24"><span class='ocrx_word' id='word_1_51' title='bbox 63 724 65 751; x_wconf 75' lang='lat'><strong>¹</strong></span> <span class='ocrx_word' id='word_1_52' title='bbox 110 750 154 799; x_wconf 82' lang='lat' dir='ltr'>un</span> <span class='ocrx_word' id='word_1_53' title='bbox 168 740 201 801; x_wconf 87' lang='lat' dir='ltr'>iis</span> <span class='ocrx_word' id='word_1_54' title='bbox 218 742 306 801; x_wconf 86' lang='lat' dir='ltr'>armis</span> <span class='ocrx_word' id='word_1_55' title='bbox 325 763 381 803; x_wconf 89' lang='lat' dir='ltr'>uos</span> <span class='ocrx_word' id='word_1_56' title='bbox 399 745 585 817; x_wconf 82' lang='lat' dir='ltr'>instruamus,</span> <span class='ocrx_word' id='word_1_57' title='bbox 604 764 680 822; x_wconf 89' lang='lat' dir='ltr'>qnae</span> <span class='ocrx_word' id='word_1_58' title='bbox 699 744 736 801; x_wconf 90' lang='lat' dir='ltr'>ad</span> <span class='ocrx_word' id='word_1_59' title='bbox 755 743 969 823; x_wconf 87' lang='lat' dir='ltr'>propulsandos</span> <span class='ocrx_word' id='word_1_60' title='bbox 994 742 1213 823; x_wconf 84' lang='lat' dir='ltr'>potentissimos</span> 
     </span>
     <span class='ocr_line' id='line_1_8' title="bbox 109 814 1212 898; baseline 0.002 -21"><span class='ocrx_word' id='word_1_61' title='bbox 109 814 185 877; x_wconf 68' lang='lat' dir='ltr'>boues</span> <span class='ocrx_word' id='word_1_62' title='bbox 204 818 384 877; x_wconf 63' lang='lat' dir='ltr'>satisafirma</span> <span class='ocrx_word' id='word_1_63' title='bbox 414 819 474 879; x_wconf 88' lang='lat' dir='ltr'>sint</span> <span class='ocrx_word' id='word_1_64' title='bbox 499 842 532 877; x_wconf 92' lang='lat' dir='ltr'>ac</span> <span class='ocrx_word' id='word_1_65' title='bbox 556 819 656 879; x_wconf 83' lang='lat' dir='ltr'>valida.</span> <span class='ocrx_word' id='word_1_66' title='bbox 705 820 779 879; x_wconf 87' lang='lat' dir='ltr'>Nam</span> <span class='ocrx_word' id='word_1_67' title='bbox 803 842 892 898; x_wconf 91' lang='lat' dir='ltr'>quum</span> <span class='ocrx_word' id='word_1_68' title='bbox 913 820 993 879; x_wconf 82' lang='lat' dir='ltr'>llcus</span> <span class='ocrx_word' id='word_1_69' title='bbox 1018 840 1051 878; x_wconf 89' lang='lat' dir='ltr'>ae</span> <span class='ocrx_word' id='word_1_70' title='bbox 1077 817 1212 898; x_wconf 84' lang='lat' dir='ltr'>princeps</span> 
     </span>
     <span class='ocr_line' id='line_1_9' title="bbox 110 890 1213 975; baseline 0.002 -24"><span class='ocrx_word' id='word_1_71' title='bbox 110 890 175 951; x_wconf 87' lang='lat' dir='ltr'>buius</span> <span class='ocrx_word' id='word_1_72' title='bbox 188 894 292 954; x_wconf 86' lang='lat' dir='ltr'>saeculi</span> <span class='ocrx_word' id='word_1_73' title='bbox 311 907 435 955; x_wconf 82' lang='lat' dir='ltr'>vocatur</span> <span class='ocrx_word' id='word_1_74' title='bbox 453 895 557 969; x_wconf 84' lang='lat' dir='ltr'>Satan,</span> <span class='ocrx_word' id='word_1_75' title='bbox 578 916 666 973; x_wconf 92' lang='lat' dir='ltr'>quum</span> <span class='ocrx_word' id='word_1_76' title='bbox 689 894 773 955; x_wconf 88' lang='lat' dir='ltr'>fortis</span> <span class='ocrx_word' id='word_1_77' title='bbox 792 908 933 969; x_wconf 87' lang='lat' dir='ltr'>armatus,</span> <span class='ocrx_word' id='word_1_78' title='bbox 952 896 1070 975; x_wconf 89' lang='lat' dir='ltr'>spiritus</span> <span class='ocrx_word' id='word_1_79' title='bbox 1089 894 1136 953; x_wconf 90' lang='lat' dir='ltr'>cui</span> <span class='ocrx_word' id='word_1_80' title='bbox 1155 914 1213 972; x_wconf 91' lang='lat' dir='ltr'>po·</span> 
     </span>
     <span class='ocr_line' id='line_1_10' title="bbox 109 968 1212 1053; baseline 0.002 -28"><span class='ocrx_word' id='word_1_81' title='bbox 109 970 321 1044; x_wconf 70' lang='lat' dir='ltr'>tatasestairis,</span> <span class='ocrx_word' id='word_1_82' title='bbox 339 970 388 1032; x_wconf 91' lang='lat' dir='ltr'>leo</span> <span class='ocrx_word' id='word_1_83' title='bbox 408 972 526 1051; x_wconf 80' lang='lat' dir='ltr'>rugiens</span> <span class='ocrx_word' id='word_1_84' title='bbox 546 972 712 1049; x_wconf 76' lang='lat' dir='ltr'>dicitur*):</span> <span class='ocrx_word' id='word_1_85' title='bbox 733 994 794 1031; x_wconf 91' lang='lat' dir='ltr'>non</span> <span class='ocrx_word' id='word_1_86' title='bbox 814 972 872 1032; x_wconf 90' lang='lat' dir='ltr'>alio</span> <span class='ocrx_word' id='word_1_87' title='bbox 891 972 1050 1053; x_wconf 87' lang='lat' dir='ltr'>respiciunt</span> <span class='ocrx_word' id='word_1_88' title='bbox 1070 968 1139 1029; x_wconf 86' lang='lat' dir='ltr'>istae</span> <span class='ocrx_word' id='word_1_89' title='bbox 1159 968 1212 1027; x_wconf 90' lang='lat' dir='ltr'>de-</span> 
     </span>
    </p>

    <p class='ocr_par' dir='ltr' id='par_1_4' title="bbox 64 1046 1216 2119">
     <span class='ocr_line' id='line_1_11' title="bbox 64 1046 1213 1131; baseline 0.003 -30"><span class='ocrx_word' id='word_1_90' title='bbox 64 1088 66 1101; x_wconf 92' lang='grc'>.</span> <span class='ocrx_word' id='word_1_91' title='bbox 107 1046 267 1125; x_wconf 72' lang='lat' dir='ltr'>scripulum,</span> <span class='ocrx_word' id='word_1_92' title='bbox 286 1046 341 1107; x_wconf 90' lang='lat' dir='ltr'>nisi</span> <span class='ocrx_word' id='word_1_93' title='bbox 362 1059 394 1107; x_wconf 89' lang='lat' dir='ltr'>ut</span> <span class='ocrx_word' id='word_1_94' title='bbox 412 1050 558 1109; x_wconf 83' lang='lat' dir='ltr'>cautiores</span> <span class='ocrx_word' id='word_1_95' title='bbox 577 1049 707 1107; x_wconf 86' lang='lat' dir='ltr'>simnsct</span> <span class='ocrx_word' id='word_1_96' title='bbox 719 1048 929 1131; x_wconf 84' lang='lat' dir='ltr'>vigilantiores,</span> <span class='ocrx_word' id='word_1_97' title='bbox 947 1060 1009 1108; x_wconf 91' lang='lat' dir='ltr'>turn</span> <span class='ocrx_word' id='word_1_98' title='bbox 1029 1046 1064 1107; x_wconf 88' lang='lat' dir='ltr'>ad</span> <span class='ocrx_word' id='word_1_99' title='bbox 1086 1066 1213 1126; x_wconf 68' lang='lat' dir='ltr'>pugnam</span> 
     </span>
     <span class='ocr_line' id='line_1_12' title="bbox 64 1110 1212 1203; baseline 0 -24"><span class='ocrx_word' id='word_1_100' title='bbox 64 1110 67 1178; x_wconf 91' lang='lat' dir='ltr'>l</span> <span class='ocrx_word' id='word_1_101' title='bbox 107 1122 289 1199; x_wconf 80' lang='lat' dir='ltr'>capessendam</span> <span class='ocrx_word' id='word_1_102' title='bbox 320 1125 490 1203; x_wconf 78' lang='lat' dir='ltr'>paratiores.</span> <span class='ocrx_word' id='word_1_103' title='bbox 542 1125 633 1199; x_wconf 60' lang='lat' dir='ltr'>(Quod</span> <span class='ocrx_word' id='word_1_104' title='bbox 657 1126 742 1184; x_wconf 89' lang='lat' dir='ltr'>etiam</span> <span class='ocrx_word' id='word_1_105' title='bbox 774 1126 914 1203; x_wconf 83' lang='lat' dir='ltr'>expressis</span> <span class='ocrx_word' id='word_1_106' title='bbox 939 1124 1034 1183; x_wconf 80' lang='lat' dir='ltr'>verbis</span> <span class='ocrx_word' id='word_1_107' title='bbox 1064 1122 1212 1181; x_wconf 90' lang='lat' dir='ltr'>interdum</span> 
     </span>
     <span class='ocr_line' id='line_1_13' title="bbox 107 1198 1214 1281; baseline 0 -24"><span class='ocrx_word' id='word_1_108' title='bbox 107 1208 211 1257; x_wconf 71' lang='lat' dir='ltr'>nutus.</span> <span class='ocrx_word' id='word_1_109' title='bbox 250 1200 326 1259; x_wconf 89' lang='lat' dir='ltr'>Nam</span> <span class='ocrx_word' id='word_1_110' title='bbox 344 1200 450 1259; x_wconf 88' lang='lat' dir='ltr'>Petrus</span> <span class='ocrx_word' id='word_1_111' title='bbox 469 1201 509 1277; x_wconf 90' lang='lat' dir='ltr'>(l.</span> <span class='ocrx_word' id='word_1_112' title='bbox 529 1222 575 1280; x_wconf 89' lang='lat' dir='ltr'>ep.</span> <span class='ocrx_word' id='word_1_113' title='bbox 594 1208 624 1274; x_wconf 82' lang='lat'>5,</span> <span class='ocrx_word' id='word_1_114' title='bbox 642 1202 704 1277; x_wconf 84' lang='lat'>8.),</span> <span class='ocrx_word' id='word_1_115' title='bbox 723 1214 877 1281; x_wconf 83' lang='lat' dir='ltr'>postquam</span> <span class='ocrx_word' id='word_1_116' title='bbox 898 1200 1045 1260; x_wconf 87' lang='lat' dir='ltr'>diabolum</span> <span class='ocrx_word' id='word_1_117' title='bbox 1065 1200 1135 1258; x_wconf 78' lang='lat' dir='ltr'>dixit</span> <span class='ocrx_word' id='word_1_118' title='bbox 1155 1198 1214 1257; x_wconf 91' lang='lat' dir='ltr'>cir-</span> 
     </span>
     <span class='ocr_line' id='line_1_14' title="bbox 106 1274 1213 1357; baseline 0.001 -26"><span class='ocrx_word' id='word_1_119' title='bbox 106 1274 166 1333; x_wconf 89' lang='lat' dir='ltr'>crire</span> <span class='ocrx_word' id='word_1_120' title='bbox 182 1274 273 1335; x_wconf 91' lang='lat' dir='ltr'>instar</span> <span class='ocrx_word' id='word_1_121' title='bbox 292 1276 388 1337; x_wconf 88' lang='lat' dir='ltr'>leonis</span> <span class='ocrx_word' id='word_1_122' title='bbox 400 1277 552 1357; x_wconf 82' lang='lat' dir='ltr'>rugientis,</span> <span class='ocrx_word' id='word_1_123' title='bbox 571 1290 761 1356; x_wconf 86' lang='lat' dir='ltr'>quaerentem</span> <span class='ocrx_word' id='word_1_124' title='bbox 776 1299 849 1357; x_wconf 87' lang='lat' dir='ltr'>quos</span> <span class='ocrx_word' id='word_1_125' title='bbox 861 1276 998 1337; x_wconf 81' lang='lat' dir='ltr'>devoret:</span> <span class='ocrx_word' id='word_1_126' title='bbox 1018 1298 1086 1337; x_wconf 85' lang='lat' dir='ltr'>mox</span> <span class='ocrx_word' id='word_1_127' title='bbox 1105 1275 1213 1336; x_wconf 83' lang='lat' dir='ltr'>adhor-</span> 
     </span>
     <span class='ocr_line' id='line_1_15' title="bbox 106 1350 1211 1433; baseline 0.002 -26"><span class='ocrx_word' id='word_1_128' title='bbox 106 1350 226 1411; x_wconf 83' lang='lat' dir='ltr'>tationem</span> <span class='ocrx_word' id='word_1_129' title='bbox 245 1352 411 1433; x_wconf 79' lang='lat' dir='ltr'>subiungit,</span> <span class='ocrx_word' id='word_1_130' title='bbox 430 1366 462 1412; x_wconf 88' lang='lat' dir='ltr'>ut</span> <span class='ocrx_word' id='word_1_131' title='bbox 481 1353 538 1412; x_wconf 87' lang='lat' dir='ltr'>fide</span> <span class='ocrx_word' id='word_1_132' title='bbox 558 1352 676 1412; x_wconf 88' lang='lat' dir='ltr'>fortiter</span> <span class='ocrx_word' id='word_1_133' title='bbox 694 1355 866 1413; x_wconf 86' lang='lat' dir='ltr'>resistamus.</span> <span class='ocrx_word' id='word_1_134' title='bbox 904 1354 943 1412; x_wconf 79' lang='lat' dir='ltr'>Et</span> <span class='ocrx_word' id='word_1_135' title='bbox 962 1352 1069 1413; x_wconf 85' lang='lat' dir='ltr'>Paulus</span> <span class='ocrx_word' id='word_1_136' title='bbox 1088 1352 1211 1431; x_wconf 81' lang='lat' dir='ltr'>(Eplres.</span> 
     </span>
     <span class='ocr_line' id='line_1_16' title="bbox 105 1428 1213 1511; baseline -0.005 -20"><span class='ocrx_word' id='word_1_137' title='bbox 105 1430 205 1501; x_wconf 63' lang='grc' dir='ltr'>ΗΖ),</span> <span class='ocrx_word' id='word_1_138' title='bbox 223 1428 276 1487; x_wconf 90' lang='lat' dir='ltr'>ubi</span> <span class='ocrx_word' id='word_1_139' title='bbox 295 1430 412 1488; x_wconf 88' lang='lat' dir='ltr'>monuit</span> <span class='ocrx_word' id='word_1_140' title='bbox 430 1428 537 1487; x_wconf 90' lang='lat' dir='ltr'>luctam</span> <span class='ocrx_word' id='word_1_141' title='bbox 557 1450 617 1487; x_wconf 91' lang='lat' dir='ltr'>non</span> <span class='ocrx_word' id='word_1_142' title='bbox 638 1450 703 1488; x_wconf 92' lang='lat' dir='ltr'>cum</span> <span class='ocrx_word' id='word_1_143' title='bbox 723 1450 811 1489; x_wconf 88' lang='lat' dir='ltr'>carne</span> <span class='ocrx_word' id='word_1_144' title='bbox 831 1442 861 1488; x_wconf 90' lang='lat' dir='ltr'>et</span> <span class='ocrx_word' id='word_1_145' title='bbox 880 1429 1022 1511; x_wconf 81' lang='lat' dir='ltr'>sanguine</span> <span class='ocrx_word' id='word_1_146' title='bbox 1041 1428 1213 1503; x_wconf 89' lang='lat' dir='ltr'>nobisesse,</span> 
     </span>
     <span class='ocr_line' id='line_1_17' title="bbox 105 1502 1215 1597; baseline 0.002 -36"><span class='ocrx_word' id='word_1_147' title='bbox 105 1502 139 1561; x_wconf 82' lang='lat' dir='ltr'>rel</span> <span class='ocrx_word' id='word_1_148' title='bbox 155 1524 218 1563; x_wconf 87' lang='lat' dir='ltr'>cum</span> <span class='ocrx_word' id='word_1_149' title='bbox 244 1503 429 1584; x_wconf 81' lang='lat' dir='ltr'>principibus</span> <span class='ocrx_word' id='word_1_150' title='bbox 451 1508 541 1579; x_wconf 71' lang='lat' dir='ltr'>airis,</span> <span class='ocrx_word' id='word_1_151' title='bbox 572 1506 764 1597; x_wconf 83' lang='lat' dir='ltr'>potestatibus</span> <span class='ocrx_word' id='word_1_152' title='bbox 789 1504 992 1579; x_wconf 88' lang='lat' dir='ltr'>tenebrarum,</span> <span class='ocrx_word' id='word_1_153' title='bbox 1023 1515 1053 1563; x_wconf 92' lang='lat' dir='ltr'>et</span> <span class='ocrx_word' id='word_1_154' title='bbox 1077 1503 1215 1582; x_wconf 83' lang='lat' dir='ltr'>nequitiis</span> 
     </span>
     <span class='ocr_line' id='line_1_18' title="bbox 105 1578 1214 1661; baseline -0.002 -22"><span class='ocrx_word' id='word_1_155' title='bbox 105 1578 292 1657; x_wconf 77' lang='lat' dir='ltr'>spiritualibus,</span> <span class='ocrx_word' id='word_1_156' title='bbox 314 1584 457 1641; x_wconf 90' lang='lat' dir='ltr'>continuo</span> <span class='ocrx_word' id='word_1_157' title='bbox 477 1602 556 1641; x_wconf 86' lang='lat' dir='ltr'>arrna</span> <span class='ocrx_word' id='word_1_158' title='bbox 575 1582 696 1641; x_wconf 80' lang='lat' dir='ltr'>induere</span> <span class='ocrx_word' id='word_1_159' title='bbox 715 1582 807 1656; x_wconf 88' lang='lat' dir='ltr'>iubet,</span> <span class='ocrx_word' id='word_1_160' title='bbox 820 1601 894 1661; x_wconf 89' lang='lat' dir='ltr'>quae</span> <span class='ocrx_word' id='word_1_161' title='bbox 915 1582 950 1640; x_wconf 90' lang='lat' dir='ltr'>ad</span> <span class='ocrx_word' id='word_1_162' title='bbox 969 1592 1084 1640; x_wconf 84' lang='lat' dir='ltr'>tantum</span> <span class='ocrx_word' id='word_1_163' title='bbox 1094 1592 1214 1659; x_wconf 85' lang='lat' dir='ltr'>tamque</span> 
     </span>
     <span class='ocr_line' id='line_1_19' title="bbox 106 1655 1215 1795; baseline -0.001 -5"><span class='ocrx_word' id='word_1_164' title='bbox 106 1655 449 1793; x_wconf 62' lang='lat' dir='ltr'>fflt’tld‘llld</span> <span class='ocrx_word' id='word_1_165' title='bbox 461 1659 670 1793; x_wconf 62' lang='lat' dir='ltr'>lllllill&#39;t</span> <span class='ocrx_word' id='word_1_166' title='bbox 688 1660 864 1795; x_wconf 68' lang='lat' dir='ltr'>lt‘ldtl</span> <span class='ocrx_word' id='word_1_167' title='bbox 898 1658 1076 1793; x_wconf 55' lang='lat' dir='ltr'>‘illidi</span> <span class='ocrx_word' id='word_1_168' title='bbox 1094 1674 1215 1790; x_wconf 56' lang='lat' dir='ltr'>2¹:¹32}ss</span> 
     </span>
     <span class='ocr_line' id='line_1_20' title="bbox 108 1778 1215 1889; baseline 0 -24"><span class='ocrx_word' id='word_1_169' title='bbox 108 1810 347 1889; x_wconf 77' lang='lat' dir='ltr'>promptissimum,</span> <span class='ocrx_word' id='word_1_170' title='bbox 365 1809 475 1869; x_wconf 77' lang='lat' dir='ltr'>viribus</span> <span class='ocrx_word' id='word_1_171' title='bbox 494 1778 742 1881; x_wconf 74' lang='lat' dir='ltr'>robustissimum,</span> <span class='ocrx_word' id='word_1_172' title='bbox 767 1779 880 1869; x_wconf 70' lang='lat' dir='ltr'>scribsi</span> <span class='ocrx_word' id='word_1_173' title='bbox 896 1809 1127 1878; x_wconf 89' lang='lat' dir='ltr'>callidissimum,</span> <span class='ocrx_word' id='word_1_174' title='bbox 1147 1806 1215 1865; x_wconf 90' lang='lat' dir='ltr'>dili-</span> 
     </span>
     <span class='ocr_line' id='line_1_21' title="bbox 108 1884 1216 1979; baseline -0.003 -36"><span class='ocrx_word' id='word_1_175' title='bbox 108 1886 183 1963; x_wconf 77' lang='lat' dir='ltr'>prtia</span> <span class='ocrx_word' id='word_1_176' title='bbox 201 1898 232 1945; x_wconf 86' lang='lat' dir='ltr'>et</span> <span class='ocrx_word' id='word_1_177' title='bbox 250 1885 403 1945; x_wconf 85' lang='lat' dir='ltr'>celeritate</span> <span class='ocrx_word' id='word_1_178' title='bbox 422 1886 649 1979; x_wconf 69' lang='lat' dir='ltr'>infatigabilem,</span> <span class='ocrx_word' id='word_1_179' title='bbox 669 1886 808 1945; x_wconf 86' lang='lat' dir='ltr'>machinis</span> <span class='ocrx_word' id='word_1_180' title='bbox 827 1886 964 1945; x_wconf 87' lang='lat' dir='ltr'>omnibus</span> <span class='ocrx_word' id='word_1_181' title='bbox 984 1884 1216 1957; x_wconf 87' lang='lat' dir='ltr'>refertissimum,</span> 
     </span>
     <span class='ocr_line' id='line_1_22' title="bbox 109 1962 1214 2094; baseline -0.003 -75"><span class='ocrx_word' id='word_1_182' title='bbox 109 1962 234 2051; x_wconf 53' lang='lat' dir='ltr'>“prandi</span> <span class='ocrx_word' id='word_1_183' title='bbox 254 1962 375 2021; x_wconf 82' lang='lat' dir='ltr'>seientia</span> <span class='ocrx_word' id='word_1_184' title='bbox 394 1964 638 2041; x_wconf 77' lang='lat' dir='ltr'>expeditissimum</span> <span class='ocrx_word' id='word_1_185' title='bbox 660 1964 746 2021; x_wconf 82' lang='lat' dir='ltr'>nobis·</span> <span class='ocrx_word' id='word_1_186' title='bbox 766 1963 879 2023; x_wconf 86' lang='lat' dir='ltr'>assidue</span> <span class='ocrx_word' id='word_1_187' title='bbox 906 1962 1058 2019; x_wconf 86' lang='lat' dir='ltr'>imminere</span> <span class='ocrx_word' id='word_1_188' title='bbox 1068 1979 1214 2094; x_wconf 76' lang='lat' dir='ltr'>praemo-</span> 
     </span>
     <span class='ocr_line' id='line_1_23' title="bbox 109 2034 1215 2119; baseline -0.005 -22"><span class='ocrx_word' id='word_1_189' title='bbox 109 2048 159 2111; x_wconf 71' lang='grc' dir='ltr'>ιιι,</span> <span class='ocrx_word' id='word_1_190' title='bbox 183 2059 242 2097; x_wconf 90' lang='lat' dir='ltr'>non</span> <span class='ocrx_word' id='word_1_191' title='bbox 263 2038 400 2097; x_wconf 90' lang='lat' dir='ltr'>socordia</span> <span class='ocrx_word' id='word_1_192' title='bbox 419 2038 465 2097; x_wconf 86' lang='lat' dir='ltr'>vel</span> <span class='ocrx_word' id='word_1_193' title='bbox 491 2041 603 2119; x_wconf 79' lang='lat' dir='ltr'>ignavia</span> <span class='ocrx_word' id='word_1_194' title='bbox 628 2040 755 2119; x_wconf 88' lang='lat' dir='ltr'>opprimi</span> <span class='ocrx_word' id='word_1_195' title='bbox 784 2059 838 2098; x_wconf 90' lang='lat' dir='ltr'>nos</span> <span class='ocrx_word' id='word_1_196' title='bbox 862 2038 1004 2110; x_wconf 86' lang='lat' dir='ltr'>sinamus,</span> <span class='ocrx_word' id='word_1_197' title='bbox 1034 2057 1065 2095; x_wconf 92' lang='lat' dir='ltr'>se</span> <span class='ocrx_word' id='word_1_198' title='bbox 1110 2056 1143 2093; x_wconf 83' lang='lat' dir='ltr'>er</span> <span class='ocrx_word' id='word_1_199' title='bbox 1164 2034 1215 2092; x_wconf 89' lang='lat' dir='ltr'>ad·</span> 
     </span>
    </p>
   </div>
   <div class='ocr_carea' id='block_1_3' title="bbox 110 2112 1215 2325">
    <p class='ocr_par' dir='ltr' id='par_1_5' title="bbox 110 2112 1215 2325">
     <span class='ocr_line' id='line_1_24' title="bbox 111 2112 1214 2196; baseline -0.004 -23"><span class='ocrx_word' id='word_1_200' title='bbox 111 2130 172 2173; x_wconf 74' lang='lat' dir='ltr'>terso</span> <span class='ocrx_word' id='word_1_201' title='bbox 190 2114 295 2173; x_wconf 88' lang='lat' dir='ltr'>erectis</span> <span class='ocrx_word' id='word_1_202' title='bbox 315 2115 500 2194; x_wconf 79' lang='lat' dir='ltr'>excitatisque</span> <span class='ocrx_word' id='word_1_203' title='bbox 519 2116 638 2187; x_wconf 76' lang='lat' dir='ltr'>anienis,</span> <span class='ocrx_word' id='word_1_204' title='bbox 668 2116 772 2194; x_wconf 89' lang='lat' dir='ltr'>pedem</span> <span class='ocrx_word' id='word_1_205' title='bbox 800 2116 920 2196; x_wconf 78' lang='lat' dir='ltr'>figamus</span> <span class='ocrx_word' id='word_1_206' title='bbox 945 2114 981 2172; x_wconf 88' lang='lat' dir='ltr'>ad</span> <span class='ocrx_word' id='word_1_207' title='bbox 1007 2112 1214 2171; x_wconf 82' lang='lat' dir='ltr'>resistendum:</span> 
     </span>
     <span class='ocr_line' id='line_1_25' title="bbox 110 2189 1215 2325; baseline 0.002 -80"><span class='ocrx_word' id='word_1_208' title='bbox 110 2189 201 2267; x_wconf 85' lang='lat' dir='ltr'>etquia</span> <span class='ocrx_word' id='word_1_209' title='bbox 219 2192 293 2251; x_wconf 88' lang='lat' dir='ltr'>baec</span> <span class='ocrx_word' id='word_1_210' title='bbox 313 2190 413 2250; x_wconf 90' lang='lat' dir='ltr'>militia</span> <span class='ocrx_word' id='word_1_211' title='bbox 439 2192 556 2251; x_wconf 88' lang='lat' dir='ltr'>nonnisi</span> <span class='ocrx_word' id='word_1_212' title='bbox 581 2204 676 2251; x_wconf 89' lang='lat' dir='ltr'>morte</span> <span class='ocrx_word' id='word_1_213' title='bbox 696 2192 810 2264; x_wconf 87' lang='lat' dir='ltr'>liniter,</span> <span class='ocrx_word' id='word_1_214' title='bbox 837 2190 872 2249; x_wconf 85' lang='lat' dir='ltr'>ad</span> <span class='ocrx_word' id='word_1_215' title='bbox 894 2190 1138 2325; x_wconf 88' lang='lat' dir='ltr'>perseverantiam</span> <span class='ocrx_word' id='word_1_216' title='bbox 1161 2206 1215 2247; x_wconf 86' lang='lat' dir='ltr'>nos</span> 
     </span>
    </p>
   </div>
   <div class='ocr_carea' id='block_1_4' title="bbox 65 2260 1218 4179">
    <p class='ocr_par' dir='ltr' id='par_1_6' title="bbox 65 2260 1218 4179">
     <span class='ocr_line' id='line_1_26' title="bbox 112 2260 1215 2347; baseline 0.002 -26"><span class='ocrx_word' id='word_1_217' title='bbox 112 2260 243 2325; x_wconf 74' lang='grc' dir='ltr'><strong>Ιιιιιιιιιιιιι.</strong></span> <span class='ocrx_word' id='word_1_218' title='bbox 284 2267 446 2347; x_wconf 86' lang='lat' dir='ltr'>Praecipue</span> <span class='ocrx_word' id='word_1_219' title='bbox 465 2288 537 2328; x_wconf 85' lang='lat' dir='ltr'>vero</span> <span class='ocrx_word' id='word_1_220' title='bbox 563 2268 768 2327; x_wconf 85' lang='lat' dir='ltr'>imbecillitatis</span> <span class='ocrx_word' id='word_1_221' title='bbox 788 2280 819 2327; x_wconf 87' lang='lat' dir='ltr'>ct</span> <span class='ocrx_word' id='word_1_222' title='bbox 839 2267 891 2325; x_wconf 93' lang='lat' dir='ltr'>rud</span> <span class='ocrx_word' id='word_1_223' title='bbox 905 2266 969 2326; x_wconf 87' lang='lat' dir='ltr'>tatis</span> <span class='ocrx_word' id='word_1_224' title='bbox 990 2278 1108 2324; x_wconf 89' lang='lat' dir='ltr'>nostrae</span> <span class='ocrx_word' id='word_1_225' title='bbox 1128 2262 1215 2323; x_wconf 92' lang='lat' dir='ltr'>nobis</span> 
     </span>
     <span class='ocr_line' id='line_1_27' title="bbox 65 2335 1214 2423; baseline 0 -24"><span class='ocrx_word' id='word_1_226' title='bbox 65 2335 71 2400; x_wconf 96' lang='lat' dir='ltr'>l</span> <span class='ocrx_word' id='word_1_227' title='bbox 113 2342 210 2419; x_wconf 66' lang='lat' dir='ltr'>urnii,</span> <span class='ocrx_word' id='word_1_228' title='bbox 237 2343 297 2401; x_wconf 88' lang='lat' dir='ltr'>Dei</span> <span class='ocrx_word' id='word_1_229' title='bbox 322 2364 409 2421; x_wconf 90' lang='lat' dir='ltr'>opem</span> <span class='ocrx_word' id='word_1_230' title='bbox 433 2344 617 2417; x_wconf 86' lang='lat' dir='ltr'>invocemus,</span> <span class='ocrx_word' id='word_1_231' title='bbox 647 2346 876 2423; x_wconf 89' lang='lat' dir='ltr'>necquicquam</span> <span class='ocrx_word' id='word_1_232' title='bbox 904 2354 1051 2402; x_wconf 88' lang='lat' dir='ltr'>tentemus</span> <span class='ocrx_word' id='word_1_233' title='bbox 1075 2342 1130 2401; x_wconf 89' lang='lat' dir='ltr'>nisi</span> <span class='ocrx_word' id='word_1_234' title='bbox 1150 2341 1214 2420; x_wconf 86' lang='lat' dir='ltr'>ipso</span> 
     </span>
     <span class='ocr_line' id='line_1_28' title="bbox 113 2412 1215 2499; baseline -0.001 -23"><span class='ocrx_word' id='word_1_235' title='bbox 113 2412 175 2476; x_wconf 83' lang='lat' dir='ltr'>freti:</span> <span class='ocrx_word' id='word_1_236' title='bbox 197 2419 314 2497; x_wconf 89' lang='lat' dir='ltr'>quando</span> <span class='ocrx_word' id='word_1_237' title='bbox 335 2421 425 2499; x_wconf 88' lang='lat' dir='ltr'>ipsius</span> <span class='ocrx_word' id='word_1_238' title='bbox 446 2432 489 2481; x_wconf 90' lang='lat' dir='ltr'>est</span> <span class='ocrx_word' id='word_1_239' title='bbox 507 2422 598 2482; x_wconf 84' lang='lat' dir='ltr'>solius</span> <span class='ocrx_word' id='word_1_240' title='bbox 618 2432 648 2480; x_wconf 87' lang='lat' dir='ltr'>et</span> <span class='ocrx_word' id='word_1_241' title='bbox 668 2421 820 2481; x_wconf 86' lang='lat' dir='ltr'>consilium</span> <span class='ocrx_word' id='word_1_242' title='bbox 841 2432 871 2480; x_wconf 93' lang='lat' dir='ltr'>et</span> <span class='ocrx_word' id='word_1_243' title='bbox 891 2420 982 2479; x_wconf 91' lang='lat' dir='ltr'>robur</span> <span class='ocrx_word' id='word_1_244' title='bbox 1003 2431 1032 2477; x_wconf 85' lang='lat' dir='ltr'>et</span> <span class='ocrx_word' id='word_1_245' title='bbox 1052 2418 1163 2477; x_wconf 88' lang='lat' dir='ltr'>animos</span> <span class='ocrx_word' id='word_1_246' title='bbox 1184 2428 1215 2475; x_wconf 91' lang='lat' dir='ltr'>et</span> 
     </span>
     <span class='ocr_line' id='line_1_29' title="bbox 112 2495 411 2555; baseline 0.003 -3"><span class='ocrx_word' id='word_1_247' title='bbox 112 2510 169 2553; x_wconf 75' lang='lat' dir='ltr'>arua</span> <span class='ocrx_word' id='word_1_248' title='bbox 185 2495 411 2555; x_wconf 86' lang='lat' dir='ltr'>subministrare.</span> 
     </span>
     <span class='ocr_line' id='line_1_30' title="bbox 167 2572 1214 2654; baseline -0.007 -21"><span class='ocrx_word' id='word_1_249' title='bbox 167 2579 210 2635; x_wconf 83' lang='lat' dir='ltr'>l-l.</span> <span class='ocrx_word' id='word_1_250' title='bbox 249 2573 320 2644; x_wconf 81' lang='lat' dir='ltr'>Quo</span> <span class='ocrx_word' id='word_1_251' title='bbox 342 2584 438 2630; x_wconf 89' lang='lat' dir='ltr'>autem</span> <span class='ocrx_word' id='word_1_252' title='bbox 458 2572 493 2631; x_wconf 89' lang='lat' dir='ltr'>ad</span> <span class='ocrx_word' id='word_1_253' title='bbox 515 2573 543 2631; x_wconf 92' lang='lat' dir='ltr'>id</span> <span class='ocrx_word' id='word_1_254' title='bbox 569 2573 714 2654; x_wconf 80' lang='lat' dir='ltr'>agendum</span> <span class='ocrx_word' id='word_1_255' title='bbox 740 2574 831 2653; x_wconf 81' lang='lat' dir='ltr'>magis</span> <span class='ocrx_word' id='word_1_256' title='bbox 856 2573 1029 2644; x_wconf 79' lang='lat' dir='ltr'>excitemur,</span> <span class='ocrx_word' id='word_1_257' title='bbox 1048 2591 1082 2629; x_wconf 88' lang='lat' dir='ltr'>ac</span> <span class='ocrx_word' id='word_1_258' title='bbox 1106 2588 1214 2650; x_wconf 81' lang='lat' dir='ltr'>urgea-</span> 
     </span>
     <span class='ocr_line' id='line_1_31' title="bbox 111 2648 1215 2728; baseline 0.001 -25"><span class='ocrx_word' id='word_1_259' title='bbox 111 2664 171 2719; x_wconf 76' lang='grc' dir='ltr'>ιιι,</span> <span class='ocrx_word' id='word_1_260' title='bbox 196 2670 257 2705; x_wconf 89' lang='lat' dir='ltr'>non</span> <span class='ocrx_word' id='word_1_261' title='bbox 278 2670 367 2706; x_wconf 90' lang='lat' dir='ltr'>unum</span> <span class='ocrx_word' id='word_1_262' title='bbox 392 2661 441 2707; x_wconf 92' lang='lat' dir='ltr'>aut</span> <span class='ocrx_word' id='word_1_263' title='bbox 459 2648 580 2709; x_wconf 87' lang='lat' dir='ltr'>alterum</span> <span class='ocrx_word' id='word_1_264' title='bbox 601 2662 652 2709; x_wconf 91' lang='lat' dir='ltr'>aut</span> <span class='ocrx_word' id='word_1_265' title='bbox 675 2670 784 2728; x_wconf 90' lang='lat' dir='ltr'>paucos</span> <span class='ocrx_word' id='word_1_266' title='bbox 804 2654 915 2722; x_wconf 86' lang='lat' dir='ltr'>hostes,</span> <span class='ocrx_word' id='word_1_267' title='bbox 943 2648 994 2707; x_wconf 86' lang='lat' dir='ltr'>sed</span> <span class='ocrx_word' id='word_1_268' title='bbox 1015 2668 1132 2725; x_wconf 76' lang='lat' dir='ltr'>magnas</span> <span class='ocrx_word' id='word_1_269' title='bbox 1152 2665 1215 2704; x_wconf 85' lang='lat' dir='ltr'>esse</span> 
     </span>
     <span class='ocr_line' id='line_1_32' title="bbox 67 2710 1215 2805; baseline -0.001 -26"><span class='ocrx_word' id='word_1_270' title='bbox 67 2710 75 2793; x_wconf 70' lang='lat' dir='ltr'>l</span> <span class='ocrx_word' id='word_1_271' title='bbox 111 2725 187 2801; x_wconf 81' lang='lat' dir='ltr'>copias</span> <span class='ocrx_word' id='word_1_272' title='bbox 206 2725 358 2783; x_wconf 85' lang='lat' dir='ltr'>denuntiat</span> <span class='ocrx_word' id='word_1_273' title='bbox 377 2725 543 2804; x_wconf 81' lang='lat' dir='ltr'>Scriptura,</span> <span class='ocrx_word' id='word_1_274' title='bbox 569 2747 643 2805; x_wconf 91' lang='lat' dir='ltr'>qnae</span> <span class='ocrx_word' id='word_1_275' title='bbox 669 2727 819 2785; x_wconf 85' lang='lat' dir='ltr'>nobiscnm</span> <span class='ocrx_word' id='word_1_276' title='bbox 847 2726 954 2785; x_wconf 91' lang='lat' dir='ltr'>bellum</span> <span class='ocrx_word' id='word_1_277' title='bbox 979 2734 1095 2804; x_wconf 83' lang='lat' dir='ltr'>gerunt.</span> <span class='ocrx_word' id='word_1_278' title='bbox 1139 2723 1215 2779; x_wconf 85' lang='lat' dir='ltr'>Nam</span> 
     </span>
     <span class='ocr_line' id='line_1_33' title="bbox 67 2797 1216 2882; baseline 0.001 -29"><span class='ocrx_word' id='word_1_279' title='bbox 67 2798 72 2853; x_wconf 74' lang='grc' dir='ltr'><em>ἶ</em></span> <span class='ocrx_word' id='word_1_280' title='bbox 112 2800 236 2860; x_wconf 83' lang='lat' dir='ltr'>stilaria</span> <span class='ocrx_word' id='word_1_281' title='bbox 254 2800 428 2882; x_wconf 67' lang='lat' dir='ltr'>llagdalena</span> <span class='ocrx_word' id='word_1_282' title='bbox 461 2803 567 2862; x_wconf 87' lang='lat' dir='ltr'>dicitnr</span> <span class='ocrx_word' id='word_1_283' title='bbox 598 2803 721 2862; x_wconf 87' lang='lat' dir='ltr'>liberata</span> <span class='ocrx_word' id='word_1_284' title='bbox 750 2803 837 2860; x_wconf 87' lang='lat' dir='ltr'>fuisse</span> <span class='ocrx_word' id='word_1_285' title='bbox 865 2824 881 2861; x_wconf 89' lang='lat' dir='ltr'>a</span> <span class='ocrx_word' id='word_1_286' title='bbox 911 2813 1023 2878; x_wconf 89' lang='lat' dir='ltr'>septem</span> <span class='ocrx_word' id='word_1_287' title='bbox 1045 2797 1216 2870; x_wconf 85' lang='lat' dir='ltr'>daemoniis,</span> 
     </span>
     <span class='ocr_line' id='line_1_34' title="bbox 113 2874 1217 2957; baseline -0.002 -24"><span class='ocrx_word' id='word_1_288' title='bbox 113 2876 196 2951; x_wconf 76' lang='lat' dir='ltr'>quibus</span> <span class='ocrx_word' id='word_1_289' title='bbox 217 2878 428 2957; x_wconf 79' lang='lat' dir='ltr'>occupabatur:</span> <span class='ocrx_word' id='word_1_290' title='bbox 461 2892 491 2937; x_wconf 87' lang='lat' dir='ltr'>et</span> <span class='ocrx_word' id='word_1_291' title='bbox 523 2880 592 2938; x_wconf 86' lang='lat' dir='ltr'>illud</span> <span class='ocrx_word' id='word_1_292' title='bbox 626 2900 687 2939; x_wconf 86' lang='lat' dir='ltr'>esse</span> <span class='ocrx_word' id='word_1_293' title='bbox 712 2879 889 2937; x_wconf 81' lang='lat' dir='ltr'>ordinarium</span> <span class='ocrx_word' id='word_1_294' title='bbox 920 2888 1043 2935; x_wconf 85' lang='lat' dir='ltr'>testatur</span> <span class='ocrx_word' id='word_1_295' title='bbox 1073 2874 1217 2946; x_wconf 64' lang='lat' dir='ltr'>chrisum,</span> 
     </span>
     <span class='ocr_line' id='line_1_35' title="bbox 115 2952 1216 3033; baseline 0 -26"><span class='ocrx_word' id='word_1_296' title='bbox 115 2952 216 3027; x_wconf 85' lang='lat' dir='ltr'>quodsi</span> <span class='ocrx_word' id='word_1_297' title='bbox 238 2954 334 3013; x_wconf 90' lang='lat' dir='ltr'>eiecto</span> <span class='ocrx_word' id='word_1_298' title='bbox 364 2954 453 3013; x_wconf 89' lang='lat' dir='ltr'>semel</span> <span class='ocrx_word' id='word_1_299' title='bbox 479 2956 634 3014; x_wconf 89' lang='lat' dir='ltr'>daemonio</span> <span class='ocrx_word' id='word_1_300' title='bbox 656 2955 752 3014; x_wconf 90' lang='lat' dir='ltr'>locum</span> <span class='ocrx_word' id='word_1_301' title='bbox 773 2956 877 3013; x_wconf 86' lang='lat' dir='ltr'>iterum</span> <span class='ocrx_word' id='word_1_302' title='bbox 904 2952 1074 3033; x_wconf 77' lang='lat' dir='ltr'>patefacias,</span> <span class='ocrx_word' id='word_1_303' title='bbox 1103 2961 1216 3027; x_wconf 86' lang='lat' dir='ltr'>septem</span> 
     </span>
     <span class='ocr_line' id='line_1_36' title="bbox 115 3028 1216 3163; baseline -0.004 -77"><span class='ocrx_word' id='word_1_304' title='bbox 115 3028 208 3163; x_wconf 45' lang='lat' dir='ltr'>pinitus</span> <span class='ocrx_word' id='word_1_305' title='bbox 227 3031 382 3109; x_wconf 87' lang='lat' dir='ltr'>nequiores</span> <span class='ocrx_word' id='word_1_306' title='bbox 402 3052 499 3090; x_wconf 89' lang='lat' dir='ltr'>secum</span> <span class='ocrx_word' id='word_1_307' title='bbox 520 3034 647 3105; x_wconf 80' lang='lat' dir='ltr'>assumit,</span> <span class='ocrx_word' id='word_1_308' title='bbox 666 3053 699 3091; x_wconf 89' lang='lat' dir='ltr'>ac</span> <span class='ocrx_word' id='word_1_309' title='bbox 719 3032 795 3090; x_wconf 90' lang='lat' dir='ltr'>redit</span> <span class='ocrx_word' id='word_1_310' title='bbox 815 3032 842 3089; x_wconf 92' lang='lat' dir='ltr'>in</span> <span class='ocrx_word' id='word_1_311' title='bbox 865 3029 1078 3109; x_wconf 86' lang='lat' dir='ltr'>possessionem</span> <span class='ocrx_word' id='word_1_312' title='bbox 1089 3046 1216 3084; x_wconf 85' lang='lat' dir='ltr'>vacuam.</span> 
     </span>
     <span class='ocr_line' id='line_1_37' title="bbox 179 3101 1215 3185; baseline -0.004 -22"><span class='ocrx_word' id='word_1_313' title='bbox 179 3105 252 3185; x_wconf 80' lang='lat' dir='ltr'>legio</span> <span class='ocrx_word' id='word_1_314' title='bbox 273 3120 335 3167; x_wconf 89' lang='lat' dir='ltr'>tota</span> <span class='ocrx_word' id='word_1_315' title='bbox 355 3106 460 3165; x_wconf 90' lang='lat' dir='ltr'>dicitur</span> <span class='ocrx_word' id='word_1_316' title='bbox 480 3109 628 3167; x_wconf 88' lang='lat' dir='ltr'>bominem</span> <span class='ocrx_word' id='word_1_317' title='bbox 650 3130 738 3165; x_wconf 91' lang='lat' dir='ltr'>unum</span> <span class='ocrx_word' id='word_1_318' title='bbox 759 3107 915 3166; x_wconf 75' lang='lat' dir='ltr'>obsedisse.</span> <span class='ocrx_word' id='word_1_319' title='bbox 954 3105 1011 3161; x_wconf 90' lang='lat' dir='ltr'>llic</span> <span class='ocrx_word' id='word_1_320' title='bbox 1032 3123 1103 3183; x_wconf 79' lang='lat' dir='ltr'>ergo</span> <span class='ocrx_word' id='word_1_321' title='bbox 1125 3101 1215 3159; x_wconf 89' lang='lat' dir='ltr'>doce-</span> 
     </span>
     <span class='ocr_line' id='line_1_38' title="bbox 120 3179 1216 3259; baseline -0.003 -22"><span class='ocrx_word' id='word_1_322' title='bbox 120 3196 263 3259; x_wconf 76' lang='lat' dir='ltr'>ur,eum</span> <span class='ocrx_word' id='word_1_323' title='bbox 292 3184 403 3241; x_wconf 87' lang='lat' dir='ltr'>infinita</span> <span class='ocrx_word' id='word_1_324' title='bbox 425 3184 551 3243; x_wconf 83' lang='lat' dir='ltr'>bostium</span> <span class='ocrx_word' id='word_1_325' title='bbox 571 3185 756 3243; x_wconf 87' lang='lat' dir='ltr'>multitudine</span> <span class='ocrx_word' id='word_1_326' title='bbox 778 3182 943 3241; x_wconf 88' lang='lat' dir='ltr'>bellandum</span> <span class='ocrx_word' id='word_1_327' title='bbox 964 3179 1051 3238; x_wconf 88' lang='lat' dir='ltr'>nobis</span> <span class='ocrx_word' id='word_1_328' title='bbox 1072 3198 1150 3237; x_wconf 87' lang='lat' dir='ltr'>esse:</span> <span class='ocrx_word' id='word_1_329' title='bbox 1177 3196 1216 3235; x_wconf 88' lang='lat' dir='ltr'>ne</span> 
     </span>
     <span class='ocr_line' id='line_1_39' title="bbox 123 3253 1217 3341; baseline -0.005 -24"><span class='ocrx_word' id='word_1_330' title='bbox 123 3258 235 3341; x_wconf 75' lang='lat' dir='ltr'>peritate</span> <span class='ocrx_word' id='word_1_331' title='bbox 252 3269 438 3336; x_wconf 85' lang='lat' dir='ltr'>contempta,</span> <span class='ocrx_word' id='word_1_332' title='bbox 456 3261 544 3319; x_wconf 86' lang='lat' dir='ltr'>simus</span> <span class='ocrx_word' id='word_1_333' title='bbox 564 3260 598 3319; x_wconf 88' lang='lat' dir='ltr'>ad</span> <span class='ocrx_word' id='word_1_334' title='bbox 620 3261 764 3339; x_wconf 88' lang='lat' dir='ltr'>proelium</span> <span class='ocrx_word' id='word_1_335' title='bbox 786 3260 980 3329; x_wconf 86' lang='lat' dir='ltr'>remissiores,</span> <span class='ocrx_word' id='word_1_336' title='bbox 999 3255 1046 3313; x_wconf 89' lang='lat' dir='ltr'>vel</span> <span class='ocrx_word' id='word_1_337' title='bbox 1067 3253 1217 3312; x_wconf 87' lang='lat' dir='ltr'>intermis-</span> 
     </span>
     <span class='ocr_line' id='line_1_40' title="bbox 125 3331 1216 3415; baseline -0.002 -26"><span class='ocrx_word' id='word_1_338' title='bbox 125 3348 205 3393; x_wconf 77' lang='lat' dir='ltr'>maen</span> <span class='ocrx_word' id='word_1_339' title='bbox 221 3336 345 3413; x_wconf 86' lang='lat' dir='ltr'>aliquam</span> <span class='ocrx_word' id='word_1_340' title='bbox 357 3336 419 3393; x_wconf 91' lang='lat' dir='ltr'>dari</span> <span class='ocrx_word' id='word_1_341' title='bbox 440 3337 524 3395; x_wconf 90' lang='lat' dir='ltr'>nobis</span> <span class='ocrx_word' id='word_1_342' title='bbox 541 3338 685 3396; x_wconf 88' lang='lat' dir='ltr'>interdum</span> <span class='ocrx_word' id='word_1_343' title='bbox 700 3348 845 3415; x_wconf 86' lang='lat' dir='ltr'>putantes,</span> <span class='ocrx_word' id='word_1_344' title='bbox 866 3334 993 3392; x_wconf 87' lang='lat' dir='ltr'>desidiae</span> <span class='ocrx_word' id='word_1_345' title='bbox 1008 3331 1216 3410; x_wconf 77' lang='lat' dir='ltr'>indulgeamus.</span> 
     </span>
     <span class='ocr_line' id='line_1_41' title="bbox 74 3404 1216 3492; baseline -0.003 -24"><span class='ocrx_word' id='word_1_346' title='bbox 74 3407 77 3416; x_wconf 77' lang='lat'>&#39;</span> <span class='ocrx_word' id='word_1_347' title='bbox 128 3404 191 3477; x_wconf 76' lang='lat' dir='ltr'>Quod</span> <span class='ocrx_word' id='word_1_348' title='bbox 204 3425 295 3471; x_wconf 86' lang='lat' dir='ltr'>autem</span> <span class='ocrx_word' id='word_1_349' title='bbox 314 3412 455 3491; x_wconf 79' lang='lat' dir='ltr'>singulari</span> <span class='ocrx_word' id='word_1_350' title='bbox 476 3434 597 3472; x_wconf 87' lang='lat' dir='ltr'>numero</span> <span class='ocrx_word' id='word_1_351' title='bbox 617 3434 703 3492; x_wconf 88' lang='lat' dir='ltr'>saepe</span> <span class='ocrx_word' id='word_1_352' title='bbox 724 3435 797 3471; x_wconf 78' lang='lat' dir='ltr'>rinus</span> <span class='ocrx_word' id='word_1_353' title='bbox 810 3414 897 3469; x_wconf 83' lang='lat' dir='ltr'>Satan</span> <span class='ocrx_word' id='word_1_354' title='bbox 919 3409 963 3466; x_wconf 89' lang='lat' dir='ltr'>vel</span> <span class='ocrx_word' id='word_1_355' title='bbox 993 3408 1125 3467; x_wconf 85' lang='lat' dir='ltr'>diabolus</span> <span class='ocrx_word' id='word_1_356' title='bbox 1146 3427 1216 3485; x_wconf 86' lang='lat' dir='ltr'>pro-</span> 
     </span>
     <span class='ocr_line' id='line_1_42' title="bbox 67 3484 1218 3570; baseline -0.003 -26"><span class='ocrx_word' id='word_1_357' title='bbox 67 3511 82 3570; x_wconf 71' lang='lat'>·,</span> <span class='ocrx_word' id='word_1_358' title='bbox 129 3484 226 3560; x_wconf 61' lang='lat' dir='ltr'>walter,</span> <span class='ocrx_word' id='word_1_359' title='bbox 242 3490 271 3547; x_wconf 91' lang='lat' dir='ltr'>in</span> <span class='ocrx_word' id='word_1_360' title='bbox 292 3509 330 3547; x_wconf 87' lang='lat' dir='ltr'>eo</span> <span class='ocrx_word' id='word_1_361' title='bbox 350 3492 508 3547; x_wconf 85' lang='lat' dir='ltr'>denotatur</span> <span class='ocrx_word' id='word_1_362' title='bbox 528 3491 704 3569; x_wconf 84' lang='lat' dir='ltr'>principatus</span> <span class='ocrx_word' id='word_1_363' title='bbox 724 3488 772 3547; x_wconf 91' lang='lat' dir='ltr'>ille</span> <span class='ocrx_word' id='word_1_364' title='bbox 792 3487 960 3564; x_wconf 89' lang='lat' dir='ltr'>iniqnitatis,</span> <span class='ocrx_word' id='word_1_365' title='bbox 981 3485 1030 3563; x_wconf 90' lang='lat' dir='ltr'>qui</span> <span class='ocrx_word' id='word_1_366' title='bbox 1049 3484 1218 3541; x_wconf 87' lang='lat' dir='ltr'>adversatur</span> 
     </span>
     <span class='ocr_line' id='line_1_43' title="bbox 67 3558 1217 3643; baseline -0.005 -22"><span class='ocrx_word' id='word_1_367' title='bbox 67 3586 82 3635; x_wconf 65' lang='lat' dir='ltr'>:p</span> <span class='ocrx_word' id='word_1_368' title='bbox 130 3574 195 3643; x_wconf 66' lang='lat' dir='ltr'>“ill</span> <span class='ocrx_word' id='word_1_369' title='bbox 208 3564 336 3623; x_wconf 88' lang='lat' dir='ltr'>iustitiae.</span> <span class='ocrx_word' id='word_1_370' title='bbox 376 3566 631 3639; x_wconf 81' lang='lat' dir='ltr'>Qucrrradmodnm</span> <span class='ocrx_word' id='word_1_371' title='bbox 652 3566 730 3624; x_wconf 83' lang='lat' dir='ltr'>enim</span> <span class='ocrx_word' id='word_1_372' title='bbox 744 3564 865 3623; x_wconf 86' lang='lat' dir='ltr'>ccclesia</span> <span class='ocrx_word' id='word_1_373' title='bbox 887 3574 916 3621; x_wconf 90' lang='lat' dir='ltr'>et</span> <span class='ocrx_word' id='word_1_374' title='bbox 935 3574 1101 3622; x_wconf 87' lang='lat' dir='ltr'>sanctorum</span> <span class='ocrx_word' id='word_1_375' title='bbox 1121 3558 1217 3617; x_wconf 90' lang='lat' dir='ltr'>socie·</span> 
     </span>
     <span class='ocr_line' id='line_1_44' title="bbox 76 3635 1217 3721; baseline -0.003 -26"><span class='ocrx_word' id='word_1_376' title='bbox 76 3656 80 3663; x_wconf 92' lang='grc'><strong><em>·</em></strong></span> <span class='ocrx_word' id='word_1_377' title='bbox 130 3636 299 3700; x_wconf 73' lang='lat' dir='ltr'>litfbristnm</span> <span class='ocrx_word' id='word_1_378' title='bbox 328 3641 416 3701; x_wconf 89' lang='lat' dir='ltr'>babet</span> <span class='ocrx_word' id='word_1_379' title='bbox 436 3655 537 3721; x_wconf 89' lang='lat' dir='ltr'>capnt:</span> <span class='ocrx_word' id='word_1_380' title='bbox 570 3643 609 3700; x_wconf 90' lang='lat' dir='ltr'>ita</span> <span class='ocrx_word' id='word_1_381' title='bbox 634 3643 789 3721; x_wconf 87' lang='lat' dir='ltr'>impiorum</span> <span class='ocrx_word' id='word_1_382' title='bbox 812 3640 918 3711; x_wconf 86' lang='lat' dir='ltr'>lectio,</span> <span class='ocrx_word' id='word_1_383' title='bbox 944 3651 972 3696; x_wconf 87' lang='lat' dir='ltr'>et</span> <span class='ocrx_word' id='word_1_384' title='bbox 997 3639 1057 3717; x_wconf 93' lang='lat' dir='ltr'>ipsa</span> <span class='ocrx_word' id='word_1_385' title='bbox 1084 3635 1217 3714; x_wconf 87' lang='lat' dir='ltr'>impietas</span> 
     </span>
     <span class='ocr_line' id='line_1_45' title="bbox 67 3696 1216 3799; baseline -0.009 -24"><span class='ocrx_word' id='word_1_386' title='bbox 67 3696 84 3749; x_wconf 57' lang='lat' dir='ltr'>‘l</span> <span class='ocrx_word' id='word_1_387' title='bbox 127 3728 172 3769; x_wconf 71' lang='lat'>⁶¹¹³</span> <span class='ocrx_word' id='word_1_388' title='bbox 186 3738 228 3777; x_wconf 87' lang='lat' dir='ltr'>suo</span> <span class='ocrx_word' id='word_1_389' title='bbox 252 3720 386 3799; x_wconf 83' lang='lat' dir='ltr'>principe</span> <span class='ocrx_word' id='word_1_390' title='bbox 418 3718 503 3777; x_wconf 91' lang='lat' dir='ltr'>nubis</span> <span class='ocrx_word' id='word_1_391' title='bbox 529 3718 707 3799; x_wconf 80' lang='lat' dir='ltr'>depingitur,</span> <span class='ocrx_word' id='word_1_392' title='bbox 738 3719 787 3796; x_wconf 88' lang='lat' dir='ltr'>qni</span> <span class='ocrx_word' id='word_1_393' title='bbox 813 3736 955 3775; x_wconf 84' lang='lat' dir='ltr'>snrrrmum</span> <span class='ocrx_word' id='word_1_394' title='bbox 980 3713 1134 3791; x_wconf 87' lang='lat' dir='ltr'>imperium</span> <span class='ocrx_word' id='word_1_395' title='bbox 1155 3708 1216 3766; x_wconf 90' lang='lat' dir='ltr'>illic</span> 
     </span>
     <span class='ocr_line' id='line_1_46' title="bbox 68 3786 1217 3868; baseline -0.003 -23"><span class='ocrx_word' id='word_1_396' title='bbox 68 3806 72 3839; x_wconf 78' lang='lat' dir='ltr'>i</span> <span class='ocrx_word' id='word_1_397' title='bbox 124 3786 231 3853; x_wconf 74' lang='lat' dir='ltr'>attinnt</span> <span class='ocrx_word' id='word_1_398' title='bbox 285 3796 354 3868; x_wconf 80' lang='lat' dir='ltr'>Qua</span> <span class='ocrx_word' id='word_1_399' title='bbox 374 3795 489 3854; x_wconf 75' lang='lat' dir='ltr'>ratirsne</span> <span class='ocrx_word' id='word_1_400' title='bbox 510 3796 617 3853; x_wconf 82' lang='lat' dir='ltr'>dictum</span> <span class='ocrx_word' id='word_1_401' title='bbox 639 3808 682 3853; x_wconf 85' lang='lat' dir='ltr'>est.</span> <span class='ocrx_word' id='word_1_402' title='bbox 703 3794 787 3865; x_wconf 88' lang='lat' dir='ltr'>illud,</span> <span class='ocrx_word' id='word_1_403' title='bbox 819 3794 865 3851; x_wconf 89' lang='lat' dir='ltr'>lte</span> <span class='ocrx_word' id='word_1_404' title='bbox 889 3790 1035 3850; x_wconf 86' lang='lat' dir='ltr'>maledicti</span> <span class='ocrx_word' id='word_1_405' title='bbox 1060 3789 1090 3847; x_wconf 92' lang='lat' dir='ltr'>in</span> <span class='ocrx_word' id='word_1_406' title='bbox 1115 3787 1217 3866; x_wconf 79' lang='lat' dir='ltr'>ignens</span> 
     </span>
     <span class='ocr_line' id='line_1_47' title="bbox 68 3862 1215 3952; baseline -0.003 -26"><span class='ocrx_word' id='word_1_407' title='bbox 68 3877 72 3911; x_wconf 74' lang='lat'>³</span> <span class='ocrx_word' id='word_1_408' title='bbox 123 3876 252 3945; x_wconf 63' lang='lat' dir='ltr'>aeternum,</span> <span class='ocrx_word' id='word_1_409' title='bbox 264 3872 313 3949; x_wconf 87' lang='lat' dir='ltr'>qui</span> <span class='ocrx_word' id='word_1_410' title='bbox 328 3884 514 3952; x_wconf 85' lang='lat' dir='ltr'>praeparatus</span> <span class='ocrx_word' id='word_1_411' title='bbox 530 3884 574 3931; x_wconf 86' lang='lat' dir='ltr'>est</span> <span class='ocrx_word' id='word_1_412' title='bbox 587 3871 704 3929; x_wconf 89' lang='lat' dir='ltr'>diabolo</span> <span class='ocrx_word' id='word_1_413' title='bbox 716 3882 746 3927; x_wconf 89' lang='lat' dir='ltr'>ct</span> <span class='ocrx_word' id='word_1_414' title='bbox 757 3868 865 3949; x_wconf 83' lang='lat' dir='ltr'>angelis</span> <span class='ocrx_word' id='word_1_415' title='bbox 884 3869 943 3926; x_wconf 86' lang='lat' dir='ltr'>eius</span> <span class='ocrx_word' id='word_1_416' title='bbox 956 3862 1215 3943; x_wconf 75' lang='lat' dir='ltr'>(ltstrh.25‚d·1.).</span> 
     </span>
     <span class='ocr_line' id='line_1_48' title="bbox 67 3944 1216 4027; baseline -0.015 -17"><span class='ocrx_word' id='word_1_417' title='bbox 67 3958 71 3990; x_wconf 69' lang='lat' dir='ltr'>f</span> <span class='ocrx_word' id='word_1_418' title='bbox 175 3956 214 4012; x_wconf 80' lang='lat'>15.</span> <span class='ocrx_word' id='word_1_419' title='bbox 250 3950 317 4007; x_wconf 82' lang='lat' dir='ltr'>lloe</span> <span class='ocrx_word' id='word_1_420' title='bbox 344 3968 463 4027; x_wconf 91' lang='lat' dir='ltr'>quoque</span> <span class='ocrx_word' id='word_1_421' title='bbox 490 3948 525 4005; x_wconf 89' lang='lat' dir='ltr'>ad</span> <span class='ocrx_word' id='word_1_422' title='bbox 576 3960 728 4026; x_wconf 87' lang='lat' dir='ltr'>erpetnum</span> <span class='ocrx_word' id='word_1_423' title='bbox 761 3968 825 4004; x_wconf 89' lang='lat' dir='ltr'>curn</span> <span class='ocrx_word' id='word_1_424' title='bbox 851 3944 969 4003; x_wconf 91' lang='lat' dir='ltr'>diabolo</span> <span class='ocrx_word' id='word_1_425' title='bbox 997 3951 1142 3999; x_wconf 88' lang='lat' dir='ltr'>certamen</span> <span class='ocrx_word' id='word_1_426' title='bbox 1168 3956 1216 3994; x_wconf 86' lang='lat' dir='ltr'>ac·</span> 
     </span>
     <span class='ocr_line' id='line_1_49' title="bbox 67 3970 1215 4149; baseline -0.006 -70"><span class='ocrx_word' id='word_1_427' title='bbox 67 4042 69 4053; x_wconf 90' lang='lat'>·</span> <span class='ocrx_word' id='word_1_428' title='bbox 118 4022 217 4082; x_wconf 80' lang='lat' dir='ltr'>tendere</span> <span class='ocrx_word' id='word_1_429' title='bbox 236 4048 289 4085; x_wconf 88' lang='lat' dir='ltr'>nos</span> <span class='ocrx_word' id='word_1_430' title='bbox 310 4026 413 4096; x_wconf 85' lang='lat' dir='ltr'>debet,</span> <span class='ocrx_word' id='word_1_431' title='bbox 434 4025 512 4101; x_wconf 89' lang='lat' dir='ltr'>quod</span> <span class='ocrx_word' id='word_1_432' title='bbox 532 3970 710 4083; x_wconf 78' lang='lat' dir='ltr'>adversarius</span> <span class='ocrx_word' id='word_1_433' title='bbox 731 4023 787 4079; x_wconf 78' lang='lat' dir='ltr'>Dei</span> <span class='ocrx_word' id='word_1_434' title='bbox 808 4033 837 4079; x_wconf 88' lang='lat' dir='ltr'>et</span> <span class='ocrx_word' id='word_1_435' title='bbox 856 4033 958 4079; x_wconf 86' lang='lat' dir='ltr'>noster</span> <span class='ocrx_word' id='word_1_436' title='bbox 977 4017 1086 4149; x_wconf 79' lang='lat' dir='ltr'>ebiqpe</span> <span class='ocrx_word' id='word_1_437' title='bbox 1099 4012 1215 4069; x_wconf 67' lang='lat' dir='ltr'>elicitur.</span> 
     </span>
     <span class='ocr_line' id='line_1_50' title="bbox 117 4088 1217 4179; baseline -0.011 -24"><span class='ocrx_word' id='word_1_438' title='bbox 117 4094 172 4157; x_wconf 76' lang='lat' dir='ltr'>darn</span> <span class='ocrx_word' id='word_1_439' title='bbox 188 4102 210 4159; x_wconf 87' lang='lat' dir='ltr'>si</span> <span class='ocrx_word' id='word_1_440' title='bbox 226 4102 310 4161; x_wconf 85' lang='lat' dir='ltr'>cordi</span> <span class='ocrx_word' id='word_1_441' title='bbox 331 4102 419 4159; x_wconf 89' lang='lat' dir='ltr'>nobis</span> <span class='ocrx_word' id='word_1_442' title='bbox 439 4114 482 4159; x_wconf 86' lang='lat' dir='ltr'>est</span> <span class='ocrx_word' id='word_1_443' title='bbox 501 4101 556 4159; x_wconf 82' lang='lat' dir='ltr'>llei</span> <span class='ocrx_word' id='word_1_444' title='bbox 576 4100 681 4179; x_wconf 83' lang='lat' dir='ltr'>gloria,</span> <span class='ocrx_word' id='word_1_445' title='bbox 699 4112 733 4157; x_wconf 88' lang='lat' dir='ltr'>ut</span> <span class='ocrx_word' id='word_1_446' title='bbox 752 4119 803 4177; x_wconf 88' lang='lat' dir='ltr'>par</span> <span class='ocrx_word' id='word_1_447' title='bbox 823 4110 876 4169; x_wconf 88' lang='lat' dir='ltr'>est,</span> <span class='ocrx_word' id='word_1_448' title='bbox 895 4096 966 4155; x_wconf 89' lang='lat' dir='ltr'>totis</span> <span class='ocrx_word' id='word_1_449' title='bbox 985 4094 1040 4151; x_wconf 80' lang='lat' dir='ltr'>viri</span> <span class='ocrx_word' id='word_1_450' title='bbox 1065 4112 1096 4149; x_wconf 93' lang='lat' dir='ltr'>us</span> <span class='ocrx_word' id='word_1_451' title='bbox 1115 4088 1217 4147; x_wconf 88' lang='lat' dir='ltr'>adver-</span> 
     </span>
    </p>
   </div>
   <div class='ocr_carea' id='block_1_5' title="bbox 114 4208 1221 4231">
    <p class='ocr_par' dir='ltr' id='par_1_7' title="bbox 114 4208 1221 4231">
     <span class='ocr_line' id='line_1_51' title="bbox 114 4208 1221 4231; baseline -0.001 -13"><span class='ocrx_word' id='word_1_452' title='bbox 114 4208 1221 4231; x_wconf 37' lang='lat' dir='ltr'>„ffi--nffl—ffl.</span> 
     </span>
    </p>
   </div>
   <div class='ocr_carea' id='block_1_6' title="bbox 67 4256 1215 4409">
    <p class='ocr_par' dir='ltr' id='par_1_8' title="bbox 67 4256 1215 4409">
     <span class='ocr_line' id='line_1_52' title="bbox 67 4256 1215 4333; baseline -0.011 -11"><span class='ocrx_word' id='word_1_453' title='bbox 67 4277 70 4311; x_wconf 71' lang='grc' dir='ltr'><strong>ι</strong></span> <span class='ocrx_word' id='word_1_454' title='bbox 164 4273 188 4333; x_wconf 70' lang='grc'>·)</span> <span class='ocrx_word' id='word_1_455' title='bbox 204 4270 232 4320; x_wconf 91' lang='grc' dir='ltr'>ιι,</span> <span class='ocrx_word' id='word_1_456' title='bbox 248 4270 310 4321; x_wconf 64' lang='lat' dir='ltr'>cs..</span> <span class='ocrx_word' id='word_1_457' title='bbox 327 4272 352 4331; x_wconf 86' lang='grc' dir='ltr'>ι,</span> <span class='ocrx_word' id='word_1_458' title='bbox 369 4268 395 4321; x_wconf 80' lang='lat' dir='ltr'>a.</span> <span class='ocrx_word' id='word_1_459' title='bbox 427 4268 464 4319; x_wconf 63' lang='grc' dir='ltr'>ιι.</span> <span class='ocrx_word' id='word_1_460' title='bbox 483 4270 528 4329; x_wconf 77' lang='lat'>12,</span> <span class='ocrx_word' id='word_1_461' title='bbox 543 4270 584 4321; x_wconf 79' lang='lat' dir='ltr'>or.</span> <span class='ocrx_word' id='word_1_462' title='bbox 619 4266 710 4317; x_wconf 66' lang='grc' dir='ltr'><strong>ιιιιιι.</strong></span> <span class='ocrx_word' id='word_1_463' title='bbox 730 4268 775 4325; x_wconf 73' lang='grc' dir='ltr'>ιι,</span> <span class='ocrx_word' id='word_1_464' title='bbox 791 4266 833 4319; x_wconf 83' lang='lat'>29.</span> <span class='ocrx_word' id='word_1_465' title='bbox 867 4262 937 4329; x_wconf 70' lang='lat' dir='ltr'>eph.</span> <span class='ocrx_word' id='word_1_466' title='bbox 951 4264 984 4321; x_wconf 79' lang='lat' dir='ltr'>a,</span> <span class='ocrx_word' id='word_1_467' title='bbox 998 4263 1023 4315; x_wconf 77' lang='lat' dir='ltr'>a</span> <span class='ocrx_word' id='word_1_468' title='bbox 1042 4290 1073 4301; x_wconf 94' lang='lat'><em>-</em></span> <span class='ocrx_word' id='word_1_469' title='bbox 1101 4260 1142 4313; x_wconf 76' lang='lat' dir='ltr'>aa</span> <span class='ocrx_word' id='word_1_470' title='bbox 1160 4256 1215 4309; x_wconf 66' lang='lat' dir='ltr'>inii.</span> 
     </span>
     <span class='ocr_line' id='line_1_53' title="bbox 108 4328 1007 4409; baseline -0.014 -15"><span class='ocrx_word' id='word_1_471' title='bbox 108 4348 156 4387; x_wconf 65' lang='lat' dir='ltr'>“tt</span> <span class='ocrx_word' id='word_1_472' title='bbox 173 4340 210 4393; x_wconf 82' lang='lat' dir='ltr'>u.</span> <span class='ocrx_word' id='word_1_473' title='bbox 228 4337 370 4409; x_wconf 84' lang='lat' dir='ltr'>pertinent:</span> <span class='ocrx_word' id='word_1_474' title='bbox 388 4336 471 4389; x_wconf 73' lang='lat' dir='ltr'>blare.</span> <span class='ocrx_word' id='word_1_475' title='bbox 489 4337 530 4400; x_wconf 82' lang='lat'>16,</span> <span class='ocrx_word' id='word_1_476' title='bbox 545 4336 568 4389; x_wconf 82' lang='grc'>9.</span> <span class='ocrx_word' id='word_1_477' title='bbox 603 4334 693 4389; x_wconf 74' lang='lat' dir='ltr'>olardi.</span> <span class='ocrx_word' id='word_1_478' title='bbox 711 4336 753 4396; x_wconf 71' lang='lat' dir='ltr'>rt,</span> <span class='ocrx_word' id='word_1_479' title='bbox 771 4336 811 4387; x_wconf 68' lang='lat'>43.</span> <span class='ocrx_word' id='word_1_480' title='bbox 847 4332 906 4385; x_wconf 82' lang='lat' dir='ltr'>Luc.</span> <span class='ocrx_word' id='word_1_481' title='bbox 923 4328 949 4393; x_wconf 82' lang='grc'>8,</span> <span class='ocrx_word' id='word_1_482' title='bbox 964 4330 1007 4383; x_wconf 73' lang='lat' dir='ltr'>att.</span> 
     </span>
    </p>
   </div>
   <div class='ocr_carea' id='block_1_7' title="bbox 0 0 1362 4732">
    <p class='ocr_par' dir='ltr' id='par_1_9' title="bbox 0 0 1362 4732">
     <span class='ocr_line' id='line_1_54' title="bbox 0 0 1362 4732; baseline 0 0"><span class='ocrx_word' id='word_1_483' title='bbox 0 0 1362 4732; x_wconf 95' lang='lat' dir='ltr'> </span> 
     </span>
    </p>
   </div>
  </div>
 </body>
</html>
