2700 4732
52 132 56 147 Ι
127 178 188 241 278
506 170 583 230 llll.
603 170 657 229 lv,
697 168 786 233 Cdl’.
805 168 893 231 vt11.

133 315 223 377 tionis
247 334 315 375 snae
339 314 466 377 inventis
491 312 618 374 otttten
649 314 806 395 inquibus
830 324 926 373 autern
950 310 1049 373 aerbo
1068 312 1136 398 Dei
1161 312 1273 389 nititur,

135 392 216 457 nulla
236 390 395 452 diffidentia
414 402 466 451 ant
483 390 678 451 haesitatione
697 390 859 464 vacillabit,
890 388 942 451 sed
961 410 1075 471 magna
1097 390 1273 451 certitudine

134 469 276 547 firmaque
296 468 457 529 constantia
477 467 675 547 conquiescet.
715 468 765 527 Sic
777 468 860 526 etiarn
873 487 971 526 earum
986 486 1061 545 quas
1083 464 1190 539 habet,

134 544 304 607 missionum
323 544 514 627 amplitudine
535 544 653 613 confisa,
673 543 793 603 habebit
811 544 889 603 unde
909 543 996 601 iidem
1016 562 1107 603 suns
1128 563 1180 621 pra

135 622 290 715 sustinent:
312 635 344 679 ut
364 619 617 711 oilriluaddubitet,
638 620 780 701 Spiritum
799 630 929 711 sanctum
948 617 1006 678 sibi
1025 639 1155 711 semper
1167 617 1271 697 adesse,

135 694 1273 865 ilii”iiiird‘iiisiiiniiiiidsiiiii“iiiiisiii‘isiilribil.liisi

135 868 260 987 tlt?
279 847 1182 1019 ltlftrltlgffslt{tristis¹⁰0ttt‘qttss‘ltlttssisi‘⁴
1196 866 1273 983 iiiii

136 1022 209 1083 ergo
229 999 293 1080 plus
313 1022 347 1059 es
366 1023 418 1061 suo
438 1004 459 1061 b
484 1004 550 1057 tritu
570 1000 723 1059 denuntiat
741 999 972 1078 exspectandum,
994 1020 1087 1087 qnam
1111 1010 1146 1059 ut
1166 1012 1272 1059 menttt

136 1086 251 1143 nostras
264 1076 417 1150 illuminet,
436 1022 480 1135 ad
486 1075 699 1155 percipiendam
712 1076 862 1135 doctrinae
877 1096 944 1135 suae
954 1084 1128 1135 serrtatem.
1147 1074 1273 1135 Proinde

136 1153 285 1219 scitissime
306 1152 590 1229 chrysostomus
615 1153 712 1229 [serm.
732 1152 768 1210 de
787 1165 889 1211 sancto
909 1162 940 1209 et
959 1150 1121 1212 adorando
1143 1150 1272 1231 spirit-1.

134 1228 252 1305 „Multi
273 1228 379 1308 inquit,
399 1229 541 1309 Spiritum
560 1240 691 1287 sanctum
710 1231 834 1287 iactant:
855 1226 906 1287 sed
926 1224 975 1306 qui
998 1226 1128 1305 propria
1149 1226 1273 1307 loquan-

135 1316 214 1379 ‚‚tor‚
235 1304 307 1364 salso
328 1304 408 1363 illum
429 1304 633 1385 praetendunt.
674 1305 715 1363 Ut
729 1304 861 1365 Christus
881 1324 941 1362 non
962 1322 977 1361 a
998 1323 1030 1363 se
1052 1306 1125 1383 ipso
1147 1303 1230 1385 loqui
1245 1322 1273 1365 st

136 1379 320 1454 „testabatur
337 1380 398 1458 (lo.
418 1388 464 1455 12,
483 1387 531 1445 50.
551 1392 581 1439 et
599 1388 647 1453 14,
666 1384 743 1458 10.),
776 1382 842 1459 qnia
872 1400 906 1439 es
923 1380 1007 1471 Leqe
1037 1378 1227 1515 loquebatur
1246 1388 1274 1440 et

135 1455 216 1533 „Pro
240 1456 327 1517 laetis:
348 1456 388 1516 its
407 1458 431 1518 si
451 1458 521 1538 quid
542 1468 657 1538 praeter
675 1456 865 1535 Evangelium
885 1454 937 1515 suls
956 1454 1048 1515 trtuln
1099 1456 1206 1535 piritns
1225 1454 1274 1517 ob·

134 1543 203 1613 „tru
226 1532 294 1607 itur,
314 1554 352 1593 ne
371 1534 530 1593 credamus.
569 1534 647 1606 Quia
667 1534 741 1592 sicut
761 1534 894 1593 Christus
905 1532 946 1590 l.e
969 1532 991 1592 is
1010 1544 1041 1591 et
1055 1532 1274 1613 Prophetarum

135 1605 289 1703 pimpletio
320 1622 379 1669 est:
412 1611 451 1668 ita
472 1610 598 1690 Spiritus
618 1608 798 1745 Evanqeliist‘
838 1610 918 1667 Haec
938 1550 998 1667 tlte.
1038 1606 1109 1667 lam
1139 1608 1274 1693 colliget!

138 1704 169 1744 sn
190 1697 402 1765 promptum,
422 1707 508 1763 quam
535 1692 686 1766 perperam
721 1684 816 1743 sciant
836 1684 928 1744 nostri
948 1685 1130 1759 adversarii,
1150 1688 1201 1765 qui
1220 1704 1274 1745 noa

135 1759 196 1823 alio
219 1760 279 1819 fine
299 1762 405 1823 iactant
425 1766 446 1821 S
470 1764 566 1821 iritum
586 1773 733 1834 sanctum,
753 1762 806 1820 nisi
827 1773 859 1819 ut
876 1760 1050 1843 peregrinas
1074 1774 1110 1821 et
1131 1774 1274 1823 estraneu

135 1838 263 1903 acerbo
284 1838 340 1896 Dei
360 1839 507 1899 doctrinas
527 1838 590 1897 eius
609 1836 696 1897 titulo
717 1836 938 1897 commendent:
965 1858 1061 1927 quum
1091 1840 1102 1897 i
1126 1859 1161 1899 se
1180 1836 1274 1899 intiri-

136 1914 195 1973 dun
217 1934 289 1973 ncsu
312 1934 376 1975 com
397 1916 488 1975 verbo
508 1915 565 1973 Dei
584 1913 759 1975 coniunctus
785 1933 847 1973 csse
866 1914 950 1985 velit,
969 1914 1066 1992 adque
1114 1936 1132 1975 c
1153 1934 1193 1977 eo
1211 1936 1275 1995 pro·

135 1990 254 2051 litentur
271 1990 414 2065 Christus,
434 1993 501 2052 dum
522 1990 660 2051 ecclesiae
680 2010 748 2050 suae
768 2010 833 2049 eum
854 1989 1012 2069 promittit.
1054 1989 1115 2051 Sic
1138 2004 1185 2053 est
1203 2008 1274 2053 sano

137 2068 234 2143 Quam
254 2066 443 2127 sobrietatem
463 2066 552 2128 semel
574 2065 712 2125 ecclesiae
731 2084 800 2125 suae
820 2065 1005 2147 praescripsit
1024 2066 1200 2143 Dominus,
1219 2086 1274 2127 eu

134 2154 279 2233 perpetuo
293 2143 354 2203 vult
373 2144 530 2204 observari.
568 2142 672 2201 Vetuit
692 2154 792 2233 autern
810 2162 847 2200 nc
864 2142 936 2277 quid
950 2142 1132 2233 serbo-suo
1152 2144 1276 2235 adderet,¹

134 2218 1275 2379 ls‘ntt'lnt'zrtt‚‘¹{lal‘t‘mgittllll?ttriidtttsssfftt‘ffl

135 2370 287 2433 eeclesiam
306 2371 369 2429 sine
389 2374 480 2432 serbo
501 2376 564 2453 regi
584 2392 600 2431 a
622 2371 733 2450 Spiritu
754 2371 878 2450 fingunt.

212 2452 259 2509 ss.
303 2446 360 2506 llio
395 2446 500 2507 iterum
535 2448 772 2521 obmurmurant,
803 2446 970 2537 oportuisse
1002 2446 1173 2511 ecclesiam
1209 2468 1274 2511 tte!-

133 2519 213 2586 nulla
232 2521 339 2583 addere
358 2524 473 2603 scriptis
497 2522 726 2602 Apostolorum,
756 2523 802 2580 rel
824 2523 888 2583 rllos
908 2524 988 2601 ipsos
1009 2525 1165 2605 supplere
1185 2538 1275 2607 postea

132 2600 197 2660 visa
217 2617 290 2657 soce
330 2599 389 2661 uod
411 2601 504 2659 minus
524 2599 602 2658 clerc
621 2599 822 2671 tradidissent,
848 2619 953 2677 nempe
972 2620 1070 2677 quum
1102 2604 1165 2663 illis
1185 2600 1275 2663 disat

136 2674 270 2735 Christus
294 2618 354 2751 (lo
374 2683 427 2748 16,
448 2678 526 2751 12.);
558 2674 672 2749 „Multa
698 2675 792 2734 liabeo
818 2675 902 2734 rolris
928 2676 1077 2750 dicenda,
1114 2700 1195 2759 quae
1223 2696 1273 2739 att

134 2750 256 2835 potestis·
278 2763 395 2830 portare
417 2754 544 2813 modo·.“
568 2764 656 2829 atquc
683 2750 753 2810 lsaec
775 2772 835 2809 esse
856 2751 975 2832 placita,
1003 2773 1087 2830 quae
1117 2758 1187 2816 sine
1206 2754 1273 2815 Su's

170 2836 235 2900 uia,
255 2848 309 2887 usu
330 2828 466 2888 duntaxat
487 2842 516 2888 et
536 2829 665 2888 moribus
688 2839 805 2906 recepto
828 2827 953 2885 lncruut.
992 2828 1036 2886 At
1057 2852 1216 2897 quaenam
1233 2830 1273 2891 isl-

134 2840 208 2964 liet
228 2916 272 2963 est
299 2905 498 2983 impudentia?
536 2906 633 2963 lludcs
664 2904 774 2978 adhuc,
806 2904 916 2975 fateor,
947 2914 977 2962 et
1003 2898 1110 2984 prope
1142 2906 1273 2969 indotlltt

136 2990 220 3039 erant
240 2979 383 3059 discipuli,
404 3002 492 3060 quun·
513 2981 592 3043 istud
610 3003 624 3039 a
645 2981 777 3038 Domino
798 2982 946 3038 audirent:
971 3000 1082 3040 verum
1107 2983 1209 3045 hacne
1224 2996 1269 3043 tar·

136 3056 227 3121 ditate
246 3068 308 3114 turn
330 3056 416 3117 etiarn
438 3057 628 3130 tenebantur,
660 3078 747 3135 quum
770 3058 931 3115 doctrinam
952 3077 1035 3115 suam
1056 3062 1188 3153 scriptis
1206 3080 1271 3121 et!-

133 3131 324 3206 mendarent,
356 3146 388 3191 nt
409 3146 510 3212 postea
529 3133 592 3193 viva
611 3153 684 3192 voce
703 3134 840 3225 supplere
860 3151 978 3191 rrecesse
999 3132 1187 3209 habuerant,
1206 3132 1270 3229 qued

135 3206 166 3265 in
186 3207 300 3299 scriptis
320 3209 377 3268 suis
399 3210 580 3289 ignorantiae
600 3209 671 3267 vitio
690 3211 866 3268 omiserant?
905 3209 938 3266 Si
958 3228 1033 3269 vero
1055 3210 1121 3273 iarn
1144 3210 1271 3351 aspar:

135 3356 191 3419 luit
213 3360 368 3449 quominus
390 3362 547 3439 perlectum
564 3362 712 3453 Evangelii
734 3364 883 3421 doctrinae
902 3361 1118 3423 curnitiunem
1141 3358 1268 3447 complss'

135 3436 193 3501 sint
219 3434 294 3507 stlte,
322 3442 580 3516 consignatumque
608 3438 798 3517 rcquuerinti'
823 3473 858 3484 -
897 3382 959 3495 sei
984 3458 1058 3515 age,
1096 3443 1204 3503 demus
1225 3437 1268 3499 ill't

136 3511 216 3589 quod
241 3524 363 3588 petuntz
390 3515 543 3593 designent
565 3514 655 3573 modo
684 3535 716 3573 ea
743 3535 815 3593 quae
841 3512 963 3575 sesciaci
991 3518 1057 3575 sinc
1086 3520 1204 3611 scripto
1226 3516 1265 3575 dt·

134 3586 278 3649 buerunt:
297 3589 326 3646 id
347 3589 370 3648 si
390 3602 504 3648 tentare
524 3590 658 3663 studeant,
678 3611 758 3665 agam
780 3612 843 3649 cum
866 3591 931 3668 ipsis
953 3588 1169 3671 Augustius
1186 3588 1266 3653 serii!

135 3664 230 3743 (horn.
251 3665 280 3729 in
301 3664 407 3725 loono.
426 3668 489 3738 96.)
510 3664 567 3724 hoc
587 3678 646 3725 est:
668 3670 789 3741 „Quum
809 3667 954 3727 Dominus
973 3670 1121 3741 tacuerit,
1142 3670 1206 3751 quis
1222 3686 1266 3727 ao·

136 3751 226 3799 ttrum
239 3740 325 3811 dicet,
345 3741 399 3801 llla
420 3742 464 3802 vel
486 3741 533 3800 illa
554 3744 639 3801 suot?
659 3756 707 3801 aut
727 3745 749 3801 si
770 3744 866 3801 dicere
887 3743 1003 3815 audeat,
1027 3745 1112 3805 unde
1133 3740 1264 3827 prolati*¹

136 3816 195 3876 seo
217 3816 287 3894 qnid
308 3818 345 3875 de
365 3837 397 3876 re
417 3831 594 3894 supervacua
617 3819 785 3877 contundo?
824 3817 955 3878 Namvel
977 3840 1076 3897 puero
1101 3836 1206 3883 nutum
1222 3828 1264 3885 tal.

134 3889 165 3949 in
186 3893 300 3972 scriptis
321 3896 516 3973 Apostolicis,
541 3916 615 3973 quae
646 3895 691 3953 isti
724 3895 822 3952 mutila
850 3894 1073 3973 quodammodo
1102 3911 1136 3957 ct
1161 3893 1262 3957 dinit'n

135 3966 260 4061 lacirtnt,
279 3968 407 4101 ΙῘὶιιιιῑιιιιι
428 3983 539 4029 exstare
561 3970 621 4031 cius
643 3970 837 4046 revelationis,
858 3992 943 4051 qnam
970 3984 1043 4033 tunc
1065 3976 1112 4035 cis
1132 3972 1262 4035 Dormio·

158 4056 277 4103 romrtte
301 4058 338 4103 nt.

135 4064 155 4121 p
211 4126 258 4189 ld·
299 4122 404 4196 Quid?
422 4123 569 4202 inquiunt,
589 4142 689 4181 annon
711 4134 789 4182 cntra
810 4123 1044 4184 controversiam
1089 4128 1171 4187 osuit
1189 4118 1261 4187 ctn'·

133 4203 207 4266 slusa
225 4196 363 4277 quitquid
377 4199 465 4258 docet
475 4217 518 4260 'ac
529 4200 662 4259 decernit
673 4199 805 4272 ecclesia,
825 4222 912 4279 quum
932 4198 1017 4259 iubet
1027 4148 1261 4337 allaim-1812)

132 4266 237 4333 haberi
255 4294 312 4351 pro
333 4274 453 4336 etlnrico
472 4287 503 4335 et
522 4275 691 4353 publicano,
712 4276 761 4354 qui
773 4275 976 4336 contradicere
986 4297 1024 4336 au
1049 4280 1120 4341 eat?
1148 4279 1258 4341 ertu·-

135 3284 265 3342 veritatrs
279 3282 356 3343 ducti
377 3285 407 3346 in
429 3306 545 3345 omnem
559 3286 720 3358 veritatem,
739 3307 789 3345 sua
809 3286 912 3363 scripta
934 3284 1113 3363 ediderunt,
1137 3292 1189 3369 qui
