2700 4732
501 234 575 302 ΗΒ.
595 235 636 296 11.
676 236 763 299 CAP.
783 236 818 296 X.
1169 238 1229 305 Μ

90 392 192 444 morte
210 379 329 461 qnldem
342 379 496 463 exstingui,
508 401 582 459 quus
601 380 632 440 lu
652 374 784 455 tutela'm,
803 380 977 457 custodiam,
995 381 1228 460 protectionem·

93 479 154 539 que
172 479 254 518 suam
272 457 440 535 recepisset,
460 458 511 537 qui
529 459 632 518 mortis
652 471 683 517 et
693 458 776 517 ‚vitae
796 469 840 517 est
859 457 993 517 arbiter.
1109 524 1113 531 ι

171 540 218 598 tt).
255 535 318 593 Ian
336 533 598 625 <qniupraecipuus
612 546 655 594 est
667 535 757 593 cardo
778 535 806 593 in
828 533 881 593 bae
901 534 1116 610 controversia)
1136 534 1227 615 dispi-

93 611 204 671 ciamus
228 631 328 669 antron
363 633 418 687 rpsr
439 631 557 688 quoque
583 609 683 671 fideles
707 612 748 670 sic
775 611 900 670 instituti
920 609 1030 671 fuerint
1049 633 1066 671 a
1084 612 1227 687 Domino,

92 702 130 747 ut
152 687 305 746 meliorem
331 686 400 745 alibi
425 692 511 746 vitain
544 686 598 745 sibi
624 684 685 747 cbse
705 688 864 761 sentirent,
888 708 921 747 ac
946 686 1079 767 neglecta
1098 699 1227 765 terrena,

91 764 173 823 illam
192 763 413 823 meditarentur.
457 762 603 837 Primum,
629 783 704 843 quae
724 763 859 823 divinitus
879 764 1011 823 iniuncta
1031 763 1094 823 illis·
1108 764 1169 823 suit·
1181 764 1226 825 vi·

93 840 183 901 vendi
201 840 352 912 conditio,
383 839 528 899 assiduum
549 852 611 899 erat
635 840 816 912 exercitium,
848 860 908 919 quo
940 839 1171 900 admonerentur
1194 860 1227 917 qe

94 917 229 977 omniurn
241 936 303 976 esre
317 916 505 988 miserrimos,
524 917 549 974 si
568 916 597 975 in
617 915 671 977 bac
691 916 780 975 modo
792 908 850 975 vitl
872 916 970 976 felices
986 927 1095 976 essent.-
1121 916 1227 993 Adam,

93 992 144 1052 vel
161 992 224 1051 sola
242 993 448 1052 recordatione
467 992 598 1071 perditae
625 991 770 1051 felicitatis
788 990 1015 1066 infelicissimus,
1033 991 1122 1052 anxiis
1141 992 1227 1055 labo-⁶

94 1068 178 1128 ribos
198 1074 356 1149 egestatem
376 1089 456 1127 snam
476 1088 563 1149 aegre
583 1080 740 1128 sustentat:
767 1090 800 1128 ac
826 1090 864 1127 ue
884 1069 916 1127 in
935 1068 1005 1131 solis
1024 1088 1162 1127 manuum
1183 1070 1227 1131 la*

94 1144 219 1204 boribus
237 1144 296 1203 Det
320 1144 527 1204 maledictione
552 1158 718 1224 prematur,
749 1145 828 1205 tmde
855 1145 998 1205 solatium·
1021 1144 1064 1203 illi
1086 1146 1228 1221 restabat,

10 1228 16 1241 '
96 1234 256 1281 extremum
275 1220 385 1280 luctum
406 1221 539 1311 percipit.
583 1221 626 1279 Ex
646 1220 760 1281 duobus
779 1221 844 1281 filiis
864 1220 939 1281 alter
957 1219 999 1279 illi
1017 1221 1146 1282 nefando
1164 1223 1227 1285 fra·

95 1297 149 1356 tris
168 1295 325 1376 parricidio
346 1298 482 1377 eripitur:
503 1317 569 1356 enm
589 1296 677 1356 babet
696 1298 891 1376 superstitem,
903 1298 985 1357 cuius
995 1310 1143 1377 aspectum
1162 1320 1227 1361 me·

95 1376 155 1432 rito
175 1374 339 1434 detestetur
357 1394 391 1434 ae
416 1373 544 1433 horreat.
592 1372 670 1432 Abel
694 1375 724 1432 in
750 1375 815 1453 ipso
842 1375 943 1434 aetatis
967 1375 1043 1433 flore
1068 1376 1227 1437 crudeliter

95 1449 272 1522 trucidatus,
291 1449 452 1529 exemplum
473 1462 518 1509 cst
537 1450 678 1509 humanae
696 1448 884 1511 calamitatis..
908 1452 977 1511 ttae
996 1450 1104 1515 bonam
1124 1453 1228 1517 aetatis
1300 1500 1304 1507 .

94 1537 209 1619 partem
229 1527 314 1605 (dum
331 1539 414 1587 totus
431 1527 513 1586 orbis
531 1547 634 1595 secure
654 1526 820 1602 deliciatur)
842 1547 910 1587 cnm
923 1544 1034 1607 &ntegra
1054 1528 1227 1620 fatigatione

96 1622 214 1663 rnrarca
234 1604 405 1663 exstruenda
425 1602 540 1662 deterit.
580 1603 673 1678 Quod
693 1614 820 1663 mortem
839 1604 957 1684 effugit,
971 1606 1005 1665 id
1026 1602 1059 1663 fit
1067 1606 1227 1671 meroribus

96 1680 158 1759 eiqs
176 1678 329 1753 molestiis,
341 1700 427 1759 quam
446 1680 471 1739 si
490 1692 609 1739 centum
626 1692 737 1761 mortes
748 1679 904 1741 obeundae
923 1691 1029 1745 essent.
1053 1682 1126 1741 Num
1142 1702 1227 1762 prae·

95 1767 229 1836 terquam
250 1758 330 1834 quod
348 1776 416 1816 arca
435 1755 477 1816 illi
497 1758 634 1835 estquasi
649 1756 817 1834 sepulcrum
837 1757 938 1817 decent
956 1755 1110 1829 mensium,
1129 1760 1228 1823 intua,

96 1834 160 1893 rins
175 1832 329 1893 nibilesse
348 1845 455 1912 potest,
475 1854 561 1912 qnam
581 1836 611 1891 in
631 1831 799 1891 animalium
817 1833 1228 1911 stercoribnspaeneimmer·

96 1932 159 1968 surn
180 1909 293 1969 tamdiu
313 1910 448 1969 detineri.
491 1910 650 1988 Postquam
679 1921 771 1968 tantas
796 1908 979 1969 difficultates
1004 1909 1229 1986 eluctatum,

97 1986 126 2045 in
147 2006 255 2046 novam
274 1986 419 2046 moeroris
438 1986 586 2045 materiam
599 1985 722 2045 incidit:
750 1982 877 2045 ludibrio
897 1984 1048 2047 sebaberi
1068 2007 1084 2046 a
1105 1988 1227 2068 proprio

97 2062 159 2121 tilio
178 2058 278 2123 videta.
294 2075 325 2121 et
344 2064 381 2135 ei,
401 2083 495 2142 quem,
507 2062 684 2143 inaguollei
704 2062 848 2122 beneficio
869 2062 978 2123 talen·
998 2082 1032 2122 ιι
1050 2062 1163 2125 diluvio
1179 2060 1228 2125 rei

97 2152 299 2219 ceperabano
318 2139 407 2218 ipsius
427 2159 479 2199 ore
498 2139 673 2198 maledicere
685 2141 819 2220 cogitur.
856 2170 869 2183 ··
972 2178 994 2185 --
1032 2174 1035 2179 ·
1074 2176 1080 2193 ·
1195 2174 1227 2201 „a

175 2224 222 2281 ιι.
259 2216 409 2276 Abrabam
428 2216 545 2295 quidem
566 2234 639 2276 unns
658 2217 748 2275 instar
758 2216 858 2275 decern
874 2212 1037 2294 myriadum
1058 2216 1145 2276 nobis
1165 2235 1228 2289 esse

100 2292 204 2367 debet,
221 2293 248 2352 si
263 2306 413 2372 spectatur
432 2294 492 2351 eius
512 2292 597 2363 fides,
616 2313 688 2370 qnae
707 2291 795 2353 nobis
813 2293 845 2353 in
865 2294 1003 2370 optimam
1023 2294 1163 2354 credendi
1181 2312 1229 2357 ree

99 2369 196 2451 gulam
216 2371 409 2449 proponitur:
433 2370 463 2428 in
483 2371 564 2429 cuius
585 2369 670 2428 etiarn
690 2389 818 2450 genere,
837 2369 1015 2433 uc;titii.ttei
1034 2372 1137 2444 simut,
1157 2390 1229 2445 cen-

100 2448 158 2505 seri
179 2467 233 2506 nos
252 2458 373 2526 oportet
397 2446 466 2522 lvids
493 2445 574 2506 Calv.
599 2447 630 2505 in
652 2445 763 2508 Gener.
784 2468 815 2505 ca
839 2454 920 2522 ..s-l,
939 2454 1102 2512 tta-ts..
1135 2424 1229 2521 Quid

99 2544 171 2584 vero
190 2523 341 2601 absurdius
367 2545 460 2602 quam·
475 2535 587 2602 patrem
608 2523 738 2582 omnium
764 2468 892 2582 fidelium
921 2532 983 2584 e'ase
1001 2524 1067 2585 ttbr
1105 2546 1167 2600 am,
1180 2532 1230 2585 ’.ιι

99 2620 139 2659 ne
158 2613 340 2680 postremum
360 2601 477 2678 quidein
503 2600 639 2679 angulum
665 2599 742 2658 inter
761 2599 829 2659 illos
846 2600 969 2659 tenere?
1007 2602 1099 2678 Atqui
1119 2618 1228 2661 ennu-

100 2698 201 2750 mero‚
230 2679 292 2735 imo
313 2698 345 2734 ex
369 2676 462 2757 gradu
483 2672 614 2755 apprime
641 2677 909 2736 honorifico-deiici
932 2698 992 2735 non
1013 2690 1125 2755 potest,
1157 2676 1228 2755 qtti'tt

102 2752 255 2813 aboleatur
279 2765 340 2813 tota
366 2753 496 2811 ecclesia.
544 2752 604 2810 Iam
631 2753 712 2830 quod
740 2754 874 2812 advitae
898 2755 1094 2831 experimenta
1113 2754 1229 2825 attinet,

101 2831 154 2890 ubi
173 2832 296 2913 primum
315 2843 437 2889 vocatur
452 2830 513 2888 nei
533 2830 656 2908 imperio
676 2850 693 2886 e
714 2831 815 2907 patria,
836 2831 1132 2907 parentibus,·=amicis
1151 2828 1229 2897 a'rels

101 2907 239 2982 litur,.in
258 2907 362 2986 quibus
383 2910 566 2986 praecipuam
587 2909 661 2966 vitae
683 2906 865 2965 dulcedinem
887 2912 1088 2985 esse-putanti
1115 2905 1173 2965 acti
1190 2900 1230 2964 il·

100 2986 160 3044 lum
181 2984 325 3044 destinato
346 2983 469 3043 consilio
490 2983 626 3042 omnibus
644 2983 719 3041 vitae
739 2983 961 3042 oblectamentis
979 2982 1105 3060 spoliare
1124 2982 1230 3041 Doni-
1329 3052 1333 3057 Ι

100 3085 156 3121 nus
173 3061 271 3125 vellet.
310 3061 437 3119 Simulac
459 3073 564 3118 terram
584 3062 729 3140 ingressus
752 3073 804 3132 est,
825 3061 932 3139 inqua
951 3058 1070 3118 iubetur
1083 3059 1230 3134 babitaret

101 3141 177 3198 fame
198 3138 267 3197 inde
288 3137 420 3217 exigitur.
453 3137 517 3195 :Eo
543 3138 577 3195 ad
597 3161 616 3197 o
640 3137 900 3215 emquaerendam
919 3136 1046 3217 refugit,
1075 3136 1144 3210 nbi,
1169 3140 1240 3226 quit·

101 3237 132 3277 se
152 3215 331 3275 incolumem
351 3226 462 3285 servet,
482 3234 600 3273 necesse
620 3160 707 3273 babet
727 3233 846 3272 uxorem
885 3215 1056 3285 restituere:
1074 3212 1231 3292 quodne

101 3307 270 3353 curtuman
292 3291 388 3349 multis
406 3292 552 3350 mortibus
572 3291 660 3348 fucrit
679 3291 820 3349 acerbius.
860 3237 926 3349 fibi·
939 3292 969 3349 in
990 3301 1100 3348 terram
1118 3288 1231 3348 babita-

102 3371 157 3430 culi
177 3372 222 3429 sui
241 3388 375 3426 reversus
395 3381 452 3441 est,
474 3369 543 3425 inde
564 3390 676 3425 rursum
699 3366 773 3425 fame
793 3367 956 3446 expellitur.
997 3367 1102 3440 Qualis
1120 3378 1166 3426 est
1183 3365 1231 3425 fe-

102 3448 193 3506 licitas
210 3466 276 3503 eam
289 3457 395 3502 terram
412 3444 555 3517 incolere,
575 3444 626 3503 nbi
647 3445 733 3502 toties
749 3444 945 3513 esuriendum,
962 3446 1024 3501 imo
1044 3463 1115 3503 vero
1132 3442 1231 3505 inedia

102 3524 295 3603 pereundum,
315 3520 527 3601 nisiaufugias?
567 3518 659 3578 Simul
673 3520 778 3579 'eudem
791 3520 970 3579 necessitatis
988 3520 1134 3599 redigitur
1153 3541 1168 3579 a
1191 3520 1230 3580 nd
1251 3518 1254 3523 ’

74 3598 291 3661 'Abimelee'h.
322 3609 355 3654 ut
380 3612 467 3676 caput
491 3597 642 3655 redimere.
658 3596 767 3654 iactura
792 3597 889 3657 uxoris
910 3617 984 3674 opus
1012 3595 1118 3654 babent
1136 3600 1162 3673 (Ι
1185 3615 1232 3657 en.

101 3679 253 3752 1212).¹
277 3676 357 3733 Dum
376 3674 432 3732 buc
449 3688 539 3752 atque
560 3672 628 3731 illuc
641 3672 762 3734 multos.
775 3694 865 3732 ιιιιιιοι1
884 3672 1013 3732 incertus
1032 3684 1232 3752 vagatur-,nas

100 3754 189 3814 siduis
208 3771 359 3812 servorum
380 3751 445 3809 rixis
457 3748 644 3831 compellitur
664 3761 813 3826 nepotem,
834 3770 919 3828 quem
934 3748 1075 3808 filiiloco
1096 3748 1233 3823 babebat,

101 3852 159 3890 ase
180 3828 337 3887 dimittere.
365 3827 452 3900 Quae
471 3825 607 3886 discessio
628 3826 690 3885 sine
711 3825 874 3885 dubiunon
895 3825 978 3883 aliter
992 3825 1034 3883 ab
1055 3846 1092 3883 eo
1112 3837 1233 3904 accepta

100 3908 174 3977 fuit,
204 3925 290 3983 quarn
317 3905 341 3962 si
361 3904 484 3962 membri
511 3903 597 3962 nnius
615 3902 775 3962 sectionem
796 3923 893 3980 passus
914 3903 1001 3959 foret.
1050 3901 1145 3960 Paulo
1166 3914 1234 3980 post

102 3985 246 4062 captivum
266 3981 301 4040 ab
315 3979 454 4038 bostibus
475 3980 568 4059 abripi
590 3979 678 4037 audit.
718 3978 907 4057 Quocunque
929 3989 1042 4058 pergat,
1061 3976 1232 4038 vicinosrei

101 4060 179 4139 perit
198 4057 330 4115 immanis
349 4057 515 4128 barbariae,
540 4058 588 4134 qni
615 4076 652 4113 ne
673 4077 705 4112 ex
726 4054 838 4115 effossis
863 4056 979 4133 quidem
1000 4074 1109 4135 magno
1130 4054 1233 4115 labore

102 4135 197 4211 puteis
217 4155 320 4213 aquam
343 4133 444 4191 bibere
462 4136 565 4191 sinant.
609 4130 713 4209 Neque
739 4131 815 4190 enim
840 4153 922 4190 usum
948 4131 1107 4190 redimeret
1126 4152 1142 4190 a
1162 4151 1234 4217 rege

105 4211 211 4281 Gerar,
230 4211 365 4270 nisiante
377 4210 475 4268 fuisset
495 4208 667 4288 prohibitus.
693 4208 754 4265 Iam
773 4207 825 4266 ubi
845 4207 880 4267 ad
892 4206 1032 4265 effectam
1051 4219 1234 4269 senectutem

103 4299 221 4345 ventum
234 4299 286 4360 est,
303 4286 381 4365 quud
396 4285 484 4344 babet
495 4305 527 4345 ea
539 4297 615 4345 aetas
626 4283 853 4344 insuavissimum
866 4295 896 4342 et
911 4283 1139 4359 acerbissimum,
1152 4283 1235 4345 orbi·

103 4374 162 4424 tate
173 4363 341 4426 mulctatum
361 4381 392 4422 se
412 4362 502 4438 videt,
521 4362 617 4422 donee
636 4372 755 4440 praeter
763 4380 845 4441 spem
855 4359 1011 4425 'ismaelem
1021 4360 1131 4442 giguit:
1152 4359 1235 4423 coint
