2700 4732
412 86 422 129 Ι
859 128 865 135 .

82 196 103 253 8
461 187 540 261 bill.
558 187 615 246 111.
655 187 744 248 Chi).
763 186 816 246 xl.

87 330 134 391 cul
159 328 239 391 Deus
264 350 333 392 acce
355 342 387 392 to
412 331 470 391 lert
488 332 534 393 vel
561 333 684 411 imputat
704 330 842 391 iustitiam
865 328 928 389 sine
953 328 1111 408 operibus:
1142 326 1209 391 sieut

88 407 227 486 seriptum
254 420 313 485 est,
335 352 422 469 ilenti
446 429 571 488 quorum
596 408 730 468 remissae
756 418 824 467 sunt
847 405 1053 484 iniquitates,“
1073 418 1130 465 etc.
1152 405 1206 485 (ee

89 485 199 560 32,1.).
227 484 290 544 Illic
302 505 371 545 sane
382 506 442 545 non
457 487 492 544 de
505 484 714 545 iustificationis
734 493 826 576 parte,
845 483 896 542 sed
907 484 943 541 de
963 482 1024 561 ipsa
1046 495 1108 543 tnta
1118 482 1207 563 dispe·

90 570 140 618 tat.
186 560 255 620 Eius
283 582 373 641 porro
404 562 607 621 definitionem
633 582 649 620 a
671 561 783 619 Davsde
809 559 933 638 positam
962 570 1100 634 testatur,
1129 578 1205 639 quun

91 635 193 696 beatos
220 658 281 696 esse
306 640 492 717 pronuntiat,
524 639 628 717 quibus
654 637 738 696 datur
759 638 888 711 gratnm
914 648 1102 715 peccatorum
1122 636 1204 695 venia.

92 713 179 771 Unde
200 728 334 793 apparet,
354 715 489 774 iustitiam
510 715 600 788 hanc,
620 715 655 772 de
676 735 730 791 qua
757 713 902 792 loquitur,
928 711 1099 789 simpliciter
1122 714 1202 771 reatui

91 789 212 867 opponi.
253 791 311 849 Sed
332 792 366 850 ad
389 792 461 850 hanc
480 811 542 850 rem
563 790 643 850 locus
663 790 710 850 ille
723 804 767 849 est
778 790 908 849 omnium
923 789 1060 866 optimus,
1080 788 1202 849 obibant

92 884 154 924 esse
172 888 310 926 summam
332 868 419 927 docet
438 867 592 960 legationis
611 866 818 948 Evangelicac,
839 877 870 924 ut
890 864 1199 925 reconciliemurlleo:

91 942 652 1097 hildilid?diiaiii'i'i'liii
668 942 1200 1098 ⁵¹¹al'3‘¹²s⁰2aiii⁵li,i.‘tdduiiln's

92 1105 188 1152 tntum
208 1041 389 1156 couteitum:
411 1119 476 1157 nam
498 1096 585 1176 paulo
593 1063 671 1176 ’post
690 1094 836 1175 exegetice
849 1095 969 1167 addens,
978 1095 1146 1166 Christum,
1160 1092 1199 1173 qni

92 1172 205 1248 peccati
226 1192 326 1262 expers
346 1186 423 1244 erat,
443 1176 550 1234 sactum
571 1193 634 1233 esse
654 1193 707 1253 pro
733 1171 818 1231 nobis
838 1182 1008 1305 peceatum:
1042 1182 1074 1230 ut
1098 1170 1197 1231 moden

93 1246 340 1308 reconciliatonis
359 1249 419 1309 desi
442 1262 503 1323 net,
523 1270 583 1308 non
604 1249 682 1309 aliud
704 1248 777 1309 haud
798 1250 835 1306 du
859 1249 885 1306 ie
905 1247 1114 1307 reconciliandi
1126 1245 1196 1309 recht

92 1321 230 1402 intelligit
248 1346 334 1402 qnam
353 1271 510 1387 iustihcari.
549 1327 611 1385 Nec
630 1347 709 1397 sane,
730 1325 808 1403 quod
829 1322 896 1383 alibi
917 1324 1015 1396 tradit,
1033 1336 1133 1400 staret,
1148 1320 1197 1383 sta

92 1394 198 1457 dientin
221 1398 327 1460 Gla-isti
346 1422 399 1463 nos
419 1403 557 1463 constitui
577 1403 786 1479 insensatam.
806 1407 842 1475 5,
862 1401 940 1477 tlh),
973 1399 1027 1459 nisi
1052 1400 1083 1460 in
1102 1400 1197 1480 iptoet

94 1486 170 1533 extra
192 1496 245 1536 nos
265 1478 330 1537 iusti
351 1492 520 1559 reputamur
539 1499 637 1538 coram
656 1478 736 1538 Deo.
796 1485 805 1504 ⁸

167 1558 193 1616 b·
235 1555 344 1615 Verum
369 1557 435 1635 quia
462 1555 607 1615 Osiander
635 1567 796 1615 monstrum
828 1553 928 1613 nescio
954 1553 1035 1632 quod
1061 1548 1197 1613 essentiali

90 1625 215 1688 institiae
234 1630 352 1705 invexit,
371 1655 430 1713 qun
451 1632 504 1693 etsi
523 1632 619 1692 noluit
637 1630 757 1699 abolere
777 1631 931 1710 gratuitam
951 1630 1101 1706 iustitiam,
1120 1648 1150 1689 ee
1164 1639 1196 1689 te·

92 1724 158 1763 men
179 1708 302 1788 caligine
323 1708 460 1786 involvit,
480 1729 554 1788 quae
573 1710 635 1791 pies
654 1718 767 1767 mentes
783 1705 991 1766 obtenebratas
1009 1706 1089 1767 serio
1107 1702 1196 1787 gratiss

94 1780 203 1841 Christi
221 1805 306 1843 sensu
327 1786 436 1864 privet:
462 1798 617 1865 antequam
633 1784 676 1844 nd
702 1782 756 1843 alia
776 1795 909 1854 transeo,
933 1781 991 1855 boc
1014 1781 1145 1842 delirium
1159 1798 1195 1841 re·

92 1855 194 1917 fellere
219 1881 327 1939 operae
354 1862 477 1942 pretium
503 1874 555 1922 est.
574 1900 611 1911 -
649 1862 750 1920 Primo
776 1860 846 1919 haec
871 1858 1033 1939 speculatio
1059 1864 1195 1919 meraeed

91 1934 266 2015 ieiunaeque
286 1938 470 2000 curiositatis.
508 1938 599 1998 blulta
619 1937 735 2017 quidem
755 1935 926 2016 scripturae
945 1935 1111 1995 testimonia
1128 1952 1195 1995 acet·

92 2009 193 2084 mulat,
214 2014 317 2092 quibus
338 2014 485 2075 Christum
527 2015 611 2073 robet
630 2035 719 2073 unum
740 2033 801 2072 esse
822 2011 990 2086 nobiscum,
1010 2024 1040 2070 et
1060 2032 1113 2073 nos
1130 2006 1193 2069 sicit·

24 2130 26 2134 .
91 2086 146 2147 sim
166 2110 231 2147 cum
252 2089 330 2168 ipso,
350 2092 427 2182 quod
449 2037 625 2171 proliatione
645 2111 704 2149 non
725 2088 854 2172 indigeta'
871 2088 922 2148 sed
944 2089 1011 2166 quia
1033 2109 1096 2147 non
1113 2086 1194 2149 obser·

91 2175 140 2222 rat
160 2164 242 2224 huius
262 2166 378 2226 unitatis
397 2168 555 2243 vinculum,
573 2188 604 2227 se
625 2166 717 2246 ipsum
736 2165 879 2245 illaqueat.
917 2163 1011 2225 Nobis
1023 2184 1094 2225 vero
1114 2180 1195 2224 onnes

92 2240 153 2299 eius
174 2241 268 2301 nodos
288 2244 423 2322 expedire
444 2244 527 2304 lacile
547 2255 600 2318 est,
619 2244 668 2337 qui
687 2255 820 2301 tenemus
840 2262 894 2301 nos
913 2263 978 2300 curn
1000 2240 1119 2303 Christo
1136 2234 1195 2325 uniti

92 2335 194 2375 arcana
215 2317 342 2396 Spiritus
367 2319 427 2380 eius
447 2320 562 2379 virtute.
612 2321 800 2397 Conceperat
821 2317 865 2377 vir
890 2316 940 2376 ille
964 2317 1100 2453 quiddam
1127 2314 1194 2377 aihu

92 2391 285 2468 Manichaeis,
315 2407 348 2455 ut
374 2396 526 2457 essentiam
546 2396 603 2456 Dei
623 2396 651 2455 in
678 2395 812 2454 homines
832 2394 961 2453 translan
985 2414 1034 2453 ere
1055 2398 1194 2474 appeteret»

92 2468 172 2528 Hinc
191 2467 267 2529 aliud
288 2471 349 2531 eius
369 2484 580 2546 manutentum,
605 2471 697 2531 hdarn
719 2472 806 2531 luisse
828 2471 983 2529 formatum
1004 2470 1039 2530 ad
1061 2470 1195 2551 imagine!

91 2544 166 2604 Dei:
194 2546 261 2623 quia
281 2548 335 2606 iam
356 2561 424 2611 aute
451 2548 560 2628 lapsum
582 2548 738 2607 destinatus
763 2559 824 2606 erat
845 2546 977 2606 Christus
996 2546 1139 2626 exemplar
1154 2543 1195 2605 he·

92 2641 194 2682 manae
215 2634 342 2684 naturae.
391 2624 452 2684 Sed
472 2626 538 2704 quia
558 2624 693 2684 brevitati
711 2624 833 2695 studeo,
853 2625 881 2683 in
903 2623 1048 2703 praesenti
1067 2642 1147 2683 causa
1160 2618 1195 2679 ie·

91 2702 197 2759 sistam.
216 2733 256 2746 —
293 2701 446 2761 triclinos
471 2722 559 2759 unum
580 2721 642 2761 esse
662 2722 726 2761 cum
748 2699 876 2760 Christo.
926 2700 1077 2760 Fatemur:
1103 2700 1196 2759 interce

91 2796 230 2858 negamus
249 2776 363 2839 misceri
383 2776 492 2839 Christi
512 2777 663 2837 essentiam
683 2798 748 2836 cnm
769 2788 877 2835 nostra.
925 2775 1042 2834 Deinde
1063 2790 1197 2856 perpere!

13 2866 16 2871 '
92 2852 149 2913 hoc
173 2853 346 2933 principium
372 2854 448 2915 trahi
468 2854 589 2914 dicimus
614 2853 651 2913 ad
677 2852 740 2913 illas
764 2852 825 2911 eius
851 2851 1032 2933 praestigias:
1064 2853 1199 2913 Christe·

90 2929 177 2991 nobis
197 2950 259 2990 esse
279 2931 430 3006 iustitiam,
450 2931 516 3011 quia
532 2930 614 2991 Deus
633 2940 677 2990 est
695 2941 839 2997 aeternus,
859 2928 925 2988 lons
945 2928 1080 3001 iustitiae,
1096 2928 1201 3009 ipsaque

19 3035 26 3048 ·
89 3005 148 3065 Dei
168 3007 285 3067 iustitia.
325 3007 484 3085 Ignoscent
504 3007 628 3067 lectores
647 3006 670 3065 ai
691 3026 769 3065 nunc
788 3016 899 3064 tantum
919 3002 1203 3085 attingo,qnaeratio
1241 3030 1243 3041 ·

92 3081 217 3142 docendi
237 3082 265 3141 in
286 3084 372 3143 alium
394 3084 491 3144 locum
511 3083 624 3142 dillerri
665 3082 779 3141 ostulat.
824 3082 962 3156 Quamvis
981 3095 1079 3140 autem
1100 3088 1208 3143 ercotel

90 3177 205 3218 sevoce
222 3159 349 3219 iustitiae
369 3159 525 3219 essentialis
545 3181 605 3218 non
626 3105 701 3217 aliud
722 3158 885 3229 intendere,
906 3180 989 3236 quain
1011 3171 1043 3216 ut
1061 3157 1129 3217 huic
1146 3176 1208 3217 sen·

91 3235 201 3295 tentiae
222 3249 371 3308 occurrat,
403 3256 456 3295 nos
481 3247 603 3315 propter
624 3234 771 3296 Christum
796 3235 885 3294 iustos
912 3234 1055 3313 reputaris
1088 3232 1210 3295 dilucide

88 3322 185 3370 tamen
207 3312 339 3388 exprimit
358 3333 389 3372 se
409 3332 470 3370 non
490 3333 523 3370 ea
544 3312 650 3371 iustitia
661 3322 842 3384 contentum,
862 3331 936 3389 quae
949 3310 1034 3369 nobis
1047 3302 1212 3372 obedientia

90 3398 120 3445 et
139 3387 281 3447 sacrificio
302 3389 403 3447 mortis
424 3386 532 3449 Christi
553 3392 712 3466 parta'est,
731 3387 842 3467 tingere
863 3409 916 3446 uns
936 3386 1167 3447 substantialiter
1183 3388 1229 3449 itt·

88 3463 156 3522 Deo
176 3464 268 3523 iustos
288 3483 350 3523 esse
369 3476 427 3523 um
448 3465 570 3524 essentia
591 3485 675 3543 quarn
694 3463 829 3542 qualitate
849 3463 952 3522 inlusa.
975 3501 1010 3510 --
1036 3464 1119 3524 Haec
1139 3463 1215 3525 enin

89 3540 163 3601 ratio
184 3551 228 3599 est
247 3562 299 3600 cur
318 3552 375 3599 tam
396 3539 583 3600 vehementer
601 3540 770 3614 contendat,
789 3560 849 3599 non
869 3539 962 3599 solum
986 3538 1147 3614 Christum,
1166 3540 1216 3601 aed

88 3617 205 3676 Patrem
226 3629 256 3675 et
276 3615 416 3696 Spiritum
437 3618 467 3676 in
488 3615 572 3677 nobis
593 3615 732 3676 habitare.
784 3615 874 3688 Quod
896 3616 1067 3674 etsiverum
1088 3637 1154 3677 esse
1174 3616 1217 3677 la·

88 3706 165 3767 teor,
184 3712 321 3771 perverse
339 3704 434 3753 tamen
456 3691 491 3753 ab
513 3712 549 3751 eo
570 3693 701 3771 torqueri
721 3692 797 3751 dico.
837 3694 956 3751 Modum
969 3692 1046 3750 enirn
1065 3690 1218 3754 habitandi

14 3836 19 3845 1
89 3771 253 3848 expendere
272 3768 407 3840 decebat,
427 3789 532 3850 nempe
552 3770 629 3849 quod
650 3770 737 3827 Pater
758 3781 787 3827 et
805 3768 929 3847 Spiritus
948 3769 978 3827 in
992 3769 1113 3828 Christo
1132 3782 1216 3831 sunt:

90 3858 120 3903 et
138 3844 212 3906 sicut
231 3846 260 3904 in
282 3846 290 3905 i
312 3867 345 3906 so
368 3846 476 3905 habitat
496 3846 649 3926 plenitudo
670 3845 844 3917 divinitatis,
878 3845 916 3904 ita
942 3846 971 3903 in
997 3847 1061 3924 ipso
1082 3846 1218 3924 posside·

89 3943 153 3983 mus
178 3933 273 3981 toturn
292 3868 400 3982 ileum.
452 3922 601 4001 Quicquid
629 3941 701 4003 ergo
728 3942 857 3981 seorsum
884 3921 919 3979 de
940 3921 1026 3980 Patre
1051 3933 1081 3980 et
1100 3922 1218 4003 Spiritu

110 3998 219 4073 rolert,
249 4019 310 4059 non
342 3999 400 4058 alio
431 3997 526 4058 tendit
557 3999 612 4057 nisi
639 4011 671 4056 ut
696 3997 838 4077 simplices
869 3997 1013 4056 abstrahat
1042 4017 1057 4056 a
1083 3998 1217 4061 Christo.

119 4075 204 4134 einde
222 4075 438 4135 substantialem
458 4074 627 4134 mixtionem
647 4076 764 4152 ingerit,
783 4096 838 4152 qua
852 4075 931 4132 Deris
951 4095 981 4132 se
1003 4074 1032 4132 in
1053 4094 1108 4134 nos
1122 4087 1218 4137 trans-

87 4149 223 4225 lnndens,
242 4152 322 4231 quasi
341 4162 453 4230 partem
473 4150 517 4211 seii
537 4150 633 4211 iaciat.
673 4152 746 4210 Nam
766 4150 872 4211 virtute
892 4150 1017 4229 Spiritus
1037 4151 1132 4211 sancti
1153 4152 1218 4213 lieri

87 4236 120 4285 ut
139 4227 332 4289 coalescamus
353 4248 417 4287 curo
439 4226 570 4301 Christo,
589 4225 734 4306 nobisque
753 4227 790 4286 ait
809 4239 896 4307 caput
916 4239 946 4286 et
966 4247 1020 4286 nos
1040 4226 1102 4288 eius
1122 4249 1217 4289 mem-

85 4300 151 4379 bra,
169 4302 232 4366 lere
250 4324 306 4388 pro
326 4301 419 4367 nihilo
439 4303 531 4380 ducit,
549 4303 605 4367 nisi
622 4301 685 4367 eius
700 4303 824 4367 essentia
844 4302 929 4366 nobis
948 4302 1116 4367 misceatur.
1155 4304 1217 4369 Sed
