2596 4726
750 114 760 155 [i

780 238 789 255 Ι

49 152 52 157 ’
110 222 152 265 ι,
447 192 524 255 iis.
543 192 601 253 iii.
641 192 730 255 cir.
744 158 780 253 'v
1138 196 1224 293 ips.

42 339 173 433 §inquit
200 336 306 399 Petrus
329 336 397 399 Aet.
420 342 474 413 10,
498 338 562 432 13.)
597 338 798 401 testimouium
827 334 1002 418 perhibent,
1031 336 1112 419 qnod
1140 358 1196 420 per

41 438 156 509 ipsum
174 414 343 496 accipienda
371 415 411 475 sit
438 416 573 477 remissio
602 419 827 497 peccatoinms‘*
856 413 1059 496 indulgentiae
1088 416 1195 477 remis·

42 512 173 554 monem
194 503 381 572 peccatorum
401 512 455 571 per
473 493 611 567 Petrum,
640 491 764 553 Paulum
790 501 822 551 ει
845 491 989 569 Martyres
1015 488 1193 572 largiuntur.

46 569 207 651 „Sanguis
228 566 338 629 Christi
367 569 507 629 emundat
532 590 585 629 nos
612 590 627 629 a
654 573 798 649 peccato“
822 567 934 646 (inquit
952 567 1080 627 Ioannes
1100 568 1125 626 Ι.
1145 588 1193 649 ep.

32 648 166 722 ·1,7.):
187 643 268 704 indul
291 644 387 705 entiae
404 645 575 726 sanguinein
596 646 673 704 lliart
694 667 757 704 rum
779 644 889 706 iaciunt
929 655 1096 704 erratorum
1107 643 1192 704 ablu·

47 725 181 783 tionem.
218 663 374 795 „Christus
400 721 510 801 (inquit
528 720 634 781 Paulus
654 667 695 780 li.
716 721 789 782 Cor.
812 728 842 794 ὅ,
858 665 937 795 ni,
963 719 1013 799 qui
1039 732 1192 810 peccatum

51 816 123 859 non
142 808 281 871 noverat,
303 795 397 857 iaetus
416 817 471 877 pro
492 796 579 857 nohis
599 808 643 857 est
667 802 840 878 peccatum“
864 796 910 886 (id
931 806 990 872 est,
1016 807 1129 877 peccati
1147 818 1195 859 sa-

51 874 213 950 tisfactio),
230 885 285 945 „ut
303 871 412 933 iustitia
431 873 489 934 Dei
509 873 693 935 efficeremur
712 874 741 933 in
762 874 851 933 illo:“
870 872 1070 953 indulgentiae
1089 892 1195 947 pecca·

55 958 160 1011 torum
188 949 417 1009 satisfactionem
448 949 478 1008 in
504 953 675 1032 sanguinem
696 951 858 1031 Martyrum
883 959 1042 1028 reponunt.
1081 948 1196 1011 Clamat

57 1024 169 1087 Paulus
187 1038 219 1086 et
238 1024 400 1087 Corinthiis
420 1026 628 1087 testificabatur
647 1027 685 1104 (l.
706 1048 753 1108 ep.
772 1033 802 1102 1,
822 1025 902 1103 tu),
927 1025 1022 1086 solum
1043 1024 1194 1087 Christum

60 1101 401 1239 ttrit³⁸..⁰3ttd¹⁰.¹t
421 1102 1196 1240 55.rt⁰lttt..‘⁸'‘nl‘¹tlt⁰‘tittttltltl

23 1249 29 1262 ⁸
66 1254 160 1317 aliun
182 1199 415 1315 ecclesiampsuo
440 1277 489 1315 san
514 1258 582 1315 uine
606 1224 689 1335 (ac't.
708 1262 762 1330 20,
780 1258 859 1332 28.):
891 1223 1090 1337 indulgentiae
1115 1200 1196 1315 aiiud

69 1332 188 1409 pretium
207 1330 406 1411 acquisitionis
424 1332 454 1392 in
475 1275 638 1426 hiartprum
663 1334 806 1414 sanguine
824 1344 965 1393 statuunt.
1002 1331 1091 1421 „Una
1111 1330 1196 1394 ohla-

73 1406 147 1471 lione
165 1407 298 1469 Christus
317 1411 528 1468 consummavit
550 1430 582 1467 iii
605 1420 781 1500 perpetuum
801 1409 1032 1482 sanctificatos,“
1051 1419 1091 1468 ait
1110 1408 1196 1488 Apo·

10 1544 21 1571 a
46 1532 55 1567 ,
77 1482 156 1545 stolus
173 1483 266 1563 (lleh.
282 1489 331 1557 10,
349 1486 427 1559 im:
446 1484 649 1566 indulgentiae
669 1484 837 1561 reclamant,
855 1506 872 1544 a
892 1482 1072 1562 hiartyrihus
1114 1483 1196 1545 eilici

10 1618 23 1647 ι,
59 1560 330 1632 mortificationem,
349 1581 424 1639 quae
444 1560 555 1651 alioqui
575 1583 637 1620 nun
656 1562 813 1622 sufficeret
852 1562 981 1620 loannes
998 1559 1069 1619 dicit
1083 1505 1195 1641 ὧροι.

81 1640 106 1708 l,
119 1639 190 1714 11),
208 1648 325 1697 sanctos
345 1655 446 1696 omnes
466 1636 567 1698 lavisse
586 1638 674 1698 stolas
700 1638 730 1696 in
750 1637 891 1719 sanguine
910 1636 1006 1719 Agni:
1036 1636 1196 1719 indulgen·

82 1710 128 1771 tiae
144 1713 250 1774 docent
270 1711 364 1772 lavare
383 1713 469 1773 stolas
489 1714 518 1772 iii
539 1716 681 1796 sanguine
700 1714 887 1774 Sanctorum.

10 1839 22 1862 „
142 1794 168 1855 3.
203 1789 360 1848 Praeclare
379 1790 516 1850 adversus
536 1789 607 1851 haec
625 1789 775 1869 sacrilegia
784 1791 848 1849 Leo
861 1791 1011 1849 Romanus
1028 1787 1196 1870 Episcopus

10 1866 20 1941 '-
84 1858 113 1921 ad
121 1862 292 1926 Palaestinos
299 1864 406 1955 [Epist.
413 1866 491 1957 81.]:
511 1867 684 1941 „Quamvis,
695 1866 802 1946 inquit,
815 1866 973 1925 multorum
985 1876 1152 1926 sanctorum
1163 1865 1195 1931 in

10 1946 19 2030 '3
84 1943 246 2021 „conspectu
261 1942 384 2002 Domini
403 1956 530 2022 pretiosa
543 1965 622 2003 mors
633 1943 949 2023 tuerit(1>s.116‚15.),
968 1940 1075 2002 nullius
1095 1953 1195 2004 tamen

10 2085 18 2096 ·
85 2012 207 2087 „insontis
228 2018 336 2079 occisio
358 2019 527 2100 propitiatio
545 2019 721 2079 luitmnndi.
760 2025 911 2098 Accepere
924 2018 1002 2094 iusti,
1021 2039 1082 2078 non
1104 2018 1197 2079 dede-

10 2162 17 2173 ·
86 2104 160 2161 „runt
175 2114 316 2169 coronas,
336 2107 366 2153 et
386 2095 422 2154 de
447 2096 621 2157 fortitudine
646 2096 775 2156 fidelium
801 2109 868 2156 nata
893 2106 962 2155 sunt
987 2094 1117 2175 exempla
1142 2115 1196 2177 pa·

85 2166 223 2245 pientiae,
250 2190 312 2231 non
345 2171 423 2232 dona
453 2173 594 2233 iustitiae:
625 2172 786 2254 singulares
815 2173 925 2253 quippe
955 2191 1060 2233 eorum
1084 2184 1197 2233 mortes

10 2316 18 2329 Ι
85 2238 184 2335 „inere,
212 2266 269 2307 nec
300 2245 419 2308 alterius
443 2247 583 2328 quispiam
604 2248 735 2309 debitum
759 2270 813 2310 suo
833 2250 893 2309 fine
917 2248 1073 2330 persolvit:
1105 2270 1196 2329 quum

87 2336 165 2389 ‚nnus
181 2324 323 2383 exstiterit
341 2324 488 2384 Dominus
509 2324 658 2399 Christus,
676 2327 707 2385 iii
727 2347 787 2407 qno
807 2344 910 2385 ornnes
929 2325 1072 2400 crucifixi,
1091 2345 1196 2387 omnes

87 2398 212 2474 mouri,
238 2398 362 2478 sepulti,
390 2401 551 2461 suscitati.“
598 2403 695 2477 Quini
720 2402 912 2474 sententiam,
940 2413 975 2462 ut
994 2412 1058 2462 erat
1080 2420 1196 2464 memo·

88 2466 182 2547 nhilis,
201 2474 271 2535 alihi
291 2495 410 2556 quoqne
430 2497 461 2537 re
484 2478 549 2537 etiit
574 2477 681 2559 [Epist.
701 2485 748 2544 95.
769 2521 777 2538 .
823 2477 906 2537 Nihil
925 2490 1006 2538 certe
1031 2477 1136 2539 elarius
1158 2477 1197 2539 ad

88 2546 297 2642 tqdodienduqi
323 2553 443 2633 impium
464 2499 529 2615 huc
554 2554 661 2636 dogma
688 2556 748 2616 desi
771 2555 852 2644 erari.
866 2566 963 2634 queat.
1011 2554 1076 2615 Nec
1094 2566 1196 2616 tamen

88 2636 163 2685 *tans
179 2648 194 2689 a
217 2639 314 2709 posite
333 2630 513 2710 Augustinus
532 2631 561 2690 in
583 2633 705 2691 eandem
724 2644 900 2692 sententiam
921 2631 1021 2711 [tract
1040 2630 1072 2689 iii
1090 2632 1197 2692 Ioann.

87 2696 150 2778 dl·]:
171 2650 255 2779 „iitsi
275 2704 393 2778 iratres,
419 2708 527 2787 inquit,
551 2729 607 2787 pro
628 2708 765 2768 iratribus
785 2708 943 2779 morimur,
973 2707 1079 2767 nullius
1098 2718 1198 2768 tamen

87 2781 614 2937 :llillzl'lffllttl‘'ltili''
630 2783 1004 2921 tztssttt‘tdttlltt‘
1024 2781 1198 2938 iiiiii

10 2912 21 2947 ⁹
87 2934 301 3069 §amaremur
320 2937 445 2994 contulit
464 2882 581 2996 ndhis.“
618 2937 694 2996 ltem
707 2883 785 2997 itini
804 2937 854 3016 [ad
865 2902 1055 2998 Bonittihl.
1067 2936 1196 3017 cap.t.]:

121 3022 173 3069 icit
189 3010 270 3071 solus
289 3011 380 3072 Pilius
399 3012 457 3072 Dei
484 3013 576 3072 sactus
603 3026 647 3074 est
665 3015 689 3073 F
692 3014 758 3074 ilius
781 3013 923 3086 hominis,
954 3024 988 3071 ut
1018 3031 1073 3071 nos
1097 3031 1198 3073 secum

10 3134 19 3173 ,
85 3074 166 3146 „filiii
182 3087 239 3146 Dei
260 3086 386 3148 laceret:
411 3090 450 3149 ita
471 3110 526 3168 pro
553 3089 639 3150 nohis
658 3092 737 3151 solus
756 3089 883 3181 suscepit
902 3089 966 3149 sine
985 3087 1067 3148 malis
1085 3089 1197 3151 meritis

10 3209 19 3248 ,
45 3182 49 3187 ·
84 3166 232 3240 sensuam,
250 3176 284 3223 ut
303 3186 357 3225 uos
379 3166 544 3245 peripsum
564 3167 627 3227 sine
647 3166 733 3227 honis
752 3167 863 3227 meritis
882 3184 1131 3244 consequeremur
1148 3167 1197 3227 in-

82 3229 218 3301 ndthitam
238 3242 394 3323 gretiam.“
437 3243 581 3322 Equidem
601 3265 690 3322 quum
710 3255 773 3305 tota
793 3263 894 3303 eorum
920 3242 1055 3302 doctrina
1075 3262 1108 3301 ex
1127 3241 1199 3303 hor·

10 3358 13 3377 .
81 3312 168 3377 re'ldis
185 3316 343 3399 sacrilegiis
363 3332 394 3380 et
412 3319 598 3398 blasphemiis
618 3332 739 3380 consuta
758 3322 810 3396 sit,
830 3319 901 3380 haec
925 3330 1022 3378 tamen
1043 3339 1114 3399 prae
1133 3319 1196 3381 aliis

10 3386 17 3403 ¹
95 3390 296 3475 religionen
315 3394 501 3475 blasphemia.
535 3398 707 3478 Agnoscent
723 3416 821 3456 annon
844 3395 914 3456 haec
933 3395 994 3455 sint
1011 3417 1061 3456 sua
1081 3395 1199 3476 placita,
1280 3416 1287 3435 ι

112 3476 211 3547 styres
242 3471 307 3552 plus
338 3485 435 3532 morte
460 3494 510 3532 sua
530 3473 598 3532 Deo
623 3474 798 3552 praestitisse
825 3495 858 3533 ae
882 3472 1003 3532 meritos
1028 3492 1197 3551 essequam

75 3524 131 3597 “7³3
148 3566 217 3638 opus
237 3560 325 3609 esset:
358 3561 523 3628 tantamque
544 3549 600 3609 illis
630 3551 801 3610 meritorum
827 3550 989 3639 largitatem
1009 3549 1198 3628 superfuisse,

74 3620 149 3679 quae
163 3646 192 3685 iii
212 3623 285 3684 alios
305 3625 491 3688 redundaret.
542 3627 589 3685 Ne
613 3626 702 3709 igitur
721 3647 930 3707 supervacuum
950 3637 987 3685 sit
1007 3636 1119 3683 tautum
1140 3623 1199 3683 ho·

69 3694 663 3837 {1:¹2³‘⁰⁰¹⁰‘f³⁰jr¹.²⁰‘⁰⁰¹fi⁸³!²ss¹ff¹¹⁰'⁰
680 3703 816 3793 panguini
837 3700 1200 3837 Christtiqetseiutroque

66 3796 234 3967 §goiim
260 3798 819 3936 it,t⁵.¹²t.⁰‘'.'t.i,;÷Aatimttssfl‘sst
836 3792 1198 3943 i.:t.¹:?t:3‘l¹l1¹5l.3.

66 3942 87 3975 ι’
115 3930 222 4009 'apples
242 3930 273 3990 in
294 3952 420 4011 corpore
446 3953 513 3991 meo
539 3951 667 4010 eaquae
692 3931 798 3991 desunt
822 3932 989 4013 passionum
1010 3928 1121 3988 Christi
1140 3946 1199 4007 pro

10 4040 12 4051 =
63 3996 195 4074 ‘⁰¹90oe
214 4008 292 4083 eius,
312 4008 392 4087 quod
413 4021 457 4070 est
476 4007 628 4070 ecclesia.“
676 4008 757 4082 Quid
777 4007 835 4069 hoc
854 4018 908 4080 est,
927 4005 982 4065 nisi
1002 4002 1123 4064 Christo
1142 4022 1201 4095 no:

10 4060 14 4115 1
59 4070 135 4187 3¹:²¹¹
177 4083 361 4176 relinquere,
403 4096 550 4145 caeterum
599 4083 750 4166 vulgarem
786 4082 951 4144 sanctulum
994 4080 1107 4154 iacere,
1147 4098 1200 4216 qni

25 4174 32 4189 .
1167 4173 1200 4215 e,

10 4204 19 4265 .“
55 4208 172 4350 mli,
201 4259 292 4297 unum
313 4240 459 4318 proponi,
489 4258 579 4297 unuin
600 4237 764 4329 nominari,
790 4258 882 4297 unum
901 4236 1024 4370 respici,
1051 4246 1143 4324 quum
1161 4230 1200 4291 ds

116 4313 232 4377 'nenda
249 4325 439 4395 peecatorum
459 4314 640 4396 remissione,
659 4323 837 4396 expiatione,
851 4322 945 4377 saneti
968 4321 1085 4373 catione
1096 4318 1201 4395 agitur.

79 4380 319 4461 “unamines
333 4413 354 4461 i.
963 4389 1010 4458 qq

126 4158 216 4221 hubi
239 4182 285 4221 vix
310 4162 516 4244 dignoscatur?
567 4160 682 4234 Unum,
714 4181 804 4220 unum
842 4160 925 4220 illum
954 4155 1116 4247 praedicari
