2700 4732
71 186 130 249 466
457 176 533 241 LIB.
553 176 611 238 lll.
652 180 740 241 (ΞΜ).
762 180 796 238 l.
815 186 819 195 ’

72 334 167 395 carnis
186 332 318 393 lrbrdrm:
344 349 419 411 quae
438 332 494 393 nisi
513 331 544 391 in
564 330 698 391 ordinem
719 331 852 413 cogitur,
877 334 940 391 sine
962 330 1052 391 modo
1073 330 1208 407 eauudat,

72 424 104 471 et
123 410 213 470 habet
231 414 280 489 (ιιι
299 408 371 485 clini)
396 429 464 469 suos
483 407 710 489 suffragatores,
735 409 786 487 qui
805 409 859 468 sub
880 418 1033 486 praetextu
1054 428 1206 469 concessae

71 486 224 555 libertatis,
244 485 317 544 nibil
337 506 398 544 non
418 484 460 544 illi
480 485 664 563 permittunt.
709 485 827 559 Primo,
855 485 970 544 frenum
990 484 1034 543 illi
1052 506 1148 544 unum
1167 482 1209 545 in·

71 564 180 638 iicitur,
199 564 224 622 si
234 573 391 637 statuatur,
410 562 478 620 ideo
500 562 617 621 condita
638 561 723 621 nobis
742 581 804 621 esse
824 562 924 621 onmia
944 572 978 620 ut
996 580 1209 642 cognoscamus

71 652 240 713 auctorem,
260 658 294 697 ae
315 639 375 697 eius
395 636 606 719 indulgentiam
628 657 696 718 erga
716 659 770 698 nos
790 641 948 719 gratiarum
969 636 1088 697 actione
1109 656 1208 717 prose-

72 736 206 797 quamur.
245 715 305 773 Ubi
325 715 483 796 gratiarum
505 714 591 785 actio,
616 715 640 772 si
660 727 691 772 te
711 713 802 793 epulis
823 725 873 773 ant
891 716 962 773 vino
983 714 1022 773 ita
1045 713 1209 795 ingurgites

72 805 107 853 nt
124 792 170 852 vel
191 791 395 870 obstupescas,
425 791 472 850 vel
496 789 608 849 inutilis
636 791 764 851 reddaris
784 791 820 850 ad
840 792 954 869 pietatis
973 802 1104 869 tuaeque
1125 809 1208 850 vota-

72 869 162 929 tionis
182 868 300 927 officia?
319 867 380 927 Ubi
399 867 456 924 Dei
477 867 660 947 recognitio,
686 868 709 927 si
730 888 798 926 caro
819 888 852 925 ex
873 868 961 926 nimia
982 867 1164 926 abundantia
1181 865 1208 923 in

72 946 188 1005 foedam
208 944 359 1004 libidinem
381 942 540 1015 ebulliens,
559 954 687 1002 mentem
708 944 875 1023 impuritate
894 966 944 1003 soa
964 942 1067 1011 inficit,
1089 942 1208 1023 nequid

74 1022 149 1081 recti
172 1034 223 1080 aut
242 1019 358 1079 honesti
379 1020 499 1081 cernas?
520 1018 580 1078 Ubi
600 1019 630 1077 in
651 1021 779 1079 vestibus
799 1020 947 1101 gratitudo
969 1039 1039 1101 erga
1059 1018 1207 1089 Deum,si

73 1109 248 1233 sumptuoso
268 1114 368 1154 earum
390 1107 498 1155 ornatu
518 1108 549 1155 et
569 1116 623 1153 nos
643 1096 836 1170 admiremur,
868 1107 897 1155 ct
923 1095 995 1154 alios
1018 1094 1208 1155 fastidiamus?

74 1175 98 1235 si
119 1172 264 1254 eegantia
283 1184 314 1231 et
333 1172 430 1231 nitore
450 1170 484 1230 ad
510 1172 720 1251 impudicitiam
746 1194 799 1231 noc
825 1172 1045 1252 comparemus?
1075 1171 1139 1231 Ubi
1164 1188 1206 1229 re-

74 1250 207 1331 cognitio
228 1248 304 1320 Dei,
334 1248 358 1307 si
385 1248 415 1306 in
444 1268 543 1308 earum
567 1248 755 1307 silendorem
777 1248 884 1308 delixae
904 1249 962 1308 sint
981 1250 1118 1307 mentes?
1146 1266 1205 1306 nam

73 1338 155 1386 totos
174 1346 243 1385 suos
263 1345 363 1384 sensus
384 1324 468 1384 multi
489 1326 530 1385 sic
550 1324 586 1383 dc
601 1324 660 1384 iciis
686 1324 840 1397 addicunt,
870 1336 903 1383 ut
928 1344 1011 1382 mens
1036 1324 1145 1382 obruta
1168 1322 1206 1380 ia-

74 1413 153 1461 ceat:
186 1400 272 1459 multi
291 1420 451 1474 marmore,
471 1422 559 1472 auro,
600 1400 699 1459 icturis
726 1402 765 1460 ita
786 1401 979 1469 delectantur,
999 1410 1032 1457 ut
1052 1398 1202 1458 marmorei

73 1478 156 1552 fiant,
176 1487 328 1537 vertantur
347 1476 429 1554 quasi
448 1477 477 1533 in
500 1422 630 1549 metalla,
660 1476 767 1535 similes
786 1478 845 1537 sint
864 1476 948 1554 pictis
968 1474 1078 1556 figuris.
1118 1474 1205 1533 Nidor

74 1553 190 1615 culinae
209 1552 254 1613 vel
275 1551 400 1612 odorum
412 1552 543 1612 suavitas
563 1551 634 1612 alios
659 1552 871 1631 obstupefacit,
901 1571 939 1610 ne
965 1550 1034 1630 quid
1061 1548 1204 1631 spirituale

75 1629 225 1692 olfaciant.
265 1627 302 1687 Id
323 1648 441 1706 quoque
461 1629 554 1763 ipsimi
575 1630 604 1686 in
630 1627 749 1763 religuis
773 1629 875 1687 videre
901 1640 953 1687 est.
1006 1628 1201 1701 Quamobrem

74 1717 191 1769 constat
210 1705 257 1765 hic
277 1705 333 1764 iam
353 1703 462 1764 abuten
485 1705 495 1764 i
516 1704 662 1765 licentiam
683 1707 863 1783 aiquaotum
885 1705 1032 1779 cohiberi,
1054 1716 1085 1763 ct
1105 1702 1200 1765 confir·

74 1783 148 1843 mari
164 1780 244 1841 illam
263 1780 348 1841 Pauli
367 1781 513 1862 regulam,
531 1799 570 1841 ne
590 1783 684 1840 carnis
705 1802 803 1840 curam
823 1802 942 1862 agamus
961 1782 997 1840 ad
1017 1782 1084 1840 eius'
1101 1800 1199 1841 concu-

29 1918 35 1932 ,
74 1860 230 1941 piscentias
250 1857 353 1950 (Rom.
374 1864 422 1931 13,
443 1860 522 1937 14.):
544 1858 650 1938 quibus
669 1858 693 1917 si
709 1857 830 1917 nimium
842 1857 1026 1933 conceditur,
1046 1859 1111 1919 siue
1122 1856 1198 1917 modo

74 1936 120 1997 vel
140 1948 283 2015 temperie
304 1933 458 1993 ebulliunt.

151 2019 180 2076 4.
219 2010 280 2070 Sed
300 2010 379 2069 nulla
400 2011 511 2071 certior
529 2022 579 2071 aut
599 2010 763 2090 expeditior
783 2011 826 2070 via
847 2024 901 2085 est,
922 2032 1007 2090 quam
1028 2014 1104 2090 qua'e
1124 2006 1195 2067 nobis

74 2090 110 2149 lit
128 2110 144 2149 a
164 2090 326 2169 praesentis
351 2087 425 2146 vitae
446 2098 618 2167 contemptu
638 2100 669 2146 et
689 2088 823 2147 coelestis
844 2087 1068 2148 immortalitatis
1087 2086 1198 2146 medita-

74 2168 168 2227 tione.
209 2163 282 2222 lnde
303 2164 381 2222 enirn
402 2175 624 2243 consequuntur
642 2165 717 2223 duae
737 2164 870 2245 regulae:
892 2164 1006 2243 „utqui
1020 2162 1197 2224 utuntorlrot

75 2240 223 2320 „mundo,
255 2239 379 2331 perinde
399 2239 499 2299 affecti
519 2240 578 2300 sint
597 2242 655 2300 acsi
677 2261 738 2300 nou
758 2253 929 2301 uterentur:
962 2241 1012 2320 qui
1033 2258 1138 2300 uxores
1154 2238 1200 2297 dn·

76 2330 184 2394 „cuut,
204 2338 262 2376 acsi
283 2337 343 2375 uon
366 2316 521 2376 docerent:
546 2316 595 2396 qui
617 2329 733 2391 enrunt,
759 2319 816 2376 acsi
837 2338 896 2376 nou
918 2319 1084 2390 emerent,“
1111 2334 1201 2396 quent·

75 2395 233 2456 admodum
243 2392 351 2453 Paulus
364 2394 553 2472 praecipit(l.
563 2395 671 2467 Cor,7,
681 2399 727 2458 30.
735 2397 808 2473 31).
846 2394 962 2453 Deinde
981 2406 1015 2453 ιιι
1034 2414 1098 2453 ιιοιι
1115 2390 1205 2451 minu

75 2471 191 2553 placide
210 2489 243 2530 ac
262 2471 412 2549 patienter
431 2470 601 2549 penuriam,
625 2491 710 2549 quam
732 2472 882 2530 moderate
901 2470 1110 2530 abundantiam
1133 2469 1203 2545 ferre

75 2547 226 2608 noverint.
264 2545 326 2620 Qui
347 2545 519 2625 praescribit
538 2547 679 2605 utendum
700 2546 756 2606 boc
778 2548 886 2606 mundo
908 2560 1045 2627 tanquam
1066 2566 1127 2605 uon
1146 2554 1210 2605 nu-

74 2626 126 2698 ris,
147 2644 207 2683 non
220 2624 311 2684 modo
331 2621 363 2680 in
383 2624 451 2683 cibo
473 2634 503 2682 et
522 2635 606 2703 potu,
627 2624 712 2705 gulae
733 2624 948 2703 intemperiem:
974 2625 1003 2683 in
1023 2624 1142 2698 mensis,
1159 2624 1207 2681 a'e-

75 2700 188 2771 dificiis,
208 2699 335 2761 vestibus
355 2700 472 2758 nimiam
492 2698 662 2772 mollitiem,
680 2698 880 2775 ambitionem,
898 2698 1077 2777 superbiam,
1098 2700 1210 2769 fastum,

76 2777 278 2838 morositatem
300 2776 453 2836 exscindit:
474 2776 524 2835 sed
546 2796 663 2836 omnem
684 2798 781 2835 curam
803 2791 890 2859 atque
910 2778 1217 2853 affectionemque

76 2869 107 2916 te
127 2854 173 2915 vel
194 2853 320 2913 abducat
341 2854 387 2912 vel
406 2854 548 2934 impediat
567 2874 583 2912 a
603 2853 739 2913 coelestis
758 2856 836 2913 vitae
856 2855 1037 2933 cogitatione
1068 2865 1098 2912 et
1127 2866 1216 2929 eaeo-7

75 2932 181 2992 leodac
201 2932 314 2990 animae
334 2930 442 2991 studio.
482 2930 572 3008 niqui
592 2950 661 2990 vere
680 2929 751 2988 illud
772 2931 842 2990 olim
863 2933 1008 2991 allatone
1030 2930 1138 2989 dictum
1156 2932 1219 2993 eth

77 3008 182 3071 Cultus
202 3028 334 3088 magnam
355 3027 470 3082 curam,
501 3026 636 3088 magnam
656 3007 771 3067 virtutis
797 3027 857 3068 esse
878 3006 1031 3067 incuriam:
1060 3019 1092 3066 et
1119 2996 1223 3065 reteri

75 3084 236 3166 proverbio
256 3096 439 3165 usurpatum,
478 3084 537 3142 Eos
558 3083 608 3163 qui
629 3083 752 3143 m'ulttim
772 3086 802 3142 io
823 3085 955 3163 corporis
976 3105 1044 3143 cura
1066 3098 1221 3163 occupau-

75 3175 135 3234 tur,
155 3162 217 3220 fere
237 3161 351 3220 animae
371 3181 433 3220 esse
453 3158 648 3241 negligentes.
698 3160 779 3241 Ergo
806 3172 839 3219 ut
863 3161 899 3220 ad
925 3172 1034 3220 certam
1057 3157 1219 3220 formulae!

76 3259 138 3299 uon
165 3237 305 3318 exigenda
330 3237 369 3296 sit
392 3235 521 3295 fidelium
547 3238 577 3295 in
603 3235 690 3296 rebus
712 3239 836 3296 cateruis
856 3237 991 3309 libertas,
1023 3236 1089 3296 huic
1115 3240 1222 3296 tanet!

77 3327 159 3376 certe
178 3313 238 3394 legi
257 3312 388 3373 subiecta
408 3324 462 3386 est,
483 3323 619 3392 utquam
639 3314 790 3372 minimum
811 3315 866 3375 sibi
891 3314 1078 3395 indulgeant:
1098 3323 1223 3374 contras

76 3401 220 3473 perpetua
245 3388 334 3449 animi
360 3391 527 3449 intentione
556 3389 612 3449 sibi
637 3390 747 3449 instent
770 3391 806 3450 ad
838 3390 1062 3451 rescindendum
1095 3396 1228 3451 omne¹¹¹

76 3486 273 3548 supervacuae
309 3467 413 3545 copiae
452 3478 637 3545 apparatum,
683 3468 789 3525 nedum
826 3467 1020 3528 coercendam
1058 3466 1229 3545 luxuria&

77 3564 112 3607 ac
143 3542 301 3625 diligenter
327 3554 466 3619 caveant,
500 3560 539 3601 ne
574 3562 609 3602 ex
647 3542 821 3605 adiumentis
856 3544 911 3605 sibi
946 3543 1053 3603 faciant
1089 3535 1231 3625 impedt‘

76 3632 186 3683 meum.
242 3666 248 3673 .

153 3704 184 3763 6.
221 3695 324 3758 Altera
344 3694 446 3777 regula
467 3694 540 3769 erit,
559 3708 593 3755 ιιι
611 3697 716 3775 quibos
737 3719 781 3757 res
802 3710 940 3778 angustae
960 3708 1029 3756 sicot
1048 3717 1081 3756 ac
1101 3696 1242 3755 tenue&

76 3774 225 3857 patienter
243 3793 343 3835 carere
363 3772 511 3846 noverint,
531 3791 569 3832 ne
589 3773 744 3834 immodica
765 3794 864 3834 earum
884 3772 1246 3853 cupiditatcsollicitess'

77 3864 145 3927 tur,
176 3870 263 3942 quam
283 3849 517 3910 moderationem
537 3850 587 3928 qui
612 3861 730 3924 tenent,
762 3872 822 3911 non
849 3852 1038 3910 mediocriter
1062 3851 1092 3908 in
1117 3830 1250 3909 scuo¹³

76 3928 201 3989 Domini
220 3925 421 4009 profecerunt.
472 3924 729 3999 Quemadmodum
753 3928 800 3986 vin
826 3927 934 3988 habere
959 3938 1073 4007 potest,
1099 3946 1160 4004 quo
1195 3916 1252 3975 ⁵⁶

79 4004 252 4086 discipulum
272 4002 384 4063 Christi
404 4021 467 4061 esse
488 4003 606 4082 probet,
638 4004 688 4083 qui
721 4025 781 4063 non
803 4005 855 4064 hac
881 4005 909 4062 in
931 4016 1014 4083 parte
1034 3992 1255 4081 aliquateoffl'

77 4080 179 4145 saltem
199 4079 368 4162 profecerit.
407 4079 482 4138 Nam
501 4090 620 4158 praeter
642 4101 706 4139 uam
733 4080 814 4160 quod
841 4101 938 4140 rernm
964 4093 1147 4139 terrenarum
1168 4076 1255 4153 αρ’

77 4156 240 4239 petentiam
259 4156 438 4218 comitantur
456 4154 597 4247 pleraque
616 4101 672 4218 ilia
696 4160 777 4219 vitia:
809 4160 859 4237 qui
879 4157 1066 4238 impatienter
1086 4156 1147 4215 lert
1165 4156 1255 4237 pss‘

78 4233 204 4315 noriam
222 4233 402 4295 eontrarium
422 4242 510 4295 etiam
530 4235 561 4299 iu
583 4232 760 4297 abundantia
779 4235 914 4297 morbum
935 4233 1126 4315 utplurimum
1149 4235 1255 4315 prO‘

28 4316 96 4408 ...k
