2700 4732
224 39 278 87 sim
299 39 427 85 occurrit
446 45 474 81 m
496 39 671 102 t'ropuetrs,
708 39 741 81 ut
760 39 864 83 tectore
884 39 1070 83 mediocriter
1090 39 1250 84 exercitato

224 103 296 164 liare
316 120 378 161 esse
399 99 561 171 debent).
600 102 673 157 Nom
694 100 755 158 sere
776 101 892 176 quoties
913 100 1068 160 hortantur
1085 101 1119 159 ad
1135 102 1251 179 poenite

225 179 330 243 omissa
351 177 451 258 priore
471 175 579 251 tabula,
610 175 708 246 fidem,
740 177 896 249 iudicium,
927 177 1156 235 urisericordiant
1178 190 1209 237 et
1227 197 1251 236 at

223 266 284 315 tem
305 264 419 332 urgent.
458 252 562 331 Neque
583 251 640 310 boe
660 252 749 311 niodo
772 264 960 331 praetereunt
978 253 1036 311 Dei
1056 253 1205 325 timorem,
1224 274 1251 313 se

224 331 329 393 seriam
351 328 557 409 probationem
578 349 593 387 a
614 329 703 407 signis
725 329 849 409 exigunt.
889 331 956 388 Hoc
977 330 1094 407 quidem
1115 342 1250 390 notume

225 408 360 489 deLegis
381 405 586 464 observatione
607 405 761 475 disserunt,
781 406 953 484 pierumque
973 407 1106 465 insistere
1126 409 1155 481 in
1175 428 1251 466 secur

224 482 308 544 bula:
330 483 397 562 quio
417 481 475 540 ittic
495 483 616 541 maxime
636 482 811 560 perspicitur
831 483 955 542 iustitiae
976 496 1005 541 et
1024 484 1202 564 integritatis
1220 495 1251 543 st*

225 562 272 623 Ne
295 579 331 619 ue
351 579 425 637 opus
446 570 490 621 est
508 578 662 618 recensere
682 556 777 618 locos:
824 561 890 639 qnia
916 581 970 639 per
993 562 1168 640 requieque
1189 560 1251 621 iacit

224 582 387 698 mainertet
406 635 485 714 quod
509 635 584 694 dico.
1096 648 1104 669 ‘

301 719 348 778 53.
387 712 517 793 Ergone,
537 710 662 801 inquies,
680 710 770 791 pluris
791 723 834 771 est
852 712 888 772 ael
908 713 1035 772 institiae
1053 735 1207 784 summam,
1226 734 1251 775 cr

223 790 351 851 minibus
370 789 546 849 innocenter
563 809 670 862 vivere,
690 810 774 867 quam
795 791 902 868 pietate
916 790 1013 849 Deum
1034 791 1203 851 honorare?
1222 790 1251 849 M

224 868 276 928 sed
297 864 364 947 quia
385 888 446 925 nou
467 877 577 924 temere
598 865 660 943 quis
680 866 828 926 caritatem
850 888 904 946 per
923 867 1022 927 omnio
1034 868 1174 942 custodit,
1193 866 1251 929 nisi

224 944 303 1005 serio
325 943 439 1015 timeat,
459 942 528 1001 iude
548 962 666 1020 quoqne
686 942 801 1021 pietatis
822 942 999 1022 approbatio
1019 946 1152 1003 sumitur.
1192 944 1251 1005 Huc

225 1021 284 1096 dit,
314 1019 394 1098 quoti
407 1018 562 1091 Dominus,
582 1040 670 1096 quum
692 1020 785 1097 probe
798 1021 922 1095 noverit,
941 1020 1013 1078 nibil
1034 1021 1249 1081 beneficentiae

227 1096 272 1157 bis
293 1095 447 1177 pervenire
467 1095 502 1153 ad
522 1116 553 1154 se
572 1094 664 1173 ipsum
685 1117 768 1174 posse
789 1096 883 1174 (quod
910 1109 941 1155 et
960 1118 1013 1175 per
1033 1097 1214 1177 Prophetam
1234 1110 1249 1159 t

223 1173 333 1246 Ps.16,
351 1172 405 1245 2),
425 1192 486 1230 non
506 1171 561 1230 sibi
581 1171 676 1230 officia
697 1185 795 1231 nostra
817 1173 959 1252 deposcit,
977 1174 1028 1233 sed
1041 1195 1109 1254 erga
1122 1174 1251 1254 proximu

224 1271 295 1309 uum
321 1247 460 1329 operibus
491 1268 545 1306 nos
576 1260 700 1306 exercet
758 1248 861 1328 Itaque
892 1271 953 1309 non
985 1250 1048 1309 sine
1080 1271 1166 1310 causa
1195 1251 1251 1331 up«

224 1324 464 1405 (Epires.3,'19.
486 1322 682 1401 Coi.3‚14·)
712 1336 804 1385 totam
830 1338 997 1385 sanctorum
1023 1328 1238 1407 perfectionem

189 1458 192 1469 ,
223 1402 311 1461 ritate
332 1401 460 1479 reponit.
508 1400 571 1459 Nec
595 1402 687 1479 ipsum
711 1401 780 1462 alibi
799 1401 923 1463 absurde
943 1416 1029 1463 vocet
1047 1404 1134 1483 Legis
1155 1404 1251 1484 compl

223 1489 287 1538 tutu
306 1478 408 1555 (Rom.
428 1482 475 1549 13,
493 1481 554 1554 8.)=
594 1478 718 1551 addens,
748 1480 859 1559 Legem
884 1480 1039 1557 perfecisse
1065 1481 1115 1559 qui
1141 1481 1242 1574 diligit

224 1576 314 1613 mum.
352 1552 446 1628 Item,
478 1553 585 1614 'sotem
604 1554 714 1635 Legem
736 1577 795 1614 uno
816 1555 907 1615 verbo
928 1556 1148 1635 comprehendi,
1167 1558 1251 1639 ltnig

225 1630 333 1691 xiurum
353 1633 428 1691 sicut
448 1630 583 1709 teipsum
604 1630 832 1707 (Gat.5,14.).
870 1634 938 1692 Non
966 1634 1041 1691 enirn
1062 1632 1139 1692 aliud
1160 1634 1251 1695 docet

225 1708 358 1773 Christus
379 1708 451 1785 ipse,
472 1706 539 1766 dum
560 1707 600 1766 ait
618 1708 738 1784 (Matth.
759 1710 884 1783 7,12.):
909 1709 1135 1790 „Quaecunque
1146 1712 1245 1787 vultis,

223 1784 324 1862 „cient
342 1784 426 1843 vobis
447 1784 589 1856 bomiues,
609 1784 710 1843 endem
731 1785 817 1844 facite
837 1786 910 1844 iliis:
938 1787 994 1845 boe
1015 1798 1058 1844 est
1071 1788 1148 1845 euim
1160 1788 1251 1849 Lexe

223 1861 382 1940 „pbetee.“
403 1861 1251 1943 Certumst,inLegeetProphetisprimumiocumtenere

224 1949 255 1997 et
267 1937 404 2017 quicquid
417 1938 451 1996 od
464 1937 491 1995 ie
513 1937 625 1996 itimum
636 1938 691 1997 Der
704 1938 812 1997 cultum
827 1939 965 2016 pertinet,
980 1939 1114 1999 inferiori
1127 1939 1195 2001 ioco
1205 1940 1251 2001 sui

224 2013 429 2074 dilectionem:
449 2034 479 2073 se
517 2012 655 2094 intelligit
668 2014 825 2090 Dominus,
838 2014 868 2073 in
882 2014 962 2094 Lege
974 2015 1060 2075 nobis
1072 2029 1187 2077 tantum
1219 2038 1251 2078 ra

224 2089 295 2150 iuris
308 2102 337 2149 et
349 2090 503 2169 aequitatis
513 2091 590 2149 iuter
602 2092 733 2150 homines
746 2091 969 2163 observantiam,
985 2113 1041 2171 qua
1054 2092 1089 2151 ad
1101 2038 1251 2155 testarier

225 2166 288 2227 eius
309 2167 458 2241 timorem,
476 2167 576 2245 siquis
591 2165 621 2225 iu
642 2166 728 2228 nobis
749 2178 802 2241 est,
821 2188 1014 2227 exerceamur.

301 2248 349 2307 54.
387 2242 445 2303 Hic
466 2263 538 2324 ergo
560 2243 739 2317 haereamus,
757 2255 818 2302 turn
841 2244 950 2324 optime
970 2245 1005 2304 ad
1024 2242 1083 2304 Dei
1104 2245 1251 2307 voluntate

200 2344 204 2353 ¹
245 2318 327 2398 isque
346 2319 558 2399 praescriptum
578 2320 769 2398 compositam
790 2321 855 2379 sore
874 2322 961 2380 vitum
983 2334 1129 2395 nostrum,
1170 2343 1240 2382 uum

224 2338 279 2455 bus
292 2395 372 2455 omni
384 2415 417 2453 ex
429 2408 512 2485 parte
533 2396 759 2455 fructuosissimo
781 2395 877 2456 suerit.
916 2397 952 2456 Iu
972 2409 1035 2458 tote
1055 2420 1127 2468 vero
1146 2344 1251 2480 Leges

223 2492 284 2518 nm
304 2491 363 2518 nnn
385 2470 506 2518 leonine.
540 2492 612 2518 mm
633 2472 762 2518 tonitium
784 2472 895 2518 anini
916 2474 953 2518 tin
973 2474 1005 2518 iio
1027 2487 1134 2518 centn-i}
1168 2496 1244 2518 mm
