2700 4732
12 214 163 288 ·m
361 281 367 295 ,
489 190 875 285 mmmm
1020 198 1033 215 '

105 362 145 426 de
161 367 356 453 praeponere
369 332 688 452 sacramentorumpau
706 356 850 453 loquitur,
869 314 965 421 nihilo
983 355 1052 442 plus
1070 357 1130 423 illis
1145 356 1254 423 tribuit

81 434 1254 606 .aestuasset:[ulamaulaeuusaste

107 592 157 658 vel
177 591 358 672 opprimant,
375 587 422 648 vel
442 587 614 665 obscurent,
633 589 679 650 vel
699 589 870 671 rmpedrant,
888 589 920 651 rd
938 601 1038 651 tamen
1057 590 1183 651 manime
1198 590 1253 653 ob·

110 680 206 745 stare,
231 666 394 752 quominus⁸
407 664 468 756 ubi·
480 678 511 725 et
534 666 650 759 quoties
670 666 738 741 Deo
761 665 876 747 placet,
906 677 1058 759 eteorum
1084 667 1121 728 de
1142 664 1254 729 curuo

112 744 381 825 communicatione
400 724 764 835 testpmourumoalledapt,
782 754 819 802 et
838 742 897 804 hoe
915 764 1011 837 rpsum
1030 762 1156 882 quopne
1176 741 1253 837 erh-

109 822 183 885 beat
204 829 392 902 praestetque
412 816 541 898 Spiritus
560 839 650 899 rpsrus
669 819 727 879 Der
747 818 825 899 quod
846 830 1034 900 promrttunt.
1056 852 1060 857 ·
1116 831 1253 883 oustator-

110 919 177 973 mus
196 917 269 980 ergo
288 906 470 957 sacramenta
488 913 558 955 sere
577 896 724 956 nominari
747 897 917 956 testimonia
936 898 1048 978 gratiae
1066 896 1128 956 Dei
1148 916 1186 957 ae
1202 914 1251 957 ro·

109 974 168 1069 luti
186 972 328 1064 quaedam
347 970 584 1064 benevolentiae,
602 993 659 1052 qua
671 991 739 1059 erga
759 992 814 1032 nos
828 972 952 1043 allectus
972 985 1027 1050 est,
1044 971 1160 1065 sigilla:
1180 992 1252 1053 quae

110 1072 204 1133 apsam
224 1046 519 1129 nobrsobsrguando,
538 1049 626 1108 lidem
645 1060 776 1123 nostram
796 1047 853 1110 hoc
871 1049 963 1109 modo
982 1060 1144 1125 sustinent,
1162 1048 1253 1126 alunt,

112 1128 307 1202 confirmant,
326 1124 482 1219 adaugent.
501 1158 540 1195 -,-
579 1124 665 1216 Quae
687 1144 758 1218 sero
779 1137 882 1218 eontra
902 1126 977 1187 hanc
994 1125 1178 1187 senteutiam
1196 1124 1254 1187 ob-

92 1204 215 1297 'ieptari
233 1224 250 1264 a
270 1199 420 1295 nonnullas
439 1200 538 1279 soleut¹
555 1212 700 1276 rationes,
721 1222 812 1295 prmus
831 1200 952 1263 frivolae
965 1221 1158 1295 ‘eneruesque
1175 1212 1253 1264 not

113 1277 1254 1448 lttl‘:tlttit,llttdtttz‘tlttri'tttttt’distetistt!

29 1490 34 1497 .
113 1430 454 1525 sericordsaeppmtrtur.
493 1430 611 1506 Quibus
629 1443 717 1493 satius
737 1431 832 1493 luerat
850 1453 915 1492 oum
927 1431 1081 1512 Apostolus
1100 1450 1202 1524 orare,
1220 1440 1255 1492 ut

112 1507 585 1649 lttlttffiztttttdlt?
605 1508 693 1645 ‘¹3:¹3
710 1509 860 1645 {tells
874 1506 1080 1645 ttt't’ltt
1093 1506 1255 1646 illst:

113 1674 285 1756 assequutus
304 1673 358 1738 est,
377 1681 465 1754 nemo
485 1605 655 1752 asseqdelur
667 1661 705 1752 'io
724 1606 881 1722 liaevita.q
895 1660 1119 1770 Reppondeaot,
1138 1659 1255 1741 qualem

114 1736 360 1890 stuzas
374 1736 763 1906 salutasset
780 1736 1256 1907 <desolasset

115 1892 222 1955 eltoata
240 1891 328 1965 fides,
358 1891 438 1951 bona
456 1902 533 1965 erat,
563 1901 594 1950 et
612 1893 719 1952 mehor
745 1890 859 1952 sublata
884 1889 1089 1952 incredulitate
1113 1889 1183 1952 fierr
1200 1911 1255 1972 po-

114 1980 201 2031 terat.
257 1968 316 2028 Sed
348 1966 431 2029 nullo
460 1969 588 2027 certiore
616 1980 791 2049 argumento
821 1987 907 2049 quam
936 1987 986 2027 sua
1014 1967 1150 2047 ipsorum
1181 1987 1256 2028 eou-

115 2046 239 2109 scientia
257 2042 443 2105 refelluntur.
492 2043 566 2103 Nam
591 2040 621 2134 dl·
641 2056 811 2123 peccatores
835 2042 1024 2133 selatentur
1040 2043 1142 2135 (quod
1161 2046 1255 2106 velint

114 2121 214 2184 nolint
231 2122 355 2183 inficiari
368 2123 545 2201 nequeunt),
564 2119 594 2180 id
611 2141 706 2201 apsum
717 2121 786 2180 fidei
799 2140 868 2181 suae
878 2119 1256 2208 amperleetionirmputeut

82 2334 87 2343 ,
115 2210 309 2366 mcegefdsl
319 2250 482 2355 respondit,
501 2273 651 2354 inquiunt,
669 2271 823 2353 Philippus
842 2271 999 2348 Eunucho,
1017 2272 1170 2366 Baptinari
1189 2293 1253 2334 ean

114 2349 208 2487 litt
226 2350 947 2506 iisiisii‘ioii'iiail‘diiidiililld-llos
962 2350 1254 2489 ltttdtlffl

115 2502 196 2596 ipsos
215 2499 380 2585 interrogo,
400 2524 501 2562 annon
522 2469 630 2594 '’dll'l
651 2503 748 2563 cordis
769 2505 813 2565 sui
833 2516 945 2584 partem
966 2448 1026 2564 fiel
1044 2523 1163 2595 nouam
1179 2521 1249 2562 aen·

39 2638 43 2646 ,
115 2590 209 2657 hunt,
240 2600 339 2639 annon
365 2599 443 2638 nova
461 2579 593 2670 quotidie
617 2591 798 2670 sacrementa
823 2578 1007 2662 agnoscunt?
1057 2576 1247 2671 Glorrabptur:

115 2654 183 2730 ille,
207 2676 239 2718 se
259 2656 398 2717 discendo
418 2655 483 2714 fierr
501 2674 610 2716 senem.
649 2656 711 2716 Nos
737 2657 827 2738 igitur
846 2670 892 2717 ter
910 2656 1010 2716 miseri
1031 2655 1198 2727 Cltnstsanr,
1221 2675 1248 2715 aa

115 2733 191 2794 nihil
207 2733 403 2812 ¹proficiendo
431 2752 516 2793 senes
545 2728 645 2808 fimus,
679 2752 806 2812 quorum
832 2733 902 2792 fides
928 2752 981 2813 per
1001 2752 1104 2793 ornnes
1120 2742 1250 2791 aetatum

7 2809 12 2819 '
117 2811 224 2893 gradus
244 2810 386 2891 progredi
405 2808 510 2883 debet,
529 2808 626 2869 donec
646 2809 794 2869 adolescat
813 2810 842 2869 in
864 2810 955 2869 virum
976 2809 1141 2889 perfeetum
1159 2808 1251 2887 (ἱρὴ,

116 2890 238 2962 4,13.).
278 2886 382 2966 ltaque
407 2886 436 2945 in
463 2886 520 2945 hoc
546 2884 614 2947 loco
640 2907 681 2944 ea·
704 2899 762 2945 toto
780 2884 867 2946 corde
884 2884 1015 2960 medere,
1035 2906 1100 2946 nou
1120 2898 1167 2946 est
1184 2906 1251 3022 per·

117 2963 196 3023 seete
208 2963 328 3025 Christo
343 2963 479 3023 eredere:
498 2963 548 3023 sed
570 2983 603 3021 ex
621 2963 721 3022 animo
732 2963 869 3022 duntaxat
880 2975 910 3023 et
927 2965 1040 3023 sincera
1058 2962 1181 3023 mentei
1206 2982 1252 3022 um

115 3039 1252 3178 :ttll{13⁰3ssss⁸²'tltttt‘st‘lttltt²liltt'tlt‘ll‘t‘st

115 3204 163 3252 oat
183 3192 262 3272 quod
282 3138 395 3253 siluere
416 3204 447 3251 et
472 3191 622 3250 er-animo
643 3191 705 3250 fieri
725 3138 876 3273 significdt
928 3192 1020 3254 Cuius
1039 3192 1168 3254 rationis
1187 3204 1253 3254 sont

116 3268 172 3329 ista
191 3268 312 3347 (Psalm.
332 3276 400 3343 119,
419 3274 465 3333 10.
486 3281 516 3327 et
534 3266 637 3343 alito:
669 3268 726 3343 „ln
747 3281 812 3329 toto
833 3269 923 3329 corde
944 3289 1011 3329 meo
1032 3270 1174 3348 exquisivi
1193 3272 1251 3330 te.“

115 3344 317 3421 „Confitebor
335 3346 390 3406 tibi
410 3345 439 3404 in
460 3356 526 3405 toto
547 3345 638 3404 corde
656 3350 756 3420 meo,“
783 3358 813 3404 et
832 3345 943 3405 similia.
990 3346 1251 3422 Quemadmodum

115 3432 237 3496 ooutra,
262 3421 313 3480 ubi
334 3421 536 3482 fraudulentos
556 3442 589 3481 ac
609 3419 725 3481 fallaces
745 3420 899 3505 obiurgat,
929 3422 986 3483 illis
1006 3443 1060 3483 cor
1080 3435 1112 3482 et
1131 3444 1187 3485 cor
1205 3444 1253 3484 ex·

137 3498 260 3559 robrare
279 3497 357 3558 solet
374 3499 438 3577 (Ps.
457 3504 510 3573 12,
526 3490 581 3573 a).
605 3531 645 3547 ···
686 3496 854 3559 subiiciunt
883 3500 1006 3575 deinde,
1035 3499 1069 3559 Si
1100 3498 1176 3561 fides
1200 3518 1253 3581 per

113 3517 306 3636 §aeramenta
326 3587 481 3656 augeatur,
506 3573 613 3633 frustra
631 3573 729 3633 datum
750 3595 812 3635 esse
831 3576 976 3655 Spiritum
995 3588 1145 3650 sanctum,
1171 3577 1252 3638 euius

115 3651 206 3725 virtus
226 3663 314 3731 atque
334 3673 408 3731 opus
428 3661 473 3711 est
490 3650 641 3726 inchoare,
660 3651 753 3724 tueri,
773 3673 975 3713 consummare
993 3652 1092 3712 ladem.
1134 3653 1252 3730 Quibus

115 3727 252 3809 equidem
273 3728 383 3802 fateor,
408 3726 565 3819 proprium
590 3746 624 3787 ac
647 3727 771 3787 solidum
791 3728 919 3808 Spiritus
943 3731 1036 3790 sancti
1063 3749 1140 3809 opus
1164 3731 1251 3790 lideur

114 3822 189 3881 esse,
210 3825 226 3864 a
246 3826 305 3885 quo
324 3803 494 3877 illuminatr,
524 3803 621 3862 Deum
642 3824 675 3864 ae
695 3803 883 3887 benignitatis
902 3804 964 3865 eius
983 3804 1135 3868 thesauros
1155 3826 1251 3889 agno-

112 3880 235 3956 scimus,
256 3893 285 3941 et
303 3881 369 3943 sine
382 3879 468 3941 'euius
489 3880 598 3939 lumine
616 3896 699 3941 mens
722 3894 822 3943 nostra
841 3883 916 3942 adeo
937 3902 1026 3943 coeca
1046 3892 1102 3955 est,
1120 3895 1156 3942 ut
1176 3880 1251 3943 nihil

114 3958 304 4051 conspicere,
333 3957 409 4019 adeo
429 3957 562 4037 stupida,
594 3968 627 4015 ut
651 3956 723 4017 nihil
743 3958 917 4018 subodorari
936 3978 1034 4019 rernm
1054 3959 1253 4052 spiritualium

112 4047 216 4114 possut.
265 4034 378 4095 l’erum
397 4054 451 4115 pro
473 4055 533 4094 uno
553 4034 612 4092 Dei
631 4033 778 4095 beneficio
798 4036 878 4115 quod
897 4035 957 4115 -ipsi
976 4037 1163 4114 praedicant,
1196 4057 1251 4096 nos

111 4110 169 4171 tria
187 4111 405 4203 perpendimus.
448 4112 523 4171 Nam
549 4111 674 4191 primum
695 4110 786 4172 verbo
812 4133 865 4173 suo
888 4133 942 4174 nos
962 4113 1051 4173 dotet
1071 4124 1102 4173 et
1121 4112 1255 4173 instituit

110 4183 272 4249 Dominus:
292 4187 399 4249 deinde
418 4186 614 4249 sacramentis
633 4187 803 4249 coufirmat:
826 4200 977 4270 postremo
1001 4191 1094 4252 sancti
1112 4189 1159 4249 sui
1179 4189 1253 4271 Spi-

96 4259 186 4325 ,ritus
215 4262 328 4326 lumine
355 4264 504 4325 mentibus
527 4264 636 4326 nostris
661 4263 778 4344 illucet,
797 4277 829 4326 et
846 4265 960 4326 aditum
982 4264 1015 4326 iu
1035 4265 1126 4328 eorda
1145 4278 1253 4329 nostre
