2700 4732
496 206 573 272 ΗΒ.
591 206 646 272 IV.
684 210 776 274 cae.
788 208 859 271 ·Vl.·
1192 214 1254 278 245

115 336 306 489 ffuasisero
334 351 414 414 aliud
444 353 481 414 de
501 338 598 416 Petro
622 354 684 416 illic
704 336 839 417 cbristus
864 351 1034 447 praedicet,
1103 372 1148 414 am
1189 354 1249 417 uod

144 431 275 497 auluset
296 430 399 491 Petrus
417 430 480 510 ipse
500 432 537 495 de
557 432 693 492 omnibus
714 431 886 492 Christianis
906 429 997 511 (pr-
1015 436 1046 506 2,
1063 374 1113 495 fni
1138 431 1162 489 t.
1209 442 1239 491 et

113 514 146 582 ⁸2,
165 507 220 581 5.).
259 506 314 564 llle
339 507 416 566 enirn
437 507 587 569 Christum
613 506 740 591 lapidem
764 514 907 568 sumntum
927 518 958 568 et
976 520 1016 566 an'
1054 506 1147 567 larem
1168 507 1248 583 facit,¹

114 584 148 658 iis
168 603 226 664 quo
247 594 483 662 superstruantur
502 587 552 664 qui
579 596 713 667 crpsonnt
738 585 847 655 intem
870 583 929 642 lum
948 602 1079 643 sancum
1099 582 1248 644 Domino:¹

113 659 164 719 bic
184 671 280 719 autern
301 679 355 719 noa
374 658 485 740 lapides
495 661 584 732 risos
605 680 667 721 esse
687 660 785 735 iubet,
805 604 928 739 qudillo
947 657 1043 719 electo
1064 671 1095 719 et
1112 646 1247 740 pretioso=

113 734 362 815 lapide-fundati,
382 734 434 795 bac
454 737 587 796 iunctura
608 747 638 797 et
658 739 832 818 compagine
852 757 918 798 cum
936 734 1005 795 Deo
1025 747 1129 802 nostro
1150 747 1179 795 et
1199 734 1247 795 in-

112 823 237 889 ternos
257 811 473 871 cohaereamus.
512 813 567 872 llle
586 812 752 893 (inquiunt)
793 826 844 872 rae
862 811 939 887 aliis,
972 811 1040 891 quia
1060 810 1249 891 peculiariter

112 907 225 947 nomen
246 886 344 948 babet.
395 889 483 949 Hunc
503 902 584 949 certe
604 890 747 949 bonorem
770 833 859 948 fetro
880 888 1007 948 libenter
1032 888 1182 963 conredo,
1202 896 1249 948 ur

113 964 146 1024 in
166 963 302 1023 aedificio
322 964 461 1024 ecclesiae
481 966 558 1024 inter
596 967 686 1026 rimos
711 965 889 1026 collocetur:
921 962 967 1024 vel
993 963 1032 1042 (si
1051 963 1107 1024 boc
1128 972 1248 1045 q'uo'que

111 1039 224 1119 velint)
240 1039 351 1120 primus
371 1042 500 1101 omnium
517 987 665 1111 fidelium:
690 1061 790 1102 verum
811 1053 844 1101 ut
885 1039 1018 1119 rimatum
1036 1038 1247 1117 inclina-eum

114 1116 230 1176 babere·
250 1137 284 1175 cx
310 1137 347 1175 eo
373 1117 536 1190 deducant,
556 1130 617 1179 non
637 1117 814 1199 permittam.
861 1062 950 1192 lluae
970 1118 1049 1177 enim
1069 1127 1114 1176 est
1137 1116 1247 1177 isthaec

112 1194 191 1253 ratio
202 1192 379 1273 colligendi?
416 1193 637 1260 Aliosfervore
655 1194 753 1268 studii,
773 1194 918 1268 doctrina,
938 1193 1026 1252 animi
1045 1193 1248 1275 magnitudine
1289 1240 1291 1249 ,

113 1269 278 1350 praecedit:
299 1289 371 1363 ergo
391 1280 567 1348 potestatem
587 1272 617 1330 in
639 1290 689 1330 eos
710 1271 807 1329 habet.
847 1270 939 1344 Quasi
958 1289 1029 1330 sero
1049 1277 1114 1328 no'n‘
1131 1266 1248 1330 meliori
1320 1316 1323 1329 .

112 1356 266 1426 praetextu
277 1346 416 1427 colligere
437 1347 532 1420 liceat,
543 1346 691 1406 Andream
711 1366 772 1407 esse
785 1346 889 1406 ordine
908 1346 1037 1427 priorem
1056 1343 1248 1426 Petro,”qiria'

111 1432 250 1502 tempore
269 1423 362 1503 ipsum
382 1425 552 1501 antecessit,
580 1435 610 1483 et
631 1422 752 1483 Christo
777 1423 895 1483 adduxit
920 1422 980 1500 (lo.
999 1428 1033 1495 f,
1051 1427 1098 1486 to.
1119 1434 1150 1482 et
1168 1423 1246 1500 ²¹²·)²

111 1499 166 1559 sed
187 1499 243 1558 boc
263 1499 379 1558 omitto.
423 1501 546 1560 Priores
565 1520 633 1559 sane
658 1499 765 1559 babeat
784 1499 905 1560 Petrus:
929 1497 1174 1567 multum'tamen
1198 1496 1247 1558 tn·-

112 1585 207 1651 terest
230 1574 308 1634 inter
338 1575 481 1636 bonorem
509 1577 621 1637 ordinis
641 1588 672 1635 et
690 1587 875 1655 potestatem.
925 1572 1262 1654 Videmus-‘Apostolos

113 1650 174 1712 boc
193 1650 255 1711 fere
266 1650 357 1711 Petro
371 1651 517 1727 detulisse,
537 1654 620 1712 utin
639 1652 825 1713 coetuserba
847 1651 966 1725 faceret,
986 1661 1015 1709 et
1027 1650 1251 1731 quodammodo-

111 1727 258 1808 praeiret,
289 1728 465 1806 referendo,
489 1728 657 1807 bertrando,
675 1729 858 1789 monendos·
878 1728 929 1789 sed
950 1727 987 1786 dc
1006 1732 1154 1809 potestate
1169 1727 1246 1787 nibil

111 1805 238 1866 omnino
259 1804 389 1886 legimus.
698 1862 701 1866 ,
827 1878 831 1885 ¹

189 1886 217 1944 6.
256 1881 433 1959 Quanquam
452 1882 584 1944 nondum
602 1884 688 1944 in'ea
708 1884 750 1945 dis
773 1882 906 1945 ulatione
925 1894 1167 1954 suman-tantum
1186 1880 1244 1943 boc

111 1958 145 2041 in
166 1958 329 2037 praesentia
349 1958 458 2019 babere
475 1961 561 2034 volo,
588 1961 672 2029 nimis
702 1904 827 2020 sutditcr
845 1980 896 2021 eoa
909 1961 1126 2043 argumentari,
1155 1981 1245 2040 quum

112 2032 237 2095 casoto
262 2033 345 2094 Petri
370 2037 491 2096 nomine
521 2037 675 2117 imperium
705 2039 736 2098 in
768 2035 918 2097 ecclesiam
943 2039 1106 2097 universam
1131 2048 1246 2097 struere

65 2176 69 2189 ,
110 2109 226 2172 volunt.
274 2111 348 2170 Nam
380 2112 445 2172 illae
469 2124 582 2174 veteres
609 2115 754 2194 ineptiae,
786 2113 890 2192 quibus
913 2113 1011 2173 fucum
1036 2113 1122 2172 initio
1147 2112 1247 2171 facere

110 2192 279 2263 tentarunt,
302 2187 396 2248 relatu
417 2209 551 2269 quoque,
583 2190 690 2250 nedum
712 2189 907 2262 refutatione,
938 2188 1076 2270 indignae
1099 2201 1184 2263 sunt,
1207 2188 1248 2247 ln

111 2263 205 2322 Petro
226 2263 373 2324 fundatam
395 2285 457 2325 esse
477 2267 644 2341 ecclesiam,
691 2267 736 2326 uia
756 2266 865 2326 dictum
885 2267 938 2341 sit,
970 2265 1068 2345 Super
1090 2265 1165 2324 banc
1191 2284 1244 2344 pe-

110 2351 187 2400 tram
213 2342 268 2400 etc‘.
318 2342 359 2401 Αἰ
383 2340 517 2401 nonnulli
541 2361 575 2402 ex
594 2288 730 2403 Patribus
754 2345 796 2404 sic
820 2351 1025 2421 exposuerunt.
1073 2340 1134 2401 Sed
1155 2362 1245 2420 quum

111 2417 254 2476 reclamet
283 2429 346 2477 tota
370 2418 538 2498 Scriptura,
568 2419 637 2499 quid
669 2440 772 2479 eorum
802 2421 958 2480 auctoritas
987 2416 1244 2478 adversusllenm

111 2494 332 2575 praetenditur?
351 2495 412 2564 imo
433 2495 501 2574 quid
522 2495 558 2555 de
570 2494 726 2556 verborum
748 2497 870 2557 istorum
890 2515 988 2569 sensu,
1001 2496 1083 2574 quasi
1103 2494 1244 2555 obscurus

109 2572 153 2631 sit
169 2581 220 2628 aut
238 2571 400 2650 ambiguus,
420 2583 579 2631 certamus:
606 2592 695 2650 quum
716 2571 787 2630 nibil
808 2570 866 2631 dici
886 2582 973 2652 queat
991 2572 1083 2651 magis
1102 2570 1244 2650 liquidum

110 2667 168 2706 nee
188 2649 320 2705 certum?
360 2647 519 2708 Confessus
544 2659 606 2707 crat
626 2649 730 2708 Petrus
749 2669 803 2708 suo
824 2659 854 2706 et
875 2648 995 2707 fratrum
1016 2647 1136 2706 nomine
1157 2646 1244 2705 Chri-

110 2734 188 2781 stum
209 2723 271 2782 ess'c
289 2722 394 2781 Filium
418 2725 472 2782 Dei
492 2725 770 2803 (Matth.16,'16.).
814 2723 911 2802 Super
938 2724 1011 2782 banc
1032 2734 1142 2803 petram
1163 2721 1244 2780 aedi-

111 2798 181 2857 ficat
206 2820 284 2858 ruam
314 2801 465 2860 ecclesiam
492 2800 640 2860 Christus:
675 2802 741 2878 quia
771 2800 889 2858 unicum
921 2811 979 2871 est,
1008 2811 1042 2857 nt
1073 2800 1113 2858 ait
1131 2796 1244 2857 ¹Paulus

112 2874 154 2953 (f.
175 2873 393 2951 Cor.3,11.),
415 2876 648 2950 fundamentum,
667 2887 784 2955 praeter
804 2875 883 2953 quod
903 2875 991 2934 statui
1010 2874 1087 2933 aliud
1108 2895 1170 2934 non
1189 2895 1245 2954 po·

110 2952 179 3010 test.
216 2953 320 3030 Neque
346 2952 391 3012 bic
411 2954 530 3012 Patrum
556 2953 759 3012 auctoritatem
786 2951 854 3011 ideo
881 2951 1020 3030 repudio,
1067 2953 1113 3012 uia
1140 2970 1244 3009 eorum

108 3029 286 3089 testimoniis
306 3030 449 3089 destituar
467 3030 501 3087 ad
523 3029 706 3107 probandum
719 3027 798 3107 quod
812 3028 887 3101 dico,
906 3028 931 3088 si
950 2972 1162 3087 citareiibeata
1182 3025 1245 3100 sed,

109 3105 358 3184 quemadmodum
378 3106 451 3181 dixi,
471 3104 542 3164 nolo
564 3106 600 3163 de
620 3125 652 3164 re
668 3116 727 3164 tam
748 3104 824 3163 clara
845 3104 1032 3183 disceptando
1053 3103 1158 3165 frustra
1174 3122 1244 3161 rno-

108 3181 201 3240 lestus
221 3200 284 3241 esse
303 3182 477 3242 lectoribus:
498 3181 669 3260 praesertim
686 3202 775 3260 quum
796 3180 869 3241 baec
888 3200 934 3240 res
953 3203 969 3240 a
990 3181 1097 3243 nostris
1117 3177 1243 3239 bomini·

109 3257 167 3316 bus
185 3258 254 3317 satis
274 3259 431 3339 diligenter
450 3258 562 3337 pridem
582 3269 702 3318 tractata
723 3269 752 3316 ct
772 3258 912 3338 explicata
925 3255 1028 3317 fuerit.

189 3340 216 3398 7.
256 3334 295 3393 Et
321 3348 417 3394 tamen
444 3355 545 3394 revera
570 3335 666 3394 nullus
686 3335 888 3414 quaestionem
913 3332 986 3394 bane
1005 3334 1120 3394 solvere
1140 3332 1243 3392 melius

109 3419 222 3490 potest,
241 3433 325 3490 quam
341 3412 491 3489 Scriptura
512 3412 584 3489 ipsa,
603 3411 626 3470 si
647 3410 728 3470 locos
748 3430 850 3470 omnes
871 3410 1065 3485 conferamus,
1085 3409 1135 3469 ubi
1155 3410 1244 3468 docet

109 3484 185 3566 quid
205 3489 331 3546 muneris
352 3499 382 3545 et
402 3490 555 3565 potestatis
579 3486 713 3546 babuerit
732 3487 838 3546 Petrus
857 3487 934 3545 inter
953 3485 1129 3566 Apostolos,
1150 3484 1243 3564 quali-

106 3575 159 3622 ter
177 3582 208 3621 se
227 3564 360 3644 gesserit,
380 3565 504 3641 qualiter
523 3565 609 3623 etiam
632 3563 720 3622 fucrit
739 3563 774 3622 ab
795 3563 863 3642 ipsis
883 3575 1019 3643 acceptus
1038 3562 1245 3640 (actast),

108 3639 257 3699 Percurre
274 3640 412 3718 quicquid
433 3651 535 3699 exstat:
557 3639 629 3699 nibil
648 3638 725 3698 aliud
746 3639 874 3719 reperies
886 3660 972 3718 quam
992 3639 1080 3697 fuisse
1100 3659 1189 3696 unum
1210 3657 1244 3695 ex

109 3716 424 3790 numero¹duodecim,
443 3736 542 3794 parem
561 3716 680 3794 reliquis
701 3728 731 3774 et
749 3715 876 3790 socium,
900 3736 963 3774 non
984 3715 1143 3775 dominnm.
1182 3713 1243 3772 Re·

106 3791 170 3852 fert
189 3792 306 3872 quidem
327 3792 362 3851 ad
384 3792 539 3852 concilium
560 3793 583 3851 si
624 3791 672 3850 uid
692 3792 858 3852 faciendum
871 3802 925 3866 est,
945 3791 1058 3869 etquid
1077 3789 1155 3849 factu
1169 3809 1245 3869 opus

106 3868 165 3942 sit,
185 3869 339 3927 admonet:
373 3869 423 3928 sed
444 3868 517 3928 alios
536 3814 621 3928 simul
641 3869 736 3942 audit,
766 3888 821 3927 nec
845 3867 943 3927 locum
968 3879 1080 3927 tanturn
1106 3866 1245 3926 concedit

106 3945 256 4004 dicendae
273 3945 452 4020 sententiae,
477 3944 528 4005 sed
554 3944 706 4004 arbitrium
731 3944 787 4004 illis
807 3944 966 4023 permittit:
997 3941 1049 4002 ubi
1069 3953 1244 4016 statuerunt,

105 4023 244 4099 sequitur
263 4032 293 4079 et
313 4020 507 4100 obtemperat.
555 4021 656 4095 Quum
681 4022 716 4079 ad
736 4021 873 4080 Pastores
893 4018 995 4080 scribit
1012 4019 1053 4095 (I.
1074 4039 1121 4098 ep.
1140 4025 1169 4091 5,
1189 4020 1243 4106 b),

106 4117 173 4157 non
194 4096 365 4156 mandates
385 4099 524 4177 imperio,
556 4098 636 4177 quasi
661 4097 811 4176 superior:
843 4095 895 4156 sed
914 4097 990 4157 colle
1012 4117 1041 4154 as
1067 4116 1135 4156 suos
1164 4095 1244 4168 sarit,

109 4185 143 4232 et
162 4175 286 4235 comiter
305 4173 450 4247 bortatur,
470 4186 503 4232 nt
523 4174 599 4233 inter
618 4173 752 4251 aequales
771 4172 835 4232 fieri
854 4173 941 4234 solet.
980 4115 1081 4247 {uum
1094 4181 1245 4230 accusatur

108 4250 192 4329 quod
212 4250 249 4311 ad
270 4248 384 4309 Gentes
404 4250 550 4332 ingressus
576 4250 664 4308 fuerit
687 4251 770 4326 (aec
789 4256 843 4320 11,
860 4251 921 4327 S),
951 4249 1062 4308 etiarnsi
1082 4248 1112 4307 id
1132 4248 1166 4307 fit
1190 4247 1245 4305 im·

108 4327 232 4405 anerito,
250 4326 411 4411 respondet
429 4337 528 4390 tamen
548 4337 580 4391 ct
596 4345 660 4390 sese
679 4336 795 4410 purgat.
833 4325 931 4390 Iussus
950 4324 1100 4409 acollegis
1118 4325 1162 4386 ire
1182 4342 1248 4387 cum
