2700 4732
102 204 142 263 ω
483 192 560 257 Llll.
579 192 636 257 lli.
677 194 773 255 ‹luk-
789 194 869 255 xvt.

109 340 159 403 ille
177 339 272 399 Patris
297 336 423 420 gloriam
447 348 516 399 toto
542 350 666 417 pectore
690 338 827 419 spiravit:
860 335 911 398 ille
936 339 1062 400 animam
1088 360 1176 401 ruam
1200 362 1257 421 pro

108 414 249 478 fratribus
267 415 382 497 posuit:
413 413 465 475 ille
495 412 629 476 hostibus
653 418 711 477 suis
735 415 813 475 bene
839 426 870 475 et
894 416 1016 475 feritet
1042 429 1185 497 precatus
1204 430 1256 479 est.

110 492 229 569 Quodsi
245 491 459 555 ¹uonsolatiooe
491 512 566 571 opus
596 492 702 567 fuerit,
729 492 882 553 mirificam
914 492 1042 553 afferent
1071 492 1256 557 consolatio-

109 592 178 631 nem
188 570 279 645 ll)r·3‚
301 570 360 630 uod
382 568 555 651 affligimur,
575 591 638 629 non
658 582 757 629 tamen
778 570 854 629 anxii
874 566 1255 649 reddimurz‘laboramm,

109 647 263 725 „sed'non
280 592 456 707 deserimur:
474 646 673 720 humiliamur,
691 648 824 707 sed-non
839 646 1061 707 coufundintur:
1089 648 1254 725 delinimur,

108 724 181 799 „sed
201 744 263 785 nou
283 724 423 804 perimus:
444 723 702 783 mortificationem
722 724 791 783 Iesu
805 722 915 783 tltristt
935 744 1052 803 semper
1073 725 1104 783 iu
1125 746 1252 804 corpore

109 813 233 877 „nostro
252 801 509 873 circumferentes,
528 808 562 859 ut
580 800 640 861 vita
660 800 727 861 lesu
748 800 953 859 manifestetur
973 801 1002 859 in
1023 799 1128 861 nobis:
1150 802 1251 881 quodn'

109 877 308 955 „commortui
327 900 441 951 sumus,
460 888 490 937 et
510 876 711 939 convivemus:
732 877 756 935 si
776 897 841 936 com
864 876 981 949 utimur,
1001 888 1032 935 et
1051 878 1249 969 conregnabi-

109 962 206 1032 ,‚·r'nu's:
230 956 311 1035 quod
331 954 371 1015 ita
391 952 609 1035 configuramur
629 954 690 1013 eius
710 898 910 1034 passionibus,
930 954 1026 1013 donec
1045 974 1249 1033 pervenimus

109 1032 168 1109 „ad
186 1030 419 1092 resurrectionis·
431 1030 668 1091 similitudinem:
687 1030 805 1109 quando
819 1032 908 1090 Pater
927 1030 1160 1109 praedestinavit
1174 1052 1247 1093 cotr-

109 1108 241 1185 „formes
260 1107 325 1167 fieri
340 1106 480 1188 imaginis
499 1107 568 1166 Filii
587 1108 647 1180 sui,
667 1128 741 1185 quos
760 1108 791 1165 in
812 1110 877 1187 ipso
898 1108 1006 1187 elegit,
1025 1119 1058 1166 ut
1078 1108 1119 1167 sit
1137 1108 1245 1187 primo·

108 1187 250 1267 „genitur
269 1185 355 1247 inter,
367 1196 489 1244 cunctos
509 1184 648 1243 fratres.“
687 1184 882 1264 ltaquequod
902 1202 1022 1261 „neque
1041 1204 1135 1258 mors,
1154 1202 1246 1264 neque

109 1305 129 1339 „
146 1270 150 1275 '
166 1263 306 1336 aesculis,-
325 1280 429 1340 neque·
444 1260 542 1320 futura
561 1258 741 1337 separabunt
761 1281 816 1320 nos
835 1282 852 1319 o
873 1260 993 1319 caritate
1013 1260 1088 1334 Dei,
1109 1280 1188 1341 quae
1205 1272 1246 1323 ut

119 1284 338 1411 ,bd-Christo&
390 1337 441 1398 uin
470 1336 569 1418 potius
599 1338 630 1397 iu
662 1336 775 1397 bonum
801 1358 836 1396 ac
859 1335 982 1397 salutem
1012 1336 1123 1397 cedent
1143 1336 1245 1398 omnia·

122 1416 197 1487 'cce‚
216 1434 279 1475 non
299 1358 486 1475 iustibcamus
506 1412 656 1473 bominem
667 1412 852 1493 exoperibus
866 1433 964 1472 coram
976 1411 1059 1472 Deo:
1078 1413 1132 1473 sed
1148 1434 1245 1479 omncs

109 1490 160 1571 qui
178 1490 299 1551 ex·Deo
319 1504 398 1561 sunt,
417 1492 539 1551 dicimus
557 1490 739 1569 regenerari,
759 1501 789 1548 et
809 1511 913 1549 novam
934 1501 1097 1550 creaturam
1118 1490 1197 1553 fieri:
1215 1500 1246 1551 ttt

108 1586 142 1627 ex
159 1569 391 1651 reguo-peccati
423 1576 575 1627 transeant
593 1570 623 1626 in
650 1564 776 1647 regnum
796 1566 938 1642 iustitiae,
970 1577 999 1627 at
1022 1586 1058 1625 ue
1084 1568 1144 1627 boe
1168 1566 1245 1629 terti-

107 1645 457 1707 mooiomertrmsfacere
469 1650 551 1705 sustu
560 1644 761 1717 vocationem,
780 1656 810 1703 ct
829 1654 969 1721 tanquam
981 1664 1012 1704 ar
1035 1663 1103 1705 ores
1116 1664 1133 1705 a
1147 1642 1245 1707 fructi·

108 1720 163 1783 bru
182 1720 313 1783 iudicari.
494 1770 498 1775 .

248 2078 251 2083 ·
426 2057 740 2129 ··osPtJ'r
791 2056 934 2127 xvi·
1000 1998 1051 2071 ⁵·
1127 2030 1166 2075 ·²·

111 2250 307 2313 llefutrtio
338 2246 618 2326 calumniarum,
644 2250 778 2331 quibus
802 2250 906 2310 bane·
923 2250 1132 2315 doctrinam
1162 2254 1241 2315 odia

345 2428 349 2441 Ι
385 2365 542 2426 gravare
573 2356 753 2407 conantur
782 2344 968 2425 Papistae.

173 2522 262 2575 l‘artcs
279 2516 354 2573 huiui
372 2520 484 2593 Capitis:
503 2523 533 2593 1)
549 2508 695 2599 propositis
706 2522 869 2593 l‘apistarum
888 2506 1009 2575 adversus
1020 2525 1199 2579 orthodoxam
1215 2526 1242 2579 tle

104 2606 441 2663 imtifrcoliooedorlrinam
458 2606 601 2669 columniis,
618 2608 663 2659 bas
681 2610 713 2659 od
733 2610 796 2659 duos
815 2608 906 2661 classes
923 2622 1032 2669 revocat,
1050 2628 1164 2677 quarum
1177 2608 1243 2681 prior
1286 2660 1288 2667 ,

106 2684 235 2747 eom'sua
263 2688 407 2761 appendice
423 2688 491 2743 'sect
510 2692 597 2747 1-3.
622 2692 753 2743 refellitur.
777 2722 809 2731 -
844 2694 876 2761 2)
894 2694 935 2743 Ad
954 2694 1062 2745 alterurn
1080 2694 1244 2757 calumniam,

106 2796 173 2853 quae
191 2794 205 2829 a
223 2775 307 2857 Pfl⁰¹i
323 2776 463 2857 dependet,
478 2790 610 2847 postremo
626 2776 742 2829 sectione
758 2779 937 2847 respondetur.

180 2950 208 3007 1.
231 2942 317 3003 ·lloe
337 2964 397 3003 uno
417 2943 510 3003 verbo
530 2943 626 3005 refelli
646 2955 746 3024 potest
764 2944 922 3023 impiorum
943 2944 1130 3023 (profundam
1150 2945 1253 3029 impu.

106 3019 218 3094 dentia,
237 3018 288 3097 qui
308 3020 524 3080 calumniantur
543 3042 597 3081 uos
618 3022 739 3081 abolere
760 3020 839 3080 bona
855 3044 955 3100 opero,
976 3034 1063 3099 utque
1083 3023 1121 3083 ab
1143 3040 1243 3085 corum

105 3096 202 3156 studio
222 3095 370 3157 abducere
390 3096 534 3169 homiues,
554 3120 642 3187 quum
656 3098 775 3157 dicimus
797 3119 847 3158 cos
868 3120 928 3157 non
950 3100 1098 3158 iustificari
1120 3120 1155 3159 ex
1175 3120 1245 3192 ope·

106 3171 203 3243 ribus,
234 3190 290 3231 uec
315 3172 437 3231 salutem
463 3193 586 3233 meren:
620 3175 726 3232 deinde
753 3175 835 3233 nimis
864 3175 948 3233 facile
967 3176 1002 3234 ad
1027 3176 1171 3236 iustitiam
1192 3186 1246 3239 rler

105 3258 254 3321 sternere,
285 3270 375 3326 quum
406 3249 436 3307 in
461 3250 588 3330 gratuite
615 3263 801 3330 peccatorum
832 3251 1003 3311 remissione
1029 3253 1123 3331 ipsam
1149 3254 1247 3316 iacere

106 3324 256 3397 docemus,
275 3335 307 3382 et
327 3325 378 3385 hac
398 3323 538 3385 illecebra
559 3327 706 3401 homines,
725 3338 828 3406 suopte
848 3341 954 3407 sponte
975 3327 1040 3407 plus
1060 3330 1159 3391 nimiu
1177 3352 1246 3412 pro.-

106 3399 213 3476 clives‚
234 3398 270 3458 ad
290 3400 471 3479 peccandum
493 3402 622 3463 allicere.
661 3406 742 3478 liae,
766 3405 899 3483 inquam,
925 3404 1088 3466 calumniae
1109 3428 1173 3467 uno
1194 3408 1244 3470 illo

103 3475 198 3543 verbo
217 3475 287 3535 satis
305 3476 485 3536 refutantur:
507 3479 637 3541 breviter
654 3493 752 3540 tamen
773 3502 818 3541 res
829 3480 961 3541 tondebo
976 3483 1010 3541 ad
1023 3495 1191 3563 utramque.
1209 3522 1246 3537 -·

105 3554 164 3615 l’er
183 3549 253 3612 fidei
272 3553 509 3615 iustificationem
529 3569 683 3617 causantur
694 3558 803 3617 destrui
821 3502 903 3617 bona
925 3578 1025 3638 opera.
1054 3560 1244 3641 Supersedeo

105 3630 202 3690 dicere
222 3627 322 3709 quales
341 3631 400 3690 sint
419 3628 568 3691 bonorum
578 3654 703 3712 operum
714 3635 840 3710 zelotem,
850 3636 900 3714 qui
910 3635 950 3695 ita
963 3636 1051 3696 nobis
1064 3636 1245 3701 obtrectant.

105 3708 209 3796 Liceat
228 3705 284 3766 illis
304 3716 363 3765 tam
387 3706 507 3786 impune
528 3711 701 3786 conviciari,
722 3734 809 3791 quam
829 3711 982 3793 licentiose
1001 3713 1077 3773 vitae
1098 3736 1171 3776 suae
1190 3716 1245 3777 ob·

104 3794 270 3845 scoemtate
295 3793 391 3843 totum
415 3786 556 3845 mundum
582 3786 724 3848 inficiunt.
774 3788 888 3848 Dolere
913 3788 969 3849 sibi
993 3788 1150 3861 simulant,
1176 3792 1255 3853 dun·

104 3872 165 3921 tam
185 3858 342 3942 magnifice
361 3860 512 3920 extollitur
528 3863 618 3939 fides,
644 3885 736 3946 opera
756 3866 888 3925 excidere
907 3886 960 3925 suo
1003 3866 1086 3927 rado.
1128 3868 1246 3944 Quodsi

104 3936 198 4018 magis
218 3937 370 4019 erigantur
389 3948 420 3996 et
438 3937 640 4001 stabilientur?
691 3944 760 4002 Non
783 3942 860 4001 enim
881 3954 932 4002 aut
957 3886 1043 4003 fidem
1065 3946 1245 4007 somniamus

105 4014 192 4075 bonis
212 4012 353 4093 operibus
371 4033 506 4091 vacuom,
532 4028 584 4077 aut
607 4017 843 4079 iustificationem
868 4039 943 4098 quae
966 4020 1028 4081 sine
1054 4020 1089 4080 iis
1109 4034 1244 4083 constet:

104 4090 163 4153 bor
182 4102 297 4152 tentum
315 4090 458 4171 interest,
486 4094 565 4172 quod
584 4116 674 4175 quum
699 4096 785 4156 fidem
812 4106 842 4156 et
867 4095 947 4157 bona
966 4116 1058 4176 opera
1076 4100 1245 4161 necessario

167 4330 407 4401 ⁸)1t,cor.t‚e
441 4336 474 4390 ll.
493 4337 560 4391 Tim.
577 4342 602 4402 2,
621 4341 661 4396 tt.
696 4337 761 4390 Phil.
778 4338 805 4402 ³,
822 4342 862 4395 to.
898 4339 976 4393 llorn.
992 4339 1020 4405 8,
1035 4340 1078 4397 Ν.
1096 4343 1183 4413 etbilp
1215 4366 1221 4373 ·
