2700 4732
103 200 144 267 ω
483 187 851 277 mmmm

106 338 195 403 etiam
215 354 249 396 ex
267 333 403 396 Indicum
421 331 544 397 bistoria
564 333 677 416 liquido
696 346 796 417 patet,
821 332 940 414 quoties
957 329 1075 395 scilicet
1092 330 1245 411 llevunnt,

107 416 162 479 etsi
182 411 298 475 fallaces
321 420 529 477 erant'eorum
554 412 716 493 lacrymae,
748 411 837 471 fuisse
862 421 961 487 tamen
987 421 1109 491 ereptos
1135 429 1170 471 er
1192 408 1244 471 lo-

108 493 197 556 stium
216 489 360 552 manibus.
404 488 488 548 Sicut
509 509 581 569 ergo
604 490 770 568 promiscue
790 488 872 547 Deus
892 486 986 547 solem
1005 508 1092 561 suurn
1111 486 1245 568 producit

107 588 196 650 super
215 566 311 628 bonos
340 577 371 625 et
394 564 499 625 malos:
532 566 573 625 ita
598 585 653 625 nec
683 566 770 625 lletus
789 585 891 624 eorum
912 564 1096 637 contemnit,
1122 576 1242 643 quorn-

108 648 182 709 iusta
202 653 246 704 est
265 664 366 717 causa,
398 654 428 701 et
454 641 561 701 auxilio
587 642 693 723 dignae
719 660 886 701 aerumnae.
936 639 1055 699 Interea
1076 660 1142 700 non
1223 638 1232 655 ⁴

107 722 163 783 bos
183 721 212 780 in
232 719 355 780 salutem
376 717 505 792 exaudit,
558 740 623 777 uam
655 717 797 778 bonitatis
817 735 885 777 suae
913 659 1244 809 contemptoritmmilf

108 809 208 860 menta
232 817 265 857 au
289 795 407 876 peditat.
427 829 467 842 -
505 739 804 855 Dilliciliorovidetnr
835 814 897 853 esse
929 806 1062 872 quaestio
1095 792 1243 855 de'Abra·

109 877 197 937 barno
218 885 251 933 et
267 818 404 955 bamuele¹
416 868 624 949 (Gen.18,‘L3.
644 870 669 929 l.
679 870 757 932 Sam.
765 878 813 943 15,
826 871 902 946 11.):
923 891 1050 949 quorum
1070 868 1149 930 alter
1167 868 1241 931 nullo

109 951 168 1012 Dei
188 949 281 1011 verbo
302 950 459 1008 instructus
479 968 533 1026 pro
545 948 722 1020 Sodomitis,
742 946 815 1007 alter
836 948 922 1006 etiam
943 958 1047 1006 contra
1066 944 1242 1007 manifestam

110 1026 342 1110 prohibitionem
363 1045 417 1115 pro
438 1022 526 1083 Saule
546 1024 651 1086 oravit.
703 1024 814 1084 Eadem
835 1024 909 1083 ratio
930 1023 1074 1083 Ieremiae
1092 1022 1243 1099 (32163,

132 1107 163 1165 ui
181 1101 263 1163 urbis
283 1101 423 1161 excidium
453 1102 627 1178 deprecatus
652 1112 712 1161 est:
744 1099 874 1180 quamvis
899 1098 1152 1179 enim‘repulsarn
1235 1098 1243 1115 ⁶

110 1127 233 1251 luerint,
251 1177 355 1238 durum
377 1177 604 1239 tamenvidctur
623 1197 674 1237 eos
695 1176 753 1236 lide
773 1177 897 1255 privare.
935 1175 1027 1255 Atqui
1047 1175 1160 1236 solutio
1214 1196 1244 1237 ee

112 1255 254 1318 modestis
272 1253 444 1326 lectoribus,
463 1265 496 1313 ut
513 1274 613 1334 spero,
633 1253 803 1314 satisfaciet:
824 1250 1010 1345 generalibus
1020 1250 1175 1334 principiis
1193 1250 1245 1311 ful·

112 1346 173 1409 tos,
193 1330 299 1410 quibus
319 1329 494 1391 iubetlleus
507 1330 645 1413 indignos
659 1352 778 1422 quoque
798 1329 996 1390 misericordia
1015 1328 1169 1409 prosequi,
1188 1348 1245 1389 non

112 1429 233 1491 prorsus
253 1407 311 1467 lide
330 1405 472 1481 caruisse,
503 1408 632 1485 quamvis
662 1407 692 1465 in
723 1427 785 1486 ipsa
808 1406 906 1485 specie
932 1405 1068 1465 frustrata
1088 1425 1143 1466 eos
1162 1404 1247 1465 luerit

113 1484 229 1567 opinio.
280 1483 447 1543 Prudenter
475 1483 584 1545 alicubi
608 1483 839 1567 Augustinus
865 1482 917 1562 [de
939 1482 1027 1543 civit.
1048 1482 1108 1541 Dei
1134 1480 1186 1543 lib.
1202 1486 1247 1547 ἢ

114 1584 140 1624 ε.
159 1560 222 1641 2.]:
251 1559 437 1636 „Quomodo
458 1560 584 1649 (inquit)
609 1560 665 1619 lide
691 1572 778 1619 orant
801 1558 910 1630 sancti,
939 1569 973 1617 ut
1003 1570 1106 1639 petant
1138 1579 1155 1619 a
1184 1558 1247 1619 Deo

113 1651 239 1717 „contra
269 1656 356 1717 quarn
387 1635 534 1696 decrerit?
566 1656 672 1716 nempe
696 1640 764 1728 quia
794 1635 954 1695 secundum
978 1633 1168 1696 voluntatem
1191 1634 1249 1695 eiu

114 1725 239 1794 „orant,
258 1722 320 1773 n'on
341 1711 419 1771 illam
439 1711 640 1773 absconditam
660 1725 689 1772 et
709 1710 997 1786 rncommutabilem,
1017 1709 1069 1771 sed
1081 1732 1180 1791 ,quam
1197 1708 1252 1771 illis

115 1791 276 1871 „iuspirat,
300 1802 333 1849 ut
353 1810 404 1849 eos
425 1789 558 1849 exaudiat
577 1791 634 1849 alio
656 1789 760 1849 modo:
792 1789 867 1848 sicut
908 1788 1049 1848 rudenter
1069 1787 1249 1871 distinguit}⁴

114 1870 208 1930 Recte
228 1867 353 1925 dictum:
378 1866 444 1944 quia
465 1888 520 1945 pro
540 1888 594 1927 suo
615 1810 907 1959 incomprehensibili
927 1863 1050 1925 consilio
1073 1864 1119 1925 sic
1138 1877 1248 2001 tempe·

113 1956 160 2007 rat
178 1964 276 2011 rerum
297 1953 428 2013 eventus,
448 1954 481 2002 ut
501 1963 562 2002 non
582 1943 679 2002 irritae
699 1955 757 2002 srnt
775 1954 943 2006 sanctorum
965 1961 1077 2020 preces,
1099 1960 1177 2021 quae
1215 1940 1248 2001 de

115 2034 147 2083 et
166 2039 268 2080 errore
286 2018 370 2079 simul
390 2016 546 2097 implicitae
565 2031 642 2080 sunt
680 2019 785 2099 Neque
804 2031 903 2077 tamen
920 2016 977 2077 boc
997 2016 1032 2076 ad
1053 2018 1248 2079 imitatione·

114 2120 161 2159 ma
184 2098 207 2157 is
226 2095 323 2156 valere
344 2093 444 2167 debet,
486 2116 549 2153 uam
569 2106 686 2155 sanctos
706 2096 786 2176 ipsos
807 2106 937 2155 excusat:
957 2114 1031 2172 quos
1051 2114 1118 2153 non
1138 2093 1248 2155 inficior

115 2118 236 2236 modum
256 2172 418 2232 excessisse.
464 2116 568 2245 Ἑμπε
590 2172 640 2231 ubi
662 2192 723 2231 non
745 2183 834 2232 exstat
855 2184 935 2230 certa
956 2169 1130 2249 promissio,
1149 2170 1248 2232 condi·

114 2252 198 2311 tione
217 2246 388 2325 interposita
415 2248 564 2339 rogandus
585 2260 628 2307 eat
647 2248 737 2308 Deus.
784 2248 855 2382 (quo
882 2248 1010 2328 pertinet
1034 2245 1110 2306 illud
1134 2244 1249 2315 Desidia

114 2323 206 2405 (Psal.
226 2330 255 2398 7,
275 2328 333 2400 7.):
364 2324 440 2397 „Eri
464 2324 499 2383 rla
519 2323 555 2384 ad
576 2324 713 2385 iudicium
735 2345 793 2403 quo
836 2323 1013 2384 mandastis‘
1046 2324 1118 2402 quia
1144 2322 1183 2384 ad
1202 2342 1248 2407 pe·

112 2401 236 2538 tqndum
260 2400 423 2479 temporale
442 2344 624 2461 beneficium
650 2400 771 2482 speciali
790 2401 911 2461 oraculo
936 2420 968 2461 se
991 2399 1174 2461 instructum
1191 2416 1249 2463 etet

114 2488 265 2541 amonet.

191 2561 239 2618 16.
278 2553 344 2612 Ηοε
366 2552 454 2612 etiam
482 2564 587 2613 notare
614 2573 721 2632 operae
741 2553 866 2634 pretium
888 2567 948 2629 est,
972 2572 1048 2634 quae
1068 2553 1108 2613 de
1128 2565 1249 2635 quatuor

115 2641 196 2692 recte
217 2629 320 2690 orandi
342 2628 454 2711 legibus
474 2629 607 2704 disserui,
629 2651 689 2690 non
711 2630 748 2690 ita
767 2633 843 2711 exigi
864 2652 977 2691 summo
998 2632 1110 2712 rigore:
1131 2643 1167 2691 ut
1185 2648 1248 2713 pra·

116 2729 164 2769 cea
183 2707 318 2786 repudiet
337 2706 428 2779 Deus,
448 2707 479 2765 in
499 2706 606 2785 quibus
627 2727 688 2766 non
708 2707 820 2766 invenit
839 2708 1000 2787 perfectam
1020 2706 1067 2768 vel
1087 2707 1191 2779 fidem,
1207 2704 1249 2769 rel

113 2784 337 2866 poenitentiam,
357 2804 491 2843 unacum
511 2781 567 2842 zeli
587 2783 693 2843 ardore
704 2785 837 2862 votisque
859 2797 937 2843 recte
958 2782 1141 2863 compositis.
1172 2781 1249 2845 niat-

114 2884 178 2921 mus
196 2860 250 2939 (ef.
269 2872 340 2920 sect.
360 2863 420 2935 4.),
473 2859 581 2920 uamvis
611 2860 706 2920 oratio
731 2860 872 2920 santiliare
899 2862 936 2921 sit
960 2862 1075 2939 piorum
1097 2881 1168 2920 curn
1187 2860 1249 2921 Deo

115 2937 315 3016 colloquium,
345 2881 514 2996 servandam
537 2949 632 2996 tamen
654 2956 716 2997 esse
737 2939 929 2997 reverentiam
951 2949 980 2997 et
999 2937 1192 3015 modestiam,
1215 2954 1249 2997 ne

115 3014 241 3073 habenas
260 3012 384 3072 laxemus
404 3012 583 3092 quibuslibet
603 3015 688 3085 votis,
707 3035 740 3073 ac
760 3034 798 3072 ne
819 3015 1060 3094 concupiscamus
1080 3014 1139 3075 nisi
1159 3034 1248 3095 quan·

117 3101 178 3151 tum
199 3089 280 3149 Deus
301 3089 456 3169 permittit:
479 3089 585 3151 deinde
606 3111 643 3149 ne
665 3089 784 3149 vilescat
803 3091 955 3151 nobisllei
976 3091 1124 3165 maiestas,
1144 3091 1250 3151 tollen-

116 3167 166 3227 das
191 3186 253 3225 esse
283 3184 395 3225 sursum
428 3177 540 3225 mentes
566 3167 600 3225 ad
628 3188 730 3245 puram
751 3182 916 3247 castamque
937 3168 998 3226 eius
1018 3169 1249 3229 venerationes

116 3242 183 3301 lloc
203 3261 291 3301 nemo
311 3262 367 3322 qua
388 3264 439 3320 par
459 3242 559 3301 fuisset
578 3244 747 3324 integritate
773 3265 902 3322 unquam
922 3242 1081 3324 praestitit:
1116 3266 1188 3305 nam
1205 3244 1252 3322 (nt

116 3318 153 3376 de
173 3316 261 3398 vulgo
283 3338 344 3377 non
366 3317 485 3397 loquar)
505 3338 592 3452 quam
613 3319 719 3379 multae
740 3321 858 3380 Davidis
880 3320 1081 3400 querimoniae
1103 3321 1200 3381 intem
1221 3338 1250 3381 t·
1286 3308 1288 3333 ¹

115 3393 188 3453 riem
206 3392 337 3472 sapiunt:
364 3414 425 3453 non
446 3416 505 3474 quo
552 3395 687 3456 consulto
708 3396 754 3456 vel
780 3399 963 3476 expostulare
988 3419 1053 3457 cum
1073 3398 1144 3458 Deo
1171 3342 1250 3475 velit,

73 3538 78 3545 ⁸
114 3469 160 3533 vel
181 3468 242 3529 eius
262 3469 375 3530 iudiciis
395 3470 495 3530 obstre
507 3491 583 3546 tere,
602 3472 653 3533 aed
666 3474 733 3551 quia
751 3494 823 3563 prae
844 3474 1014 3533 infirmitate
1035 3473 1176 3538 fatiscens
1192 3496 1250 3539 non

13 3594 14 3599 1
114 3546 192 3607 aliud
212 3546 324 3606 invenit
343 3546 446 3607 melius
462 3494 609 3623 solatium,
630 3570 715 3629 quam
735 3572 759 3608 ει
780 3550 899 3611 dolores
919 3572 986 3611 suos
1006 3553 1037 3610 in
1058 3550 1136 3614 illius
1157 3554 1250 3615 sium

44 3674 47 3679 ,
114 3624 260 3685 conficiat
300 3623 384 3698 Quin
403 3624 489 3684 etiam
509 3624 689 3685 toleratura
708 3625 775 3686 Deo
798 3640 897 3687 nostra
923 3627 1086 3701 balbuties,
1112 3640 1144 3688 et
1164 3629 1251 3689 insci·

112 3700 172 3761 tiae
192 3701 278 3760 datur
297 3702 398 3776 venia,
448 3701 544 3762 uotiea
568 3701 786 3763 inconsiderate
812 3704 922 3782 aliquid
948 3705 1034 3766 nobis
1065 3704 1191 3765 excidit:
1221 3713 1251 3765 rt

113 3789 195 3838 certe
214 3777 276 3837 sine
297 3777 351 3837 hac
371 3724 551 3859 indiligentia
570 3778 651 3859 nulla
670 3791 746 3840 esset
765 3781 903 3859 precandi
924 3779 1050 3840 libertas.
1091 3781 1250 3842 Caeterum

114 3854 247 3933 quamvis
266 3853 371 3913 Davidi
391 3854 504 3915 animus
524 3867 611 3929 esset,
630 3856 688 3917 Dei
708 3876 738 3916 se
759 3856 882 3917 arbitrio
896 3868 998 3917 totum
1018 3855 1179 3931 subiicere,
1198 3876 1251 3917 nee

113 3931 229 3990 minore
250 3930 389 4008 patientia
431 3952 494 3991 uam
515 3933 691 4011 impetrandi
710 3933 807 3993 studio
830 3944 942 3993 oraret:
964 3945 1123 4015 emergunt
1141 3946 1251 4009 tamen,

114 4006 175 4067 imo
196 4005 343 4065 interdum
364 3953 510 4068 ebellliunt
529 4007 693 4069 turbulenti
713 4008 848 4083 affectus,
868 4013 918 4089 qui
938 4032 953 4069 a
975 4010 1066 4090 prima
1087 4029 1179 4088 quarn
1199 4030 1252 4089 po·

113 4083 223 4143 suimus
244 4084 309 4165 lege
330 4106 389 4143 non
412 4106 512 4164 parurn
532 4085 651 4146 distant.
688 4086 810 4146 lllaxime
832 4107 866 4147 ex
885 4087 1010 4147 clausula
1029 4085 1141 4146 Psalmi
1162 4086 1252 4146 trice·

113 4158 179 4219 elmi
208 4165 281 4221 noni
305 4163 346 4239 (v.
370 4164 433 4238 14.)
465 4162 638 4240 conspicere
669 4162 755 4238 licet,
786 4174 893 4245 quanta
925 4163 1037 4223 doloris
1065 4161 1256 4222 vehementia

111 4233 251 4317 abreptus
272 4237 362 4297 fuerit
380 4249 495 4299 sanctus
507 4238 561 4315 vir,
580 4260 620 4300 ne
639 4238 694 4300 sibi
714 4240 834 4302 modurn
854 4251 1004 4302 statueret.
1042 4239 1181 4314 „Desine
1192 4237 1254 4319 (irr-

49 4358 52 4363 .
110 4310 190 4391 quit)
208 4333 225 4375 a
242 4332 304 4391 me,
325 4315 421 4376 donec
440 4312 542 4376 abeam
561 4329 592 4376 et
612 4336 674 4376 non
695 4317 778 4377 sim.“
799 4317 921 4379 Diceret
941 4315 1092 4379 bominem
1113 4317 1254 4399 despera·
