2700 4732
106 162 146 259 u
479 189 842 257 mmmm

106 338 204 414 navit,
227 355 278 398 eos
302 334 447 396 ordinaria
471 356 521 396 sua
542 336 757 416 dispensatione
783 358 836 418 per
861 338 940 399 bona
961 357 1050 419 opera
1070 336 1187 401 inducit
1203 340 1233 401 io

108 412 410 493 eins'possessionem.
460 410 550 484 Quod
576 414 606 471 iu
627 412 731 473 ordine
750 414 973 494 dispensationis
994 412 1164 495 praecedit,
1181 436 1235 495 po·

107 488 238 551 nterioris
257 509 370 551 causatu
389 488 532 549 nominat.
580 489 644 549 Hae
668 490 782 550 ratione
801 490 837 550 ab
858 490 996 571 operibus
1021 490 1172 564 interdum
1190 490 1233 551 ri-

105 576 166 627 tam
185 576 331 626 aeternam
351 564 481 624 deducit:
512 583 575 624 non
621 565 679 625 nod
706 564 761 627 illis
784 566 938 626 referenda
956 567 994 626 sit
1013 576 1152 645 accepta:
1182 566 1232 627 sed

106 642 174 723 quia
193 661 268 722 quos
287 640 388 722 elegit,
406 640 538 700 iustificat
555 653 589 700 nt
600 586 723 701 hemum
743 641 889 723 glorificet
901 642 1002 719 (hoio.
1015 648 1045 717 8,
1055 644 1132 717 oo),
1150 642 1233 723 prio-

105 738 175 856 itt
188 716 658 875 “lt²tt.t.t:‘.t.t;l¹:tt.³².tl
667 730 860 855 tottii?
879 716 1232 855 ‘ililaliiii'lidi

106 869 277 961 coningere,
295 869 347 929 sed
365 867 474 929 insola
494 869 707 929 misericordiae
722 838 900 951 cogitatitine
912 816 1093 931 noaretinit.
1133 868 1232 943 Quale

106 948 186 1007 enim
204 946 281 1005 istud
301 957 345 1005 est
363 944 443 1025 quod
463 964 517 1024 per
535 945 711 1079 Apostolum
731 947 820 1006 docet
837 947 939 1025 (hona.
952 948 1069 1023 ⁶2²3d²
1088 944 1232 1025 „Stipen-

106 1022 185 1082 dium
206 1022 316 1102 peeeati
335 1042 429 1081 mors:
448 1021 540 1103 gratia
591 1023 680 1081 omini
699 1022 756 1082 vita
775 1024 933 1083 aeterna?“
973 1021 1035 1082 Cur
1054 1041 1117 1082 nou
1137 1032 1173 1081 ut
1189 1020 1231 1081 vi-

108 1110 166 1159 tam
186 1099 291 1189 morti,
308 1096 351 1189 pic
366 1109 492 1189 peccato
519 1097 654 1157 iustitiam
674 1098 818 1197 opponit}
861 1098 924 1190 Cur
942 1117 1004 1190 upn
1024 1108 1058 1189 ut
1076 1107 1230 1179 peccatu·

104 1174 1231 1330 ottetttttlttt?,tlt‘ttt'ttttttt'‘tolli{toltittf'tta

104 1325 281 1405 Apostolus,
304 1324 334 1384 id
376 1326 434 1385 uod
455 1337 526 1398 erat,
546 1325 706 1405 exprimere
725 1326 779 1385 ista
799 1328 1019 1419 comparatione
1038 1324 1149 1399 voluit,
1169 1342 1231 1383 me·

104 1402 167 1462 ritis
187 1400 335 1461 bominum
355 1348 458 1461 deberi
478 1413 616 1461 mortem:
643 1403 729 1463 vitam
755 1402 872 1462 nonnisi
898 1403 929 1461 iu
954 1401 1015 1463 sola
1033 1400 1092 1460 Dei
1116 1400 1232 1461 miseri-

105 1476 206 1539 cordia
225 1498 286 1538 esse
307 1480 471 1557 repositam.
520 1477 658 1557 Denique
688 1478 750 1539 istis
778 1477 998 1557 loquutionibus
1021 1477 1111 1537 series
1136 1476 1231 1569 magia

103 1563 225 1614 nohtur
243 1574 329 1634 quam
348 1575 447 1615 eausa:
468 1556 534 1634 quia
547 1552 627 1613 Deus
646 1557 753 1633 gratias
772 1555 872 1635 gratiis
892 1552 1075 1627 cumulando,
1094 1572 1130 1611 ex
1150 1572 1231 1633 prro·

103 1630 184 1690 ribus
213 1650 327 1691 causam
357 1630 445 1691 sumit
467 1630 607 1690 secundas
632 1630 774 1702 addendi,
804 1630 930 1711 nequid
950 1628 985 1690 ad
1005 1628 1232 1707 locupletandos

103 1725 202 1767 servos
220 1726 289 1767 suos
309 1708 441 1767 omittat:
473 1718 560 1785 atque
579 1706 619 1767 ita
637 1706 841 1767 liberalitatem
860 1727 939 1766 sunm
960 1704 1165 1785 prosequitur,
1196 1714 1231 1765 ut

65 1842 71 1853 ,
104 1792 202 1843 tamen
222 1783 376 1864 gratuitam
397 1781 589 1855 electionem,
620 1803 693 1861 quae
721 1784 787 1842 lons
807 1794 838 1841 et
856 1782 970 1841 initium
989 1792 1049 1853 est,
1081 1784 1231 1862 respicere

102 1880 159 1920 nos
177 1878 293 1939 semper
311 1860 390 1919 velit.
441 1858 618 1937 Quanquam
644 1858 721 1918 enim
742 1878 816 1937 quae
840 1857 925 1918 uobis
949 1856 1081 1937 quotidie
1110 1858 1231 1917 confert

104 1934 199 2008 douo,
218 1944 360 2013 quatenus
379 1956 413 1995 ex
432 1934 482 1995 illo
504 1936 587 1995 lonte
607 1934 769 2015 prodeunt,
795 1946 883 1993 amat:
915 1947 1045 1994 nostrum
1065 1944 1166 1993 tamen
1185 1942 1230 1995 eat

103 2012 257 2092 gratuitam
287 2010 367 2071 illam
402 2010 604 2090 acceptionem
637 2024 757 2087 tenere,
793 2032 868 2089 quae
904 2012 965 2069 sola
997 2009 1098 2069 lulcire
1120 2010 1230 2071 animat

102 2098 218 2147 nostras
237 2098 348 2166 potest:
380 2107 455 2166 quae
479 2106 550 2147 sero
571 2086 696 2167 Spiritus
721 2088 765 2147 sui
785 2088 862 2146 dona
886 2086 991 2147 deiude
1021 2086 1164 2169 largitur,
1191 2086 1230 2147 ita

104 2163 279 2225 subnectere
298 2164 408 2243 primae
427 2183 540 2239 causae,
559 2175 592 2223 ut
612 2164 639 2224 ei
658 2162 731 2224 nibil
751 2163 906 2245 derogent.

473 2530 733 2605 cauus
781 2492 854 2603 us.

105 2728 207 2802 Quae
227 2725 270 2784 de
290 2744 437 2805 operum
460 2724 604 2785 meritis
628 2726 824 2799 iactantur,
850 2738 921 2785 tam
941 2726 1011 2783 lloi
1032 2721 1171 2783 laudem
1192 2724 1227 2783 iu

167 2816 390 2880 cosrfcrenda
421 2817 582 2893 iustitia,
612 2840 716 2900 quom
745 2818 871 2880 salutis
900 2815 1163 2877 certitudinem

575 2924 755 2973 evertere.

171 3090 259 3143 Partes
275 3088 351 3142 huius
368 3086 478 3158 Capitis:
506 3088 537 3158 l)
553 3088 696 3141 Doctrinae
713 3090 745 3141 de
762 3090 869 3155 gratuita
887 3087 1066 3141 iustificatione
1083 3082 1229 3154 opponitur

104 3166 228 3245 quaestio,
245 3192 278 3225 an
296 3174 366 3242 apud
383 3172 469 3223 Deum
494 3192 574 3242 opera
600 3174 705 3238 gratiam
728 3188 888 3235 mercantur,
913 3192 960 3223 uec
977 3191 1022 3231 uc,
1040 3184 1101 3222 acet.
1118 3172 1143 3221 l·
1179 3168 1229 3222 cui

104 3259 275 3329 respondetur
290 3270 349 3309 sect.
366 3259 390 3310 2.
408 3270 432 3308 et
448 3258 473 3311 3.
491 3284 523 3297 ·-
555 3258 587 3326 2)
604 3257 771 3329 Explicantur
787 3257 881 3308 deindo
906 3253 1049 3307 testimonio
1068 3254 1229 3325 Scripturac.

104 3362 171 3413 quae
195 3344 223 3393 in
249 3343 472 3395 confirmationem
495 3342 588 3393 erroris
611 3342 643 3392 dc
666 3345 757 3395 merito
781 3342 963 3410 proferuntur,
988 3354 1047 3391 sert.
1063 3342 1090 3393 d.
1107 3358 1132 3393 et
1153 3344 1179 3395 5.
1196 3370 1227 3381 -

103 3426 136 3495 3)
152 3425 297 3488 Postremo,
313 3426 533 3479 scholasticorum
545 3426 808 3495 semipelagianorum
820 3423 976 3493 sophismata
993 3424 1156 3487 relelluntur,
1170 3438 1229 3479 sect.

103 3514 128 3569 6,
145 3526 170 3565 et
186 3512 211 3565 ἵ.
228 3540 261 3552 -
294 3510 325 3580 d)
342 3511 454 3563 Additur
471 3511 616 3573 conclusio,
643 3530 709 3579 quac
725 3512 886 3562 orthodoxae
903 3506 1036 3560 doctrinae
1056 3508 1228 3569 sullicleutcm

103 3618 179 3651 utum
197 3595 297 3661 detegit,
311 3610 370 3647 sect.
388 3596 433 3647 ult.

180 3770 208 3829 1.
247 3763 309 3822 lam
329 3763 408 3843 quod
429 3763 617 3857 praecipuum
636 3771 680 3822 est
699 3758 801 3820 iubae
821 3780 903 3819 carisa
923 3757 1129 3837 expedivimus:
1183 3760 1229 3818 uia

104 3840 128 3902 si
149 3839 287 3920 operibus
313 3838 449 3901 fulciatur
468 3841 587 3911 iustitia,
619 3857 757 3899 corruere
789 3835 921 3916 protinus
948 3856 964 3894 a
990 3847 1151 3915 corispcctn
1200 3836 1229 3895 ei

104 3935 223 3976 neeesse
248 3916 298 3974 sit:
330 3914 391 3975 sola
412 3917 468 3975 llei
493 3915 706 3987 misericordia,
737 3915 799 3974 sola
819 3912 928 3973 Christi
952 3910 1230 3987 communicatione,

103 3993 231 4071 ideoque
250 3990 312 4052 sola
330 3992 391 4051 lide
407 3992 561 4053 contineri.
604 3992 794 4071 Praecipuum
821 3999 916 4047 autem
942 3987 1017 4046 hunc
1038 4006 1100 4046 esse
1125 4007 1232 4047 causae

103 4067 251 4130 cardinem
271 4068 428 4150 diligenter
446 4068 719 4141 animadvertamus,
742 4066 847 4125 ncilla
867 4064 1047 4143 implicemur
1065 4068 1229 4139 communi,

103 4166 166 4206 non
184 4142 267 4227 vulgi
285 4144 392 4282 modo(f
411 4145 461 4205 sed
482 4142 637 4207 doctorum
657 4144 743 4202 etiam
763 4141 997 4203 hallucinatione.
1036 4138 1130 4199 Simul
1148 4140 1229 4199 euim

102 4230 191 4301 atque
202 4220 352 4312 quaeritur
391 4240 408 4281 e
426 4220 494 4282 lidei
514 4240 695 4311 operumque
714 4219 930 4292 iustificatione,
948 4216 1108 4307 decurrunt
1125 4214 1163 4275 ad
1177 4236 1231 4279 eos

103 4296 197 4377 locos,
217 4318 268 4377 qua
285 4297 404 4379 aliquod
417 4298 555 4381 operibus
574 4308 710 4363 meritum
730 4316 828 4361 eoram
840 4294 907 4357 Deo
928 4290 1058 4355 tribuere
1076 4290 1230 4355 ridentur:
