2700 4732
92 212 162 297 ,ω
326 288 329 295 ⁴
463 218 568 282 sto.
588 218 643 282 nv.
678 220 772 311 lone.
793 220 873 283 rtn.

103 381 218 435 eertum
238 380 283 431 est
301 368 416 431 euimde
435 366 571 437 exitium,
590 384 679 446 quam
698 376 840 428 serratam
861 365 925 427 volt
942 366 1043 441 Dens,
1063 366 1129 429 iton
1146 367 1243 449 perdi·

102 460 178 519 tenus
208 466 241 508 se
262 446 343 522 nitur
372 446 403 505 in
435 464 473 505 eo
497 443 619 503 minime
645 462 708 503 esse
732 443 974 522 permanendum.
1028 444 1129 521 Quam
1149 448 1244 507 s'ntem

103 467 286 606 impossihile
312 522 351 583 sit
369 532 473 581 votum
494 518 697 581 continentiae
715 518 761 593 iis,
780 520 830 599 qui
854 520 996 603 singulari
1015 521 1100 583 dono
1121 521 1243 603 praediti

104 611 271 674 tinniunt,
298 610 383 661 antea
403 597 570 672 docuimus,
603 607 634 656 et
653 595 848 677 experientia,
871 618 920 657 nne
938 608 1074 675 tacente,
1099 595 1246 679 loquitur:

105 696 205 760 neque
231 676 309 737 enim
329 686 375 736 est
393 674 527 755 ignotum
549 683 657 753 quanta
678 671 883 733 obscoenitate
905 685 1037 735 scateant
1057 677 1159 737 omnia
1183 672 1243 736 lere

105 753 291 817 monasteria.
329 752 404 813 Etsi
416 769 473 830 qua
492 750 628 810 videntur
647 748 816 809 honestiora
836 751 984 843 magisque
996 750 1165 813 veremnda
1184 770 1242 813 esee

106 830 181 907 alils,
199 851 261 891 non
282 828 351 889 ideo
370 837 470 888 tamen
483 836 558 886 easta
570 824 731 905 suntquotl
751 826 950 905 impudicitiae
962 825 1163 889 malumintns
1178 846 1242 909 pre·
1270 852 1277 867 ·

106 920 193 970 munt
212 927 245 968 ac
265 902 428 966 continent.
477 901 523 962 lta
548 902 659 963 scilicet
683 899 839 961 horrendis
864 900 1001 983 exemplis
1019 902 1177 965 bominum
1195 924 1243 966 an·

108 986 220 1047 decium
240 981 390 1044 ulciscitur
407 981 506 1055 Deus,
527 1000 616 1059 quum
636 998 706 1037 suae
726 977 902 1039 infirmitatis
921 980 1131 1056 immemores,
1159 984 1243 1061 repn-

30 1098 34 1119 r
107 1073 220 1147 gosnte
233 1070 343 1119 ‘tratura
359 1054 390 1117 id
410 1053 652 1134 allectant'quod
672 1064 717 1115 est
735 1053 793 1114 illis
812 1054 999 1137 denegatum,
1020 1058 1055 1115 et'
1070 1056 1245 1139 contemptis

108 1137 246 1201 remediis
266 1153 341 1215 quse
359 1130 580 1193 Dontnnstttts
601 1131 637 1190 atl
657 1151 776 1190 manum
797 1131 927 1206 dederat,
947 1126 1244 1195 contnmeeie'etob·

108 1214 268 1277 stinatione
298 1207 535 1270 incontinentiae
549 1244 552 1251 -
566 1206 702 1267 morbum
730 1227 877 1289 superare.
897 1227 929 1268 se
965 1204 1054 1289 poei'e
1086 1208 1246 1271 confidunt.

111 1290 194 1369 Quid
219 1287 298 1349 enim
322 1285 401 1345 aliud
427 1300 513 1366 qnam
540 1283 752 1345 contumaciam
778 1302 840 1345 esse
866 1283 1009 1360 dicemus,
1039 1284 1095 1347 uhi
1113 1286 1179 1368 quis
1196 1286 1247 1346 sd-

109 1367 241 1429 montius
267 1362 408 1445 coniugio
437 1362 494 1423 sibi
518 1382 592 1442 opus
617 1372 703 1433 esse,
735 1359 825 1440 idque
849 1361 906 1421 sibi
928 1380 945 1423 e
964 1358 1101 1425 Domino
1125 1361 1247 1423 remedii

109 1444 180 1507 loeo
200 1443 279 1516 deri,
310 1454 373 1501 non
392 1439 482 1501 misdo'
502 1438 533 1500 id
552 1436 733 1515 contimffit,
751 1437 804 1503 sed
823 1439 912 1501 etism
930 1451 1117 1503 sacramento
1135 1459 1169 1503 se
1187 1439 1248 1502 adi-

109 1520 161 1627 git
174 1510 212 1617 ed
230 1514 451 1620 contemptum?
516 1606 519 1611 ,
935 1588 938 1593 ,
1019 1586 1034 1623 v

471 1820 741 1921 'ennon
790 1842 962 1967 xtu'⁸

511 2040 566 2102 De
586 2041 845 2123 sacramentis.

131 2236 143 2247 ·
161 2242 164 2247 ·
180 2217 241 2273 ltus
258 2216 345 2290 Ceput
360 2230 460 2274 constet
482 2202 584 2275 unitus
600 2219 747 2293 praecipuis¹
763 2220 894 2291 partibust
922 2218 954 2295 l)
971 2216 1015 2273 De
1032 2208 1205 2271 Semsmmth
1218 2210 1247 2267 le

114 2304 220 2372 geben:
249 2302 297 2357 uhi
325 2300 440 2374 primu'm
468 2304 615 2377 doctrinae·
628 2324 730 2359 summa
751 2308 922 2376 proponitur,
948 2318 1010 2359 sect.
1028 2302 1116 2362 1³6.
1148 2298 1249 2353 Deinde

114 2402 207 2463 eontra
224 2374 389 2459 adverteritis¹
407 2389 531 2459 utrinque
550 2389 682 2453 munitur,
704 2411 800 2462 nempe
827 2392 946 2443 aduersus
964 2407 1011 2442 eos
1027 2386 1073 2471 ‹pni
1088 2386 1142 2441 rim
1158 2384 1250 2438 Secre-

111 2486 264 2545 meptorurn
282 2468 416 2541 mereant,
437 2488 499 2525 sect.
515 2474 620 2530 7-13-
654 2472 724 2527 Tum
744 2477 864 2528 adversus
880 2474 954 2537 alios,
970 2470 1019 2551 qui
1033 2470 1142 2527 minim
1154 2466 1249 2522 Secre-

113 2556 207 2619 utentis
222 2556 348 2618 tribuunt,
364 2571 425 2611 sect.
442 2558 564 2614 14-17.
580 2579 615 2594 -
648 2544 741 2626 2)''De
759 2557 931 2611 sacrementis
947 2555 1087 2628 specimine.
1102 2564 1161 2607 itm
1176 2562 1249 2601 velt·

114 2638 149 2696 rie'
166 2655 223 2695 tum
243 2639 305 2694 nori
323 2628 488 2705 Testamenti,
505 2643 538 2694 de
555 2662 669 2712 quorum
685 2662 767 2712 scopo
787 2657 812 2695 et
829 2664 857 2695 re
872 2636 1120 2707 significarentur.
1132 2633 1252 2687 nimbi!

114 2728 146 2781 iis
159 2727 208 2799 ‚qui
226 2741 270 2779 aut
287 2740 403 2779 veterum
420 2726 588 2781 Sacramenta
605 2725 716 2781 nimium
734 2741 948 2789 extenuaverunt,
970 2739 1018 2779 eut
1035 2736 1126 2779 nostre
1139 2718 1250 2775 ιὶιιιίιι

116 2815 270 2877 exulemus,
285 2832 301 2867 e
316 2824 377 2866 sect.
394 2816 435 2868 ttt.
453 2830 534 2880 usquc
552 2811 585 2862 ud
602 2811 646 2862 irn.
665 2829 722 2882 cap.

195 2987 223 3046 l.
256 2978 476 3061 Praedicationi
496 2978 649 3062 Evangelii
673 2977 749 3039 aliud
769 2978 857 3039 affine
877 2989 924 3039 cst
945 2976 1015 3036 fidei
1034 2964 1155 3041 nostrae
1173 2970 1250 3037 ediu-

116 3069 249 3119 mentum
268 3058 300 3116 in
313 3057 523 3116 Sacramentis:
544 3056 703 3135 dequibus
721 3066 829 3115 certam
850 3053 973 3134 aliquam
986 3052 1152 3115 doctrinam
1169 3048 1250 3122 tradi,

117 3151 301 3215 magnopere
326 3145 425 3192 nostra
453 3132 560 3207 relect,
590 3133 670 3191 unde
698 3152 753 3192 nos
780 3145 809 3192 et
834 3152 919 3212 quern
950 3132 981 3190 in
1005 3129 1096 3190 finem
1125 3129 1251 3190 institute

118 3211 239 3284 fuerint,
258 3209 373 3288 etquis
394 3228 496 3269 eorum
516 3230 595 3269 nunc
614 3231 681 3268 usus
694 3213 742 3283 sit,
763 3207 912 3269 discemus.
950 3206 1106 3287 Principio
1127 3202 1254 3268 animod-

117 3297 234 3347 vertere
254 3285 404 3359 convenit,
424 3285 495 3366 quid
514 3285 552 3346 sit
563 3285 792 3345 Sacramentum.
830 3285 957 3345 Videtur
975 3293 1072 3344 autem
1093 3283 1167 3343 mibi
1185 3281 1253 3339 haec

119 3361 242 3442 simplex
261 3373 291 3420 et
311 3362 430 3442 propria
450 3363 515 3422 sore
534 3362 682 3437 delinitio,
701 3362 724 3422 si
745 3362 898 3422 dixerimus
919 3371 1071 3421 externum
1092 3379 1155 3421 esse
1174 3377 1253 3437 syrn7

60 3454 63 3461 ·
119 3437 239 3513 bolum,
264 3458 323 3517 qno
344 3437 571 3515 benevolentiae
592 3458 661 3518 erga
681 3459 735 3499 nos
755 3458 822 3499 suae
842 3437 1051 3518 promissiones
1069 3433 1254 3496 conscientiis

120 3515 229 3576 nostris
247 3514 395 3576 Dominus
415 3515 570 3598 obsignat,
595 3518 631 3574 ad
655 3516 854 3575 sustinendam
873 3513 941 3574 fidei
961 3525 1082 3573 nostrae
1102 3508 1254 3573 imbecilli·

120 3603 227 3653 tstem:
253 3603 284 3652 et
310 3612 364 3652 nos
384 3592 507 3671 vicissim
533 3594 673 3672 pietatem
694 3611 762 3674 erga
783 3612 848 3652 eum
869 3603 999 3651 nostram
1019 3602 1079 3650 tam
1101 3608 1199 3649 coram
1218 3603 1254 3644 eo

122 3679 154 3729 et
170 3667 284 3751 angelis
304 3688 390 3748 quam
410 3669 486 3748 apud
508 3668 640 3729 homines
659 3679 809 3728 testamur.
846 3668 930 3728 Licet
945 3668 1032 3727 etiam
1052 3666 1257 3727 maiorecom·

121 3745 233 3827 pendio
252 3743 338 3806 aliter
355 3743 495 3804 delinires
521 3757 555 3806 ut
574 3755 697 3807 vocetur
720 3745 834 3805 divinae
859 3746 889 3805 in
903 3765 969 3821 ⁴nos
995 3742 1106 3824 gratim
1125 3742 1257 3801 testimo·

122 3821 204 3881 nium
225 3832 346 3882 externo
367 3819 452 3914 signo
473 3820 693 3896 confirmatum,
723 3842 789 3881 curn
816 3832 913 3881 mutua
935 3832 1054 3880 nostrae
1073 3837 1145 3953 erga
1164 3818 1257 3898 ipsum

121 3896 239 3991 pietatis
257 3896 475 3959 testificetrone.
518 3898 699 3958 Utrumlibet
723 3916 756 3956 ex
781 3898 824 3958 bis
850 3894 1069 3957 definitionibus
1090 3914 1196 3977 eugas,
1220 3891 1257 3951 ah

86 3984 90 3994 “
121 3972 172 4034 slle
190 3973 362 4056 Augustini,
392 3993 468 4054 quae
497 3987 709 4035 sacramentum
738 3993 801 4034 esse
828 3973 919 4034 tradit
947 3973 991 4033 rei
1021 3990 1121 4032 sacrae
1145 3966 1261 4029 visibile

122 4050 250 4134 signum,
269 4061 321 4110 aut
338 4050 491 4112 invisibilis
511 4052 622 4132 gratiae
634 4050 776 4112 visibilem
796 4050 931 4127 lormarn,
951 4070 1038 4111 sensu
1057 4045 1130 4107 nibil
1143 4045 1283 4113 diflert:¹

90 4170 95 4177 ·
120 4147 186 4189 rem
204 4145 276 4188 vero
296 4126 306 4185 i
327 4126 511 4203 samssrnelius
532 4148 565 4189 ec
584 4129 691 4189 certios
710 4126 841 4207 explicat
866 4127 941 4187 Nam
961 4145 1051 4208 quum
1070 4124 1102 4184 in
1122 4123 1172 4183 illa
1193 4121 1263 4181 bre·

121 4204 213 4263 vitate
232 4201 271 4263 sit
290 4202 386 4282 siqua
406 4201 585 4280 obscuritas,
618 4203 649 4264 in
669 4225 726 4285 qua
757 4202 842 4264 multi
871 4205 1007 4265 rudiores
1033 4198 1265 4274 hallucinantur,

121 4279 204 4340 volui
219 4277 358 4372 pluribus
375 4279 473 4343 verbis
491 4279 665 4365 pleniorem=
676 4281 801 4344 reddere
819 4281 1006 4357 sententiam,
1024 4295 1064 4343 ne
1082 4276 1155 4358 quid
1176 4275 1265 4339 dubi·

121 4356 242 4419 tstionss
261 4354 407 4417 haereret
734 4398 738 4403 -
