2700 4732
2 182 259 291 ,m“
385 157 959 305 ,mmmm··

73 362 131 425 ban
147 369 223 423 nota
240 358 422 423 discerneret
439 377 457 422 a
474 357 563 421 nobis
581 358 762 436 incredulos,
779 361 831 442 qui
841 332 942 423 'neom
958 312 1212 445 ρῆὶῆήιᾴ-

75 438 144 501 den
162 435 319 498 nobiscum
339 446 442 512 orant,
460 435 512 497 sed
532 436 667 499 lortuito.
718 438 788 514 Qua
808 438 925 499 ratione
942 446 1009 500 tista
1036 436 1210 501 ecclea‘a'h

40 580 43 585 ,
74 514 193 579 Psalmo
213 525 280 575 orat
298 516 368 592 (33,
385 518 464 582 nl:
496 512 566 587 „Sit
584 513 788 575 misericordia
805 525 859 587 tua,
873 537 907 575 so
930 534 963 575 er
982 535 1057 593 noa,
1077 514 1211 597 quenad-

73 590 216 669 „modum
235 589 414 673 speravimus
432 590 463 651 in
485 594 544 649 te.“
594 590 705 651 Eadem
730 591 817 651 etiam
842 535 977 651 conditio
998 589 1070 653 alibi
1095 592 1211 675 ponh
1253 640 1255 651 .

74 667 263 749 melopaeia
282 667 375 745 (Psal.
394 672 443 741 56,
462 670 539 739 ton:
569 667 663 741 „Quo
690 667 739 727 die
763 667 941 742 clamavero,
975 667 1035 729 boc
1052 667 1118 731 scio
1137 666 1210 751 quod

73 746 178 825 „Deus
198 747 342 805 ιιιεείιιιιέι
381 743 456 805 ltem
478 742 568 820 (Psal.
580 750 610 818 5,
629 745 688 821 d.):
710 744 826 830 „llanq
839 744 993 825 disponam
1013 744 1082 819 tibi,
1101 756 1135 805 et
1148 764 1209 839 apra

72 820 259 917 „cn-labori
287 820 330 881 lix
348 818 392 882 bis
404 819 499 882 serbis
519 818 662 911 elicimus,
680 840 783 911 preces
803 821 833 880 io
854 827 952 881 airam
973 821 1083 915 [φαμι
1102 820 1209 903 ponci,

5 1054 10 1063 ,
74 895 1209 1065 :titialitilia?‘ial{initiititilllilit'tt‘t

73 1056 233 1146 1648).
272 1052 347 1110 Nam
370 1061 526 1130 antequam
546 1049 648 1112 fideles
667 1050 702 1111 ad
729 1051 958 1133 precspdumio
978 1050 1088 1132 spirito
1106 1048 1210 1113 salliti-

73 1143 120 1193 tet
137 1150 221 1191 omns
241 1140 377 1207 tempore
397 1146 462 1187 cum
480 1126 633 1210 vigilantia
650 1139 682 1187 et
699 1126 882 1201 assiduitate,
905 1127 1048 1206 imprimis
1066 1127 1156 1189 iubet
1169 1138 1213 1189 ni

73 1224 191 1269 sumere
209 1215 327 1267 scutum
343 1202 427 1280 fidei,
445 1202 558 1287 galeam
577 1202 693 1279 salutis,
714 1215 746 1265 et
763 1202 892 1286 gladium
911 1206 1049 1284 spiritua,
1067 1202 1211 1287 qood-eat

73 1283 198 1355 terbum
216 1280 285 1341 liei.
301 1312 342 1329 -
379 1280 524 1341 Memoria
548 1300 640 1360 porro
666 1280 713 1341 bic
736 1291 876 1362 repetant
898 1279 1026 1343 lectores
1046 1280 1211 1363 quod-rate
1235 1308 1239 1313 ·

75 1358 147 1435 diri,
171 1357 293 1419 minime
312 1354 484 1419 labefactari
501 1356 607 1432 iidem,
631 1356 684 1417 ubi
709 1378 776 1417 cum
796 1355 944 1431 miseriae,
969 1358 1129 1451 egestatis,
1150 1376 1210 1419 ann

74 1436 215 1516 ditansque
233 1446 400 1495 nostrarum
417 1434 571 1517 agnitione
582 1435 781 1494 connectitur.
821 1430 1018 1509 Quantumns
1037 1434 1120 1497 eninr
1135 1430 1211 1519 μί

73 1512 218 1576 inclerom
239 1510 319 1571 mols
338 1508 432 1592 prend
450 1529 483 1574 sc
501 1509 549 1571 rel
573 1509 710 1572 laborare
735 1509 865 1571 sentiant
888 1509 1004 1585 lideles,
1035 1528 1095 1573 nec
1124 1506 1210 1573 nob

73 1589 164 1651 rebus
182 1586 320 1649 omnibus
328 1606 448 1663 menos,
466 1606 542 1678 qnae
562 1586 691 1648 favorem
714 1586 871 1648 conciliare
889 1588 965 1668 apud
975 1587 1077 1648 Deum
1096 1594 1212 1669 queant,
1247 1612 1250 1623 ·

73 1666 126 1729 sed
145 1674 285 1729 oneratos
303 1664 402 1725 multis
421 1684 515 1736 noan,
534 1683 609 1745 quae
621 1683 688 1724 eum
707 1664 813 1725 merito
835 1654 1054 1725 formidabilem
1073 1663 1210 1745 reddantt

74 1763 138 1806 non
157 1754 254 1803 umen
275 1740 414 1803 desinunt
432 1759 464 1802 ae
484 1740 612 1815 offerre,
632 1760 728 1820 oeque
754 1751 848 1801 terret
867 1761 920 1813 eos,
939 1740 986 1802 bic
1005 1758 1124 1817 sensns,
1140 1758 1212 1823 qne·

73 1820 171 1881 ninus
189 1818 226 1880 nd
237 1838 340 1955 lqpsrsna
358 1836 390 1879 sc
410 1817 582 1879 conferant:
614 1817 733 1898 quando
758 1838 820 1877 non
845 1817 917 1878 alius
942 1830 986 1879 est
1009 1817 1046 1878 ad
1073 1837 1144 1901 cnsp
1158 1816 1209 1885 in.-

73 1905 1216 2053 diffamat?,limittit-'ltili‘l?;„3⁰„',?ll;t:‘.5‘.2t,'·.·

31 2058 36 2069 '
74 2060 189 2112 reatum
208 2060 343 2110 nostrnnr
358 1991 485 2139 cquiessi
503 2068 655 2108 aerumnas
675 2058 789 2140 rostras
802 2047 887 2138 ‘apud
898 2047 995 2108 Deum
1009 2048 1210 2129 deplorent

74 2125 321 2209 quemadmodum
345 2125 397 2185 filu
422 2124 501 2204 apud
523 2136 658 2204 parentes
677 2122 859 2184 familiariter
877 2126 1013 2204 querelas
1031 2145 1102 2186 suas
1120 2124 1158 2187 de
1238 2166 1241 2173 -

73 2214 159 2265 nunt.
198 2200 281 2278 Quin
303 2202 402 2281 potius
428 2202 568 2261 immensa
588 2199 732 2261 malorum
752 2212 923 2261 nostrorum
943 2202 1101 2284 congeries
1119 2222 1153 2275 ca
1244 2202 1248 2209 '

72 2279 155 2341 ribus
173 2277 220 2340 rel
239 2277 491 2353 stimulis-referta
509 2297 572 2338 esse
592 2277 692 2349 debet,
712 2297 787 2357 quae
807 2298 862 2339 uos
882 2279 918 2338 ad
938 2276 1122 2357 precandum
1138 2272 1210 2339 iaris

72 2368 155 2419 tenta
175 2354 301 2434 qualiter
320 2354 409 2419 etianr
429 2374 484 2415 nos
503 2374 557 2416 suo
576 2352 710 2432 exemplo
731 2353 821 2414 docet
838 2353 989 2435 Propheta
1003 2352 1211 2432 (Pretiae),

74 2432 175 2510 „Sana
195 2430 320 2491 animam
340 2448 451 2505 meam,
475 2430 543 2510 quia
568 2431 685 2521 peccavi
710 2430 799 2490 tibi.“
850 2431 960 2491 Fateor
978 2431 1103 2512 quidcrn
1126 2430 1158 2493 in
1176 2430 1210 2493 “n
1232 2436 1248 2453 ‘'

74 2507 183 2571 aculeis
206 2507 375 2567 mortiferas
394 2506 461 2567 lora
481 2517 673 2586 punctiones,
698 2507 754 2566 nisi
771 2506 854 2568 Deus
878 2512 1081 2569 succurreret:
1111 2526 1217 2583 run,

73 2604 130 2669 pro
149 2584 250 2645 inoom
272 2583 374 2644 arabili
392 2605 444 2645 sua
468 2582 651 2664 indulgentia
676 2585 804 2664 optimus
823 2583 914 2644 Pater
937 2585 1213 2664 tempestivum-ss·

72 2661 203 2724 madium
222 2680 238 2721 a
261 2661 344 2735 didit,
362 2681 423 2741 qno
445 2660 697 2753 perturbationem
713 2681 832 2720 omnem
851 2659 966 2737 sedans,
985 2661 1211 2737 rainstesten,
1246 2732 1250 2737 ,

72 2750 169 2802 metus
178 2736 360 2820 abstergens,
380 2748 505 2799 comiter
524 2759 577 2798 nos
598 2737 634 2797 ad
652 2756 685 2796 se
704 2737 845 2810 alliceret,
864 2739 923 2798 imo
944 2738 1210 2818 scrupulosum·

72 2815 193 2890 tollens,
211 2815 320 2876 nedum
339 2814 503 2890 obstacula,
523 2813 639 2876 facilem
657 2814 733 2873 riam
753 2826 909 2874 sterneret.

151 2897 198 2960 13.
236 2893 283 2954 Ac
301 2890 397 2972 primo
418 2891 536 2971 quidem
563 2910 651 2952 orare
671 2912 727 2952 nos
747 2891 869 2967 iubens,
889 2891 954 2972 ipso
975 2902 1139 2987 praecepto
1157 2908 1210 2971 Ιᾳ

73 2970 210 3054 coarguit
228 2968 336 3049 inpiae
356 2971 576 3044 contumaciae,
595 2968 650 3027 uisi
669 2966 869 3047 obsequimur.
914 2967 995 3028 Nilul
1013 2988 1111 3051 uagas
1128 2986 1210 3051 pras·

72 3046 133 3109 cisa
164 3044 297 3107 mandari
327 3055 462 3126 poterat,
508 3068 576 3105 uam
595 3043 678 3124 quod
698 3044 822 3106 babetur
851 3045 881 3135 in
902 3044 1019 3105 Psalmo
1039 3048 1111 3123 (5⁰,
1134 3050 1205 3129 15.Ι

72 3123 204 3201 ,Joroca
226 3142 273 3182 me
292 3120 323 3183 in
347 3122 395 3181 die
419 3067 647 3185 tribiiiationis.“
685 3120 745 3181 Sed
773 3122 839 3202 quia
864 3133 943 3181 inter
971 3122 1135 3202 pietatissn
1199 3192 1203 3203 Ι

72 3198 185 3259 nullum
206 3198 388 3279 frequentius
408 3200 617 3259 commendant
636 3196 821 3278 scripturae,
848 3219 908 3256 oon
930 3211 973 3257 est
993 3198 1082 3283 quod·
1096 3198 1249 3339 lnpgc'

36 3338 39 3343 ,
72 3274 121 3336 bic
140 3276 291 3336 immorer.
325 3275 444 3350 „Petite
464 3277 576 3355 (inquit
595 3276 738 3357 Magister
761 3274 866 3341 lllatth.
886 3282 916 3349 7,
935 3278 975 3353 7.)
996 3286 1028 3334 et
1045 3274 1141 3359 sccip'
1172 3274 1210 3337 'a

71 3348 195 3445 pqlsate,
216 3362 247 3410 et
264 3352 540 3442 qpcrieturvobisc‘
579 3354 759 3444 Quanquam
778 3352 843 3411 huic
863 3363 1022 3431 praecepto
1042 3352 1212 3491 adiaffh

1 3552 3 3576 ,
72 3440 539 3578 lllmfltl'tltlultlztss
558 3429 1222 3586 {li,latitslgtssssttltslttlattz

1251 2592 1255 2687 l

1248 3480 1255 3521 a

72 3580 128 3643 nisi
148 3600 180 3642 re
203 3579 380 3640 exorabilem
399 3582 534 3662 adeoque
554 3582 672 3643 obvium
693 3581 758 3643 lore
779 3582 977 3661 promitteret.
1018 3583 1072 3643 llis
1093 3583 1226 3664 quide-²·
1252 3580 1255 3597 ¹

72 3657 189 3719 duobus
218 3656 339 3738 positis,
370 3670 483 3718 centnm
504 3671 549 3719 est
568 3659 674 3739 quicun
699 3677 736 3718 ue
761 3660 990 3750 tergiversantur
1014 3679 1052 3719 ne
1073 3656 1211 3721 rectad

70 3734 169 3796 Deum
189 3734 319 3824 veniant,
338 3755 400 3819 non
419 3736 510 3797 modo
531 3755 593 3796 esse
612 3680 739 3795 rcbeilea
758 3747 788 3824 et
808 3736 925 3794 immori
948 3756 1031 3812 eros,
1050 3736 1105 3797 sed
1124 3737 1211 3797 etia·

71 3809 284 3872 incredulitatis
307 3811 459 3873 convinci:
492 3812 560 3892 quia
586 3810 832 3892 promissionibus
859 3755 1004 3873 diffidunt
1052 3811 1150 3888 Quod
1174 3830 1211 3875 cn

71 3886 163 3969 tnagis
182 3887 345 3947 notandum
358 3900 412 3965 est,
431 3889 500 3968 quia
520 3889 701 3971 hypocritae,
721 3888 891 3950 humilitatis
903 3900 934 3949 ct
945 3887 1110 3950 modestiae
1126 3906 1211 3970 prae·

69 3975 168 4056 tenu,
186 3975 246 4025 um
260 3963 395 4057 'superbe
421 3976 617 4057 contemnunt
634 3965 692 4025 Dei
717 3978 923 4053 praeceptum,
943 3986 1031 4057 quam
1049 3965 1140 4026 fidem
1160 3964 1211 4027 be·

1 4171 2 4175 a
69 4038 569 4210 itl‘slss'lltltlttll:
587 4039 1211 4210 :ttulit,lllllat‘tilltisl'lt

67 4204 126 4256 sata
145 4212 210 4255 esse
227 4204 292 4255 tota
310 4193 458 4270 sanctitas,
477 4194 536 4258 boc
553 4216 697 4256 summum
718 4216 781 4257 esse
801 4207 832 4256 et
849 4196 906 4256 sibi
925 4215 995 4277 prae
1014 4194 1078 4256 aliis
1118 4197 1211 4257 retio-

67 4290 134 4333 snm
153 4267 302 4353 declarat,
318 4271 448 4333 invocari
459 4270 504 4333 “iu
526 4271 575 4333 die
601 4271 790 4335 necessitatis.
808 4292 813 4303 ·
830 4273 932 4347 Quare
951 4272 1003 4333 nbi
1022 4292 1084 4366 qno
1124 4292 1211 4334 suun

68 4356 114 4409 est
133 4344 239 4431 exigit,
269 4354 308 4411 et·
324 4348 362 4411 ad
387 4346 512 4431 parendi
524 4348 714 4412 miscritbtcro
732 4369 790 4414 nos
809 4350 936 4427 animat,
967 4346 1042 4411 nulli
1058 4359 1132 4412 cunt
1150 4360 1210 4412 tau
