2596 4726
432 214 487 273 au
510 211 652 311 necuit
670 196 860 273 'catilin
1007 175 1069 275 ſs
1177 221 1216 281 aa

78 360 321 440 terdicendum
339 362 552 463 coniugium,
567 361 756 437 castitatem
772 359 1017 464 pronuntiarit,
1033 390 1113 436 cum
1131 390 1216 466 pro·-

79 482 152 584 pria
165 509 276 556 uxore
293 479 519 556 concubitum
530 508 537 552 :
548 495 592 579 :et
604 484 725 553 Patres
744 495 841 561 erant
855 476 913 580 qui
932 477 1006 553 cius
1019 480 1213 554 auctoritati

81 614 307 674 assenserunt.
337 599 401 672 His
424 596 553 672 linibus
573 598 700 699 egressi
718 613 807 686 sunt,
830 590 939 698 quum
959 595 1029 670 suis
1051 597 1213 671 sacrilicis

79 714 286 790 caelibatum
295 713 628 793 severcindixerunt.
642 719 746 789 Pater
753 731 825 789 erat
835 713 893 815 qui
903 713 1095 808 censuit¹⁷)',
1104 743 1213 790 unum

81 832 256 908 Christum
270 829 484 908 audiendum
499 861 583 925 esse,
596 831 641 907 de
654 860 725 934 quo
740 831 870 907 dictum
887 832 939 918 sit,
950 831 1064 935 ipsum
1082 829 1214 907 audite:

80 979 144 1025 nec
153 948 411 1051 respiciendum
423 948 507 1053 quid
518 949 575 1025 alii
589 966 739 1041 antenos
752 966 812 1025 aut
825 947 982 1036 dixerint,
989 965 1048 1022 aut
1059 948 1215 1039 fecerint,

80 1067 140 1141 sed
166 1066 250 1170 quid
279 1069 355 1171 (qui
375 1068 508 1172 primus
530 1067 689 1143 omnium
712 1070 776 1165 est)
805 1065 962 1142 Christus
987 1066 1214 1169 praeceperit.

81 1189 184 1260 Hunc
195 1186 303 1261 linem
319 1214 432 1289 neque
442 1184 509 1289 ipsi
517 1184 581 1260 sibi
587 1184 946 1288 praestituuntneque
953 1183 1214 1286 aliispraestitu-

82 1320 156 1377 tum
169 1301 613 1407 haberepennittunt,dum
621 1303 763 1406 quosvis
774 1303 890 1406 potius
900 1321 933 1380 et
942 1302 1047 1379 sibiet
1059 1300 1131 1376 aliis
1139 1329 1213 1375 ma-

81 1420 208 1522 gistros
223 1449 329 1524 quam
346 1421 523 1497 Christum
539 1421 752 1524 praeficiunt.
785 1427 889 1496 Pater
908 1438 982 1495 erat
996 1421 1056 1523 qui
1070 1435 1214 1495 conten·

82 1537 133 1612 dit
140 1538 196 1633 ¹⁸),
208 1537 387 1614 ecclesiam
402 1567 473 1613 non
483 1534 612 1614 debere
624 1570 661 1614 se
668 1534 806 1617 Christo
822 1567 1049 1642 praeponere,
1063 1537 1143 1640 quia
1158 1534 1215 1611 ille

82 1683 224 1758 semper
242 1655 413 1731 veraciter
436 1655 579 1731 iudicet:
599 1654 815 1731 ecclesiastici
833 1672 948 1731 autern
966 1655 1106 1745 iudices,
1130 1655 1217 1731 sicut

81 1772 255 1861 homines,
267 1770 478 1876 plerumque
492 1773 674 1850 fallanturs
685 1779 763 1848 Hoc
777 1774 879 1849 etiam
895 1777 964 1850 sme
976 1790 1155 1879 perrupto,
1164 1802 1215 1848 as·

82 1918 198 1966 serere
210 1918 283 1965 non
293 1888 454 1967 dubitant
467 1907 576 1966 totam
584 1891 783 1993 Scripturas
796 1893 1035 1968 auctoritatem
1048 1892 1091 1967 ab
1108 1889 1218 1967 eccle·

84 2008 154 2081 siae
164 2007 310 2082 arbitn'o
327 2007 492 2111 pendere.
523 2015 646 2085 Patres
659 2038 781 2085 omnes
802 2039 876 2085 uno
895 2022 1039 2113 pectore
1055 2010 1219 2085 exsecrati

86 2143 166 2199 sunt
174 2142 208 2200 et
215 2154 287 2201 uno
297 2155 361 2201 ore
368 2123 523 2201 detestati
533 2126 749 2221 ¹⁹),sanctum
757 2127 823 2202 Dei
829 2126 976 2202 verbum
986 2127 1219 2230 sophistarum

87 2238 226 2346 argutiis
237 2243 468 2330 contaminari
483 2260 516 2317 et
533 2242 791 2320 dialecticorum
806 2244 882 2320 rixis
893 2245 1072 2349 implicari.
1096 2253 1152 2322 An
1165 2245 1220 2320 isti
1291 2336 1292 2340 Ἰ

84 2361 125 2435 iis
138 2359 307 2436 limitibus
322 2389 359 2435 se
373 2360 560 2451 continent,
586 2360 671 2436 dum
694 2362 777 2437 nihil
791 2362 884 2439 aliud
904 2365 938 2439 in
956 2380 1027 2438 tota
1052 2365 1121 2439 vita
1142 2393 1220 2438 mo-

85 2478 225 2568 liuntur,
237 2506 346 2580 quam
358 2479 497 2554 infinitis
509 2479 788 2555 contentionibus
802 2498 835 2557 et
849 2480 1042 2584 plusquam
1060 2479 1221 2582 sophisti-
1292 2508 1295 2521 ·

86 2599 134 2672 cis
146 2597 268 2697 iurgiis
282 2595 482 2698 scripturae
502 2596 753 2700 simplicitatem
778 2598 957 2674 involvere
975 2615 1009 2673 et
1030 2595 1222 2699 impedire?

84 2733 123 2791 ut
142 2715 169 2789 si
190 2742 284 2788 nunc
298 2721 421 2790 Patres
435 2714 643 2790 suscitentur
662 2732 695 2790 et
714 2716 916 2791 huiusmodi
931 2713 1092 2819 iurgandi
1111 2733 1220 2788 artem

85 2833 240 2919 audiant,
253 2861 359 2935 quam
371 2829 620 2934 speculativam
633 2832 846 2935 theologiam
862 2833 1035 2937 appellant
1047 2834 1111 2919 isti,
1137 2831 1221 2906 nihil

85 2953 204 3027 minus
217 2949 362 3027 credant
374 2979 478 3052 quam
495 2949 539 3025 de
550 2955 629 3026 Deo
644 2951 765 3026 haberi
781 2950 1058 3054 disputationem.
1089 2955 1221 3024 Verum

84 3068 293 3144 latiusiustis
304 3068 421 3170 spatiis
432 3096 507 3142 sese
521 3069 633 3143 oratio
649 3087 766 3144 nostra
782 3069 988 3158 effunderet,
1002 3071 1030 3145 si
1043 3096 1222 3144 recensere

85 3187 211 3264 vellem
220 3214 327 3288 quam
338 3183 534 3287 petulanter
555 3187 609 3261 isti
622 3192 768 3262 Patrum
784 3188 916 3289 iugum,
934 3196 1086 3289 qnorum
1103 3185 1223 3260 obser-

86 3324 207 3383 vantes
221 3303 282 3379 lilii
297 3301 408 3379 videri
422 3301 556 3390 volunt,
572 3305 753 3380 excutiant.
787 3311 925 3380 Menses
944 3304 1104 3406 profecto
1117 3319 1222 3405 atque

87 3425 166 3502 anni
180 3450 241 3498 me
253 3419 450 3497 deficerent.
485 3427 532 3498 Et
545 3420 634 3496 adeo
648 3421 783 3525 perdita
799 3439 880 3497 sunt
891 3420 1142 3525 deplorataque
1155 3421 1221 3493 im-

87 3540 274 3650 pudentia,
296 3554 340 3613 ut'
354 3568 419 3615 nos
438 3540 606 3643 castigare
624 3541 737 3615 ausint
756 3539 853 3642 quod
875 3539 1043 3613 terminos
1062 3537 1224 3639 antiquos

87 3657 282 3767 transgredi
291 3685 364 3734 non
374 3656 619 3732 dubitemus-
632 3653 1068 3758 hlamveroquodnosad
1078 3682 1226 3730 consue·

87 3782 245 3858 tudinem
257 3795 397 3866 vocant,
408 3774 492 3850 nihil
506 3775 672 3851 efficiunt.
696 3775 920 3851 Iniustissime
935 3774 1028 3848 enim
1042 3772 1227 3847 nobiscum

87 3917 260 4002 ageretur,
277 3891 561 3972 siconsuetudini
575 3892 772 3971 cedendum
786 3908 882 3967 esset.
904 3892 1081 3993 Equidem
1092 3889 1119 3962 si
1134 3903 1229 3963 recta

87 4035 200 4096 essent
221 4014 408 4090 hominum
426 4012 564 4101 iudicia,
581 4010 800 4089 consuetudo
822 4039 841 4085 a
860 4009 963 4084 bonis
980 4004 1131 4111 petenda
1146 4020 1229 4083 erat.

86 4144 223 4212 verum
238 4133 347 4236 longe
365 4127 465 4207 aliter
478 4129 692 4236 saepiuscule
708 4128 762 4233 agi
776 4127 960 4229 contingit:
982 4123 1079 4227 quod
1099 4121 1191 4199 enim
1209 4148 1230 4195 a

154 4289 206 4357 l'l)
224 4284 246 4338 C
284 4303 305 4334 r.
322 4281 394 4352 epist.
401 4282 427 4335 2.
447 4280 491 4333 lib.
504 4282 529 4334 2.
582 4279 630 4362 18>
648 4279 814 4399 Aug3capffl.
833 4290 903 4329 cont.
918 4271 1091 4352 cresconium
1099 4280 1232 4333 grammat.

154 4355 227 4409 cate,
264 4349 407 4405 eseltotut.
424 4351 526 4401 doctor.
544 4350 679 4409 iudicium,
696 4350 746 4401 vid.
764 4348 833 4400 Μ.
849 4347 935 4416 capla
953 4356 1014 4395 sect.
1030 4343 1055 4394 6.
1074 4338 1156 4391 [Μ
1174 4355 1196 4388 c·
1208 4334 1233 4386 1.

90 4357 183 4494 bolso.
191 4417 422 4490 'matt-”40-
437 4417 483 4476 13
492 4437 513 4469 c.
521 4420 561 4473 11.
572 4438 590 4473 a
598 4418 687 4482 tcto.
694 4417 743 4475 14.
754 4432 775 4468 c.
783 4413 824 4473 1⁸.
834 4414 881 4468 nl.
888 4426 913 4466 et
925 4430 945 4465 c„
953 4410 1016 4467 1952.
1029 4415 1051 4464 1.
1060 4406 1100 4465 td.
1107 4403 1232 4473 seansq.
