2700 4732
105 200 163 269 tat
396 234 399 242 .
481 186 559 249 nm.
580 189 632 247 ru.
672 189 760 250 cae.
781 189 861 248 xvr.

107 336 193 401 aliter
209 332 413 412 interpretari,
437 331 493 393 sed
519 332 597 393 hunc
625 351 686 393 ease
705 350 876 414 germanum
897 350 1014 392 sensum
1035 352 1099 392 non
1122 331 1245 392 dubito:

108 411 174 494 quia
193 406 478 485 consiliumsshristi
497 428 559 469 non
577 409 655 469 aliud
676 422 735 482 est,
764 429 849 488 quam
881 420 915 467 ut
945 407 1052 468 doceat
1076 409 1245 468 exuendum

106 508 169 561 esse
179 485 330 568 proprium
351 485 501 566 ingenium
522 485 667 559 omnibus,
687 487 737 566 qui
757 485 792 545 ad
812 483 942 545 coeleste
962 506 1087 567 regnum
1103 486 1245 565 aspirant.

108 558 286 643 Quanquam
311 563 334 622 si
360 563 461 641 putide
487 583 589 622 eorum
615 581 698 622 more
724 561 848 622 cavillari
876 561 981 631 libeat,
1012 581 1157 642 regerere
1188 561 1245 621 illia

106 652 276 722 promptum
298 650 374 701 esset
389 637 457 716 (uhi
477 640 707 701 concesserimus
724 638 803 718 quod
815 637 945 713 volunt),
964 638 1152 717 Baptismum
1164 639 1246 718 prio-

107 738 169 793 rem
189 714 251 778 esse
272 717 328 776 fide
347 727 379 775 et
402 716 597 795 poenitentia:
630 714 747 794 quondo
763 765 765 771 ,
779 714 807 773 in
835 713 944 775 Christi
975 715 1073 774 verbis
1096 714 1246 794 Spiritum

106 793 267 876 praecedit.
306 792 355 866 De
373 791 568 872 spiritualibus
589 791 675 852 donis
702 791 762 850 boc
782 790 875 850 intelli
899 791 907 848 i
936 802 1049 851 certum
1071 803 1144 863 esta,
1168 812 1245 870 quae

107 858 330 961 sillaptismum
363 880 541 948 sequuntur,
573 868 695 946 adeptus
718 890 780 928 sum
808 811 987 946 quorlrolo.
1045 867 1107 927 Sed
1130 867 1245 928 omissis

107 944 231 1024 cavillis,
254 945 381 1006 tenenda
399 944 518 1023 simplex
539 957 583 1004 est
607 945 810 1025 interpretatio
839 966 923 1025 quam
948 942 1048 1017 attuli,
1078 946 1245 1016 neminem,

106 1022 202 1116 donec
223 1034 378 1160 reuopptps
400 1021 489 1080 luerit
507 1041 582 1101 aqua
601 1021 679 1094 viva,
709 1021 765 1080 hoc
796 1031 840 1082 est
865 1021 995 1101 Spiritu,
1014 1041 1104 1100 posse
1125 1021 1243 1102 ingredi

105 1119 187 1160 mre
211 1121 301 1167 num,
330 1119 364 1158 er.

139 1232 145 1245 ,
180 1119 229 1241 ἐῢ.
266 1176 329 1234 lam
350 1185 379 1234 et
399 1194 432 1235 ex
452 1194 488 1234 eo
509 1172 722 1253 explodendum
748 1193 810 1233 esse
836 1193 938 1234 eorum
963 1184 1170 1234 commentum
1191 1196 1242 1253 pa·

106 1252 164 1321 lam
193 1263 251 1325 est,
283 1251 332 1331 qui
354 1268 454 1312 ornnes
476 1271 535 1315 nou
557 1250 719 1330 baptizatos
739 1263 878 1311 aeternae
897 1252 984 1312 morti
1004 1252 1179 1311 adiudicaut
1198 1255 1242 1328 *).

106 1328 185 1391 Solis
205 1346 277 1409 ergo
296 1327 400 1389 adultis
420 1327 615 1389 arlntinistrari
634 1327 813 1407 Baptismuns
835 1348 868 1390 er
883 1348 989 1389 'eorum
1009 1329 1167 1422 postulato
1188 1328 1243 1388 fin-

93 1426 221 1488 gamus:
242 1404 312 1484 quid
332 1425 425 1484 puero
447 1404 509 1464 fieri
529 1404 638 1478 dicent,
659 1405 707 1485 qui
727 1404 843 1485 pietatis
864 1406 1033 1466 rudimentis
1055 1409 1112 1466 rite
1130 1407 1242 1487 probe·

106 1501 164 1562 que
182 1480 334 1556 imbuitur,
354 1480 421 1541 dum
441 1481 592 1543 tinctionis
613 1481 673 1541 dies
696 1503 732 1562 ap
756 1482 823 1556 etit,
846 1483 870 1543 si
888 1483 982 1544 subita
1002 1497 1100 1544 morte
1122 1497 1243 1564 praeter

106 1578 189 1619 sem
221 1559 352 1618 omnium
383 1557 477 1638 abripi
514 1558 686 1640 contingat?
740 1558 813 1619 lara
845 1571 889 1619 est
919 1560 1040 1620 Domini
1073 1561 1242 1641 promissio.

108 1581 287 1727 Quicunque
307 1638 337 1694 in
357 1633 462 1695 Filium
483 1635 622 1708 credidit,
642 1657 702 1695 non
723 1639 848 1696 uisurum
869 1649 1009 1713 mortem,
1034 1658 1091 1699 nec
1113 1638 1146 1698 in
1167 1638 1243 1702 iudi·

106 1733 183 1773 cmm
200 1724 367 1786 venturum,
386 1713 437 1773 sed
458 1713 602 1772 transiisse
622 1734 637 1773 a
657 1724 752 1772 morte
775 1712 804 1771 in
823 1712 911 1774 vitam
932 1714 992 1794 (Io.
1011 1720 1042 1788 ὁ,
1061 1717 1144 1792 24.):
1165 1737 1243 1776 nou·

108 1788 177 1849 dum
210 1787 388 1868 baptizatum
418 1788 523 1849 nullibi
549 1789 696 1849 damnasse
721 1791 910 1868 comperitur.
963 1791 1055 1866 Quod
1085 1792 1116 1850 in
1140 1813 1242 1853 cama

109 1876 157 1927 me
177 1877 288 1946 partem
308 1867 399 1946 arcipi
419 1865 507 1940 nolo,
527 1866 648 1946 perinde
667 1867 724 1927 acsi
745 1866 923 1946 Baptismnm
943 1869 1098 1929 contemni
1118 1869 1242 1950 impune

106 1962 192 2031 posse
212 1942 366 2002 innuerem
387 1945 460 2022 (quo
482 1955 654 2023 contemptu
673 1943 814 2004 violatum
834 1943 870 2003 iri
890 1943 1011 2004 Domini
1031 1944 1140 2006 foedus
1160 1946 1242 2005 affir-

105 2041 171 2080 mo:
202 2031 315 2079 tantum
335 2019 434 2092 abest,
453 2031 486 2079 ut
505 2039 639 2080 excusare
659 2019 846 2095 sustineam):
877 2033 991 2081 tantum
1016 2021 1158 2083 evincere
1178 2024 1242 2083 sul-

104 2096 179 2169 fieit,
199 2116 260 2155 uon
282 2114 343 2157 esse
363 2096 437 2156 adeo
457 2098 667 2171 necessarium,
700 2110 731 2156 ut
773 2097 872 2158 eriisse
892 2099 1024 2177 protinus
1045 2099 1242 2174 existimetur,

105 2172 153 2251 cui
174 2171 233 2232 eius
255 2172 408 2233 obtinendi
428 2172 562 2252 adempta
581 2172 670 2231 luerit
690 2117 819 2233 facultas.
868 2176 960 2253 Atqtri
984 2175 1007 2235 si
1027 2196 1134 2237 eorum
1157 2199 1240 2238 com·

104 2260 206 2309 mento
226 2248 410 2323 assentimur,
428 2269 479 2309 eos
499 2269 601 2310 omnes
620 2250 690 2310 citra
711 2251 910 2329 exceptionem
930 2250 1145 2327 damnabimus,
1165 2275 1241 2332 quos

105 2324 181 2395 alla
205 2324 290 2384 tismo
311 2347 392 2386 casus
415 2325 520 2404 aliquis
550 2325 749 2417 prohibuerit,
781 2340 1005 2407 quantacunque
1034 2329 1149 2407 alioqui
1183 2331 1240 2390 fide

104 2346 266 2482 praeslltos:
297 2421 349 2480 per
374 2422 461 2480 quam
487 2401 619 2463 Christus
645 2403 704 2482 ipse
732 2404 904 2483 possidetur.
963 2405 1089 2484 lnsnper
1108 2407 1238 2467 inianter

106 2498 207 2539 omues
236 2487 372 2536 aeternae
400 2479 502 2538 mortis
522 2499 589 2538 reos
608 2493 769 2561 peragunt,
789 2480 895 2559 quibus
915 2481 1095 2561 Baptismum
1115 2495 1235 2563 negant,

104 2576 155 2615 sua
173 2553 303 2634 ipsqrum
325 2553 526 2626 consessione,
550 2554 725 2614 adsalutem
747 2557 948 2616 necessarium.
988 2559 1126 2618 Viderint
1152 2581 1228 2618 nunc

106 2653 191 2710 quam
212 2628 289 2691 belle
308 2629 363 2691 sibi
384 2652 449 2693 cum
470 2631 579 2693 Christi
600 2631 694 2692 verbis
715 2633 882 2707 conveniat,
902 2634 1006 2712 quibus
1027 2646 1230 2717 regnumcoe-

106 2709 203 2767 lorum
223 2705 265 2766 illi
285 2705 371 2766 aetati
391 2706 572 2767 adiudicatus
591 2708 711 2787 (hlatth.
733 2717 780 2782 19,
801 2713 871 2786 ld).
912 2712 1009 2789 Atque
1031 2726 1064 2769 ut
1085 2712 1157 2771 nibil
1178 2711 1233 2771 illis

105 2805 165 2847 nou
198 2785 405 2857 concedamus,
436 2797 575 2862 quantum
608 2786 643 2843 ad
670 2785 754 2844 huius
781 2786 837 2845 loci
863 2787 1086 2868 intelligentiam
1118 2790 1236 2862 attinet,

104 2859 178 2930 nibil
205 2873 302 2921 tamen
325 2860 394 2920 inde
421 2861 555 2935 elicient,
586 2863 640 2921 nisi
667 2863 745 2941 prius
765 2862 843 2940 quod
865 2863 920 2922 iam
942 2864 1135 2925 constitutum
1156 2879 1202 2926 est
1221 2889 1237 2926 a

104 2937 190 3001 nohis
210 2937 317 3020 dogma
336 2937 372 2996 de
393 2937 545 2997 infantium
565 2940 789 3020 regeneratione
810 2941 978 2999 everterint.

178 3020 226 3080 27.
267 3013 327 3073 Sed
348 3015 599 3096 propugnaculum
621 3016 751 3075 omnium
772 3016 990 3076 munitissimum
1004 3017 1031 3075 in
1045 3018 1105 3098 ipsa
1117 3019 1160 3078 Da
1187 3021 1237 3080 tis·

104 3088 144 3150 nri
170 3089 351 3150 institutione
377 3110 407 3148 se
429 3090 536 3150 hahere
575 3092 734 3164 loriantur,
775 3114 838 3151 uam
859 3113 892 3151 ex
912 3094 1008 3173 capite
1026 3095 1170 3156 hlatthae'r
1191 3098 1237 3156 ul-

103 3168 176 3226 timo
203 3178 308 3245 petunt
338 3168 497 3244 (28‚19.):
530 3112 581 3227 uit
603 3168 734 3229 Christus
753 3113 915 3249 Apostolos
935 3173 1051 3231 mittens
1072 3172 1107 3233 ad
1129 3187 1237 3253 gentes

103 3243 266 3315 uniuersas,
292 3242 328 3301 de
348 3241 403 3301 illis
423 3242 562 3304 docendis
582 3246 722 3324 primum,
750 3248 872 3305 alterum
895 3248 931 3305 de
952 3249 1130 3327 baptizandis
1151 3273 1238 3311 man·

104 3318 202 3379 datum
223 3318 279 3378 dat.
330 3318 407 3377 Tum
429 3331 510 3379 etex
536 3321 627 3380 ltlarci
652 3322 754 3383 ultimo
786 3330 847 3401 (lli,
868 3326 929 3398 16.)
954 3324 1029 3383 istud
1053 3339 1236 3388 annectunt:

104 3394 187 3468 „Qui
208 3394 376 3467 crediderit,
396 3406 426 3454 et
445 3395 606 3475 baptizatus
627 3397 724 3470 luerit,
744 3400 835 3459 salvus
857 3401 941 3458 erit.“
982 3401 1062 3473 Quid
1077 3401 1154 3463 ultra
1173 3405 1236 3479 (in-

105 3471 223 3552 quiunt)
243 3472 407 3551 quaerimus
427 3493 515 3549 quum
540 3473 627 3532 verba
648 3475 767 3534 Domini
794 3489 893 3554 aperte
919 3489 1040 3550 sonent,
1071 3480 1152 3555 prius
1180 3482 1237 3540 do-

104 3547 229 3609 cendum
255 3569 348 3668 quam
367 3548 589 3627 baptizandum,
621 3563 650 3610 et
670 3552 818 3629 Baptismo
839 3554 998 3612 secundom
1019 3576 1034 3612 a
1055 3555 1112 3613 fide
1133 3556 1236 3618 locum

104 3624 264 3706 assignent.
289 3622 379 3686 Cuius
399 3626 510 3685 ordinis
529 3628 676 3705 specimen
698 3630 840 3688 Dominus
861 3632 948 3688 etiam
970 3630 1047 3689 lesus
1060 3632 1089 3689 in
1103 3651 1236 3713 seprae-

105 3701 178 3772 buit,
198 3703 246 3781 qui
266 3720 344 3766 anuo
365 3701 481 3761 demum
500 3703 647 3763 tricesimo
669 3705 809 3784 baptizari
830 3706 930 3765 voluit.
975 3707 1030 3766 ttic
1057 3726 1128 3767 vero
1161 3721 1238 3789 quot

105 3779 213 3849 modis,
245 3777 325 3839 bone
354 3777 450 3852 Deus,
480 3789 510 3838 et
528 3800 559 3840 se
578 3780 744 3859 implicant,
778 3794 808 3841 et
827 3782 968 3843 inscitiam
987 3804 1066 3843 suam
1089 3788 1235 3864 produnt.

104 3854 178 3915 Nam
198 3854 228 3913 io
249 3874 286 3915 eo
307 3855 363 3914 iam
385 3854 448 3933 plus
470 3877 554 3935 quam
575 3858 728 3936 pueriliter
747 3857 901 3934 labuntur,
933 3861 1012 3939 quod
1032 3860 1157 3942 primam
1180 3865 1237 3924 Da·

442 4026 542 4034 ---

131 4114 148 4143 ·’
171 4120 199 4187 l)
216 4120 283 4174 Vidn
301 4121 400 4175 Calvio.
417 4137 508 4175 contra
531 4122 651 4176 articulos
668 4121 866 4188 Theologomm
883 4125 1017 4181 Parisinus.
1035 4144 1083 4184 art.
1103 4131 1125 4183 l.
1161 4132 1238 4195 Item,

104 4185 257 4266 adcorril.
275 4189 402 4243 Tridenu
424 4191 495 4253 Item,
511 4191 539 4243 iu
557 4211 617 4244 sera
636 4193 723 4245 eccles.
741 4196 899 4248 relormand.
916 4195 1024 4258 ratione,
1043 4212 1067 4250 et
1083 4197 1110 4249 iu
1123 4199 1166 4268 Ap
1191 4220 1238 4253 eu-

105 4255 230 4309 drce.·-.
254 4256 397 4312 Nervus-in
415 4258 557 4323 Augustino
575 4259 620 4311 lib.
635 4265 659 4316 1.
687 4261 720 4311 ad
743 4258 861 4313 Bonilac.
880 4277 904 4313 et
922 4263 992 4333 epist.
1010 4264 1052 4320 28.
1068 4264 1097 4318 in
1117 4220 1237 4321 Ambro-

103 4318 150 4379 sio.
168 4321 202 4373 ds
219 4338 299 4378 vocat.
313 4327 426 4392 gentium
443 4326 487 4380 lib.
504 4328 530 4384 2.
547 4347 603 4398 cap.
619 4326 644 4381 Β.
663 4328 696 4379 de
712 4328 847 4386 Abraham
863 4329 907 4383 lib.
924 4334 949 4385 ἢ.
970 4351 1026 4402 eap-
1044 4337 1083 4390 tt.
