2596 4726
423 219 476 281 au
496 218 640 281 nescu
660 215 847 281 saccus.
1167 222 1204 283 ts
1237 174 1239 179 ¹

67 384 155 456 cant,
179 367 241 443 etsi
269 352 493 470 nonpossint
517 368 613 444 omni
638 397 676 443 sc
702 365 804 470 culpa
827 365 987 451 eximere,
1016 362 1122 440 videri
1151 381 1201 440 ta-

66 513 145 560 men
172 514 277 588 posse
294 485 551 589 quoquomodo
574 483 801 561 excusabilem
826 482 979 559 oblatam
1002 500 1118 558 autern
1133 483 1201 559 Dei

67 605 237 679 beneficio
251 605 428 679 veritatem
453 604 512 706 qui
536 604 757 705 pertinaciter
770 618 944 704 respuant,
968 598 1051 674 nihil
1066 599 1199 679 habero

65 723 163 826 quod
190 719 459 798 obtendant-
493 724 526 799 6.
551 720 762 797 Dilemmate
787 747 852 794 suo
879 746 951 793 nou
978 715 1067 792 adeo
1092 718 1198 793 vehe-

65 858 197 914 menter
210 868 277 915 rios
300 853 475 939 premunt,
500 855 539 913 ut
548 839 650 915 fateri
663 836 803 939 adigant
814 836 868 914 vel
889 834 1068 917 ecclesiam
1092 835 1200 913 luisse

64 956 278 1058 aliquamdiu
301 955 584 1045 intermortuam,
601 955 667 1059 ⁴vel
694 984 786 1033 nunc
816 985 897 1031 cum
927 952 1069 1029 ecclesia
1095 952 1199 1028 nobis

64 1072 155 1147 litem
181 1103 268 1149 esse.
292 1071 387 1147 Vixit
411 1099 495 1147 sane
512 1072 639 1148 Christi
664 1072 887 1163 Ecclesia-et
914 1073 1007 1148 vivet
1027 1068 1198 1172 quamdiu

65 1191 223 1265 Christus
248 1189 409 1293 regnabit
432 1186 478 1263 ad
505 1188 682 1266 dexteram
701 1191 826 1279 Patris,
850 1190 948 1266 errius
969 1217 1078 1263 manu
1097 1187 1198 1263 susti-

63 1325 173 1394 netur,
199 1306 296 1383 cuius
320 1306 496 1411 praesidio
523 1305 730 1397 defenditur,
753 1308 850 1384 cuius
876 1309 1001 1417 virtute
1026 1334 1124 1382 suam
1144 1306 1197 1381 in·

63 1423 304 1499 columitatem
325 1420 459 1501 retinel.
486 1425 681 1501 Praestabit
699 1423 790 1500 enim
808 1424 864 1501 ille
876 1421 1126 1527 indubiequod
1145 1451 1198 1503 se·

60 1542 131 1618 mel
145 1544 287 1646 recepit,
313 1572 352 1619 se
369 1543 559 1619 allaturum
575 1545 644 1619 suis
666 1571 777 1645 usque
800 1541 844 1618 ad
859 1541 1197 1617 consummationem

59 1661 366 1760 saeculi(Matth.
379 1659 537 1755 tutti).
574 1659 750 1735 Adversus
773 1688 851 1734 earn
875 1658 967 1736 nulla
986 1689 1081 1735 nuuc
1094 1657 1197 1735 uobis

57 1807 179 1882 pugna
206 1796 272 1855 est:
295 1777 467 1881 siquidem
485 1784 601 1857 Deum
627 1805 737 1853 unum
764 1792 797 1850 et
810 1778 987 1854 Christum
1001 1778 1197 1853 Dominum

57 1926 132 1972 uno
145 1924 320 1973 consensu
331 1923 413 1971 cum
432 1896 529 1971 omni
552 1893 709 1970 fidelium
731 1894 866 1996 populo
881 1896 1027 1972 colimus
1052 1913 1087 1971 et
1111 1894 1197 1999 adq·

59 2044 191 2101 ramus,
216 2011 365 2116 qualiter
385 2042 524 2116 semper
533 2012 576 2087 ab
591 2011 755 2087 omnihus
768 2012 834 2114 piis
852 2012 1017 2087 adoratus
1033 2029 1093 2090 est.
1125 2011 1198 2088 Sed

63 2160 137 2204 nou
164 2159 285 2233 parum
318 2159 338 2205 a
364 2159 450 2205 vero
483 2130 548 2233 ipsi
577 2130 759 2218 aberrant,
792 2129 878 2205 dum
910 2130 1090 2206 ecclesiam
1123 2160 1197 2205 non

64 2265 253 2351 agnoscunt
277 2248 463 2351 nisiquam
488 2247 662 2350 praesenti
687 2247 791 2323 oculo
817 2266 972 2335 cernant,
993 2265 1028 2323 et
1053 2277 1131 2323 eam
1156 2248 1197 2323 iis
1258 2244 1260 2249 ’

63 2364 188 2440 linibus
208 2366 494 2442 circumscribere
506 2383 687 2455 conantur,
702 2366 828 2469 quibus
841 2368 984 2442 minime
996 2364 1127 2442 inclusa
1138 2382 1198 2443 est.

59 2526 110 2538 -
132 2490 173 2557 lu
196 2483 250 2557 his
262 2483 462 2559 cardinibus
478 2485 715 2560 controversia
729 2503 847 2560 nostra
864 2485 1028 2560 vertitur:
1041 2484 1195 2587 primurn

58 2600 154 2702 quod
181 2600 349 2676 ecclesiae
380 2604 530 2676 sormam
556 2632 694 2705 semper
721 2633 889 2707 apparere
915 2620 950 2678 et
972 2602 1196 2705 spectabilem

56 2749 131 2793 esse
147 2718 383 2794 contendunt:
409 2718 535 2796 deiude
549 2720 645 2824 quod
669 2721 820 2795 formam
842 2722 954 2823 ipsam
974 2718 1106 2795 insede
1120 2725 1197 2795 Ro-

57 2866 182 2911 manae
195 2836 373 2912 Ecclesiae
389 2855 422 2912 et
439 2839 645 2915 Praesulum
664 2869 808 2913 suorum
827 2837 951 2913 ordine
977 2840 1197 2914 constituant

55 2959 133 3029 Nos
145 2971 271 3028 contra
289 2957 482 3046 asserimus,
507 2973 540 3031 ct
557 2956 735 3032 ecclesiam
755 2956 848 3031 nulla
867 2974 1058 3060 apparente
1071 2958 1199 3033 forma

56 3090 220 3148 constare
240 3102 355 3175 posse,
378 3104 443 3149 nec
467 3076 618 3149 sormam
633 3092 776 3148 externo
795 3073 854 3149 illo
872 3073 1070 3177 splendore,
1091 3104 1198 3177 quem

55 3191 158 3266 stulte
184 3189 412 3281 admirantur,
435 3190 496 3266 sed
520 3191 625 3295 longe
652 3191 716 3268 alia
742 3210 826 3268 nota
854 3194 1039 3268 contineri:
1069 3221 1198 3295 nempe

56 3337 141 3409 pura
166 3308 268 3383 verbi
282 3310 347 3383 Dei
370 3309 641 3413 praedicatione,
663 3328 696 3384 et
718 3309 871 3414 legitima
898 3329 1198 3391 sacramentorum

56 3425 365 3501 administratione.
390 3433 559 3503 Fremuut
576 3429 640 3503 nisi
653 3427 794 3502 ecclesia
809 3427 918 3532 digito
931 3457 1070 3531 semper
1083 3447 1200 3505 osteu-

57 3541 166 3619 datur.
196 3541 268 3617 Sed
281 3573 385 3645 quam
399 3575 502 3648 saepe
520 3546 555 3619 in
573 3544 707 3648 populo
718 3545 932 3622 Iudaeorum
947 3546 995 3620 sic
1007 3545 1200 3622 deformari

57 3661 209 3761 contigit,
222 3678 262 3734 ut
281 3659 374 3736 nulla
387 3663 518 3764 species
533 3664 724 3738 emineret?
744 3693 850 3766 quarn
867 3681 1032 3766 putamus
1046 3663 1198 3739 formans

58 3775 330 3879 resplenduisse,
366 3809 476 3881 quum
498 3780 591 3856 Elias
617 3779 732 3856 solum
757 3810 794 3855 se
815 3780 973 3855 relictum
998 3779 1202 3881 deploraret

57 3900 97 3990 (Ι.
114 3895 212 3995 Reg.
232 3902 289 3983 19,
306 3897 403 3990 Md?
434 3898 602 4000 quamdiu
619 3899 671 3973 ah
702 3896 854 3973 adventu
874 3898 1001 3974 Christi
1026 3897 1204 3977 deformis:

58 4009 179 4086 latuit?
201 4015 342 4116 quoties
369 4014 414 4089 ab
434 4046 478 4090 eo
498 4026 660 4120 tompore
684 4016 793 4101 bellis,
814 4014 1052 4101 seditionibus,
1076 4016 1203 4093 haare-

61 4128 152 4204 sibus
178 4131 228 4205 sic
245 4160 416 4235 oppressa
439 4148 500 4220 est,
523 4151 564 4207 ut
587 4134 681 4209 nulla
704 4151 803 4238 parte
829 4132 1000 4236 fulgeret?
1029 4139 1083 4209 Au
1103 4132 1131 4208 si
1145 4162 1205 4231 eo,

63 4262 220 4351 tempore
244 4249 417 4338 visissent,
443 4250 672 4326 credidissent
686 4253 792 4327 ullam
810 4281 885 4326 esse
897 4247 1205 4327 Ecdesiamtsed

66 4362 406 4446 audivit-Etiassatra
422 4399 496 4445 esse
509 4369 764 4472 septemmillia
779 4370 950 4456 virorum,
962 4369 1022 4469 qui
1036 4384 1108 4443 uon
1123 4380 1208 4470 cure
