2700 4732
108 226 147 287 2⁰
492 218 571 279 ΗΒ.
591 218 649 279 ill.
691 220 777 282 Car.
798 221 849 279 xt.

111 375 250 445 tunquam
267 362 325 425 illia
344 362 469 424 debitam
490 383 646 445 reposcere
669 362 849 439 mercedem,
873 362 928 424 nisi
947 384 1034 442 quam
1051 358 1106 425 ¹illu
1125 358 1241 439 promi-

112 442 203 504 serit?
240 440 360 501 Habent
371 460 443 523 ergo
462 440 492 499 id
512 440 614 501 eallei
634 438 837 513 beneficentia,
857 440 936 519 quod
956 451 987 499 et
1003 436 1130 499 iustitiae
1149 435 1241 495 titulo

114 530 146 578 et
162 516 298 577 mercede
321 516 408 598 digna
432 516 592 592 habentur,
620 530 707 596 atque
739 516 812 575 adeo
838 515 891 577 bac
915 512 1242 583 commonuissemus,

115 593 182 654 dum
202 614 256 674 pcr
274 594 335 671 ipsa
360 594 540 671 propositum
560 604 604 651 est
628 592 825 653 obedientiam
845 590 912 651 llco
936 592 1083 651 exhibere.
1134 590 1240 662 Quare

114 682 148 730 ut
165 668 274 749 probet
291 668 360 727 alibi
379 669 538 747 Apostolus
551 668 673 747 (Gala,
686 672 757 746 17.)‚
777 668 920 727 Abrabam
943 666 1089 727 iustificari
1110 686 1146 724 ex
1165 684 1240 743 ope·

113 745 195 806 ribus
213 766 275 803 unu
293 745 433 823 potuisse,
452 745 568 823 allegat,
588 746 680 803 terme
693 745 911 825 quadringentis
931 745 1046 803 demum
1066 753 1097 801 et
1115 741 1238 823 triginta

115 821 197 883 annis
216 832 283 900 post
301 840 467 899 percussum
492 822 596 881 foedus
620 820 706 880 latam
727 842 788 880 esse
809 824 926 902 Legem.
977 820 1120 878 Riderent
1139 816 1239 876 buius·

114 896 194 959 modi
213 907 413 978 argumentum
433 898 577 975 imperiti,
604 898 682 976 quod
703 910 769 955 ante
788 896 1050 987 promulgationem
1071 892 1161 989 Legis
1179 912 1236 973 po-

113 973 223 1035 tuerint
243 992 305 1031 esse
328 972 401 1031 iusta
421 994 525 1051 opera:
550 972 602 1033 sed
627 974 695 1065 quia
715 973 852 1052 operibus
878 973 995 1033 nonnisi
1019 992 1052 1031 ea
1071 970 1129 1030 Der
1157 968 1239 1029 testi·

115 1049 218 1110 monio
242 1070 275 1109 ac
300 1047 470 1126 dignatione
493 1059 605 1108 tantum
630 1068 724 1108 messe
753 1050 893 1107 momauti
917 1061 1055 1123 noverat,
1080 1068 1137 1125 pro
1162 1064 1237 1105 eoa·

115 1125 191 1187 sesso
211 1126 376 1203 assumpsit,
394 1137 461 1184 ante
479 1124 589 1205 Legem
608 1124 664 1185 vim
683 1125 855 1185 iustificandi
876 1146 936 1183 uon
957 1124 1108 1184 babuisse.¹
1136 1120 1237 1181 Habe-

114 1223 178 1261 mus
205 1222 258 1261 eur
282 1220 371 1279 opera
389 1200 475 1280 Legis
500 1201 672 1262 nominatim
697 1202 850 1281 exprimat,
882 1201 949 1259 dum
969 1200 1031 1260 vult
1053 1198 1109 1259 illis
1135 1197 1236 1257 detra-

115 1276 186 1335 bere
204 1274 450 1339 iustificatioueal:
471 1278 542 1355 quia·
554 1276 666 1337 scilicet
683 1277 720 1335 de
741 1278 796 1335 illis
816 1277 884 1336 solis
904 1275 1102 1335 controversia
1121 1272 1237 1333 moveri

114 1364 221 1432 potest.
269 1351 442 1430 Quanquam
472 1365 502 1412 et
525 1353 593 1413 sine·
610 1353 775 1413 adiectione
799 1353 947 1429 quaelibet
971 1352 1116 1411 interdum
1136 1370 1236 1431 opera

115 1427 229 1509 excipit,
248 1440 281 1487 ut
300 1450 388 1507 quum
407 1428 527 1488 Davidis
546 1430 716 1489 testimonio
736 1429 944 1488 beatitudinem
965 1427 1075 1487 bomini
1093 1424 1237 1509 assignari

114 1503 193 1578 dicit,
212 1502 347 1563 cuiDeus
358 1509 428 1564 sine.
438 1527 457 1565 o
480 1505 575 1565 eribus
587 1506 712 1585 imputat
728 1506 862 1565 iustitiam
876 1506 975 1577 (llum.
986 1512 1014 1577 4,
1026 1512 1053 1569 5.
1065 1516 1095 1563 et
1103 1504 1156 1578 6.).
1177 1502 1236 1561 Fa-

114 1599 182 1641 cere
201 1598 273 1661 ergo
293 1580 379 1639 nullis
399 1526 506 1640 ceviiiis
525 1596 661 1662 possunt,
685 1582 755 1659 quin
776 1581 941 1662 generalem
961 1581 1134 1641 exclusivam
1154 1577 1237 1639 obti-

112 1676 241 1717 neamus.
280 1656 325 1715 Ac
344 1656 450 1716 frustra
468 1656 555 1715 etiam
576 1658 707 1717 frivolam
726 1658 913 1717 subtilitatem
934 1669 1065 1737 captant,
1083 1654 1237 1715 iustificari

112 1754 167 1793 nos
184 1730 249 1791 solu
257 1730 334 1811 fide,
353 1754 427 1811 quus
442 1754 497 1807 per
515 1730 690 1792 dilectionem
707 1748 852 1807 oper-retur,
870 1736 1030 1793 utuitatur
1048 1733 1169 1792 raritate
1188 1730 1235 1789 iu·

112 1808 197 1867 stitia.
235 1808 374 1867 fatemur
413 1809 508 1868 uidem
528 1831 593 1868 eum
612 1810 702 1869 Paulo
722 1808 804 1889 (Gal.
823 1816 858 1880 5,
877 1810 936 1884 6.),
959 1829 1021 1868 nou
1041 1807 1125 1867 aliam
1144 1806 1234 1866 fidem

112 1884 266 1945 iustificare
286 1906 370 1963 quam
391 1832 466 1944 iilam
487 1888 605 1945 caritate
625 1886 788 1947 efficacem:
813 1888 864 1945 sed
884 1885 920 1944 ab
947 1884 996 1944 illa
1023 1885 1149 1967 caritatis
1169 1880 1233 1941 eft·

105 1961 191 2021 cacia
210 1960 382 2020 iustificaudi
401 1962 459 2020 vim
479 1982 541 2021 nou
559 1963 653 2021 sumit.
702 1962 766 2022 lmo
779 1984 852 2021 ·n0n
877 1962 930 2021 alia
952 1963 1065 2021 ratione
1084 1958 1233 2031 iustificat,

111 2038 167 2097 nisi
186 2038 252 2117 quia
272 2036 302 2095 iu
322 2037 615 2097 communicationem
641 2040 767 2099 iustitiae
787 2038 897 2097 (Ilrristi
916 2058 970 2096 uos
990 2036 1109 2097 inducit.
1147 2035 1232 2095 Alio·

111 2114 162 2192 qui
186 2112 330 2173 excideret
348 2114 377 2173 id
397 2124 508 2183 tutum,
528 2116 607 2193 quod
632 2128 713 2175 tanta
737 2114 930 2174 contentione
952 2112 1113 2193 Apostolus
1137 2122 1232 2193 urget.

109 2188 170 2266 „Ei
189 2190 240 2269 qui
260 2202 399 2268 operatur
417 2190 473 2267 (ait
491 2190 576 2249 Rom.
596 2192 695 2283 4,-1.)
727 2212 788 2251 non
815 2192 974 2269 imputatur
997 2209 1107 2249 merces
1127 2208 1232 2249 secun·

110 2266 201 2343 „dum
221 2266 352 2347 gratiam,
371 2265 421 2325 sed
439 2267 599 2325 secuudum
620 2268 758 2326 debrtum.
796 2267 832 2323 Ei
847 2286 917 2325 vero
938 2266 986 2345 qni
1007 2288 1068 2325 non
1083 2275 1225 2343 operatur

110 2342 181 2418 „sed
202 2343 295 2401 credit
319 2342 349 2401 in
376 2361 441 2402 eum
463 2342 512 2421 qui
536 2342 673 2403 iustificat
692 2344 828 2423 impium,
852 2343 1010 2421 imputatur
1035 2362 1085 2401 sua
1105 2340 1178 2399 fides
1197 2360 1212 2399 a

110 2418 298 2493 „iustitiam.“
337 2418 496 2477 Poteratne
516 2419 676 2479 evidentius
697 2420 777 2500 loqui
798 2442 883 2500 quam
902 2419 944 2478 sic
963 2418 1097 2498 agendo?
1123 2416 1230 2477 nullan

109 2514 172 2555 esse
190 2493 259 2553 fidei
278 2494 431 2568 iustitiam,
463 2494 519 2554 nisi
548 2494 599 2553 ubi
631 2495 708 2555 nulla
737 2508 806 2555 suut
830 2516 934 2573 opera,
965 2495 1070 2575 quibus
1089 2492 1232 2553 debeatur

107 2589 234 2630 merces:
255 2591 288 2631 ac
307 2581 369 2630 turn
389 2570 503 2630 demum
525 2571 611 2629 fidem
631 2572 767 2653 imputari
787 2572 817 2630 in
838 2571 985 2645 iustitiam,
1004 2571 1054 2631 ubi
1072 2590 1130 2649 pcr
1147 2568 1230 2629 inde·

108 2646 197 2708 bitam
216 2646 337 2726 gratiam
358 2647 464 2707 iustitia
484 2646 654 2708 consertor?

182 2728 229 2787 21.
267 2722 443 2783 Nuncillud
464 2745 668 2803 quamverum
689 2725 725 2783 sit
749 2724 936 2795 caecutiamus,
968 2722 1047 2803 quod
1070 2722 1102 2780 iu
1127 2718 1230 2780 defiui-

107 2798 190 2859 tione
209 2800 319 2859 dietum
340 2810 399 2875 est,
431 2800 566 2859 iustitiam
595 2800 662 2861 bdei
686 2821 747 2859 esse
772 2801 1040 2860 reconciliationem
1067 2820 1133 2857 cum
1153 2798 1230 2869 Deo,

106 2874 1231 3030 tlt.aldit?librili-‘tlt.t⁰.‘.'.³.t.²n.⁵.t¹¹‘'’tttll'lllttlttt'

109 3048 170 3087 esse
189 2995 384 3108 perseverarit.
423 3028 456 3086 Id
478 3028 628 3109 eleganter
647 3029 669 3089 si
692 3030 817 3087 nificat-it
837 2976 941 3089 Ics'aiis
961 3029 1003 3087 bis
1022 3028 1119 3087 verbis
1128 3030 1193 3103 (59,
1203 3034 1230 3089 1.

107 3106 180 3182 sq.):
201 3106 289 3178 „Non
311 3116 355 3165 est
373 3104 539 3165 abbreviata
560 3127 660 3165 manus
711 3106 810 3178 omini,
831 3119 861 3165 ut
880 3125 996 3165 serrare
1016 3117 1157 3183 nequeat:
1178 3122 1229 3161 ne-

107 3182 599 3317 ”ltttttltlttllttil’.t}
619 3182 913 3318 tl'liltlltlitl
932 3180 1230 3337 ll'ssltlttltttti

107 3298 346 3406 :iabsconderunt
366 3333 468 3393 faciem
490 3336 549 3393 eius
570 3356 586 3393 a
606 3334 697 3407 vobis,
718 3354 755 3393 ne
775 3301 935 3393 exaudiatd‘
974 3332 1115 3393 Audimus
1128 3351 1230 3411 pecca·

105 3418 168 3467 tum
188 3428 249 3472 esse
269 3408 440 3469 divisionem
465 3410 544 3469 inter
564 3411 711 3469 bominem
732 3422 761 3468 ct
782 3411 892 3483 Deum,
911 3410 1005 3469 vultus
1025 3409 1083 3468 Dei
1103 3408 1229 3468 aversio·

105 3504 172 3543 nem
194 3505 210 3544 a
230 3498 399 3575 peccatore:
430 3507 486 3545 nec
515 3488 578 3545 lieri
598 3486 683 3545 aliter
708 3497 819 3566 potest,
845 3485 1082 3566 quandoquidem
1102 3484 1228 3545 alienum

105 3571 149 3619 est
167 3559 204 3620 ab
216 3582 276 3621 crus
295 3562 573 3641 iustitia,quicquam
585 3562 752 3622 commercii
772 3562 879 3622 babere
893 3586 957 3622 cum
979 3574 1111 3643 peccato.
1142 3559 1228 3621 Unde

104 3638 264 3716 Apostolus
283 3638 433 3698 inimicum
453 3660 514 3698 csse
533 3641 601 3699 Deo
633 3638 782 3699 bominem
810 3641 913 3712 docet,
938 3641 1033 3698 donec
1052 3641 1083 3697 iu
1105 3638 1227 3720 gratian

104 3734 159 3805 per
179 3713 328 3774 Christum
348 3716 511 3774 restituitur
529 3715 629 3794 (Rom.
645 3723 673 3789 5,
692 3718 832 3807 8—10.).
872 3715 970 3790 Quem
990 3735 1062 3796 ergo
1083 3714 1227 3773 Dominus

104 3812 135 3849 ru
155 3791 394 3849 coniunctionem
413 3791 528 3870 recipit,
548 3812 613 3851 eum
625 3792 730 3852 dicitur
745 3790 914 3852 iustificare:
935 3791 1001 3872 quia
1021 3812 1076 3850 nec
1096 3790 1228 3869 recipere

104 3866 135 3924 in
151 3870 292 3957 gratiam,
322 3887 377 3927 nee
396 3867 451 3927 sibi
471 3867 630 3949 adiungere
656 3880 766 3948 potest,
787 3869 857 3947 quin
884 3890 916 3927 ex
941 3879 1098 3949 peccatore
1121 3868 1226 3925 iustum

104 3941 199 4002 lactat.
236 3941 317 4002 lstud
337 3941 467 4003 addimus
493 3944 557 4001 fieri
581 3965 634 4022 per
654 3957 840 4023 peccatorum
861 3945 1070 4005 remissionem.
1109 3940 1227 4003 Nsmst

104 4017 140 4077 ab
162 4016 301 4096 operibus
320 4020 508 4079 aestimentur
525 4040 598 4097 quos
618 4019 673 4080 sibi
685 4021 826 4079 Dominus
847 4021 1056 4092 reconciliavit,
1075 4018 1228 4099 reperien-

15 4107 21 4117 “
103 4105 152 4152 tur
171 4094 329 4155 etiamnum
348 4114 448 4155 revera
467 4107 653 4175 peccatores,
685 4118 758 4175 quos
780 4109 877 4156 tamen
896 4109 1019 4177 peccato
1039 4094 1153 4155 solutos
1173 4116 1228 4173 ptr-

102 4188 211 4249 rosque
231 4188 293 4229 esse
312 4182 439 4251 oportet.
479 4171 604 4232 Constat
622 4172 730 4251 itaque,
750 4194 823 4252 quos
843 4175 925 4235 Deus
945 4172 1147 4252 amplectitur,
1166 4190 1228 4230 uon

101 4244 188 4306 aliter
206 4245 270 4307 lieri
288 4246 381 4311 iustos
400 4246 455 4309 uisi
474 4248 555 4327 quod
574 4247 709 4311 abstersis
727 4261 918 4329 peccatorum
937 4249 1110 4310 remissione
1129 4268 1229 4309 maru·
