2700 4732
508 256 584 317 bill.
606 256 661 316 111.
702 256 791 319 CAP.
812 254 865 317 if.
1198 262 1259 325 419

111 400 203 463 vendi
227 400 326 461 datum
352 419 415 459 esse
439 399 610 481 Apostolis,
640 401 719 481 quod
739 402 907 462 sacerdotes
933 410 1104 477 exerceant,
1135 412 1257 482 peccata

108 479 169 541 sibi
189 479 287 561 agnita
306 478 497 550 remittendo,
518 478 619 538 falsum
642 490 671 536 et
693 478 827 539 frivolum
854 476 1029 558 principium
1054 474 1128 538 sumi
1157 476 1280 557 palam.

110 568 172 617 est:
192 556 258 635 quia
272 554 431 625 absolutio,
450 575 525 633 quae
545 556 612 614 fidei
631 556 736 627 servit,
757 555 828 614 nihil
849 555 927 615 aliud
950 566 994 615 est
1012 576 1100 633 quam
1120 556 1254 615 testimo-

110 633 197 692 nium
221 633 324 691 veniae
352 651 385 689 ex
412 632 538 711 gratuita
562 631 715 725 Evangelii
746 632 940 711 promissione
968 643 1130 711 sumptum:
1162 631 1255 693 altera

67 745 70 749 ·
108 722 220 782 antem,
241 730 316 788 qnae
336 728 369 767 er
388 708 538 787 disciplina
560 708 698 768 ecclcsiae
718 710 838 788 pendet,
858 707 929 767 nihil
949 707 985 767 ad
996 719 1109 767 secreta
1124 720 1254 787 peccata,

109 786 162 847 sed
182 787 219 845 ad
239 784 402 865 exemplum
424 785 514 864 magis
536 786 683 864 pertinet,
710 798 742 844 nt
761 784 884 845 tollatur
903 784 1022 866 publica
1043 783 1181 845 ecclesiae
1202 785 1253 846 of·

109 862 218 922 fensio.
259 861 350 936 Quod
370 873 468 921 autem
489 860 557 920 binc
577 861 646 921 inde
666 863 832 921 testimonia
854 861 1030 936 corradunt,
1054 860 1160 941 quibus
1179 882 1254 942 pro-

110 940 187 999 bent
207 958 269 1015 non
288 938 425 998 sufficere
444 937 490 995 vel
503 937 565 997 'soli
584 938 669 1012 Deo,
699 939 745 999 vel
764 938 845 999 laicis
868 937 1004 998 confiteri
1028 949 1166 1018 peccata,
1198 936 1254 998 nisi

110 1014 249 1075 sacerdos
280 1013 318 1074 sit
348 1015 502 1095 cognitor,
532 1014 634 1103 putida
666 1036 700 1073 ac
732 1015 868 1095 pudenda
900 1027 944 1074 est
968 1034 1071 1074 eorum
1091 1014 1253 1096 diligentia.

110 1094 187 1151 Nam
206 1092 232 1151 si
274 1091 370 1151 nando
392 1092 596 1169 peccatoribus
616 1091 739 1151 suadent
751 1093 864 1161 ¹vetusti
889 1104 995 1171 patres,
1026 1103 1060 1151 ut
1091 1111 1123 1152 se
1143 1110 1253 1152 exone·
1296 1120 1306 1133 =

111 1180 180 1228 rent
197 1113 274 1249 apud
296 1190 379 1227 suurn
409 1180 573 1247 pastorem,
594 1167 630 1226 de
653 1169 828 1228 recitatione
847 1168 941 1247 accipi
960 1189 1022 1227 non
1064 1179 1159 1243 otest,
1176 1185 1252 1248 quae

51 1274 53 1309 :
111 1256 185 1305 tunc
203 1245 234 1303 in
254 1265 308 1303 usu
328 1244 475 1304 nonfuit.
496 1243 624 1317 Deinde,
642 1257 677 1304 ut
691 1245 800 1305 sinistri
821 1244 941 1305 fuerunt
960 1190 1145 1306 Lomdardus
1166 1257 1196 1305 et
1213 1243 1254 1305 si·

110 1320 207 1396 miles,
225 1321 363 1380 videntur
382 1321 447 1381 data
468 1342 558 1398 opera
580 1320 660 1380 libris
680 1321 850 1381 adulterinis
871 1320 959 1380 fuisse
970 1321 1090 1399 addicti,
1125 1342 1253 1413 quornm

112 1409 266 1479 praetextu
286 1398 458 1476 deciperent
478 1397 631 1475 simplices.
676 1397 768 1456 Recte
809 1399 907 1458 uidem
928 1399 1071 1472 fatentur,
1091 1419 1158 1477 quia
1178 1418 1253 1479 poe-

109 1473 266 1535 nitentiam
289 1494 406 1553 semper
425 1477 583 1533 comitatur
602 1473 728 1548 solutio,
748 1420 859 1534 nullvnn
881 1476 1001 1565 proprie
1020 1475 1171 1537 vinculum
1192 1494 1254 1535 ma·

52 1556 62 1579 ¹
111 1570 197 1624 nere,
217 1550 268 1610 ubi
289 1551 352 1629 quis
373 1551 554 1630 poenitentia
575 1562 668 1609 tactus
688 1563 750 1626 est,
781 1573 909 1631 quamvis
940 1552 1071 1612 nondum
1102 1552 1254 1613 confessus

55 1676 63 1693 ,.
108 1626 213 1689 fuerit:
243 1626 368 1705 ideoque
389 1640 460 1687 tunc
480 1626 661 1687 sacerdotem
682 1649 742 1687 non
765 1640 822 1688 tam
844 1629 996 1688 remittere
1015 1639 1144 1709 peccata,
1165 1648 1254 1708 quarn

55 1718 64 1749 ἵ
109 1705 308 1785 pronuntiare
330 1716 360 1761 et
379 1703 527 1763 declarare
553 1704 670 1763 remissa
697 1724 769 1763 esse.
827 1707 1003 1784 Quanquam
1028 1706 1057 1764 in
1078 1706 1170 1765 verbo
1202 1702 1254 1763 ds-

107 1778 250 1840 efnmndi
260 1800 386 1839 crassum
407 1802 538 1839 errorem
560 1780 717 1855 insinuant,
737 1783 935 1841 ceremoniam
954 1782 1150 1862 subrogantes
1162 1782 1191 1840 in
1207 1780 1254 1841 lo·

107 1878 176 1919 cnm
199 1856 361 1917 doctrinae.
415 1857 508 1931 Quod
528 1870 626 1916 autem
646 1869 794 1930 atterunt,
822 1859 852 1917 in
874 1858 949 1917 facie
970 1858 1110 1918 ecclesiae
1129 1856 1242 1919 absolvi

107 1934 160 2014 qui
181 1934 240 1992 iam
259 1936 359 1992 corarb
380 1933 438 1993 Dei
457 1934 569 1992 veniam
591 1934 713 2012 adeptus
735 1945 814 2008 erat,
843 1934 1187 2010 intempestivc.trabunt
1215 1898 1254 1994 ad

110 2010 295 2091 peculiarem
327 2011 467 2089 cuiusque
499 2032 598 2083 usum,
633 2010 712 2088 quod
749 2011 802 2069 iam
836 2011 957 2070 diximus
987 2011 1137 2071 communi
1168 2010 1281 2072 disci·-

106 2086 216 2167 plinae-
244 2105 307 2145 esse
342 2087 533 2160 destinatum,
578 2086 629 2145 ubi
668 2086 798 2146 tollenda
838 2101 881 2147 est
918 2089 1060 2168 gravioris
1096 2098 1127 2148 et
1162 2098 1253 2147 notae

51 2204 54 2215 ·
108 2162 219 2242 cnlpae
250 2160 386 2222 offensio.
437 2164 496 2221 Sed
535 2162 621 2240 paulo
655 2176 722 2241 post
752 2164 985 2224 moderationem
1019 2176 1194 2244 pervertunt
1223 2173 1255 2224 et

110 2251 321 2319 corrumpunt,
343 2240 482 2298 addentes
504 2241 590 2298 alium
610 2240 730 2298 modum
756 2241 939 2300 remittendi:
970 2261 1076 2321 nempe
1108 2262 1174 2301 cunr
1205 2240 1254 2300 in·

109 2315 266 2377 iunctione
284 2336 398 2394 poenae
420 2329 450 2375 et
473 2316 690 2385 satisfactionis,
710 2317 739 2375 in
761 2338 820 2407 quo
841 2318 899 2377 suis
919 2318 1085 2379 sacrificulis
1104 2318 1148 2378 ius
1168 2337 1254 2377 arro·

131 2403 185 2452 ent
213 2392 395 2465 dimidiandi,
428 2392 507 2472 quod
528 2394 608 2451 Deus
641 2393 749 2472 ubique
781 2416 810 2452 rn
842 2394 968 2454 solidum
994 2395 1079 2454 nobis
1107 2393 1251 2474 promisit.

108 2412 214 2545 zeum
234 2470 314 2527 enim
333 2469 505 2549 simpliciter
524 2470 736 2549 poenitentiam
757 2484 788 2530 et
806 2471 893 2530 fidem
915 2472 1020 2552 exigat,
1041 2472 1159 2550 partitio
1180 2470 1252 2532 haec

107 2544 158 2609 vel
178 2547 313 2625 exceptio
335 2568 453 2624 prorsus
474 2547 613 2625 sacrilega
634 2558 685 2606 est.
730 2548 858 2606 Perinde
880 2550 957 2607 enim
979 2549 1056 2607 valet
1074 2548 1133 2608 acsi
1152 2566 1252 2607 sacen·

108 2623 176 2697 dos,
196 2622 307 2681 tribuni
328 2643 484 2701 personam
505 2625 661 2695 sustinens,
682 2621 747 2682 Deo
762 2625 969 2697 intercederet,
990 2645 1044 2683 nec
1055 2623 1143 2682 vellet
1154 2624 1252 2682 Deum

109 2702 171 2779 pati
190 2718 273 2759 mera
290 2721 340 2757 sua
360 2699 537 2757 liberalitate
558 2701 586 2758 in
609 2701 730 2781 gratiam
752 2702 894 2780 recipere,
920 2701 974 2759 nisi
996 2701 1044 2779 qni
1066 2701 1101 2760 ad
1122 2700 1251 2759 tribuni-

112 2778 182 2837 tium
203 2774 373 2837 subsellium
397 2788 557 2854 prostratus
577 2778 707 2847 iacuerit,
728 2777 845 2911 illicgpe
866 2779 901 2835 sit
921 2777 1087 2835 mulctatos.
1225 2777 1233 2793 ⁹

184 2858 234 2916 24.
274 2852 301 2909 T
304 2865 352 2911 ota
374 2852 430 2911 buc
449 2875 559 2911 summa
580 2854 657 2912 redit
675 2855 724 2930 ’ὓς
744 2855 768 2912 si
818 2875 883 2911 curn
906 2855 1001 2911 facere
1022 2853 1112 2912 velint
1132 2852 1251 2912 confes·

51 2994 59 3011 ,
110 2926 201 2991 aionis
233 2927 317 2987 buius
343 2929 462 2988 fictitiae
492 2941 658 3003 auctorem,
690 2951 792 2988 eornm
818 2932 973 2988 vanitatem
999 2929 1135 3010 coargui:
1166 2928 1253 2989 sicuti

113 3007 276 3067 monstravi
298 3006 430 3065 falsarios
451 3006 481 3063 in
502 3007 616 3084 paucis,
637 3028 712 3084 quos
733 3007 835 3080 citant,
856 3007 936 3066 locis.
977 3008 1078 3081 Quum
1108 3025 1179 3065 vero
1200 3027 1252 3086 pa-

110 3080 168 3143 lam
188 3084 243 3157 sit,
263 3081 359 3162 legem
381 3103 442 3139 esse
464 3082 499 3140 ab
523 3083 689 3142 bominibus
711 3083 890 3162 impositam,
922 3083 988 3142 dico
1014 3095 1044 3141 et
1070 3082 1252 3174 tyrannicam

109 3179 175 3219 esse
194 3172 226 3218 et
245 3180 311 3218 curn
331 3159 389 3217 Dei
410 3159 513 3217 iniuria
540 3161 642 3233 latam,
673 3161 722 3238 qui
742 3160 834 3219 verbo
855 3180 908 3219 suo
930 3160 1124 3220 conscientias
1145 3159 1252 3219 astrin-

51 3252 53 3257 '
109 3255 196 3319 gena,
216 3236 279 3295 vult
299 3236 334 3294 ab
357 3236 506 3294 hominum
528 3237 651 3314 imperio
672 3236 781 3295 solutas
803 3256 873 3295 esse.
913 3237 974 3295 lam
1000 3257 1090 3316 quum
1115 3235 1151 3295 ad
1172 3236 1252 3295 obti-

108 3313 239 3373 nendam
259 3313 374 3371 veniam
396 3314 551 3372 necessitas
571 3314 631 3372 eius
652 3312 695 3370 rei
716 3314 933 3392 praescribitur,
952 3334 1037 3392 quarn
1058 3312 1140 3372 Deus
1161 3312 1255 3373 voluit

51 3396 72 3427 ³
109 3408 174 3449 esse
195 3389 333 3460 liberam,
367 3390 434 3448 dico
454 3390 640 3469 sacrilegium
662 3410 723 3448 esse
744 3390 864 3448 minime
884 3390 1054 3450 tolerabile:
1089 3390 1158 3469 quia
1179 3387 1252 3448 nihil

62 3478 71 3531 :²
109 3464 179 3525 Deo
201 3466 292 3547 magis
313 3468 475 3544 proprium,
495 3488 580 3544 qnam
601 3479 719 3545 peccata
741 3467 906 3540 remittere,
936 3467 967 3525 in
1002 3487 1061 3546 quo
1090 3465 1175 3527 nobis
1200 3464 1255 3525 site

51 3546 61 3569 ''
111 3554 158 3603 est
176 3541 262 3602 salus.
302 3543 422 3602 Adhacc
443 3544 559 3601 ostendi
580 3544 723 3602 invectam
741 3544 857 3601 demum
872 3543 959 3603 fuisse
972 3542 1046 3602 lianc
1057 3542 1254 3620 tyrannidem,

51 3644 55 3679 τ
113 3638 205 3697 quum
226 3617 315 3678 foeda
335 3619 471 3677 barbaric
492 3640 648 3697 oppressus
680 3632 758 3678 esset
785 3619 921 3679 mundus.
974 3620 1072 3678 Docui
1103 3629 1257 3708 praeterea

51 3692 71 3775 ᾗ
113 3694 211 3777 legem
231 3716 295 3755 esse
315 3695 495 3774 pestiferam,
516 3717 590 3773 quac
610 3696 655 3754 vel
677 3697 706 3755 in
728 3696 961 3774 desperationem
982 3694 1255 3775 praecipitatmise·

51 3772 62 3829 ἒ
111 3792 159 3831 ras
177 3773 300 3843 animas,
320 3773 489 3850 ubicunque
509 3776 589 3853 viget
608 3773 665 3830 Dei
687 3772 789 3831 timor:
809 3770 873 3842 vcl,
894 3773 945 3832 ubi
965 3784 1009 3832 est
1027 3771 1166 3832 securitas
1187 3771 1253 3829 ina·

51 3847 69 3885 ⁵
111 3848 199 3909 nibus
219 3847 368 3909 blanditiis
389 3847 569 3920 demulcens,
591 3849 680 3929 magis
699 3849 826 3907 hebetat.
856 3850 1013 3909 Postremo
1027 3847 1156 3927 exposui,
1168 3868 1256 3927 quas·

110 3946 230 4006 cunque
250 3925 380 3985 afferunt
398 3925 599 4006 mitigationes
619 3947 681 3985 non
702 3927 759 3985 alio
781 3925 921 4002 tendere,
951 3925 1007 3986 nisi
1034 3937 1066 3984 ut
1091 3923 1255 3999 involvant,

127 4094 144 4102 -
150 4093 483 4103 ....———--.--—.—--
489 4089 720 4101 —-————*-.

78 4238 86 4245 ,
180 4188 209 4257 ⁴)
228 4187 288 4240 Vid.
306 4189 339 4239 ad
357 4188 424 4238 hanc
442 4188 583 4239 sectionem
603 4185 673 4237 Calv.
691 4188 723 4238 ad
744 4186 844 4238 Concil.
863 4187 979 4239 'l'rident
1002 4185 1074 4247 Item,
1091 4184 1119 4236 in
1137 4204 1196 4236 vera
1216 4203 1258 4236 cc·

51 4266 64 4321 J
117 4255 208 4307 elesiac
227 4257 413 4307 reformandae
432 4256 541 4306 rarione.
576 4256 657 4315 lte-m,
679 4256 748 4324 epist.
774 4256 807 4305 ad
831 4256 992 4308 Sadolctum.
1026 4254 1105 4313 ltem,
1123 4253 1194 4333 epist.
1213 4253 1260 4306 ad·

51 4326 63 4351 ¹
116 4342 201 4376 versus
219 4322 372 4386 Tlreologos
390 4324 552 4376 l‘srisienscs.
587 4324 661 4387 Item,
678 4325 711 4376 de
730 4324 873 4377 scandalis.
906 4323 983 4385 Item,
1003 4324 1035 4376 de
1051 4335 1201 4377 necessitate
1217 4339 1260 4373 re·

51 4396 64 4430 5
115 4391 271 4445 formandae
290 4392 515 4446 ecclesiatius.

883 4462 921 4504 ‘rr
933 4457 954 4499 ΙΙ
1316 4474 1345 4504 ,ι
