2596 4726
418 224 476 289 sn
496 224 642 289 nucru
662 224 852 291 eamne.
981 310 984 315 ¹
1167 240 1223 309 u,

56 375 205 465 rivatur,
230 402 323 478 quae
339 374 539 453 insatenee
561 376 730 473 malitiam
752 379 910 482 torqueri
923 376 1104 458 debuerat.
1140 386 1206 457 Est

56 492 118 570 bic
141 490 365 571 diviniterbi
384 493 529 598 quidam
546 496 647 600 quasi
671 496 804 599 genius,
827 513 866 572 ut
886 526 1069 601 nunquam
1092 525 1205 574 emer-

57 627 129 716 gat,
154 612 276 715 quieto
301 641 346 687 ac
374 611 573 688 dormiente
597 619 742 690 Satana:
767 613 855 690 haec
876 616 1065 693 certissima
1088 634 1122 693 et
1137 616 1205 691 im·

57 731 183 833 primis
205 727 321 805 fidelis
346 748 441 821 nota,
464 758 534 833 qua
547 728 754 806 discernitur
777 760 798 806 a
826 732 1055 809 mendacibus
1073 733 1205 809 doctri·

59 846 124 937 nis,
150 876 243 951 quac
268 878 307 957 se
326 847 430 924 facile
451 847 618 953 produnt,
640 846 726 925 dum
742 850 861 953 aequis
874 851 1035 925 omniurn
1061 851 1204 926 auribus

62 965 287 1071 recipiuntur,
311 982 346 1041 et
371 995 392 1040 a
418 965 553 1041 mundo
579 964 768 1068 plaudente
794 966 994 1043 audiuntur.
1044 968 1102 1044 Sic
1127 996 1202 1043 sae-

60 1082 148 1160 culis
169 1083 315 1189 aliquot,
339 1082 466 1187 quibus
482 1081 673 1186 profundis
686 1083 839 1159 tenebris
857 1083 1037 1159 submersa
1062 1086 1204 1161 fuerunt
1261 1182 1266 1191 1

59 1202 199 1294 omnia,
231 1203 315 1279 buic
342 1200 465 1276 mundi
494 1199 648 1276 domino
669 1203 782 1277 cuncti
807 1203 881 1277 sere
905 1200 1205 1279 mortalesludus

57 1338 160 1397 erant
185 1321 359 1407 acincus,
382 1326 449 1395 nec
472 1348 571 1397 secus
594 1317 905 1424 acSardanapalus
928 1319 1051 1423 aliquis
1075 1321 1111 1396 in
1130 1319 1200 1396 alta

58 1468 149 1544 pace
176 1437 358 1514 desidebat
386 1466 428 1513 ac
457 1435 699 1512 deliciabatur:
731 1437 814 1540 quid
848 1436 942 1513 enim
971 1436 1064 1513 aliud
1092 1467 1200 1541 quam

57 1557 192 1633 risisset
206 1585 248 1632 ac
258 1554 404 1644 lusisset,
429 1552 615 1658 tranquilla
639 1583 681 1628 ac
697 1571 820 1657 pacata
837 1555 937 1658 regni
960 1557 1203 1658 possessione?

57 1680 106 1753 At
130 1704 219 1750 vero
244 1673 307 1751 uhi
333 1673 391 1750 lux
416 1704 436 1777 e
459 1673 620 1776 supernis
647 1671 823 1775 affulgens
845 1671 1008 1748 tenebras
1038 1672 1201 1748 eius-ali·
1266 1720 1271 1731 ·

59 1810 236 1897 qrrantum
260 1790 435 1883 discussit,
466 1792 528 1867 ubi
554 1789 654 1865 fortis
678 1787 737 1864 ille
766 1819 915 1892 regnum
948 1791 1022 1867 eius
1044 1790 1201 1867 turbavit

60 1940 103 1990 ac
126 1908 295 2013 perculit,
321 1927 399 1987 turn
425 1938 511 1985 uero
542 1907 683 1984 solitum
705 1936 808 1983 suurn
832 1924 1014 2011 torporem
1039 1925 1200 2021 excutere

61 2030 190 2131 coepit,
212 2044 249 2104 et
269 2055 366 2102 arma
383 2029 569 2131 corripere.
619 2032 665 2101 Et
689 2026 842 2128 primurn
855 2024 997 2128 quidem
1011 2028 1198 2105 hominttm

63 2174 189 2223 manus
211 2145 408 2235 concitavit,
433 2146 561 2249 quibus
585 2143 840 2218 illucescentem
861 2144 1042 2220 veritatem
1066 2143 1200 2221 violen-

65 2281 121 2341 ter
142 2264 369 2370 opprimeret,
389 2294 454 2368 per
466 2291 552 2366 quas
578 2260 639 2337 ubi
660 2259 744 2335 nihil
770 2262 969 2364 profectum
995 2280 1057 2350 est,
1083 2261 1128 2337 ad
1144 2264 1200 2338 in-

64 2381 167 2459 sidias
188 2412 227 2459 se
251 2381 438 2459 convertit:
470 2378 627 2467 dissidia,
658 2396 692 2453 ct
719 2376 925 2482 dogmatum
958 2381 1200 2458 contentiones

61 2530 126 2605 per
142 2498 398 2603 Catabaptistas
422 2528 515 2588 suos,
538 2514 573 2573 et
597 2499 662 2574 alia
684 2496 899 2573 nebulonum
926 2515 1087 2600 portenta
1111 2499 1200 2575 cxci·

61 2621 157 2709 tavit,
177 2618 306 2722 quibus
331 2647 408 2692 earn
436 2617 640 2695 obscuraret
665 2614 806 2691 tandem
823 2633 857 2689 ct
874 2617 1112 2718 exstingueret.
1154 2622 1201 2692 Et

61 2768 157 2814 nnnc
180 2753 330 2838 utraque
345 2735 506 2810 machina
529 2737 640 2838 ipsam
653 2751 785 2809 tentare
801 2750 1009 2836 perseverat,
1027 2733 1199 2833 siquidem

62 2875 97 2932 et
112 2884 236 2933 verum
262 2851 349 2927 illud
371 2882 489 2927 semen
506 2855 541 2928 vi
564 2883 605 2927 ac
627 2880 734 2927 manu
759 2852 943 2926 hominum
965 2851 1112 2926 evellere
1138 2882 1208 2927 co·-

62 2992 176 3061 natur,
202 2989 237 3047 et
260 2971 330 3047 suis
356 2970 490 3045 zizaniis
517 2970 760 3072 (quantumin
785 2998 821 3043 se
840 2969 907 3061 est)
932 2969 1050 3042 nititur
1070 2969 1200 3043 obcoe-
1275 2966 1277 2971 ’

62 3123 157 3182 care,
187 3120 233 3165 ne
264 3105 396 3164 crescat
426 3104 459 3162 et
488 3088 640 3162 fructum
675 3085 809 3161 reddat.
861 3083 901 3160 ld
928 3102 1044 3160 tamen
1082 3084 1197 3187 ipsum

62 3215 211 3297 frustra,
248 3206 276 3283 si
301 3205 513 3280 monitorem
537 3194 732 3279 Dominum
765 3202 943 3291 audimus,
978 3203 1038 3306 qui
1067 3203 1200 3277 eteius
1278 3195 1281 3203 ¹

63 3346 151 3407 artes
177 3325 291 3402 multo
317 3340 397 3398 ante
419 3323 521 3397 nobis
544 3328 689 3426 aperuit,
715 3350 760 3395 ne
783 3322 942 3395 incautos
957 3318 1203 3423 deprehende-

63 3464 129 3537 ret,
166 3462 205 3521 et
232 3459 354 3519 contra
382 3470 506 3515 omnes
534 3442 607 3516 eius
632 3437 811 3514 machinas
836 3437 916 3511 satis
940 3438 1047 3511 firmis
1070 3438 1202 3539 praesi-

64 3564 124 3641 diis
147 3561 308 3640 armavit.
359 3562 546 3633 Caeterum
570 3559 605 3633 in
628 3559 743 3660 ipsum
769 3556 836 3630 Dei
861 3555 1009 3631 verbum
1034 3552 1201 3627 iuvidiam

67 3684 241 3771 conferre,
273 3694 332 3754 aut
353 3675 564 3752 seditionum
591 3704 677 3778 quas
703 3673 857 3778 improbi
881 3689 915 3746 et
943 3669 1107 3757 rebelles,
1142 3686 1203 3744 aut

67 3816 255 3886 sectarum,
293 3824 381 3899 quas
411 3794 622 3898 impostores
651 3808 773 3866 contra
798 3789 963 3885 excitant,
998 3804 1126 3889 quanta
1152 3802 1204 3859 est

67 3915 283 4021 malignitas?
306 3919 452 3991 Novum
469 3927 588 3987 tamen
614 3908 812 4013 exemplum
838 3935 911 3981 non
927 3904 998 3979 cst.
1048 3910 1203 3976 Interro-

65 4033 211 4137 gabatur
228 4030 334 4120 Elias,
360 4057 480 4104 annon
504 4027 534 4105 is
550 4045 639 4103 esset
665 4027 725 4131 qui
750 4023 915 4100 turbabat
939 4016 1054 4094 lsrael.
1102 4016 1221 4090 curt.

10 4154 12 4165 '
65 4167 133 4225 stus
156 4148 345 4225 seditiosus
368 4145 508 4223 ludaeis
535 4162 620 4223 erat.
673 4139 850 4247 Apostolis
878 4138 1009 4220 crimen
1035 4134 1204 4234 impinge-

65 4265 166 4344 batur
188 4264 439 4343 commotionis
452 4262 643 4368 popularis.
669 4256 778 4359 Quid
795 4254 889 4331 aliud
906 4268 1013 4357 agunt
1026 4250 1086 4354 qui
1100 4247 1209 4323 bodie

68 4411 186 4462 omnes
213 4382 347 4474 turbes,
370 4380 555 4475 tumultus,
580 4376 834 4462 contentiones,
854 4399 945 4535 qqae
969 4369 1005 4443 in
1031 4394 1095 4441 nos
1114 4360 1213 4440 ebul1
