2700 4732
105 222 165 287 m
413 156 860 310 smmmm

113 402 118 411 ·
185 366 233 427 26.
270 358 388 420 Deinde
407 359 480 421 mira
499 358 556 420 luit
574 360 770 440 impudentia,
800 361 881 443 quod
902 361 1048 422 decomm
1067 360 1149 421 istud
1167 364 1243 424 casti·

107 441 176 501 tatis
196 459 249 519 pro
275 438 436 498 necessaria
456 457 489 496 re
507 437 706 513 venditarunt,
736 439 767 498 in
800 461 940 499 summam
967 439 1078 500 veteris
1109 438 1244 500 eeclesiae

107 515 314 599 ignominiam:
336 534 519 594 quaequam
540 514 695 574 abundarit
715 516 816 575 eximia
836 516 893 575 Dei
914 516 1097 589 eruditione,
1118 514 1186 595 plus
1202 527 1242 577 ta·

108 612 176 653 men
202 591 395 652 sanctimonia
422 590 565 651 excelluit.
608 592 682 649 Nam
702 591 726 651 si
745 592 905 671 Apostolos
927 592 1000 651 nibil
1020 604 1183 652 morantur
1199 595 1241 669 (ut

108 668 207 730 solent
232 687 282 726 eos
308 668 453 726 interdum
473 678 592 727 strenue
619 670 836 743 contemnere),
866 669 950 747 quid,
982 669 1107 743 amabo,
1142 667 1241 729 sacient

110 745 247 805 omnibus
266 748 385 803 vetustis
405 743 556 813 Patribus,
588 765 662 822 quos
682 756 793 803 certum
815 757 939 804 estnon
959 747 1053 806 modo
1074 746 1168 805 coniu
1189 746 1240 806 iun

107 823 138 882 in
160 822 366 900 episcoporum
386 819 490 880 ordine
511 819 665 892 tolerasse,
690 821 740 879 sed
768 821 852 880 etiam
879 842 894 879 a
917 821 1081 899 probasse?
1121 820 1179 880 Ate
1213 832 1241 881 nt

108 897 220 959 scilicet
240 896 355 957 foedam
375 917 522 956 sacrorum
562 895 788 971 rolanationem,
809 843 924 976 quandb
946 899 986 960 ita
1007 919 1071 958 non
1093 898 1154 958 rite
1173 897 1239 977 apud

108 994 160 1035 eos
179 972 302 1034 Domini
323 973 457 1063 mysteria
477 917 659 1032 colebantur.
698 974 847 1052 Agitatum
860 974 976 1053 quidem
997 975 1057 1034 luit
1076 972 1109 1033 iu
1122 974 1239 1035 Nicaeaa

108 1050 227 1129 synodo
249 1050 284 1109 de
305 1048 461 1108 indicendo
477 1047 641 1109 coelibatu:
664 1061 696 1109 ut
715 1070 865 1129 nunquam
883 1051 988 1109 desunt
1005 1049 1240 1130 superstitiosnli,

109 1127 160 1211 qui
179 1147 295 1207 acmper
316 1147 422 1185 novum
443 1124 552 1204 aliquid
564 1125 831 1198 comminiscuntur,
851 1126 929 1185 unde
942 1126 1175 1187 admirationem
1192 1127 1240 1186 sibi

109 1204 277 1264 concilient.
328 1202 387 1261 Sed
420 1202 490 1280 quid
522 1202 713 1261 constitutum
753 1202 826 1261 luit?
865 1222 971 1282 nempe
1001 1204 1033 1262 in
1072 1207 1240 1263 sententian

108 1279 269 1359 Paphnutii
289 1279 444 1339 discessum
465 1290 519 1349 est,
540 1278 589 1368 qui
610 1278 809 1357 pronuntiavit
821 1280 982 1339 castitatem
1003 1299 1070 1339 csse
1089 1300 1162 1341 cum
1174 1299 1240 1371 pro-

109 1357 172 1451 pria
192 1376 281 1415 uxore
303 1355 491 1415 concubitum
512 1353 594 1434 [bist.
615 1354 682 1434 trip.
703 1353 721 1413 l.
741 1361 769 1418 2.
789 1377 813 1414 c.
833 1356 906 1435 14.].
944 1357 1057 1416 lllansit
1075 1377 1154 1438 ergo
1174 1367 1241 1416 anter

108 1454 187 1513 rpsos
206 1451 319 1492 sacrum
339 1432 522 1512 coniugium:
547 1450 644 1508 neque
669 1443 718 1490 aut
737 1432 804 1508 ipsis
825 1431 963 1491 dedecori
983 1435 1087 1508 cessit,
1115 1446 1168 1493 aut
1186 1455 1239 1493 ma

109 1508 204 1571 culam
225 1509 313 1568 ullam
333 1528 490 1589 aspergere
510 1507 673 1566 ministerio
693 1507 835 1567 creditum
856 1521 909 1569 est.
1000 1560 1003 1565 .

184 1591 231 1650 27.
271 1586 310 1645 Se
334 1596 402 1645 uuta
420 1596 489 1644 sunt
499 1583 604 1644 deinde
618 1594 760 1663 tempora,
771 1584 875 1664 quibus
895 1584 1018 1646 invaluit
1038 1585 1128 1647 nimis
1147 1605 1241 1666 super·

108 1662 221 1724 ttitiosa
241 1606 401 1722 coelibatus
421 1659 683 1720 admiratioeohinc
710 1660 756 1720 illa
782 1661 907 1722 subinde
933 1673 963 1721 et
986 1661 1053 1722 sine
1078 1663 1174 1723 modo
1196 1663 1240 1723 de·

109 1750 224 1800 cantata
244 1738 417 1820 virginitatis
438 1739 588 1811 encomia,
614 1748 647 1795 ut
666 1736 712 1795 vix
738 1737 795 1797 ulla
814 1738 868 1798 alia
889 1738 977 1798 virtus
997 1760 1066 1798 cum
1088 1759 1125 1800 ea
1146 1740 1239 1799 conie-

51 1824 55 1831 '
108 1816 200 1876 remla
219 1815 307 1897 vulgo
329 1815 507 1874 crederetur.
545 1813 584 1871 Et
604 1834 766 1892 quanquam
787 1815 1052 1874 nondamnabatur
1071 1816 1240 1907 impuritatis

109 1891 295 1973 coniugium,
320 1893 360 1952 sic
380 1902 477 1950 tamen
499 1889 710 1948 extenuabatur
736 1891 796 1950 eius
817 1890 956 1974 dignitas,
982 1902 1012 1950 et
1032 1905 1173 1953 sanctitas
1191 1891 1239 1952 ob·

108 1968 296 2043 scarabatur,
325 1979 357 2026 ut
390 1988 450 2026 non
471 1966 619 2026 videretur
650 1967 715 2025 satis
748 1967 817 2027 lorti
848 1968 945 2028 animo
966 1968 1001 2027 ad
1051 1969 1239 2029 ersectionem

108 2046 245 2125 aspirare,
266 2045 317 2124 qui
337 2065 396 2103 non
417 2044 453 2103 ab
474 2044 538 2122 ipso
558 2043 613 2101 sibi
635 2053 821 2122 temperaret.
857 2045 934 2104 llinc
954 2044 997 2104 illi
1047 2065 1164 2105 anones
1183 2045 1238 2124 qai-

108 2121 163 2181 bus
183 2123 277 2202 primo
290 2119 410 2179 vetitum
424 2131 478 2192 est,
499 2140 536 2177 ne
555 2118 771 2179 matrimonium
792 2122 1001 2180 contraherent
1021 2123 1073 2201 qui
1095 2122 1238 2202 pervenis·

108 2209 176 2258 sent
195 2197 231 2256 ad
250 2196 405 2257 sacerdotii
425 2195 562 2276 gradum,
583 2195 688 2253 deinde
710 2216 746 2254 ne
767 2197 796 2254 in
818 2217 883 2256 eum
905 2198 1041 2256 ordinem
1062 2214 1237 2259 assumeren-

106 2284 157 2334 tur
177 2274 233 2333 nisi
253 2272 398 2346 coelibes,
427 2283 478 2331 aut
497 2272 547 2363 qui
574 2272 662 2330 thoro
690 2273 837 2354 coniugali
863 2295 920 2334 una
945 2296 1009 2335 cum
1036 2274 1180 2335 uxoribus
1196 2292 1237 2333 re·

107 2350 288 2410 nuntiarent.
333 2350 431 2420 llaec,
462 2369 529 2429 quta
548 2347 723 2407 videbantur
743 2352 934 2410 reverentiam
954 2351 1127 2412 sacerdotio
1148 2348 1237 2411 conci·

107 2424 196 2500 liare,
227 2447 334 2507 magno
355 2426 564 2504 plausu-etiam
585 2425 743 2503 antiquitus
763 2439 880 2504 recepta
900 2447 962 2487 esse
983 2428 1092 2488 fateor.
1146 2425 1237 2487 Sedai

108 2502 179 2561 mitt
204 2503 406 2582 antiquitatem
433 2501 573 2561 obiiciant
597 2501 769 2575 adversarii,
801 2507 924 2581 primum
950 2503 1143 2583 respondeo,
1172 2503 1236 2563 bant

107 2578 272 2639 libertatem
294 2593 323 2638 et
342 2579 395 2639 sub
415 2577 567 2658 Apostolis
588 2589 617 2636 et
637 2577 749 2655 aliquot
769 2592 870 2658 postca
889 2580 1010 2640 saeculis
1032 2581 1191 2653 exstitisse,
1209 2589 1237 2638 nt

108 2657 250 2737 coniuges
271 2654 525 2745 essentepiscopi:
547 2654 609 2727 bac,
628 2654 690 2712 sine
703 2655 883 2730 difficultate,
904 2679 971 2716 usos
985 2677 1050 2717 esse
1070 2656 1155 2736 ipsos
1164 2658 1237 2736 Apo·

108 2733 212 2804 atolos,
232 2744 262 2793 et
282 2734 353 2793 alios
373 2733 526 2811 primariae
538 2731 717 2800 auctoritatis
731 2732 878 2806 Pastores,
898 2733 947 2811 qui
967 2734 996 2791 in
1019 2753 1129 2792 eorum
1149 2734 1236 2795 locun

108 2821 318 2870 successerunt.
363 2809 445 2870 lllius
470 2808 641 2886 antiquioris
669 2807 808 2867 ecclesiae
834 2810 994 2888 exernplum
1022 2809 1117 2889 pluris
1140 2810 1236 2871 merito

108 2887 195 2947 nobis
217 2886 325 2945 debere
346 2907 418 2959 esse,
438 2906 522 2964 quam
545 2896 576 2942 ut
595 2884 727 2943 illicitum
740 2885 783 2944 vel
796 2886 966 2945 indecorum
986 2886 1075 2946 nobis
1099 2900 1237 2966 putemus,

109 2963 189 3044 quod
210 2976 280 3023 tunc
301 2985 365 3022 curn
399 2961 482 3021 laude
507 2973 656 3039 receptum
683 2961 875 3041 usitatumque
905 2962 969 3020 suit.
1020 2963 1145 3023 Deinde
1169 2963 1236 3024 illan

107 3050 243 3112 aetatem,
264 3060 336 3119 quae
357 3038 513 3098 immodica
533 3037 705 3116 virginitatis
725 3039 884 3098 allectione
900 3040 998 3115 coepit
1020 3059 1084 3098 esse
1106 3040 1237 3122 coniugio

107 3115 254 3194 iniquior,
276 3137 336 3177 non
358 3117 396 3176 ita
423 3114 593 3209 impqsuisse
617 3114 815 3173 sacerdotibus
841 3114 934 3195 legem
956 3116 1142 3191 coelibatus,
1166 3114 1238 3197 quasi

107 3210 154 3250 res
176 3210 278 3269 perse
299 3193 457 3253 necessaria
478 3201 563 3263 essct,
582 3190 632 3248 scd
654 3190 720 3269 quia
741 3191 870 3250 coelibes
890 3193 1056 3271 coniugatis
1070 3194 1237 3253 anteferret.

107 3267 263 3326 Postremo
285 3289 344 3326 non
366 3269 403 3328 ita
424 3266 568 3347 exegisse,
593 3279 625 3325 ut
646 3268 816 3326 necessitate
836 3289 868 3328 ac
888 3268 915 3327 vi
937 3269 1071 3350 adigeret
1090 3271 1132 3330 ad
1152 3269 1238 3331 conti·

107 3343 249 3416 nentiam,
270 3345 319 3423 qui
340 3346 374 3403 ad
401 3365 464 3403 eam
490 3342 657 3402 servandam
684 3343 782 3402 idonei
810 3366 868 3403 non
896 3359 1002 3404 essent.
1052 3347 1132 3405 Nam
1159 3366 1239 3427 quant

107 3421 293 3481 severissimis
318 3421 431 3504 legibus
457 3420 486 3478 in
512 3423 706 3480 scortationes
733 3420 905 3497 vindicaret:
935 3421 972 3480 de
1000 3422 1035 3481 iis
1062 3424 1115 3501 qui
1148 3425 1239 3484 matri·

107 3498 241 3630 mqnium
261 3499 480 3571 contraherent,
501 3497 556 3556 boc
576 3507 689 3556 tautum
710 3497 857 3556 statuebat
878 3509 909 3556 ut
928 3518 944 3557 a
967 3499 1125 3559 functione
1145 3520 1240 3581 super·

107 3593 139 3633 se
161 3584 253 3632 erent
472 3626 475 3635 .

94 3662 102 3674 “
182 3654 229 3714 ‘28-
269 3652 350 3734 Ergo
371 3651 488 3730 quoties
516 3647 674 3711 coelibatui
700 3671 752 3710 suo
774 3651 960 3710 defendendo
989 3663 1176 3731 praetextum
1194 3672 1241 3712 an·

107 3725 248 3805 tiquitatis
269 3740 411 3807 quaerent
436 3747 528 3788 novae
549 3727 629 3787 istius
650 3728 814 3803 tyrannidis
840 3728 1025 3802 defensores,
1058 3730 1151 3790 toties
1171 3728 1240 3789 exci-

106 3802 247 3885 piendum
274 3806 340 3879 erit,
366 3815 398 3863 ut
416 3817 544 3864 veterem
569 3804 647 3862 illam
678 3804 875 3865 castimoniam
901 3807 931 3863 in
956 3805 1014 3863 suis
1040 3805 1240 3866 sacerdotibus

107 3878 276 3956 restituant,
308 3892 462 3941 amoveant
481 3881 627 3940 adulteros
648 3900 681 3940 ac
701 3892 890 3941 scortatores:
921 3901 959 3939 ue
980 3901 1049 3954 eos,
1080 3881 1112 3941 in
1140 3883 1240 3962 quibus

106 3953 261 4017 honestum
282 3979 314 4017 ac
337 3959 470 4036 pudicum
491 3957 570 4017 thori
591 3978 675 4015 usum
695 3978 756 4016 non
777 3958 930 4031 sustinent,
951 3958 980 4016 in
1001 3978 1093 4016 omne
1115 3958 1240 4019 libidinis

104 4050 198 4111 genus
217 4033 337 4112 impune
358 4054 443 4092 ruere
462 4034 572 4094 sinant:
598 4044 740 4092 revocent
765 4032 842 4093 illam
862 4033 1028 4094 obsoletam
1050 4035 1241 4116 disciplinam,

104 4128 161 4198 qua
182 4129 283 4169 omnes
304 4110 434 4170 lasciviae
455 4122 661 4170 coerceantur:
684 4111 811 4169 liberent
832 4111 981 4171 ecclesiam
1003 4112 1058 4170 bac
1079 4123 1141 4171 tam
1161 4113 1241 4192 flagi·

104 4194 177 4244 trosa
197 4186 390 4266 turpitudine,
410 4208 466 4267 qua
486 4188 541 4246 iam
554 4187 602 4245 diu
615 4185 776 4246 deformata
789 4198 840 4246 est.
880 4189 940 4246 Ubi
959 4187 1015 4247 boc
1030 4191 1242 4260 concesserint,

103 4269 166 4318 tum
186 4283 284 4323 rursus
304 4263 481 4323 admonendi
494 4275 590 4336 erunt,
611 4282 648 4321 ne
662 4282 723 4322 eam
745 4283 808 4323 rem
828 4284 882 4345 pro
904 4265 1070 4326 necessaria
1080 4267 1242 4337 venditent,

104 4354 178 4414 quac
203 4357 256 4417 per
280 4358 312 4399 ae
336 4339 428 4405 libera
457 4360 490 4401 ea
514 4338 652 4400 ecclesiae
681 4339 807 4400 utilitate
836 4341 955 4423 pendet
1004 4341 1116 4422 Neque
1145 4355 1241 4403 tamen

286 4572 294 4603 b
