2596 4726
109 222 169 288 ῃ
503 212 579 277 ΜΒ.
598 213 642 275 11.
681 212 769 277 Gne.
789 212 826 273 Χ.

111 372 211 425 tarem
228 378 302 435 erse,
320 357 400 438 quod
420 357 457 418 de
477 378 527 419 sna
546 358 733 440 restitutione
742 355 954 419 vaticinabatur
964 354 1102 417 Ezechiel
1113 357 1244 436 (dm->2

111 439 192 519 quod
211 435 335 517 perinde
354 435 385 494 id
403 429 608 509 aestimabant,
625 436 683 497 acsi
702 436 901 497 denuntiasset
919 433 1086 495 suscitatum
1106 434 1136 493 in
1154 434 1245 494 vitam

112 516 150 577 iri
169 514 286 596 putrida
304 511 451 571 cadavera.
500 512 646 573 Dominus
678 524 712 573 ut
735 511 920 584 ostenderet,
947 530 1002 570 nee
1026 528 1061 571 ea
1085 511 1147 590 ipsa
1166 510 1245 570 diffi-

113 590 223 653 cultate
241 587 272 651 se
296 588 449 668 impediri,
469 589 626 669 quominus
651 588 795 650 beneficio
816 609 869 648 suo
890 587 987 646 locarm
1009 586 1135 656 laceret,
1165 587 1242 646 Pro-

134 668 220 728 betae
240 686 373 747 campum
395 664 481 726 aridis
499 663 614 725 ossibus
634 665 752 744 plenum
772 685 827 746 per
849 665 991 723 visionem
1011 665 1155 724 ostendit:
1176 664 1245 744 qui-

112 690 184 815 bus,
214 742 277 805 sola
295 741 380 801 verbi
404 742 449 801 sui
479 741 603 815 virtute,
632 741 766 821 spiritum
791 741 983 822 vigoremque
1008 761 1069 799 uno
1090 752 1245 803 momento

111 819 249 881 reddidit.
292 817 447 878 serviebat
469 817 587 897 quidem
610 817 646 877 ad
671 829 853 898 praesentem
884 815 1118 876 incredulitatem
1149 817 1244 877 corri-

109 897 235 980 gendam
248 896 335 955 visio:
355 892 406 953 sed
426 893 543 953 interim
556 893 681 955 ludaeos
701 893 993 967 commonefaciebat,
1013 893 1245 971 quantnmnltre

132 973 213 1054 opuli
241 971 444 1031 reductionem
467 971 558 1031 virtus
582 969 705 1030 Domini
733 970 977 1050 protenderetur,
1007 989 1083 1048 quae
1108 971 1246 1037 arida,et

109 995 240 1131 dispersa
258 1068 323 1108 ossa
334 1045 406 1108 solo
426 1057 514 1120 nutu,
546 1045 621 1106 adeo
641 1046 726 1107 facile
744 1057 907 1128 vegetaret.
947 1046 1048 1120 Quare
1067 1047 1245 1106 sententiam

110 1126 188 1188 illam
199 1146 264 1186 cum
276 1123 366 1184 altera
377 1124 487 1183 lesaiae
497 1127 561 1200 (26,
572 1124 781 1259 19-21ὲιίιο
796 1120 995 1212 comparabis:
1015 1122 1148 1196 „Vivent
1161 1143 1242 1184 mor-

108 1202 191 1280 „tui,
215 1200 338 1261 cadaver
362 1220 474 1275 meum,
497 1211 660 1281 resurgent.
728 1199 944 1282 xpergiscrmiui
967 1210 998 1258 et
1016 1198 1172 1273 exsultate,
1192 1200 1244 1280 qui

109 1278 267 1356 „latitatis
287 1277 316 1336 iu
337 1276 474 1356 pulvere,
497 1276 564 1355 quia
585 1297 635 1336 ros
654 1276 752 1337 viridis
771 1298 834 1337 cam
857 1275 883 1349 i,
907 1295 956 1336 ros
976 1271 1056 1335 tubs:
1082 1287 1113 1334 et
1132 1287 1243 1337 terram

110 1357 162 1438 „gi
201 1367 284 1415 ntum
303 1352 439 1413 detrahes
458 1353 488 1412 iu
510 1352 633 1412 ruinam.
653 1352 736 1413 Vade
755 1296 866 1433 popule
884 1351 936 1425 mi,
955 1352 1031 1411 iutra
1050 1351 1081 1410 in
1100 1352 1243 1413 taberna-

110 1452 197 1509 „eua
214 1442 278 1492 tua:
300 1429 402 1490 claude
422 1432 497 1490 ostie
516 1440 567 1488 tua
585 1449 674 1509 super
692 1440 733 1504 te,
753 1428 936 1489 abscondere
955 1427 1124 1510 paucillnm,
1144 1428 1243 1489 donec

85 1515 88 1519 ’
109 1517 314 1591 „pertranseat
332 1505 505 1597 indignatio.
554 1505 632 1566 Ecce
656 1505 733 1565 enirn
752 1505 898 1566 Dominus
916 1505 1085 1586 egredietur
1109 1506 1146 1565 de
1172 1505 1243 1567 loco

109 1606 200 1662 ‚,sno,
224 1597 258 1643 ut
275 1582 373 1644 visitet
391 1582 574 1661 :niquitatem
594 1580 765 1643 habitatoris
790 1594 887 1642 terrae
911 1593 1014 1642 contra
1034 1600 1116 1640 eum:
1142 1593 1174 1641 et
1193 1601 1242 1642 re-

107 1659 239 1739 „velabit
260 1671 340 1719 terra
361 1660 535 1741 sanguinem
566 1680 665 1733 suum,
696 1679 752 1720 nec
783 1659 899 1739 operiet
930 1658 1036 1719 diutius
1066 1656 1242 1721 interlectos

162 1741 228 1799 08·“
560 1778 563 1783 0
658 1752 662 1764 ’

107 1761 161 1816 ”w
183 1818 230 1878 22
270 1812 448 1892 Quanquam
468 1810 576 1891 siquis
595 1811 631 1871 ad
652 1810 796 1873 eiusmodi
815 1830 960 1873 canonem
984 1812 1083 1872 omnia
1100 1810 1241 1895 redigere

107 1903 220 1965 tentet,
245 1888 510 1963 absurdeseeerit:
535 1899 604 1948 sunt
622 1889 700 1948 euim
721 1888 833 1967 aliquot
858 1886 927 1963 loci,
947 1889 998 1968 qui
1017 1887 1099 1948 nullo
1119 1890 1240 1971 integu-

108 1979 210 2029 mento
230 1964 372 2037 futuram,
418 1985 472 2025 uae
491 1966 520 2025 in
540 1985 573 2023 re
596 1985 635 2026 no
655 1965 712 2024 Dei
732 1965 832 2026 fideles
851 1977 966 2038 mana,
989 1965 1238 2026 immortalitatem

108 2032 325 2105 demonstrant:
347 1987 446 2120 quales
465 1984 626 2102 nonnullos
646 2043 838 2116 recitavimus,
858 2053 889 2101 et
899 2043 998 2121 quales
1016 2054 1085 2104 suot
1104 2063 1170 2102 cum
1190 2042 1239 2102 alii

107 2112 251 2202 plerique,
270 2129 332 2177 tum
352 2119 508 2198 praecipue
529 2117 587 2178 duo
608 2119 668 2178 isti:
688 2118 795 2179 altera
819 2119 857 2178 ud
877 2116 1000 2180 lesaiam
1019 2123 1083 2197 (66,
1101 2125 1149 2182 ‘22-
1163 2121 1237 2198 sq.):

107 2197 213 2273 „Sicut
232 2194 309 2255 coeli
330 2195 399 2254 novi
419 2207 449 2253 et
467 2206 545 2254 terra
565 2215 656 2266 nova,
686 2216 760 2274 quae
800 2195 863 2256 acio
883 2206 959 2257 stare
979 2217 1077 2257 coram
1097 2216 1162 2255 me:
1195 2197 1238 2256 sic

106 2272 217 2349 „stabit
239 2290 338 2333 semen
358 2283 495 2331 vestrum.
545 2271 584 2330 Et
612 2273 670 2331 erit
692 2272 800 2332 mensis
824 2291 858 2332 ex
880 2292 996 2349 mense,
1029 2272 1181 2332 sabbatum
1203 2291 1238 2332 ex

49 2380 52 2385 -
106 2348 267 2425 „sabbatm
286 2347 387 2406 veniet
405 2348 501 2407 omnis
520 2367 590 2407 earo
609 2359 642 2406 ut
660 2348 765 2408 adoret
781 2368 883 2409 eoram
903 2349 976 2410 facie
993 2368 1067 2422 mea,
1088 2348 1160 2408 dicit
1170 2350 1238 2408 Do-

107 2425 231 2502 „minus
269 2422 308 2482 Et
328 2424 532 2516 egredientur,
551 2433 582 2481 et
600 2423 741 2484 videbunt
760 2427 902 2485 cadavera
921 2427 1062 2500 virorum,
1081 2425 1132 2504 qui
1151 2445 1239 2506 prae·

106 2500 247 2576 „varicati
264 2511 333 2559 sunt
350 2521 383 2559 sn
405 2520 469 2573 me,
500 2498 578 2577 quod
599 2503 703 2560 vermis
723 2522 824 2561 eorum
846 2524 905 2561 non
926 2502 1084 2575 morietur,
1111 2513 1142 2562 et
1160 2503 1236 2582 ignis

105 2598 190 2653 „non
210 2576 440 2654 exstinguetur.“
459 2575 544 2635 diter
557 2597 624 2636 vero
635 2577 765 2637 Danielis
775 2581 949 2657 (12,1.sq.):
970 2579 1027 2652 „ln
1038 2591 1173 2658 tempore
1185 2579 1234 2639 illo

106 2665 287 2745 „consurget
298 2652 423 2714 Michael
443 2653 579 2743 princeps
597 2673 730 2734 magnus,
751 2656 799 2733 qui
818 2668 875 2715 stat
894 2676 949 2734 pro
967 2655 1033 2717 filiis
1052 2655 1155 2735 populi
1176 2658 1236 2715 sui:

106 2741 158 2807 „et
182 2741 281 2790 vemet
301 2742 415 2809 tempus
443 2740 609 2811 angustiae,
633 2729 719 2809 quale
742 2752 804 2790 non
830 2732 887 2790 fuit
911 2752 945 2791 ex
963 2752 1023 2823 quo
1049 2745 1152 2811 gentes
1174 2754 1237 2793 esse

105 2817 298 2886 „coeperunt
337 2808 375 2865 Et
398 2819 468 2866 tunc
494 2805 651 2866 salvabitur
670 2808 796 2886 populus
814 2819 1009 2883 tuusomnrs,
1028 2809 1077 2887 qui
1098 2810 1234 2870 inventus

105 2884 216 2960 „suerit
234 2883 358 2964 scriptus
379 2883 408 2941 in
430 2883 516 2942 libro.
553 2883 594 2942 Et
612 2902 646 2942 ex
666 2884 699 2943 iis
715 2885 766 2962 qui
778 2884 929 2946 dormiunt
946 2887 977 2945 iu
996 2897 1093 2944 terrae
1105 2885 1237 2963 pulvere,

104 2958 319 3042 „evigilabunt,
351 2958 400 3020 alii
419 2954 449 3019 ib
469 2962 558 3019 vitam
582 2971 749 3037 aeternam,
780 2961 829 3020 alii
852 2961 883 3020 in
909 2961 1101 3042 opprobrium
1125 2963 1237 3042 sempi-

127 3042 276 3097 ternum.“

104 3080 125 3113 ”
179 3119 227 3176 ⁶23.
266 3112 328 3171 lam
347 3112 379 3173 in
404 3111 518 3172 duobus
544 3112 663 3193 reliquis
684 3113 861 3193 probandis,
886 3113 990 3174 Patres
1013 3114 1125 3174 scilicet
1144 3115 1235 3175 Chri-

22 3242 27 3251 .
104 3199 180 3248 stum
200 3189 231 3249 in
251 3188 379 3248 foederis
398 3189 442 3249 sui
461 3189 565 3269 pignus
586 3189 734 3263 babuisse,
757 3202 845 3269 atque
865 3191 896 3250 in
916 3191 980 3270 ipso
1001 3212 1119 3250 omnem
1141 3192 1235 3251 bene-

104 3264 241 3324 dictionis
259 3264 393 3325 fiduciam
413 3265 588 3344 reposuisse:
631 3268 677 3327 uie
696 3267 789 3327 minus
801 3269 1020 3327 controversiae
1039 3279 1070 3328 et
1089 3268 1153 3349 plus
1174 3268 1235 3329 cla-

103 3341 195 3400 ritatis
214 3340 333 3413 babent,
352 3362 413 3401 non
435 3341 584 3402 laborabo.
641 3344 832 3403 onstituamus
853 3364 925 3424 ergo
944 3364 1057 3417 secure,
1077 3345 1157 3424 quod
1179 3366 1236 3406 nec

102 3416 169 3478 ollis
195 3416 304 3476 diaboli
328 3418 466 3478 machinis
492 3417 595 3478 revelli
615 3431 717 3499 queat:
742 3433 824 3480 vetus
845 3421 1065 3480 Testamentum
1090 3443 1142 3481 sen
1167 3423 1234 3482 soe-

103 3494 172 3568 dus,
203 3492 282 3571 quod
303 3514 367 3551 cum
388 3493 551 3555 Israelitico
571 3497 683 3577 populo
704 3498 846 3577 percussit
864 3497 1026 3571 Dominus,
1057 3519 1119 3557 non
1144 3499 1235 3560 rebus

101 3572 228 3630 terrenis
248 3568 335 3629 luisse
355 3569 525 3645 limitatum,
550 3573 602 3632 sod
620 3573 777 3652 spiritualis
795 3587 992 3654 aeternaeque
1010 3575 1086 3633 vitae
1106 3576 1234 3653 promis·

101 3646 214 3707 sionem
226 3645 419 3707 continuisse:
440 3649 521 3707 cuius
532 3653 778 3729 exspectationem
791 3652 920 3710 omnium
941 3651 1043 3711 animis
1062 3651 1233 3731 impressam

100 3723 246 3803 oportuit,
265 3723 364 3802 quiin
385 3723 489 3784 foedus
499 3743 567 3784 vere
586 3726 820 3788 consentiebant
858 3727 943 3787 Hanc
957 3746 1027 3787 vero
1048 3728 1179 3788 insanam
1199 3749 1234 3788 ac

99 3799 295 3879 perniciosam
313 3799 485 3892 opinionem
510 3802 613 3879 procul
638 3824 884 3877 summoveamus,
908 3815 959 3862 aut
976 3804 1140 3864 Dominum
1159 3803 1234 3865 nibil

7 3936 33 3956 ,ψ
100 3876 180 3935 aliud
199 3897 386 3957 proposuisse
403 3876 528 3952 Indaeis,
546 3890 597 3940 aut
616 3879 683 3940 illos
702 3880 774 3940 nibil
794 3880 968 3960 quaesivisse
987 3892 1104 3960 praeter
1122 3881 1234 3942 ventris

99 3953 292 4027 saturitatem,
311 3953 404 4013 caruis
425 3953 552 4030 delicias,
572 3955 712 4016 florentes
733 3976 815 4036 opes,
835 3970 982 4017 externam
1002 3957 1177 4036 potentiam,
1197 3957 1234 4016 li·

98 4025 239 4089 berorum
252 4029 497 4105 foecunditatem,
511 4042 542 4090 et
551 4031 689 4112 quiequid
709 4033 840 4093 animalis
859 4033 949 4094 bomo
969 4035 999 4092 in
1020 4034 1115 4113 pretio
1134 4033 1233 4094 babet.

98 4103 168 4162 Non
194 4107 272 4164 enim
304 4106 382 4166 aliud
413 4107 566 4167 coelorum
591 4130 713 4190 regnum
741 4110 828 4168 bodie
853 4111 1000 4189 promittit
1018 4110 1075 4170 suis
1096 4110 1231 4170 Christus

97 4178 244 4242 Dominus
268 4181 390 4260 (blattb.
407 4188 445 4256 8,
469 4185 548 4262 lb),
577 4207 661 4267 quam
692 4185 743 4245 ubi
773 4186 946 4246 recumbant
974 4207 1040 4246 curn
1069 4185 1232 4259 Abrabam,

96 4255 178 4317 Isaac
197 4270 228 4319 et
246 4258 355 4320 Iacob:
375 4279 409 4320 ac
428 4260 554 4322 Iudaeos
573 4261 682 4324 saeculi
701 4265 744 4322 sui
763 4261 869 4323 Petrus
905 4265 971 4324 Act.
990 4269 1026 4339 3,
1043 4265 1106 4340 25.)
1127 4263 1231 4323 haere·

94 4331 146 4397 dea
163 4351 227 4396 erae
245 4335 442 4420 Evangelicae
460 4337 572 4423 gratiae
589 4339 753 4420 merebat,
772 4340 854 4420 quod
873 4340 924 4402 fi‘·
944 4353 1042 4405 esseut
1061 4339 1229 4421 Propheta-
