2700 4732
478 175 861 243 mmmm
1056 172 1240 273 s·m

105 340 237 392 sanctum
256 327 411 402 fateamur,
429 322 589 405 postulant.
629 322 707 400 Quis
725 322 796 417 pius
815 319 874 382 hoc
894 318 1065 382 concedere·
1078 320 1238 386 mstineati’

105 408 217 466 Verum
237 416 271 466 nt
289 403 380 466 semel
399 403 555 478 liniamut,
567 400 639 463 tices
656 400 694 461 de
714 400 748 460 irs
770 397 864 472 idem,
883 396 963 478 qood
984 396 1021 457 de
1039 398 1159 478 reliquis
1179 411 1238 460 sta-

105 496 205 544 tuere:
224 502 262 541 ne
285 501 322 540 ue
342 480 420 540 enlm
439 500 515 560 opus
533 489 580 541 est
597 476 718 565 lougius
735 486 881 567 repetere,
900 492 975 551 quac
993 495 1080 553 supra
1098 486 1168 535 suut
1187 495 1238 535 er.

108 558 223 640 plicata.
260 503 329 620 Soc
346 558 417 617 satis
437 575 501 616 esse
518 554 632 634 poterit
649 552 790 613 modestas
810 562 840 610 ct
859 549 1002 641 docilibus
1021 548 1137 642 (quales
1155 552 1239 614 insti-

106 636 232 696 tuendos
242 633 382 713 suscepi),
401 631 514 692 nullum
529 642 592 691 esse
603 628 662 689 Dei
674 629 905 702 Sacramentum,
924 647 980 686 msr
1001 627 1052 686 nbr
1071 630 1239 690 ceremonia

111 710 276 773 ostenditur
295 729 405 770 annexa
424 707 612 788 promissioni
632 717 684 766 aut
702 717 783 766 certe
803 704 901 784 potius
924 703 978 763 nisi
1004 703 1058 762 ubi
1082 704 1238 784 promissio

108 788 139 847 in
163 787 329 848 ceremonia
353 796 509 864 spectatur.
557 784 616 844 llic
644 802 683 842 ne
712 779 822 861 syllaba
847 777 1119 859 quidembabetur
1143 793 1242 842 certae

110 863 231 924 alicuius
251 861 466 943 promissioniss
492 859 597 921 frustra
630 858 719 940 igitur
738 866 893 938 quaeratur
918 858 1085 917 ceremonia
1110 856 1145 917 ad
1166 878 1241 918 con·

107 938 278 999 firmandam
307 938 541 1019 promissionem.
590 936 716 996 Rursum
741 932 820 994 nulla
839 933 1005 993 ceremonia
1033 934 1146 1008 ex‘iis,
1172 954 1243 1014 quas

108 1027 261 1095 usurpant,
279 1037 295 1076 a
316 1016 385 1076 Deo
404 1013 536 1075 instituta
556 1010 679 1095 iegitur:
707 1021 917 1072 sacramentum
937 1009 1029 1091 igitur
1048 1008 1159 1070 nullum
1179 1030 1243 1073 esse

81 1106 85 1118 “
110 1102 222 1173 potest.
483 1115 487 1121 ⁴

492 1189 562 1250 'De
586 1188 839 1250 Matrimonio.

188 1325 237 1384 34.
276 1317 463 1379 Postremum
484 1327 528 1375 est
547 1311 781 1387 matrimonium,
805 1314 885 1394 qnod
904 1325 938 1373 ut
957 1335 973 1375 a
992 1314 1060 1375 Deo
1079 1315 1244 1378 institutum

112 1394 242 1455 latentur
262 1414 380 1466 ornnes,
413 1394 450 1452 ita
475 1413 531 1472 pro
552 1391 742 1452 Sacramento
763 1393 860 1451 datum
886 1410 974 1451 nemo
999 1392 1146 1471 usquead
1167 1392 1248 1453 Gre-

134 1473 189 1532 orii
208 1482 343 1550 tempora
358 1469 479 1529 viderat.
518 1468 559 1527 Et
577 1469 624 1528 cui
642 1488 770 1546 uuquam
784 1467 886 1529 sobrio
906 1467 937 1526 in
956 1480 1085 1528 mentem
1101 1470 1249 1531 venisset?

112 1492 271 1612 itrdinssto
282 1547 339 1605 Dei
351 1546 430 1606 bona
441 1557 485 1604 est
497 1556 528 1604 et
539 1556 646 1605 sancta.
669 1544 710 1602 Et
718 1544 904 1626 agricultura,
913 1543 1116 1625 architectura,
1125 1547 1249 1623 sutrina,

113 1625 260 1687 tonstrina
272 1622 472 1682 ordinationes
484 1633 553 1680 sunt
562 1621 621 1680 Dei
629 1619 787 1703 legitimae,
797 1642 853 1682 nec
863 1632 960 1681 tamen
969 1620 1157 1682 Sacramenta
1169 1635 1248 1683 sunt.

114 1703 150 1763 Id
171 1700 248 1759 enim
269 1720 330 1758 non
349 1709 462 1758 tantum
481 1698 513 1756 in
525 1698 716 1759 Sacramento
736 1697 896 1790 quaeritur,
915 1709 950 1756 ut
958 1696 1017 1757 Dei
1035 1699 1074 1758 sit
1092 1719 1177 1779 opus,
1196 1699 1249 1759 sed

115 1790 149 1839 ut
168 1777 205 1839 sit
225 1776 392 1834 ceremonia
416 1775 543 1847 exterior
567 1774 669 1834 aDeo
693 1787 788 1854 posita
812 1775 844 1833 in
869 1773 1097 1834 confirmandam
1121 1776 1249 1867 promis·

114 1856 239 1916 sionem.
277 1850 359 1912 Nihil
379 1850 436 1910 talc
456 1870 517 1910 esse
542 1851 573 1909 in
593 1851 799 1925 matrimonio,
823 1850 908 1930 pueri
927 1870 1045 1941 guoque
1069 1851 1249 1913 iudicabunt.

116 1931 177 1991 Sed
189 1929 212 1989 si
235 1949 305 1987 num
325 1939 379 2002 est,
398 1927 547 2005 inquiunt,
565 1929 729 2001 sacraerei,
748 1927 805 1987 boc
821 1937 875 2001 est,
894 1926 1050 2006 spiritualis
1062 1929 1250 1990 coniunctio·

117 2008 164 2067 nis
184 1948 294 2065 cirini
315 2026 381 2065 curn
402 2003 531 2063 ecelesia.
582 2003 617 2066 Si
634 2002 726 2064 rerbo
751 2004 828 2085 signi
853 2001 1018 2083 symbolum
1043 2003 1250 2086 intelligunta

117 2085 186 2143 Deo
198 2079 285 2141 nobis
304 2081 334 2139 in
356 2081 411 2139 hoc
430 2079 625 2158 propositum,
643 2091 678 2139 nt
695 2079 764 2138 fidei
783 2091 901 2139 nostrae
921 2080 1126 2141 certitudinem
1147 2083 1189 2142 eri
1211 2094 1252 2158 at,

119 2161 169 2220 lon
194 2177 210 2216 e
230 2178 246 2229 a
266 2177 358 2236 scopo
378 2156 531 2215 aberrant:
556 2157 580 2216 si
599 2157 715 2237 signum
738 2156 910 2235 simpliciter
934 2157 1099 2236 accipiunt,
1119 2178 1178 2238 quo
1218 2159 1251 2219 in

118 2179 335 2297 simfiitndinem
347 2231 503 2292 adductum
514 2231 730 2307 sit,osteodam,
741 2254 826 2311 quam
838 2245 922 2293 acute
933 2234 1154 2294 ratiocinentur.
1174 2235 1253 2296 Pau·

120 2314 164 2373 lus
184 2311 224 2371 ait
243 2310 284 2388 (1.
301 2309 372 2370 Cor.
388 2315 437 2384 15,
451 2309 528 2385 41.):
552 2308 659 2384 „Sicut
680 2308 764 2370 stella
787 2330 804 2370 a
828 2309 911 2369 stella
932 2308 1034 2371 differt
1056 2311 1089 2370 in
1109 2311 1253 2387 claritate,
1302 2304 1306 2314 ’

120 2390 162 2450 sic
183 2386 239 2448 erit
257 2387 433 2446 resurrectio
460 2389 674 2446 mortuorum.“
713 2387 759 2445 Eu
784 2407 874 2463 pnum
894 2386 1126 2448 Sacramentum.
1165 2388 1254 2450 Chri-

119 2477 180 2527 stus
200 2464 240 2522 ait
258 2462 376 2537 (Matth.
394 2465 531 2538 13,31.):
562 2461 685 2537 „Simile
706 2475 749 2522 est
773 2483 897 2543 reguum
917 2463 1070 2524 coelorum
1090 2484 1184 2546 grano
1214 2466 1253 2527 si»

121 2545 221 2623 napid‘
253 2540 299 2597 En
320 2540 453 2599 alterum.
479 2538 603 2599 Rursum
616 2539 702 2617 (ibid.
715 2561 744 2598 v.
755 2543 834 2616 33.).
854 2540 977 2613 „Simile
992 2552 1036 2600 est
1046 2560 1169 2621 regnum
1183 2561 1252 2601 coe-

120 2619 217 2678 lorum
238 2613 415 2676 sermento.“
453 2614 531 2674 Ecce
551 2616 679 2676 tertium.
717 2616 823 2675 Iesaias
843 2618 1049 2692 air(so,11.):
1070 2619 1168 2690 „Ecce
1188 2619 1254 2677 Do-

121 2696 216 2753 minus
240 2714 361 2774 gregem
388 2713 471 2751 suum
496 2704 595 2770 pascet
617 2691 699 2770 quasi
723 2698 854 2771 pastor.“
891 2693 970 2752 Ecce
990 2705 1134 2770 quartum.
1172 2693 1256 2753 Alibi

123 2770 194 2847 (les.
207 2775 255 2838 42,
267 2771 345 2843 13.):
377 2767 542 2841 „Dominus
569 2769 650 2846 quasi
676 2769 757 2856 gigas
776 2768 974 2846 egredietur.“
1014 2770 1092 2827 Ecce
1112 2771 1255 2846 quintum.

124 2847 164 2904 Et
195 2844 260 2922 quis
289 2842 407 2902 tandem
434 2842 498 2902 finis
524 2855 574 2902 aut
604 2844 726 2904 modus?
763 2842 845 2904 Nihil
870 2844 924 2903 bac
948 2843 1064 2903 ratione
1084 2844 1261 2904 Sacramene

125 2933 187 2981 tum
209 2921 360 2978 nouerit:
393 2929 467 2995 quot
490 2919 522 2976 in
542 2918 692 2997 Scriptura
713 2921 868 2998 parabolae
892 2932 961 2979 sunt
985 2932 1015 2979 et
1043 2920 1259 3000 similitudines,

125 3010 173 3059 tot
204 3007 291 3054 erunt
321 2995 518 3054 Sacramenta.
581 2995 663 3069 Quin
694 2999 781 3056 etiam
813 2997 922 3056 lurtum
950 3009 1162 3057 sacramentnm
1192 2999 1259 3076 erit,

126 3073 245 3153 quando
268 3072 365 3130 uidem
389 3071 527 3162 scriptum
553 3083 597 3131 est
619 3071 659 3148 (l.
677 3072 778 3132 Thess.
795 3080 825 3148 5,
841 3077 900 3164 2.):
930 3072 1022 3148 „Dies
1042 3074 1165 3134 Domini
1184 3078 1270 3156 sicut,

126 3153 205 3212 iur.“
246 3093 320 3222 buis
347 3147 422 3206 l'erat
448 3158 518 3208 rstos
544 3147 696 3238 Sophistas
722 3161 780 3209 tam
804 3150 908 3210 inserte
931 3150 1113 3231 garrientes?
1150 3151 1260 3214 Fateor

127 3227 256 3309 quidem,
297 3225 392 3284 uoties
402 3224 646 3322 adspiciturvrtis,
661 3227 804 3306 optimum
814 3245 877 3286 esse
895 3226 926 3284 in
937 3227 1109 3302 memoriam
1118 3230 1262 3304 revocari,

129 3305 209 3385 quod
230 3247 414 3362 sicinnistas
433 3306 554 3378 (so-15,
569 3304 667 3378 lin),
685 3303 772 3396 „Ego
792 3324 854 3362 sum
873 3303 949 3375 vitis,
967 3324 1020 3364 ros
1040 3303 1183 3383 palmites,
1202 3307 1261 3367 Pa-

129 3393 287 3439 termeus
316 3378 451 3441 cultorz‘i
491 3379 607 3456 quoties
632 3391 761 3440 occurrit
786 3389 884 3458 pastor
910 3400 976 3439 cum
1005 3399 1107 3462 grege,
1140 3392 1170 3439 et
1188 3381 1286 3442 illud'

130 3457 218 3515 etiam
238 3475 395 3516 occurrere
415 3455 525 3513 bonum
546 3473 624 3528 esse,
644 3455 733 3537 „Ego
752 3477 816 3517 sum
836 3466 937 3535 pastor
955 3454 1064 3516 bonus:
1090 3477 1159 3517 ores
1179 3479 1263 3519 meae

129 3553 225 3592 meam
248 3551 351 3590 vocem
372 3532 518 3589 >audinum
539 3532 751 3608 (lo.10,11.).
792 3533 901 3592 Verum
925 3532 1038 3611 siquis
1063 3531 1135 3593 tales
1160 3536 1263 3595 simili-

131 3609 246 3669 tudines
267 3608 461 3667 Sacramentis
480 3619 653 3667 annumeret
684 3609 714 3667 in
734 3608 903 3687 Anticyram
923 3609 1081 3669 mittendus
1099 3609 1145 3670 sit.

207 3690 254 3749 35.
295 3684 392 3742 Verba
411 3696 509 3742 tamen
529 3681 613 3742 Pauli
632 3651 812 3760 obtrudunt,
827 3684 943 3767 ¹quibus
962 3686 1140 3755 sacramenti
1154 3708 1265 3747 nomen

131 3761 319 3822 matrimonio
338 3759 458 3819 attribui
478 3759 579 3818 dicunt
591 3759 680 3839 (pr.
693 3762 854 3838 5,28‘ss.):
874 3761 957 3836 „Qui
970 3781 1090 3821 uxorem
1110 3762 1215 3845 diligit,
1234 3786 1266 3826 se

132 3839 163 3915 „i
185 3858 248 3897 sum
263 3836 366 3916 diligit.
386 3837 481 3894 Nemo
497 3856 624 3913 unquam
635 3856 753 3897 carnem
764 3860 843 3897 suam
856 3838 926 3897 odio
940 3838 1051 3914 babuit,
1070 3839 1121 3899 sed
1132 3842 1225 3901 nutrit
1236 3858 1268 3905 ct

130 3859 236 3994 „iisset
248 3933 325 3972 eam:
343 3914 418 3972 sicut
430 3923 461 3971 et
473 3911 604 3972 Christui
616 3913 776 3989 ecclesiam,
812 3915 857 3974 uia
877 3916 1007 3974 membra
1024 3937 1122 3977 sumus
1133 3919 1268 3996 corporis

132 3992 226 4069 „eius,
244 3990 280 4048 de
293 4008 379 4047 carne
392 3989 452 4049 eius
463 4000 493 4047 ct
505 3990 541 4047 de
553 3989 665 4049 ossibus
686 3992 756 4056 eius.
791 3936 923 4071 lropter
942 3992 998 4052 hoc
1011 3992 1158 4073 relinquet
1176 3993 1267 4058 homo

133 4080 270 4149 „patrem
289 4077 321 4123 ct
339 4078 472 4140 matrem,
492 4077 521 4123 et
539 4065 710 4127 adhaerebit
727 4069 810 4127 uxori
829 4089 908 4144 suae,
928 4082 958 4128 et
977 4070 1134 4131 eruntduo
1154 4072 1184 4128 in
1205 4092 1269 4132 car-

135 4164 226 4223 „nem
246 4163 346 4202 unam.
386 4142 606 4202 Sacramentum
627 4141 684 4203 hoc
705 4164 842 4224 magnum
863 4158 920 4206 est:
946 4165 1002 4226 ego
1029 4156 1126 4205 autem
1151 4147 1216 4206 dico
1237 4152 1269 4208 in

137 4220 278 4297 „Christo
304 4230 335 4278 et
359 4217 509 4279 eeclesia.“
559 4218 600 4279 At
623 4218 664 4280 sic
692 4231 824 4282 tractare
838 4220 1020 4302 Scripturas,
1049 4233 1158 4282 terram
1182 4226 1270 4287 coelo

138 4298 261 4359 miscere
282 4306 334 4358 est.
373 4295 481 4357 Paulus
506 4307 540 4359 ut
558 4296 729 4362 ostenderet
747 4298 868 4378 maritis,
894 4319 979 4380 quam
1005 4297 1145 4384 singulari
1169 4321 1271 4364 amore
