2596 4726
126 224 186 291 m
511 212 588 273 ern.
610 211 663 271 ιν.
703 164 794 271 car.
818 208 869 270 rr.

128 361 330 429 sacerdotibus
354 358 479 420 Domini
510 356 641 438 gloriosa
669 366 825 436 paupertas
849 352 1057 436 praedicatur?
1099 354 1176 417 Nam
1204 355 1270 417 iliud

131 446 210 505 forte
221 437 300 519 quod
312 437 511 527 Hieronymus
523 435 693 525 Nepotiauo
714 432 866 523 praecipit,
887 444 921 525 ut
939 429 1106 526 mensulam
1123 434 1186 493 eius
1204 454 1270 515 pau·

132 537 217 601 peres
238 527 268 574 et
287 533 438 594 peregrum
457 523 487 570 et
507 533 572 571 cum
593 511 650 570 riirs
671 508 805 583 cunutus
830 529 952 568 conviva
982 520 1118 583 noverat,
1137 521 1267 645 tanguam

132 594 217 655 nimis
229 603 385 682 'austerum
406 588 610 679 repudiabunt.
649 586 760 678 yerum
781 586 861 663 quod
889 588 985 646 statim
1010 584 1136 677 subiicit
1155 608 1192 677 pu
1213 586 1268 646 ebit

133 661 1265 833 sattaattaearastus'aaa‘tantustantus

133 828 670 960 ttttatttt‘ttttt‘tt{rsit
688 816 1263 973 {iiiiis‘iaiij‘iii'ii'iiiiiiiiii'ss

135 975 246 1035 luerint
271 992 358 1052 quum
383 971 602 1057 demonstrare,
621 966 861 1057 sublatum-esse
888 968 944 1029 iam
971 967 1089 1058 pridem
1116 968 1153 1027 de
1177 967 1262 1027 medio

137 1074 153 1113 a
176 1051 244 1110 udi
267 1069 314 1108 sos
333 1046 497 1127 legitimum
524 1045 693 1104 diaconatus
719 1043 868 1103 ordinent:
898 1065 936 1103 ne
961 1042 1088 1123 amphus
1113 1044 1174 1104 hoe
1189 1043 1262 1103 titulo

136 1072 174 1188 ad
194 1070 332 1185 ecriirsiae
351 1142 421 1183 suae
441 1119 727 1180 commendationem
747 1119 928 1199 superbiant.
976 1120 1069 1191 Quod
1091 1140 1141 1179 rne
1159 1118 1263 1203 abunde

136 1203 239 1263 iecisse
258 1198 399 1258 existimo.

524 1547 781 1620 CAPUT
831 1550 893 1622 Vl.

417 1743 472 1802 De
497 1744 653 1824 primatu
679 1740 862 1802 Romanae
886 1743 991 1802 sedis.

142 1990 145 1997 Ι
186 1922 291 1975 'Partes
316 1919 392 1973 huius
410 1920 522 1992 Capitis:
550 1922 582 1991 1)
605 1922 678 1974 Statu
701 1918 857 1990 quaestionis
878 1920 1030 1990 proposito,
1056 1921 1200 1985 argumenti
1219 1938 1259 1991 pro

135 1992 248 2080 primatu
275 2005 408 2059 pontificis
431 2005 546 2057 Romani
571 2026 600 2058 ex
628 2006 706 2058 veteri
725 2005 890 2058 Testamento
917 2003 1045 2074 desumpti
1062 2004 1258 2067 refutationem

138 2096 160 2145 1.
179 2107 204 2145 et
220 2095 245 2146 2
263 2121 295 2131 -
329 2090 362 2159 2)
380 2091 421 2141 nd
440 2091 510 2142 varia
528 2102 687 2151 argumenta,
704 2109 772 2159 quae
789 2108 817 2139 cx
836 2089 897 2140 nori
915 2087 1075 2141 Testamenti
1093 2090 1189 2143 verbis:
1204 2088 1255 2153 „Tu

136 2197 167 2230 es
186 2176 326 2228 Petrus“
344 2188 390 2227 ete.
415 2175 448 2226 ad
467 2175 629 2227 fulciendum
647 2173 718 2226 hunc
734 2174 875 2242 primatum
892 2173 1077 2240 proferuntur,
1093 2170 1255 2245 responsiones

136 2282 150 2315 a
168 2274 228 2314 sect.
245 2260 269 2313 R
285 2280 340 2329 usq.
361 2258 395 2309 ad
411 2258 456 2309 ssu.
474 2277 531 2326 cap,

210 2430 239 2489 1.
278 2425 427 2483 Hactenus
447 2444 499 2484 eos
515 2426 714 2485 recensuimus
735 2423 875 2484 eeclesiae
894 2421 1023 2496 ordines,
1044 2424 1096 2503 qni
1116 2428 1146 2487 in
1164 2420 1250 2489 vetnit

136 2502 276 2562 ecciesiae
302 2499 520 2581 gubernatione
545 2501 678 2560 fuerunt:
709 2503 758 2560 sed
792 2514 893 2579 postca
919 2501 1104 2580 temporibus
1129 2498 1249 2580 corrupti,
1286 2540 1293 2589 ,¹

136 2580 226 2660 magis
247 2577 352 2636 deinde
373 2580 515 2657 armagis
535 2577 638 2650 vitiati,
658 2599 736 2636 nuuc
757 2577 786 2634 iu
809 2578 928 2637 ccclesia
944 2577 1040 2656 papali
1059 2579 1174 2639 titulum
1192 2580 1248 2637 dur·

137 2667 214 2715 taxat
234 2655 372 2727 retinent,
393 2675 426 2713 re
445 2675 512 2713 vera
534 2654 607 2712 nihii
628 2652 704 2712 aliud
726 2665 793 2713 sunt
806 2675 891 2731 qnam
914 2655 1023 2713 larvae:
1045 2667 1079 2714 ut
1098 2677 1132 2717 ex
1151 2671 1246 2733 compt-

135 2733 251 2791 ratione
271 2731 412 2791 iudicaret
432 2731 496 2810 pius
517 2731 626 2806 lector,
648 2731 762 2809 qualem
784 2729 910 2789 irabcant
930 2731 1081 2791 ecclesiam
1103 2733 1246 2793 Romaneu·

134 2830 196 2884 ses,
227 2810 255 2868 in
277 2809 357 2867 cuius
378 2810 500 2890 gratiam
521 2830 587 2868 rcus
608 2810 766 2868 schismatis
793 2829 846 2867 nos
867 2808 992 2882 faciunt,
1018 2811 1157 2886 quoniam
1174 2807 1206 2868 ab
1222 2822 1245 2860 tt

135 2885 358 2945 discesserimus.
405 2886 503 2964 Caput
528 2898 624 2945 autem
648 2909 681 2945 ac
708 2885 852 2965 fastigium
872 2885 962 2943 totius
989 2886 1117 2961 ordinis,
1140 2886 1244 2950 tacet,

157 2964 291 3021 rimatum
312 2963 464 3021 Romanae
483 2962 569 3035 sedis,
589 2964 667 3021 trude
687 2963 815 3041 probare
836 2961 1036 3037 contendunt,
1060 2983 1151 3052 penes
1168 2980 1194 3022 se
1207 2976 1244 3017 so·

135 2984 180 3097 ios
208 3058 270 3098 esse
295 3038 469 3097 catholicam
495 3039 664 3110 ecclesiam,
696 3060 756 3099 non
783 3038 986 3119 attiginms*):
1020 3060 1088 3117 quta
1118 3051 1245 3119 nequest

136 3113 245 3174 Christi
266 3115 415 3187 instituto,
440 3133 538 3191 neque
558 3136 590 3172 cx
611 3115 751 3174 ecclesiae
770 3118 875 3175 veteris
896 3136 948 3175 usu
969 3115 1092 3194 sumpsit
1112 3115 1245 3196 originem,

135 3201 169 3248 ut
189 3189 254 3250 iliae
274 3192 441 3268 superiores
460 3202 573 3268 partes:
594 3212 664 3269 quas
678 3193 857 3251 ostendimus
878 3192 915 3249 ita
936 3189 971 3249 ab
993 3192 1168 3270 antiquitate
1184 3198 1245 3249 ortas

135 3283 211 3339 esse,
236 3278 269 3323 ut
287 3278 454 3345 temporum
475 3266 550 3325 vitio
570 3287 689 3346 prorsus
710 3269 966 3350 degeneraverint,
991 3268 1052 3327 imo
1072 3289 1188 3349 prorsus
1204 3282 1246 3323 no·

133 3360 198 3409 vam
223 3341 345 3400 formam
371 3343 528 3401 induerint.
578 3344 616 3401 Et
641 3355 736 3403 tamen
768 3344 943 3423 persuadere
975 3346 1088 3405 mundo
1114 3352 1247 3408 conantur,

134 3417 192 3477 hoe
211 3437 273 3477 esse
299 3420 487 3551 ppaecipuum
512 3438 546 3478 ac
596 3440 667 3498 rope
688 3422 805 3480 unicum
827 3420 1038 3480 ecclesiasticae
1065 3422 1181 3482 unitatis
1198 3417 1247 3477 rin·

134 3494 242 3568 cuium,
261 3493 285 3552 si
327 3514 450 3552 omanac
470 3496 531 3553 sedi
552 3442 768 3569 adhaereamus,
787 3518 820 3556 ac
841 3497 870 3554 in
893 3497 952 3555 eius
974 3497 1153 3565 obedientia
1167 3511 1247 3578 perse·

132 3590 274 3629 veremus.
320 3570 397 3643 Hac,
418 3573 553 3650 inquam,
575 3573 681 3633 initura
701 3575 881 3653 potissimum
903 3573 1051 3646 nituntur,
1071 3596 1159 3655 quum
1178 3567 1248 3631 notis

132 3647 286 3707 ecclesiam
305 3647 434 3706 adimere
455 3658 485 3706 et
504 3647 558 3706 sibi
578 3649 726 3711 uindicare
741 3650 856 3722 rodunt,
877 3649 956 3728 quod
978 3650 1108 3711 retinent
1126 3661 1249 3731 caputet

133 3742 193 3801 quo
214 3723 323 3803 pendet
343 3722 482 3782 ecciesiae
504 3726 613 3798 unitas,
633 3739 662 3785 et
681 3726 743 3786 sine
764 3747 822 3806 quo
845 3726 967 3785 dissilire
988 3746 1051 3785 eam
1072 3748 1106 3787 ac
1126 3717 1248 3801 disrumpi

131 3817 250 3859 necesse
271 3812 324 3859 est.
365 3800 413 3858 Sic
436 3801 512 3858 enirn
534 3804 708 3873 existimant,
734 3803 884 3862 ecclesiam
906 3823 1012 3880 corpus
1041 3823 1103 3865 esse
1123 3803 1248 3883 quodan-

131 3876 221 3935 modo
242 3876 375 3935 mutilum
395 3898 427 3936 ac
447 3888 593 3951 truncum,
613 3879 668 3937 nisi
688 3878 839 3938 Romanae
859 3880 930 3951 sedi,
950 3892 1090 3957 tanquam
1108 3878 1202 3961 capiti,
1217 3872 1247 3935 sii

128 3950 269 4012 subiecta.
308 3954 411 4032 Itaque
424 3975 512 4032 quum
534 3955 570 4012 de
591 3955 750 4015 hierarchia
770 3977 819 4015 sua
833 3956 992 4090 disputant,
1013 3956 1050 4015 ab
1072 3957 1129 4017 hoe
1148 3966 1247 4038 semptf

130 4029 273 4088 axiomate
291 4041 410 4089 sumunt
422 4031 583 4089 exordium:
604 4030 769 4091 Romanum
790 4034 874 4112 ponti
887 4053 959 4091 icem
979 4038 1132 4113 (tauquam
1145 4032 1246 4098 christ

142 4338 148 4351 ,
177 4278 221 4347 ι’)
241 4278 281 4332 Cf.
299 4278 369 4355 Cais.
388 4282 507 4336 adversus
529 4281 667 4337 conrilium
687 4281 878 4336 Tridentinurn.
922 4283 984 4336 Item
1008 4286 1127 4339 adsersus
1145 4278 1244 4333 The⁰¹⁰·

123 4362 169 4409 flos
188 4344 349 4417 Parisiemea,
417 4378 420 4383 ·
