2700 4732
474 197 550 257 Lm
570 197 630 257 lll.¹
665 196 756 258 CAP.
774 195 856 259 xm
1198 200 1240 267 ’16

105 352 142 403 ut
160 363 212 403 eos
231 341 323 402 officii
347 341 392 402 sui
416 339 604 401 admonendo
622 339 660 401 ad
678 339 836 401 sanctitatis
855 350 887 401 et
903 339 1092 401 innocentiae
1110 339 1240 403 modium

106 420 225 480 excitet.
262 416 304 479 At
321 417 373 477 ubi
393 416 590 477 conscientiae
607 416 813 490 sollicitantur,
832 416 984 493 quomodo
1025 436 1042 475 e
1064 437 1092 476 m
1112 416 1149 478 ba
1171 429 1241 480 eant

995 415 1062 503 Dp
1150 415 1168 478 b

105 496 287 588 PF⁰Pl¹¹¹¹t¹¹r
309 493 378 574 quid
399 514 592 586 responsurae
607 498 685 584 sint,
706 506 735 553 et
756 514 810 574 qua
830 492 936 553 fiducia
956 503 1141 583 constaturus
1159 495 1184 556 si
1202 494 1240 556 ad

107 570 548 724 ‘tltt'lltt't‘dtj‘ltlltt
573 569 1095 728 'pltttttldtttssltta‘ttfftl
1111 570 1241 708 litt..

105 671 195 808 Legis
213 724 428 815 perlectionem
447 736 573 813 superat
962 788 965 793 ¹

184 806 213 867 a
252 802 287 860 lu
307 799 365 862 hoc
386 799 504 859 cardine
522 809 618 859 totum
640 798 702 859 iere
728 810 931 881 argumentum
949 797 1101 879 Epistulae
1120 799 1157 860 ad
1178 799 1241 863 Ga·

107 877 182 938 latas
193 878 326 937 vertitur.
364 877 436 934 Nam
458 874 582 935 insulsos
603 896 665 935 esse
678 879 864 955 interpretes,
877 875 927 956 qui
947 875 1190 937 doceutPaulum
1208 879 1241 939 iu

107 973 142 1015 ea
163 974 219 1035 pro
238 953 470 1014 ceremoniarum
490 965 601 1012 tantum
623 952 757 1012 libertate
777 972 920 1033 pugnare,
940 972 975 1012 ex
994 951 1065 1013 locis
1082 973 1241 1036 argumen-

106 1043 208 1091 torum
239 1030 360 1109 probari
388 1040 495 1109 potest.
555 1028 664 1103 Quales
690 1028 737 1087 isti
760 1040 830 1087 sunt
853 1027 1091 1106 (Gal.3,1.3.):
1122 1030 1241 1106 „Quod

108 1106 264 1183 „Christus
291 1106 382 1165 lactus
410 1106 448 1164 sit
488 1125 521 1164 ro
542 1106 627 1164 nobis
652 1108 827 1179 exsecratio,
856 1116 891 1164 ut
910 1125 964 1165 nos
984 1104 1020 1164 ab
1041 1111 1242 1171 exsecratione

107 1183 218 1265 „Legis
236 1182 423 1272 redimeretf‘
461 1126 536 1240 llum
556 1181 642 1259 (ibid.
654 1182 818 1272 5,1-4.):
841 1181 898 1257 „ln
919 1181 1052 1273 libertate
1073 1202 1131 1275 qua
1152 1182 1243 1275 Clqri.

108 1270 192 1336 „stus
213 1279 265 1319 vos
290 1258 435 1330 liberavit,
454 1270 543 1331 state,
563 1270 593 1316 et
612 1279 651 1317 ue
670 1279 767 1317 rursus
787 1277 858 1338 rugo
877 1270 1023 1318 servitutis
1041 1260 1242 1339 rmplrcemrni.

106 1336 225 1413 „Ecce,
250 1356 306 1417 ego
327 1333 433 1394 Paulus
453 1334 537 1407 dico,
562 1335 586 1393 si
610 1333 869 1407 circumcidamini,
894 1332 1038 1395 christus
1063 1335 1147 1397 vobis
1167 1335 1242 1397 nibil

105 1412 274 1492 „proderit
303 1412 342 1470 Et
353 1410 402 1490 qui
414 1410 640 1485 circumciditur,
661 1410 779 1470 debitor
791 1422 835 1469 est
855 1410 1005 1471 universae
1017 1411 1060 1469 Le
1082 1411 1114 1471 is.
1153 1411 1244 1474 (ibri-

105 1500 193 1566 „stns
211 1487 294 1548 vobis
313 1490 424 1546 otiosus
445 1487 550 1559 lactus,
575 1487 679 1566 quicuu
704 1506 740 1545 ne
792 1508 824 1546 er
842 1485 954 1569 Legem
985 1431 1196 1551 insudarunt:
1225 1510 1244 1552 a

105 1564 222 1646 „gratia
234 1563 408 1654 excidistis3“
448 1561 564 1654 Quibus
584 1575 664 1652 certe
679 1508 789 1641 :aliquid
807 1562 958 1653 sublimius
973 1564 1143 1654 continetur
1155 1586 1244 1659 quum

107 1660 343 1794 {iiiiii}
360 1638 490 1806 lilii.
507 1637 1243 1797 ,ill'ltpt{tltttlgtltd'⁰.l‘.⁶.t{‡2¹.⁰l¹.'3

110 1793 156 1875 gie
175 1793 308 1866 umbras,
321 1792 437 1882 ‘Christi
457 1792 582 1851 adventu
603 1792 742 1865 abolitas,
762 1792 954 1882 reducerein
975 1737 1171 1853 (lbristianam
1193 1813 1244 1853 ec-

109 1868 227 1931 clesiam
257 1869 465 1928 moliebantur.
511 1870 620 1927 Verum
645 1868 680 1926 ad
711 1868 785 1927 banc
810 1881 1010 1947 quaestionem
1034 1869 1243 1949 expediendam

108 1944 280 2026 disputandi
304 1956 387 2004 eraut
410 1946 528 2004 altiores
553 1944 627 2019 loci,
652 1946 680 2003 in
730 1945 814 2004 uibus
839 1957 901 2005 tota
928 1946 1127 2007 controversia
1147 1946 1244 2026 posita

109 2034 184 2084 erat.
232 2022 379 2091 Primum,
411 2020 478 2099 quia
503 2021 613 2080 umbris
635 2021 690 2081 illis
707 1967 835 2082 iudaicis
860 2021 1074 2082 obscurabatur
1091 2022 1246 2116 Evangelii

108 2097 241 2174 claritas,
260 2099 390 2159 ostendit
408 2098 438 2156 in
460 2097 578 2158 Cbristo
600 2118 653 2157 nos
672 2097 794 2158 solidam
815 2118 917 2157 eorum
938 2100 1069 2158 omnium
1089 2099 1245 2160 exhibitio-

109 2195 180 2235 nem
201 2174 325 2249 babere,
350 2194 426 2254 quae
446 2175 582 2234 lllosaicis
611 2174 785 2233 ceremoniis
815 2174 1071 2235 adumbrabantur.
1115 2175 1234 2237 Deinde

110 2253 179 2332 quia
208 2248 250 2310 illi
278 2253 458 2331 impostores·
481 2253 601 2329 pessima
628 2251 770 2330 opinione
795 2251 966 2310 imbuebant
996 2252 1131 2342 plebem,
1162 2218 1245 2333 quod

109 2327 184 2388 haec
202 2328 312 2389 scilicet
332 2328 500 2388 obedientia
520 2327 630 2386 valeret
649 2328 684 2387 ad
705 2328 929 2406 promerendam
949 2327 1005 2387 Der
1031 2329 1169 2411 gratiam:
1197 2328 1245 2390 bic

108 2402 266 2485 plurimum
287 2406 401 2477 insistit,
421 2424 459 2468 ne
478 2403 544 2464 ullis
564 2405 651 2496 Legis
671 2404 825 2482 operibus,
844 2405 951 2464 nedum
971 2405 1089 2466 minutis
1108 2405 1164 2465 illis
1184 2405 1246 2465 ele·

110 2482 233 2558 mentis,
265 2480 403 2541 iustitiam
423 2501 454 2539 se
480 2502 620 2560 consequa
641 2501 726 2560 posse
746 2503 843 2542 coram
863 2483 930 2540 Deo
951 2482 1114 2541 existiment
1134 2482 1245 2543 lideles.

110 2559 152 2617 Et
170 2557 255 2617 simul
276 2559 364 2618 docet
384 2556 569 2617 damnatione
589 2559 693 2638 Legis,
724 2577 797 2692 quae
823 2558 963 2618 universis
990 2558 1156 2618 bominibus
1175 2558 1245 2620 allas

98 2636 279 2715 ¹impendet,
305 2654 366 2694 esse
387 2655 440 2713 per
461 2654 576 2692 crucem
598 2633 707 2694 Christi
739 2636 851 2695 iberos:
878 2647 911 2694 ut
931 2634 1018 2715 plena
1037 2634 1192 2695 securitate
1213 2636 1245 2695 in

111 2732 175 2771 uno
196 2711 315 2772 Christo
336 2710 530 2790 acquiescant.
584 2712 645 2784 Qui
674 2710 755 2770 locus
783 2712 838 2770 buc
862 2712 983 2791 proprie
1009 2711 1138 2791 pertinet
1162 2710 1245 2788 (Gal.

113 2795 145 2861 4,
165 2795 193 2852 5.
212 2795 313 2851 et.21.'
326 2790 416 2866 sqq).
472 2788 626 2847 Postremo
657 2788 844 2847 conscientiis
875 2788 1003 2846 fidelium
1032 2810 1112 2848 suam
1144 2787 1248 2848 asserit
1298 2822 1305 2833 ·

115 2862 291 2937 libertatem,
312 2884 349 2921 ne
362 2884 419 2941 qua
439 2863 582 2944 religione
603 2864 631 2922 in
652 2861 739 2922 rebus
760 2885 821 2922 non
833 2864 1001 2924 necessariis
1014 2863 1247 2946 obstringantur.

191 2947 221 3004 4.
258 2941 371 3011 Altera,
392 2959 465 3018 quae
486 2960 519 2997 cx
539 2940 690 3019 superiore
712 2939 759 2998 illa
800 2941 898 3013 endet,
918 2952 950 2998 ut
965 2939 1162 2999 conscientiae
1182 2960 1246 3000 non

113 3021 196 3098 qnasi
216 3017 303 3097 Legis
323 3015 494 3076 necessitate
515 3029 641 3090 coactae,
659 3016 734 3097 Legi
754 2961 968 3096 obsequantur:
989 3017 1039 3076 scd
1051 3016 1138 3097 Legis
1158 3018 1247 3096 ipsius

112 3096 185 3175 iugo
206 3094 326 3165 liberae,
346 3093 489 3154 voluntati
502 3093 560 3153 Dei
581 3092 658 3152 ultro
672 3093 820 3153 obediant.
861 3093 1010 3168 Quoniam
1030 3094 1107 3153 enim
1128 3093 1157 3155 iu
1199 3113 1247 3153 er-

113 3171 211 3253 petuis
232 3171 395 3229 terroribus
408 3184 568 3241 vorsantur,
587 3170 721 3248 quamdiu
740 3170 794 3229 sub
808 3171 895 3254 Legis
911 3170 1041 3229 dominio
1062 3181 1140 3245 sunt,
1159 3114 1248 3232 alacri

135 3247 347 3328 romptitudiuc
369 3248 396 3305 in
419 3246 615 3305 obedientiam
627 3247 685 3305 Dei
705 3269 852 3327 nunquam
874 3248 1054 3325 compositae
1075 3260 1172 3322 eruut,
1192 3249 1248 3308 nisi
1280 3318 1284 3326 Ι

113 3270 282 3386 buiusmodi
302 3324 381 3402 prius
409 3323 543 3382 libertate
565 3325 699 3383 donatae.
749 3324 889 3403 Exemplo
911 3338 941 3383 et
967 3324 1082 3385 brevius
1102 3337 1132 3384 et
1156 3326 1247 3407 magis

113 3401 271 3484 perspicue
291 3421 488 3477 assequemur,
508 3421 567 3478 quo
589 3400 658 3460 haec
678 3400 854 3478 pertineant
879 3401 967 3482 Legis
987 3414 1175 3481 pracceptum
1195 3413 1249 3478 est,

113 3490 171 3554 „ut
191 3478 343 3558 diligamus
357 3478 452 3534 Deum
474 3488 605 3535 nostrum
626 3498 658 3535 ex
679 3488 745 3537 toto
765 3477 865 3552 corde,
887 3499 920 3538 ex
940 3490 1002 3537 tota
1023 3478 1127 3551 anima,
1147 3498 1181 3537 ex
1200 3491 1248 3539 to·

112 3556 152 3617 tis
171 3554 304 3614 viribus“
323 3554 428 3627 (Dent.
447 3558 476 3624 6,
495 3553 547 3629 5.).
588 3553 621 3611 ld
643 3565 675 3612 ut
694 3555 751 3628 fiat,
771 3554 865 3614 anima
886 3556 964 3635 prius
985 3555 1066 3615 omni
1085 3554 1142 3615 alio
1162 3562 1249 3615 senbu

116 3644 147 3692 et
167 3632 348 3711 cogitatione
368 3642 412 3688 est
433 3630 607 3704 evacuanda,
627 3650 680 3689 cor
694 3630 830 3690 omuibus
851 3631 1000 3691 desideriis
1021 3633 1250 3711 expurgandum,

114 3709 193 3769 vires
218 3708 248 3765 in
274 3707 331 3766 boc
358 3728 447 3764 uuum
474 3705 655 3788 colligendae
676 3720 706 3766 et
730 3708 957 3769 contrahendae.
1009 3707 1072 3783 Qui
1096 3726 1166 3787 prae
1186 3707 1249 3769 aliis

114 3784 241 3845 multum
269 3783 415 3864 progressi
440 3795 508 3842 sunt
532 3784 562 3841 in
589 3784 632 3842 via
652 3783 788 3857 Domini,
819 3783 987 3865 longissime
1011 3785 1116 3845 absunt
1141 3784 1177 3843 ab
1199 3785 1251 3846 hac

116 3874 206 3920 meta.
246 3861 318 3919 Nam
341 3859 394 3918 etsi
404 3860 499 3917 Deum
521 3879 552 3917 ex
573 3860 669 3919 animo
682 3860 816 3940 diligunt,
837 3873 866 3920 et
885 3863 1000 3922 sincero
1013 3861 1109 3920 cordis
1125 3861 1250 3922 allectus

116 3938 239 3997 multam
250 3948 356 3994 samen
376 3936 469 3995 adhuc
495 3936 591 3997 cordis
617 3949 647 3996 et
671 3939 785 3995 animae
810 3951 922 4018 partem
948 3949 1120 4017 occupatam
1141 3937 1252 3999 habent

119 4014 214 4075 cernis
236 4012 457 4090 cupiditatibus,
480 4013 585 4091 quibus
606 4012 794 4073 retrahuntur
814 4027 843 4076 et
863 4016 1013 4089 sistuntur,
1034 4016 1189 4093 quominus
1209 4015 1250 4076 ci-

118 4101 183 4150 tato
203 4091 238 4148 ad
257 4090 355 4148 Deum
381 4112 465 4149 cursu
491 4102 624 4172 pergant.
671 4090 767 4149 lllulto
788 4092 905 4170 quidem
925 4104 1033 4152 conatu
1052 4091 1251 4152 contendunts

119 4166 174 4227 sed
197 4186 266 4226 caro
314 4167 398 4225 artim
425 4187 528 4225 eorum
553 4167 626 4226 vires
652 4166 802 4242 debilitat,
832 4169 938 4247 partim
963 4168 1000 4228 ad
1023 4185 1088 4228 sese
1113 4167 1251 4249 applicat.

120 4242 204 4317 Quid
225 4243 271 4302 bic
291 4188 412 4318 laciant,
433 4243 502 4301 dom
521 4244 652 4303 sentiunt
671 4243 745 4303 nibil
763 4262 795 4304 se
813 4246 909 4305 minus
929 4266 1016 4325 qoam
1035 4244 1060 4305 L
1100 4264 1147 4304 em
1166 4264 1253 4326 prae-

87 4318 216 4393 „starel
253 4319 385 4399 Volunt,
412 4320 557 4401 aspirant,
586 4332 749 4383 conantur:
776 4322 828 4385 scd
852 4321 925 4385 nibil
943 4341 980 4387 ea
998 4342 1057 4405 qua
1096 4332 1163 4386 eset
1185 4340 1254 4406 per-
