2700 4732
503 228 580 293 ΠΒ.
599 226 657 291 m.
694 227 785 293 CAP.
803 226 858 290 tt.
1188 234 1248 296 tto

107 372 258 457 quiequid
285 372 356 435 incia
383 372 420 435 ad
444 371 591 457 ligandam
609 372 656 435 rel
675 371 849 435 solvendum
869 371 1002 435 Cbristnt
1022 368 1163 435 ecclesiae
1179 394 1250 435 suae

108 450 254 513 eontulit.
292 452 359 513 lloc
377 463 477 511 tamen
496 451 527 511 in
546 450 709 511 ministerio
729 450 851 512 clavium
870 449 992 511 maxime
1010 469 1110 511 rerum
1124 461 1178 524 eat,
1197 473 1250 511 cn-

108 530 162 589 ine
182 538 247 589 tota
264 526 306 589 vis
326 526 356 587 in
377 547 414 589 eo
456 528 529 589 osita
548 539 602 599 est,
621 539 655 586 ut
674 527 753 587 Euan
777 526 825 585 elil
844 528 948 608 gratia,
967 545 1021 606 per
1036 545 1087 587 eos
1100 527 1250 619 ‹presbe-

112 606 215 665 minor
245 604 406 679 ordinavit,
433 548 561 663 bdelium
593 602 695 663 animis
717 546 835 683 publice
855 624 887 663 ac
908 602 1038 684 privatim
1060 602 1249 685 obsignetor:

113 680 201 777 «good
212 668 294 755 beri,
312 679 367 740 nisi
385 678 448 740 sola
468 680 697 761 praedicatione,
715 681 828 773 nequit.

196 756 243 823 15.
282 756 371 831 Quid
391 756 591 817 Romanenses
620 758 648 815 'l'
651 755 789 835 beol0g1?
808 756 948 815 Statunnt
966 766 1000 815 nt
1019 776 1121 815 omnes
1140 756 1248 815 utrius-

114 852 177 915 que
195 852 277 894 sexos
294 834 340 909 *),
357 834 452 893 rtatim
472 846 559 912 atque
579 832 613 891 ad
634 832 818 893 discretionis
828 832 1132 915 annospervenerint,
1150 832 1249 895 semel.

112 910 155 971 ad
175 908 328 969 minimum
347 910 505 989 qcrotannia
525 909 720 969 confiteantur
740 909 836 968 omnia
856 930 905 969 sua
924 920 1045 987 peccata
1065 908 1188 989 proprio
1204 929 1250 970 ta-

117 984 250 1047 eerdoti:
280 1004 337 1045 nec
361 998 512 1066 peccatum
539 985 646 1044 dimitti
666 985 720 1045 nisi
740 984 899 1045 confitendi
918 996 1018 1045 votum
1038 984 1160 1044 firmiter
1175 1006 1250 1045 con-

116 1074 238 1145 ceptum
256 1060 360 1121 luerit:
382 1063 461 1141 quod
481 1073 581 1121 votum
601 1061 656 1120 nisi
678 1061 776 1121 oblata
797 1060 932 1121 facultate
952 1060 1131 1142 persolutum
1150 1062 1252 1137 luerit,

115 1140 177 1200 iam
196 1136 307 1197 nullom
334 1150 436 1217 patere
456 1138 576 1219 paradisi
595 1140 766 1219 ingressum.
814 1138 1006 1197 Sacerdotem
1026 1157 1096 1198 vero
1118 1149 1251 1218 potesta·

115 1226 181 1275 tem
200 1212 308 1275 babere
327 1214 467 1287 clavium,
497 1214 602 1293 quibus
647 1226 810 1274 eccatorem
830 1214 925 1273 solvat
944 1236 978 1274 ac
998 1214 1080 1308 liget,
1100 1215 1166 1293 qccia
1187 1235 1250 1274 non

116 1291 157 1353 ait
167 1290 281 1351 irritum
291 1236 1000 1369 Christiverbumffilattl.18,18.),Qnodcunque
1013 1290 1180 1370 ligaveritis,
1194 1302 1250 1351 etc.

117 1366 314 1427 Debacrero
355 1378 478 1428 otestate
498 1367 672 1447 pugnaciter
691 1367 770 1425 inter
780 1386 811 1426 se
827 1366 1043 1447 belligerantur.
1071 1365 1252 1443 dliidicnnt,

117 1444 237 1505 unicam
246 1462 308 1503 esse
319 1388 425 1504 clarem
437 1445 466 1503 in
479 1443 613 1515 essentia,
633 1442 743 1503 scilicet
760 1454 935 1521 potestatem
954 1442 1064 1525 ligandi
1084 1456 1113 1501 et
1132 1442 1252 1503 solven-

121 1520 167 1581 di:
196 1518 347 1581 scientiam
371 1521 408 1581 ad
433 1519 543 1580 bonum
568 1520 685 1598 quidem
706 1540 788 1579 usum
807 1519 928 1597 requiri,
957 1520 1008 1579 sed
1028 1531 1139 1579 tantum
1159 1520 1253 1579 instar

120 1595 279 1659 :temerii
300 1615 377 1671 esse,
407 1617 467 1655 non
489 1596 681 1655 essentialiter
700 1596 869 1655 coliaerere.
926 1594 985 1654 Atii
1015 1598 1083 1675 quia
1102 1594 1253 1671 videbant,

85 1676 90 1687 “
118 1672 199 1733 ltanc
218 1671 337 1731 nimium
357 1672 528 1732 effrenatam
548 1673 709 1745 licentiam,
738 1672 809 1731 duas
828 1671 921 1731 claves
947 1682 1171 1743 recensuerunt,
1194 1671 1254 1731 dis-

119 1748 288 1811 cretionem
308 1762 338 1807 et
356 1760 538 1829 potestatem.
577 1748 636 1808 lllii
657 1770 780 1817 rursum,
801 1770 888 1827 quum
908 1747 958 1807 tali
977 1748 1180 1807 moderatione
1200 1768 1253 1807 co·

118 1824 219 1887 biberi
238 1826 420 1885 sacerdotum
440 1825 655 1904 improbitatem
676 1824 824 1898 viderent,
855 1824 923 1883 alias
954 1824 1047 1883 claues
1072 1823 1253 1884 excuderunt

119 1902 177 1983 (εἴ.
196 1900 249 1962 fin.
268 1923 291 1961 e.
310 1904 387 1981 21.),
405 1902 606 1962 auctoritatem
626 1900 827 1975 discernendi,
857 1921 913 1980 qua
938 1901 968 1959 in
994 1899 1160 1959 deliniendo
1186 1912 1253 1958 ute-

119 1990 240 2041 rentur:
259 1990 290 2039 et
310 1990 494 2059 potestatem,
514 2000 598 2057 quam
614 1979 799 2038 exsecutione
809 1997 877 2036 suae
891 1977 1055 2036 sententiae
1067 1988 1253 2037 exercerent:

121 2056 273 2118 :dentiam
293 2056 435 2115 accedere
454 2054 533 2114 velut
553 2054 758 2113 consiliarium.
815 2054 896 2113 Istud
915 2064 1010 2113 autem
1031 2052 1123 2133 ligare
1143 2063 1173 2111 et
1191 2044 1271 2113 sot?

121 2152 192 2193 rere
211 2152 273 2192 non
293 2133 402 2191 audent
421 2132 607 2211 interpretari
626 2130 813 2210 sicatpliciter,
844 2141 962 2211 peccota
982 2132 1132 2189 remittere
1152 2139 1182 2187 et
1201 2129 1253 2189 de·

120 2208 199 2269 lere:
231 2210 300 2288 quie
329 2207 490 2266 Dominum
522 2208 693 2267 clamantem
723 2206 843 2265 andiunt
869 2206 945 2285 apud
969 2206 1147 2285 Propbetam
1178 2208 1253 2285 (les.

121 2285 368 2362 43,11.et25)
389 2284 474 2376 „ligo
495 2306 567 2357 scint,
588 2295 617 2341 et
638 2304 697 2341 non
719 2283 790 2341 alius
811 2296 927 2362 practer
944 2303 1005 2342 me:
1027 2302 1084 2363 ego
1101 2303 1173 2361 sum,
1194 2303 1252 2365 ego

121 2382 205 2437 runt,
231 2362 282 2441 qui
306 2361 391 2421 deleo
411 2361 578 2438 iniquitates
598 2371 675 2430 tuas,
701 2359 821 2418 lsrael.“
878 2360 937 2418 Sed
965 2360 1066 2419 dicunt
1086 2358 1255 2421 Sacerdotis

123 2458 201 2515 esse,
219 2439 412 2519 pronuntiare
434 2440 482 2517 qui
504 2438 584 2515 ligati
603 2438 662 2495 sint
680 2438 738 2496 sint
757 2448 806 2495 aut
824 2435 931 2505 soluti,
952 2448 983 2495 et
1009 2436 1156 2495 declarare
1176 2456 1254 2516 quo-

121 2536 189 2577 rnm
220 2516 337 2574 remissa
376 2526 426 2573 aut
459 2526 571 2572 retenta
606 2515 664 2572 sint
701 2524 835 2591 peccata:
874 2513 1021 2571 declarare
1057 2524 1172 2584 autem,
1206 2512 1271 2573 vel·

121 2613 178 2675 per
208 2590 563 2669 confessionena,·quum
595 2588 733 2663 absolvit,
767 2601 796 2647 et
825 2602 943 2667 peccata
969 2590 1090 2649 retinet:
1122 2590 1167 2649 vel
1200 2610 1255 2668 per

125 2670 316 2741 sententiam,
348 2690 436 2747 quum
467 2668 711 2737 escornmunicat,
743 2677 771 2723 et
803 2665 906 2744 recipit
936 2666 970 2724 ad
996 2666 1255 2725 Sacranrentorum

129 2746 374 2807 communionem.
422 2744 564 2814 llernum,
596 2765 684 2833 quum
708 2743 874 2819 intelligunt
896 2742 1025 2799 nondum
1046 2762 1076 2801 se
1098 2742 1153 2801 boc
1174 2742 1255 2801 nodo

131 2822 281 2903 explicari,
302 2821 371 2899 quin
392 2841 507 2899 semper
527 2819 614 2877 obiici
636 2821 743 2898 possit,
767 2819 903 2897 indiguos
923 2838 1009 2897 saepe
1030 2818 1113 2896 ligari
1133 2830 1162 2877 et
1181 2818 1256 2877 solvi

127 2898 221 2965 arnis
247 2897 461 2967 sacerdotibus,
494 2895 543 2976 qui
571 2908 726 2975 propterea
753 2916 813 2954 non
841 2895 970 2973 ligentur
988 2905 1037 2953 aut
1055 2894 1205 2954 solvantur
1225 2895 1256 2954 in

126 2974 229 3037 coelo:
261 2974 339 3054 quod
361 2973 493 3031 ultimum
515 2972 659 3049 refugiunt
680 2985 740 3045 est,
765 2971 944 3050 respondent
985 2969 1173 3029 collationem
1194 2969 1256 3029 cla-

127 3054 204 3114 vittm
224 3074 290 3111 eum
311 3050 484 3109 limitatione
504 3049 701 3127 accipiendam
722 3068 801 3121 esse,
824 3046 902 3126 qnod
925 3012 1056 3108 Cbristus
1076 3047 1256 3139 promiserit,

124 3128 203 3211 apud
229 3126 356 3187 tribunal
384 3148 465 3185 surim
490 3127 682 3204 approbatum
709 3125 742 3184 iri
772 3123 932 3184 sacerdotis
961 3134 1151 3197 sententiam,
1181 3144 1258 3202 quae

123 3207 201 3267 iuste
221 3204 333 3284 prolata
353 3202 459 3276 suerit,
479 3202 638 3260 secundnm
659 3202 738 3280 quod
757 3201 860 3260 merita
881 3199 961 3279 ligati
981 3212 1030 3258 aut
1048 3199 1136 3259 solerti
1156 3213 1258 3279 postu·

125 3282 238 3344 labant.
295 3282 391 3338 Porro
419 3279 467 3337 bas
496 3279 587 3337 claves
614 3278 750 3337 omnibns
777 3276 976 3336 sacerdotibus
1001 3296 1016 3335 a
1039 3276 1157 3336 Christo
1177 3277 1257 3340 datas

124 3378 201 3433 esre,
219 3377 295 3438 qnae
314 3355 370 3415 illis
390 3355 425 3414 ab
447 3356 598 3435 Episcopis
618 3354 647 3413 in
669 3355 857 3433 promotione
876 3352 1083 3413 conseruntur:
1110 3352 1161 3415 sed
1181 3353 1257 3412 libe-

124 3456 190 3496 rnrn
221 3454 303 3493 usum
336 3451 425 3511 penes
458 3452 508 3491 eos
539 3432 675 3490 duntaxat
700 3450 776 3501 esse,
796 3430 846 3508 qni
867 3427 1035 3488 muneribus
1055 3428 1256 3490 ecelesiasticis

124 3512 305 3594 funguntur:
325 3508 401 3588 apud
423 3509 684 3568 excommunicatos
704 3518 734 3564 et
752 3526 905 3585 suspensos
926 3524 1042 3564 manere
1067 3505 1186 3585 quidem
1212 3507 1259 3587 ip-

126 3609 172 3649 sas
192 3585 294 3658 claues,
314 3587 364 3644 sed
385 3586 567 3675 rubiginosas
587 3606 620 3643 ae
640 3584 753 3664 ligatas.
807 3583 843 3640 Et
863 3582 912 3661 qui
932 3581 1004 3640 haec
1025 3580 1135 3655 dieunt,
1153 3583 1260 3643 mode-

127 3663 166 3725 sti
185 3685 219 3725 ac
239 3662 330 3722 sobrii
353 3662 415 3719 inre
436 3661 526 3719 vuleri
547 3662 658 3740 possint
679 3679 748 3738 prae
768 3657 847 3730 aliis,
879 3658 928 3737 qui
958 3656 1011 3717 sub
1044 3677 1119 3716 nova
1151 3658 1259 3717 incude

125 3760 216 3801 novas
236 3738 329 3799 claves
349 3738 482 3797 fabricati
496 3748 574 3808 sunt,
594 3737 697 3815 quibus
716 3735 884 3794 thesaurum
903 3732 1040 3793 ecclesiae
1060 3733 1189 3795 obserari
1198 3745 1260 3796 tra·

127 3816 309 3895 dnntt'qnas
339 3826 429 3874 rostea
449 3834 501 3873 suo
523 3813 590 3872 loco
609 3811 785 3871 excutiemus
805 3815 881 3889 (cap.
901 3817 929 3875 5.
949 3832 971 3868 s.
991 3810 1043 3885 2.).

204 3898 251 3957 16.
290 3836 339 3950 Ad
356 3889 468 3971 singula
489 3890 586 3969 paucis
605 3887 804 3967 respondebo.
848 3888 947 3945 Taceo
978 3896 1074 3943 autem
1105 3884 1140 3946 ad
1173 3905 1260 3965 prae-

125 3990 202 4045 sens,
223 3988 282 4048 qno
304 3967 365 4026 iure
407 3987 478 4025 uave
499 3966 600 4024 iniuria
621 3963 747 4023 fidelium
769 3963 876 4024 animas
896 3961 952 4021 suis
982 3960 1095 4043 legibus
1127 3961 1260 4023 obstrin-

125 4059 212 4130 gant:
233 4045 351 4126 quando
373 3989 404 4102 id
421 4064 474 4103 suo
494 4042 563 4102 loco
583 4041 760 4122 dispicietur.
820 4038 911 4113 Quod
932 4049 1028 4098 autem
1046 4037 1143 4121 legem
1163 4038 1261 4119 impo-

1086 4164 1216 4173 .—-—-..—
1224 4166 1256 4174 .—

194 4226 223 4293 ⁸)
241 4225 271 4278 C.
290 4225 382 4279 Omnis
400 4223 531 4307 utriusque
548 4244 629 4306 sexnp.
653 4254 685 4265 -
715 4217 762 4275 'De
779 4242 879 4304 somma
896 4217 1024 4274 Trinitate
1042 4220 1137 4300 etnlide
1156 4219 1261 4303 Carbol.

126 4296 259 4347 decretum
278 4310 314 4347 eat
331 4294 474 4346 tunoccncu
492 4314 519 4345 sn
537 4295 631 4347 concil.
646 4292 818 4347 lateranense
831 4290 953 4345 Refertur
969 4288 1040 4342 Sent.
1058 4288 1137 4343 hat.
1155 4291 1211 4343 dut
1219 4288 1261 4341 14.

127 4380 184 4432 cap.
200 4364 224 4417 2
243 4377 267 4415 et
283 4361 338 4418 dist
356 4363 396 4418 18.
415 4363 512 4432 capla
