2700 4732
101 202 161 267 136
510 198 589 259 Llll.
608 196 633 258 1.
673 196 763 261 CAP.
782 196 864 257 XVI.

104 340 230 405 a'rbitrio
249 340 285 402 ad
304 342 381 403 banc
398 341 446 403 vel
464 339 543 402 illam
563 341 710 402 actionem
734 342 830 404 flectit
855 362 889 403 ac
912 340 1100 403 convertib·
1127 340 1248 411 Nullius

106 430 257 481 creaturae
277 419 441 481 mirabilior
459 420 505 479 vel
525 419 667 479 illustrior
685 421 730 481 vis
747 432 793 481 cst
808 440 894 499 qnam
913 418 993 479 solis.
1031 420 1156 479 Praeter
1216 442 1248 497 ῃ

107 498 186 555 enim
211 496 293 575 quod
312 508 407 555 totum
428 497 531 556 orbem
552 496 700 555 illuminat
717 518 772 559 suo
794 496 920 577 fulgore,
941 508 1082 573 quantum
1101 496 1158 556 istu
1201 508 1250 559 eet

128 572 188 633 uod
207 572 341 632 animalia
361 574 461 631 ornnia
480 594 534 632 suo
556 571 654 631 calore
676 574 759 633 fovet
777 595 812 633 ac
837 572 971 663 vegetat?
1001 584 1099 631 terrae
1119 572 1248 635 foecun-

105 594 229 709 iitatem
247 650 308 709 suis
326 650 413 709 radiis
432 650 574 727 inspirat?
605 650 767 710 seminibus
795 650 826 708 in
856 668 918 708 esus
943 650 1058 729 gremio
1079 649 1248 731 tepefacffl,

105 724 328 786 herbescentem
348 726 418 785 inde
436 726 611 786 viriditatem
629 726 723 800 elicit,
756 747 842 805 quarn
869 724 954 799 novis
973 724 1120 785 alimentis
1136 724 1248 787 sufful-

106 812 167 861 tam
187 815 277 884 auget
297 824 330 862 ac
349 804 515 873 confirmat,
535 803 632 862 donec
651 803 681 861 iu
703 801 815 863 culmos
834 800 984 883 assurgat?
1003 801 1082 881 qnod
1117 806 1264 882 erpetao'

105 898 218 958 vapore
237 880 347 958 pascit,
378 880 474 939 donec
506 880 537 937 in
568 880 672 938 florem
693 891 724 939 et
743 898 777 937 cx
794 880 872 937 llore
890 879 920 937 in
942 878 1057 959 frugem
1077 822 1248 941 abolescat?

106 956 189 1033 quod
207 967 280 1015 tunc
299 956 385 1014 etiam
405 954 597 1034 excoquendo
617 956 654 1014 ad
678 956 876 1015 maturitatem
902 954 1069 1035 perduciti.
1084 954 1169 1045 quod
1197 976 1249 1018 en·

106 1030 198 1091 bores
229 1032 364 1091 similiter
394 1043 426 1090 ει
459 1034 532 1092 vites
565 1032 602 1091 ab
636 1051 673 1090 eo
703 1032 866 1111 tepefactae
893 1043 1043 1111 gemmant
1062 1052 1193 1110 primurn
1209 1046 1248 1093 κ

106 1107 312 1185 frondescunt,
334 1107 441 1168 deinde
460 1109 564 1168 llorem
585 1108 725 1168 emittunt
744 1120 775 1167 et
794 1128 829 1167 ex
842 1108 922 1167 llore
936 1107 1065 1168 fructum
1078 1106 1247 1199 generant-i

16 1252 19 1261 Ι
106 1182 154 1243 Ac
171 1184 333 1260 Dominus,
362 1196 394 1243 ut
423 1184 545 1244 solidam
576 1184 681 1244 borum
702 1185 833 1244 omnium
854 1183 969 1243 laudens
988 1182 1045 1243 sibi
1069 1184 1248 1261 vindicaret,

106 1264 178 1322 arlte
198 1271 229 1319 et
247 1261 343 1320 lucem
364 1275 474 1321 exstare
494 1260 588 1321 voluit
607 1272 638 1319 ct
656 1273 765 1321 terram
785 1261 867 1320 omni
885 1257 1041 1319 herbarum
1053 1272 1083 1319 et
1095 1259 1246 1321 frnctnan

108 1356 221 1417 genere
240 1337 378 1396 refertam
400 1357 479 1415 esse,
506 1359 591 1429 quam
611 1337 704 1397 solem
724 1348 848 1397 crearet.
894 1338 966 1395 Non
995 1355 1069 1417 ergo
1087 1336 1183 1397 solem
1203 1336 1247 1399 fa·

107 1414 168 1473 ciet
191 1414 255 1493 pins
283 1414 372 1473 lsomo
399 1415 445 1473 vel
478 1412 668 1493 principalem
696 1414 743 1473 vel
773 1412 965 1473 necessariam
994 1432 1099 1472 eorum
1118 1432 1247 1489 sauna,
1283 1410 1296 1487 ,⁸

106 1508 183 1569 quae
202 1500 270 1549 ante
296 1490 367 1551 solis
386 1492 567 1550 creationem
588 1490 771 1565 exstiterunt,
790 1489 843 1549 sed
862 1489 1088 1549 instrumentum
1103 1488 1248 1551 duntaxat

107 1586 170 1645 quo
189 1568 283 1625 utitur
301 1567 397 1639 Deus,
427 1568 493 1657 quia
513 1567 553 1625 ita
573 1567 648 1626 vult:
681 1588 770 1657 quum
791 1565 897 1645 possit,
927 1584 965 1623 eo
984 1566 1181 1645 praeterito,-

108 1660 141 1701 sc
151 1642 245 1719 ipsum
266 1642 337 1700 nihil
359 1642 504 1703 difficilius
524 1663 621 1725 agere.
645 1643 764 1702 Deinde
785 1664 873 1722 quum
895 1641 1019 1719 legimus
1040 1641 1131 1702 biduo
1151 1662 1186 1703 ao
1199 1662 1245 1701 ear
1271 1652 1296 1663 “·

107 1717 272 1777 substitisse
291 1720 322 1778 in
342 1741 403 1779 uno
424 1720 518 1801 gradu
537 1720 572 1779 ad
593 1720 811 1799 precesbosuae
830 1724 890 1795 (10,
910 1718 984 1795 13.>‚
1002 1719 1032 1776 in
1053 1710 1269 1799 gratiam-aes*

107 1793 153 1876 gis
171 1794 318 1855 Ezechiae
336 1796 469 1855 umbram
489 1796 551 1857 eius
570 1796 772 1855 retrocessisse
792 1797 962 1874 perdecem
977 1794 1083 1875 gradus
1103 1794 1160 1871 (ll.

107 1877 158 1946 20,
177 1878 249 1949 ab),
280 1874 378 1952 paucis
398 1872 454 1932 illis
473 1873 619 1932 miraculis
639 1884 760 1931 testatus
780 1884 825 1932 cst
844 1872 936 1945 Deus,
967 1892 1029 1930 non
1048 1872 1090 1931 sic
1110 1870 1246 1949 quotidie
1270 1940 1274 1947 Ι

101 1968 201 2009 -εοεεο
222 1958 343 2009 naturae
362 1950 503 2009 instinctu
514 1950 607 2009 solem
628 1949 699 2008 oriri
720 1960 751 2007 ει
762 1949 908 2021 occidere,
928 1947 999 2027 quin
1019 1948 1081 2025 ipso
1100 1948 1136 2007 ad
1156 1968 1246 2009 renn-
1272 1963 1296 1973 ““

106 2024 231 2085 vanelam
272 2027 366 2085 aterni
385 2046 454 2107 erga
476 2048 530 2086 nos
548 2030 592 2086 sui
613 2026 718 2085 favoris
737 2026 908 2085 memoriam
924 2045 1038 2083 cursum
1060 2024 1120 2084 eius
1135 2023 1247 2105 guber·

108 2112 170 2160 net.
210 2046 289 2159 Niliil
309 2104 401 2183 magis
426 2102 559 2162 naturale
583 2114 642 2175 est,
673 2123 760 2237 apuam
784 2123 837 2162 ver
862 2100 975 2191 hyemi,
1004 2101 1066 2161 reri
1094 2110 1247 2175 aestatem,

108 2177 214 2237 aestati
234 2191 422 2237 auctumuum
443 2180 567 2237 vicissim
591 2199 677 2237 succe
700 2197 760 2236 ere.
799 2180 891 2257 Atqui
922 2178 952 2236 in
985 2176 1038 2237 hac
1062 2176 1140 2237 serie
1165 2190 1246 2239 tanta

107 2254 288 2389 perspicitur
306 2276 339 2315 ac
358 2266 418 2313 tans
438 2254 597 2333 inaequalis
618 2254 787 2329 diversitas,
818 2267 852 2314 ut
879 2254 964 2313 facile
989 2266 1128 2334 appareat
1147 2253 1247 2337 singu

122 2350 155 2389 os
175 2350 285 2420 apnos,
317 2350 432 2393 menses
457 2343 488 2392 ει
512 2331 575 2392 dies
600 2352 676 2391 nova
701 2345 732 2390 et
749 2331 869 2411 speciali
889 2332 946 2391 llei
959 2330 1153 2411 providentia
1171 2342 1247 2399 teat·

131 2425 217 2467 orara.
1053 2422 1056 2430 ·
1089 2458 1092 2463 .
1122 2430 1126 2435 ·
1184 2426 1187 2433 ·
1232 2462 1237 2478 ,

107 2428 129 2487 Ρ
184 2488 213 2547 3.
251 2481 291 2542 Et
309 2503 380 2543 sane
404 2484 648 2564 omnipotentiam
672 2484 729 2545 sibi
753 2483 880 2545 vindicat
905 2504 940 2543 ac
971 2481 1082 2543 deferri
1104 2502 1130 2545 .a
1161 2480 1247 2547 nob's

107 2556 172 2621 vult
189 2559 283 2635 Deus,
303 2581 364 2619 non
385 2562 501 2639 qualem
520 2562 668 2639 sophistae
688 2562 813 2641 lingunt,
832 2560 964 2635 inanem,
988 2560 1116 2621 otiosam
1136 2572 1168 2621 et
1186 2560 1247 2621 fere

108 2635 252 2715 sopitam,
281 2637 332 2695 sed
358 2638 494 2718 vigilem,
526 2638 691 2713 efficacem,
722 2658 876 2717 operosam
902 2649 933 2696 ct
958 2637 1082 2715 quaein
1103 2637 1246 2715 continue

108 2724 176 2771 actu
196 2724 342 2773 versetur:
374 2735 472 2793 neque
497 2716 584 2775 ctiam
610 2736 685 2794 quae
734 2715 852 2773 enerale
877 2725 991 2772 tantum
1012 2714 1050 2774 sit
1069 2714 1246 2795 principiam

109 2788 228 2849 confusi
248 2802 360 2861 motus,
402 2792 460 2850 acsi
480 2792 601 2851 fluvium
623 2812 675 2871 per
693 2736 795 2851 absens
813 2791 904 2849 semel
923 2789 1066 2867 praefixos
1089 2790 1248 2851 fluereia·

109 2862 212 2939 beret,
241 2866 292 2925 scd
325 2866 360 2925 ad
390 2868 521 2960 singulos
552 2882 582 2928 ει
607 2867 796 2947 particulares
819 2880 916 2927 motus
937 2866 1050 2925 intenta
1068 2866 1116 2925 sit.
1174 2864 1246 2929 lta·

109 2942 189 3001 enim
209 2954 347 3003 censetur
366 2958 566 3025 omnipotens,
591 2967 652 3004 non
672 2946 752 3024 quod
773 2944 865 3025 possit
885 2943 1003 3022 quidem
1025 2942 1132 3017 facere,
1157 2950 1249 3004 eene

108 3029 209 3077 tamen
230 3020 347 3077 interim
368 3033 399 3080 et
418 3022 565 3094 «laudent,
595 3022 641 3084 vel
673 3041 771 3100 quem·
795 3020 928 3099 praefinit
957 3032 1078 3079 naturae
1112 3018 1249 3079 orthea

107 3093 241 3175 generali
261 3095 401 3157 instinctu
420 3099 589 3159 continuata
620 3098 671 3158 scd
698 3099 765 3177 quia
790 3119 842 3157 sua
866 3095 1050 3177 providentia
1075 3094 1194 3157 coelum
1218 3102 1250 3157 et

109 3183 220 3233 terram
240 3171 420 3253 gubernans,
444 3176 486 3234 sic
507 3175 605 3235 omnia
625 3174 797 3233 moderatus
821 3185 854 3234 ut
874 3172 945 3231 nibil
966 3172 1022 3232 nisi
1042 3172 1106 3233 eius
1124 3170 1296 3234 consiliol-

111 3247 232 3309 acoidat.
281 3248 358 3309 Nam
378 3270 466 3328 quiam
489 3252 518 3310 in
540 3252 656 3311 Psalmo
678 3251 785 3311 dicitur
803 3255 883 3323 (115,
895 3252 950 3327 b),
982 3249 1081 3309 facere
1099 3266 1249 3328 quaecu-

111 3344 169 3403 que
188 3322 268 3395 nult,
300 3338 378 3384 certa
405 3339 436 3385 et
456 3326 615 3387 deliberata
635 3339 758 3387 notatur
775 3327 918 3389 voluntas.
976 3326 1138 3407 insipidum
1171 3324 1249 3387 enin

110 3411 189 3491 esset
208 3400 414 3482 philosophico
436 3410 520 3463 mors
539 3404 729 3483 interpretari
749 3404 918 3485 Propfletae
938 3402 1043 3476 verba,
1068 3402 1168 3463 Benna
1187 3416 1251 3463 ease

110 3498 239 3557 pransum
259 3498 364 3559 agens,
390 3482 457 3557 quin
477 3480 653 3561 principium
675 3493 705 3539 et
720 3480 988 3541 -cansauistnhmnis
1007 3492 1122 3539 motus:
1160 3496 1296 3559 quant

104 3552 210 3633 ,potios
230 3552 288 3613 boc
306 3555 412 3614 solatio
432 3557 464 3615 in
484 3557 571 3617 seban
592 3558 719 3617 adversis
736 3556 900 3617 se-tmtan
918 3555 1038 3691 fidelesp)
1048 3554 1122 3616 nillil
1140 3572 1248 3635 sepem·

106 3631 175 3709 peti
191 3630 247 3689 nisi
266 3630 324 3689 Dei
343 3632 533 3693 ordinatione
558 3646 589 3693 et
612 3634 766 3693 mandato:
819 3634 958 3693 uia-sunt
983 3656 1017 3694 su
1053 3634 1132 3693 -είιιιΙ
1151 3648 1249 3694 man.

112 3706 230 3779 Quodsi
250 3707 308 3765 llei
329 3708 507 3790 gubernatio
527 3712 568 3769 sie
589 3710 756 3769 extenditur
781 3656 816 3769 al
838 3711 935 3771 onmia
957 3708 1018 3770 cius
1038 3726 1161 3789 opera,¹
1176 3716 1248 3789 pee-

107 3783 168 3843 rilc
188 3782 321 3844 cavillum
343 3798 402 3858 est,
428 3806 489 3845 eam
515 3786 667 3845 includere
691 3788 722 3845 in
742 3799 863 3847 naturae
883 3789 994 3867 latium
1012 3786 1056 3861 ἢ).
1094 3784 1247 3847 Netum
1279 3858 1283 3863 Ι

105 3860 321 3943 salagialleum
340 3882 392 3921 sua
411 3862 505 3943 gloria
525 3862 663 3923 fraudant
680 3884 767 3943 quana
791 3864 916 3943 ae-ipsos
937 3860 1252 3948 utilissinadoctsiar,

177 4146 209 4249 ¹⁸)
243 4180 373 4253 llypcriua
389 4182 417 4235 in
435 4184 564 4237 llletlsodo
582 4185 744 4249 'l'lruolopiao
760 4186 871 4238 breviter
895 4188 973 4238 refert
993 4184 1146 4239 sententiam
1164 4146 1246 4237 l‘latr·

111 4247 202 4327 pis-sle
219 4248 271 4301 Dei
285 4250 461 4329 providentia,
479 4255 541 4305 item
562 4254 718 4308 Aristotelis:
746 4254 824 4309 tmtio
840 4252 1025 4309 llabbinornin
1041 4268 1067 4309 et
1078 4252 1244 4325 apamea·

110 4327 180 4367 anter
196 4316 357 4371 Christianos
374 4320 479 4375 dilutius
496 4322 667 4375 sentientium.
775 4328 778 4333 ’
1097 4350 1100 4357 ·
