2700 4732
1242 60 1280 99 r.

104 192 162 251 tta
205 172 208 179 ¹
255 172 258 177 ¹
480 179 633 285 uictu
672 179 901 253 camitxtt..
969 220 981 249 i
1081 124 1084 129 Ι
1151 182 1156 189 ’

107 326 176 387 dum
196 322 400 406 particularem
429 324 706 405 praedestinationis
732 324 983 388 aestimationems
998 322 1051 387 ‘ut
1067 328 1162 419 qaum
1178 322 1244 401 d'mi·

105 414 156 464 tur
174 402 256 463 lleus
280 399 497 482 praedestinare
524 400 638 463 liomini
663 400 788 485 gloriam
814 422 848 461 es
873 401 1005 475 meritis,
1034 422 1106 483 quia
1128 400 1244 495 grath
1269 446 1274 483 :

108 480 135 541 ei
161 478 262 561 largiri
281 478 427 552 decrevit,
452 500 508 558 qua
535 478 659 571 gloriam
685 488 840 539 mereatur.
892 478 994 553 Quum
1017 478 1099 539 enini
1125 476 1269 569 uthdip·

108 555 256 617 electione
274 555 331 615 nisi
350 574 459 614 meram
481 554 645 615 bonitatem
666 555 736 615 velit
756 575 810 615 nos
831 556 939 615 intueri
958 554 1124 627 Dominus,
1141 554 1167 617 si
1185 576 1243 635 qais

128 632 172 693 lus
202 631 311 712 aliquid
343 631 512 711 prospicere
546 630 593 691 liic
623 631 736 710 cupiat,
774 644 964 711 praepostera
999 629 1059 691 erit
1089 630 1244 693 allectitiis.

107 655 227 784 liuodsi
250 719 364 769 certare
392 707 553 768 subtilitate
584 706 689 781 libeat,
722 728 784 768 non
811 708 977 787 deestque
1003 708 1098 788 ipsam
1118 708 1244 769 Thone

106 784 283 868 argutiolam
303 783 500 844 retundamus.
551 784 618 875 Ipse
637 784 809 857 contendit,
838 784 961 866 gloriam
982 780 1088 845 electis
1109 784 1243 865 quodan-

106 862 199 923 modo
219 859 428 941 praedestinari
449 879 483 919 ex
502 860 627 920 meritis:
648 861 715 951 quia
733 862 855 941 gratiam
876 859 1242 940 illispraedestinatlleus,

109 959 166 1020 qua
184 938 308 1021 gloriam
329 947 505 996 mereantur.
547 936 627 1011 Quid
647 958 671 995 si
698 948 802 997 contra
823 936 979 1017 excipiam,
998 936 1242 1017 praedestinatio·

107 1036 176 1075 neni
196 1014 232 1074 ad
253 1013 378 1095 gratiam
399 1012 537 1073 electioni
562 1012 598 1072 ad
618 1012 704 1074 vitain
723 1012 903 1087 subservire,
933 1032 1057 1093 esseque
1078 1013 1145 1075 eius
1162 1012 1243 1075 relati

106 1088 328 1185 pedissequam?
356 1088 480 1170 gratiam
506 1089 540 1149 iii
573 1090 801 1168 praedestinari,
834 1090 940 1169 quibus
959 1088 1078 1172 gloriae
1146 1090 1242 1153 aedo

105 1189 162 1229 ism
184 1166 235 1227 diu
254 1169 397 1247 assignata
408 1166 458 1226 sit:
479 1165 545 1244 quia
565 1164 595 1225 isi
612 1165 848 1226 iustificationem
868 1185 901 1224 er
921 1164 1072 1227 electione
1115 1166 1172 1229 lios
1180 1186 1241 1227 sisoi

106 1244 253 1305 adducere
271 1241 404 1302 Domino
430 1241 559 1322 placeat?
597 1241 673 1300 liide
694 1242 770 1301 enim
790 1254 930 1322 sequetur
947 1242 1242 1322 praedestinatione

128 1321 219 1381 loriae
232 1340 345 1379 eausam
358 1318 455 1399 potius
465 1337 528 1379 esse
540 1317 815 1398 praedestinationis
825 1316 949 1399 gratiae,
962 1316 1050 1398 qliim
1062 1338 1082 1379 e
1094 1338 1241 1381 cotim
1277 1348 1280 1371 ι

106 1339 170 1458 §ed
188 1395 306 1457 valeant
323 1395 397 1457 hacc
415 1394 618 1469 certaminaut
636 1406 705 1455 sont
722 1415 899 1475 supervacua
919 1395 998 1456 inter
1018 1414 1091 1472 eos,
1154 1392 1243 1457 'sat‘u

105 1472 266 1554 sapientiae
283 1470 378 1532 sibiin
391 1470 551 1531 rerboDei
568 1490 630 1532 esse
650 1471 767 1533 ducent.
807 1472 886 1530 Vere
904 1471 981 1531 enim
1001 1470 1076 1532 illud
1097 1418 1243 1535 avectis·

105 1546 644 1628 siasticoscriptoreolimdictumluit,
652 1547 959 1623 QuiDeielectiouem
967 1547 1108 1609 meritisa
1138 1548 1147 1565 '

106 1646 159 1689 eos
178 1625 242 1706 plus
263 1646 347 1760 qpam
368 1634 490 1705 oportet
503 1642 607 1759 sapere
636 1623 1241 1714 Ambrosdevoeat.Geot.lib.1.o.2]·

184 1708 232 1767 10.
303 1701 426 1761 biiciunt
438 1721 540 1760 noniiu
553 1699 583 1775 li,
633 1720 699 1760 eum
718 1700 774 1760 sibi
794 1700 859 1761 lore
874 1700 1067 1776 contrarium,
1086 1701 1113 1763 si
1131 1702 1241 1765 unirer·
1269 1702 1272 1713 '

105 1778 207 1843 saliter
228 1798 330 1839 omnes
350 1777 385 1836 ad
405 1798 436 1838 se
455 1776 569 1850 invitet,
590 1797 698 1856 paucos
710 1796 782 1837 vero
803 1776 913 1838 electos
933 1777 1081 1839 admittat.
1113 1778 1165 1841 Sic
1177 1798 1242 1860 pre·

32 1880 37 1901 ¹
106 1855 277 1919 missionum
299 1854 470 1914 universitas
491 1852 696 1913 discretionem
716 1853 848 1933 specialis
890 1854 989 1928 retiae,
1009 1855 1240 1929 secundumeei,

105 1932 201 2026 tollit:
223 1943 311 2010 atque
329 1932 369 2022 ita
389 1929 552 2021 loquuntur
569 1929 715 1990 moderati
726 1928 843 2022 quidam
865 1874 1095 2021 homineqnon
1115 1946 1239 2083 1111οοὶ

105 2008 285 2149 liiihdeh
297 2018 727 2143 tilithdttcdtdd‘
741 2020 1238 2147 ἱξίὦῖῗῑῗῑὲἲὲἷῑῗὲἓῖζὲῗω.

105 2162 203 2225 silium
222 2159 342 2219 minime
363 2158 563 2239 probandum:
584 2160 651 2239 quia
670 2180 820 2239 nunquam
843 2159 1013 2221 excusabilis
1033 2174 1083 2223 est
1101 2162 1236 2247 tergiver-

105 2240 190 2302 satio.
228 2236 340 2297 Eorum
360 2256 430 2296 vero
452 2237 501 2314 qui
526 2236 692 2315 protervius
711 2236 870 2311 insultant,
899 2237 984 2297 nimis
1008 2251 1095 2299 certe
1114 2238 1238 2321 putida·

106 2313 257 2387 cavillum,
277 2312 323 2371 vel
348 2312 434 2372 niinis
453 2312 566 2391 pudens
586 2333 678 2373 error.
728 2312 892 2386 Quomodo
911 2314 1069 2393 Scriptura
1095 2314 1171 2379 haec
1187 2314 1236 2377 du

106 2389 259 2462 conciliet,
291 2399 409 2449 externa
433 2389 652 2468 praedicatione
671 2391 772 2449 vocari
799 2410 899 2451 omncs
919 2389 955 2449 ad
976 2392 1198 2470 poenitentiam
1212 2400 1237 2451 st

104 2466 209 2540 fidem,
240 2484 337 2544 neque
363 2476 460 2525 tamen
482 2466 617 2528 omnibus
638 2465 700 2525 dari
726 2466 941 2547 resipiscentiae
961 2478 992 2527 et
1010 2465 1084 2529 fidei
1102 2469 1237 2551 spiritu.

105 2542 178 2606 alibi
197 2541 332 2621 explicui,
353 2553 383 2600 et
402 2562 469 2602 mox
488 2542 526 2601 ali
550 2543 597 2601 uid
618 2543 811 2620 repetendum
822 2544 886 2602 erit.
915 2542 978 2603 lam
991 2544 1077 2624 quod
1097 2544 1238 2627 postnhtd

104 2620 162 2681 illis
183 2639 274 2700 nego,
294 2629 327 2677 ut
346 2617 460 2678 duobus
480 2563 573 2679 molis
593 2617 695 2679 lalsnm
717 2631 775 2680 cst:
796 2619 926 2699 namqui
945 2620 1090 2696 minatur,
1108 2622 1181 2683 dum
1197 2642 1237 2683 iit·

104 2718 160 2781 per
178 2695 283 2756 urbem
304 2716 391 2754 unam
412 2694 504 2774 pluet,
522 2695 682 2757 siccitatem
703 2696 768 2755 lore
786 2717 875 2776 snper
893 2696 1012 2757 alteram
1025 2696 1140 2775 (Amos
1151 2696 1238 2791 d,‘l.)i

105 2777 155 2856 qui
177 2773 282 2833 samem
303 2771 454 2832 doctrinae
473 2771 541 2832 alibi
561 2772 645 2849 (ibid.
664 2778 695 2848 8,
716 2774 777 2849 11.)
798 2773 966 2847 denuntiat,
997 2794 1060 2834 non
1088 2774 1239 2857 obstringi

104 2873 136 2914 se
157 2863 237 2911 certa
256 2848 283 2909 le
307 2868 337 2923 e,
363 2860 395 2908 ut
413 2848 573 2928 aequaliter
597 2861 684 2910 vocet
707 2870 818 2909 omnes.
868 2850 907 2909 Et
927 2850 976 2929 qui
996 2849 1128 2911 Paulum
1147 2862 1239 2913 setin

104 2928 136 2989 iii
156 2925 223 2987 Asia
241 2945 296 2984 ver
319 2946 366 2983 um
387 2924 494 2998 lacere,
515 2938 544 2985 ct
564 2926 689 2985 eundem
709 2945 725 2985 a
744 2926 881 3007 bithynia
902 2938 1036 2987 evertens
1057 2928 1092 2988 iii
1104 2926 1240 2991 Macedo·

105 3005 183 3064 niam
202 3001 510 3092 trabit(bci.16‚6.),
528 3003 572 3063 sui
592 3002 660 3062 iuris
681 3022 743 3063 esse
763 3003 955 3078 demonstrat,
973 3002 1151 3067 thesaurum
1170 3006 1240 3067 hatte

106 3081 212 3160 quibus
231 3081 322 3139 visum
344 3089 387 3136 est
407 3078 590 3137 distribuere.
629 3078 688 3137 Per
707 3077 828 3138 lesaiam
849 3092 947 3139 tamen
967 3082 1102 3160 apertius
1121 3082 1240 3145 ‹leuton-

105 3167 179 3217 strat
198 3154 269 3233 (les.
288 3160 318 3228 8,
338 3161 384 3219 16.
403 3155 471 3230 sn),
494 3154 645 3233 quomodo
671 3155 770 3215 electis
790 3157 977 3235 peculiariter
995 3155 1102 3219 salutis
1121 3157 1241 3240 promia·

105 3233 203 3293 siones
224 3231 364 3290 destinet:
395 3251 462 3291 naui
483 3230 519 3289 de
539 3229 595 3290 illis
616 3243 743 3304 tantum,
775 3253 835 3292 non
857 3244 952 3292 autem
973 3232 1192 3297 indifferenter
1208 3234 1241 3294 de

104 3319 171 3368 toto
191 3327 301 3389 genere
322 3307 463 3381 humano,
482 3307 631 3387 praedicat
649 3309 705 3368 sibi
726 3309 791 3367 sore
811 3308 976 3388 discipulos.
1016 3310 1112 3371 Unde
1133 3320 1244 3373 constal

104 3404 259 3465 perperam
291 3382 472 3461 quibuslibet
501 3384 638 3462 prostitui
675 3384 773 3445 salutis
806 3386 985 3461 doctrinam,
1015 3397 1050 3445 ut
1084 3388 1244 3451 efficaciter

127 3461 213 3534 rosit,
245 3480 318 3538 quac
343 3460 411 3519 solis
431 3458 569 3520 ecclesiae
595 3460 659 3521 liliis
683 3482 813 3523 seorsum
835 3463 963 3554 reposita
982 3481 1047 3522 esse
1070 3462 1194 3527 dieitur.
1209 3494 1244 3511 -

136 3558 172 3599 oc
192 3536 222 3603 iri
241 3536 406 3616 praesentia
430 3536 570 3612 sufficiat,
601 3538 727 3617 quamvis
752 3540 929 3620 generaliter
954 3558 1060 3600 omnes
1086 3540 1246 3635 compellet

103 3636 160 3675 vox
181 3612 348 3695 Evangelii,
377 3633 473 3673 rarum
498 3625 595 3673 tamen
623 3635 684 3675 esse
710 3615 777 3675 fidei
798 3616 917 3674 dorium.
967 3616 1101 3677 Causam
1120 3628 1246 3703 assignat

103 3692 221 3765 Iesaias,
240 3688 319 3768 quod
341 3710 400 3749 non
422 3691 556 3749 omnibus
578 3692 694 3771 patefiat
716 3686 865 3752 brachium
885 3692 943 3751 Dei
963 3691 1181 3773 (les.53,1.).
1215 3692 1245 3755 di

105 3766 219 3828 diceret
229 3767 307 3825 Euan
332 3765 418 3825 elium
440 3766 565 3846 maligne
586 3780 616 3826 et
636 3789 770 3848 perverse
783 3771 944 3844 contemni,
964 3768 1032 3847 quia
1053 3771 1164 3833 audire
1183 3792 1244 3855 per-

103 3844 240 3903 tinaciter
259 3786 343 3902 multi
363 3855 513 3915 recusant,
545 3844 656 3904 valeret
685 3844 762 3904 sorte
784 3844 829 3905 bic
851 3844 934 3905 color
954 3845 991 3904 de
1012 3846 1180 3911 universali
1197 3868 1244 3909 se-

104 3919 232 3980 catione.
270 3920 375 3998 Neque
394 3939 465 3979 vero
486 3919 653 4000 Prophetae
673 3920 827 3981 eonsilium
848 3933 892 3981 est
912 3934 1072 3981 extenuare
1094 3922 1243 3987 homiaem

105 3994 232 4075 culpam,
252 3995 301 4055 ubi
321 3996 471 4056 coecitatis
491 3997 603 4056 fontem
625 4019 686 4057 esse
706 3998 805 4070 tradit,
825 3998 996 4077 quodlleus
1017 4018 1085 4059 non
1107 3999 1244 4085 dignetur

104 4073 161 4132 illis
181 4072 332 4133 brachium
351 4095 434 4132 suum
455 4075 635 4153 patefacere:
656 4087 769 4133 tantum
790 4074 938 4149 admonet,
959 4075 1024 4153 quia
1044 4074 1123 4137 fidei
1144 4082 1241 4159 sisign-

102 4146 166 4207 lare
192 4149 302 4208 dorium
328 4160 387 4223 est,
416 4161 536 4215 externa
561 4151 695 4210 doctrina
720 4172 803 4210 aures
830 4150 933 4210 lriistra
958 4150 1125 4213 verberari.
1167 4154 1243 4215 Scire

102 4236 201 4287 autem
221 4244 256 4285 ex
275 4224 446 4286 doctoribus
465 4226 527 4287 istis
540 4226 637 4299 velini,
655 4228 757 4288 solane
777 4228 956 4319 praedicatio
975 4226 1053 4288 filios
1066 4228 1129 4291 Dei
1151 4230 1242 4301 faciit,

19 4378 22 4385 Ι
102 4320 143 4363 an
160 4300 241 4364 fides.
279 4302 372 4366 Certe
389 4324 480 4386 quum
499 4302 607 4368 dicitur
626 4302 747 4369 loannis
765 4324 863 4385 pruno
884 4306 1029 4385 (nib),
1062 4305 1242 4389 Quicunque
