2700 4732
500 212 576 274 tte.
595 213 649 275 lV.
689 212 778 274 Cdl’.
796 210 862 272 XV;
1189 220 1248 284 m

110 361 142 419 iu
160 370 245 441 parte
269 357 467 433 vitium-illud
495 356 704 437 prodiderunt:
734 368 768 416 ut
797 376 870 437 pura
887 348 947 417 Dei
969 357 1154 429 institutione
1174 380 1251 433 rross¹

109 436 254 510 contenti,
273 456 349 494 nova
369 432 496 494 subsidia
517 454 533 492 a
552 454 584 492 se
603 433 679 512 ipsis·
691 435 817 493 conficta
837 433 1015 515 ingererent.
1055 435 1148 509 Quasi
1166 456 1253 499 vem·

109 512 274 592 Baptismus
293 511 355 590 ipse
376 532 437 582 uon
458 520 534 569 esset
554 510 753 587 poenitentiae
767 510 994 570 Sacramentum.
1011 524 1014 529 '
1034 511 1149 585 Quodsi
1169 512 1242 575 haec

110 588 141 647 in
164 601 254 647 totam
276 587 362 646 vitam
381 587 468 647 nobis
478 586 709 660 commendatur,
729 586 1050 666 visquoqutBaptismi
1070 588 1106 647 ad
1120 590 1240 650 eosdem

111 684 203 743 usquc
224 664 295 724 lines
315 664 431 722 extendi
443 662 541 721 debet.
583 663 684 736 Quare
698 684 752 722 nec
766 662 886 722 dubium
900 665 968 741 quin
990 664 1031 742 pii
1051 676 1153 724 omnes
1172 677 1239 728 toto

107 743 183 801 vitae
203 738 359 812 curriculo,
379 740 494 819 quoties
512 738 650 799 vitiorum
670 759 789 798 suorum
809 740 988 800 couscientia
1008 748 1158 815 serantur,
1176 750 1242 803 stt'se

109 816 145 876 ad
165 812 305 895 Baptismi
324 820 492 877 memoriam
519 835 659 875 revocare
679 816 819 887 audeant,
848 827 881 874 ut
906 824 937 875 'se
961 817 1032 875 inde
1063 817 1240 879 co'nfirm'e'nt

109 894 140 951 in
161 892 237 952 illius
258 892 360 952 unicae
378 914 417 953 ac
448 903 609 973 perpetuae
628 889 786 951 ablutionis
805 890 921 968 fiducia,
941 902 1027 971 quarta
1049 892 1253 954 h'ab'emus‘itt‘

110 969 221 1029 Christi
239 969 389 1049 sanguine.
887 968 913 986 ''
1009 978 1021 1013 ··'
1080 974 1092 991 ’“
1164 978 1167 985 “
1209 982 1212 987 ’

186 1054 214 1110 5
252 1044 386 1103 Alterum
414 1045 499 1105 etiam
525 1043 651 1103 lructum
672 1044 775 1119 allert,
810 1045 877 1123 quia
907 1044 1037 1115 nostram
1065 1047 1096 1105 in
1118 1046 1240 1108 Christo

110 1122 365 1180 mortificationem
380 1120 470 1181 nobis
492 1121 631 1192 ostendit,
651 1132 682 1178 et
693 1141 804 1180 »novam
824 1122 855 1179 iu
876 1140 913 1179 eo
927 1119 1023 1179 vitam.
1062 1120 1239 1202 „Siquidem

109 1202 178 1272 „(ut
198 1197 238 1255 ait
257 1196 417 1288 Apostolus
436 1196 520 1256 Rom.
533 1203 563 1271 6,
573 1205 600 1260 3.
613 1198 658 1286 d.)
676 1197 706 1255 in
727 1209 853 1256 mortem
879 1200 939 1257 eius
966 1197 1106 1279 baptizati
1130 1222 1239 1275 sumus,

109 1273 294 1353 „consepulti
313 1273 368 1352 ipsi
387 1273 416 1332 in
435 1285 573 1344 mortem,
592 1284 625 1332 ut
643 1294 674 1332 sn
695 1273 824 1332 novitate
836 1274 911 1351 vitae
930 1272 1141 1351 ambulemus.“
1161 1277 1242 1351 Qui·

110 1350 164 1408 hus
190 1349 284 1409 verbis
309 1370 370 1409 non
395 1348 429 1408 ad
455 1350 648 1408 imitationem
675 1350 735 1407 eius
761 1369 815 1409 nos
843 1348 937 1423 solum
969 1349 1147 1411 exhortatur*
1164 1353 1240 1429 (acsi

109 1426 236 1499 diecret,
260 1425 412 1485 admoneri
432 1446 485 1485 uos
506 1446 558 1504 per
577 1427 772 1504 Baptismum,
795 1436 836 1484 ut
853 1425 982 1503 quisdam
1004 1429 1107 1487 mortis
1121 1424 1241 1489 -ctnistt

108 1502 251 1581 exemplo,
272 1502 512 1580 concupiscentiis
532 1502 639 1560 nostris
657 1501 825 1575 moriamur,
847 1513 877 1559 et
893 1499 1026 1583 exemplo
1046 1506 1239 1566 resurrectio-

107 1578 163 1651 nis,
184 1590 215 1636 ut
227 1579 256 1635 in
269 1578 406 1636 iustitiam
417 1577 612 1653 suscitemur),
631 1576 681 1637 scd
702 1597 762 1635 rem
783 1576 873 1659 longe
893 1576 974 1636 altius
990 1580 1116 1656 repetit:-
1132 1576 1252 1660 nempe'

109 1655 188 1732 quod
215 1674 268 1732 per
287 1653 464 1731 Baptismum
490 1652 622 1713 Christus
652 1674 705 1713 nos
732 1655 834 1714 mortis
857 1672 926 1713 suae
947 1652 1051 1714 lecerit
1068 1656 1236 1737 participes,

108 1742 141 1787 ut
160 1731 190 1787 in
211 1749 274 1788 eam
293 1729 463 1788 inseremur.
503 1731 541 1788 Et
560 1729 803 1809 quemadmodum
824 1729 955 1789 surculus
975 1730 1239 1807 substantiamali·

107 1818 237 1863 mentum
262 1824 297 1863 ue
317 1806 396 1864 ducit
415 1826 431 1864 a
452 1806 559 1879 radice,
572 1808 619 1864 cui
636 1806 740 1865 insitus
755 1816 813 1864 est:
831 1804 931 1885 tuqui
943 1802 1122 1883 Baptismhrri
1135 1806 1238 1889 eatque

109 1881 225 1940 debent*
238 1827 294 1941 dte
313 1882 473 1961 accipiunt,
497 1899 569 1941 vere
589 1880 748 1941 efficaciam
773 1882 875 1941 mortis
897 1881 1011 1941 Christi
1032 1884 1254 1959 sentiuntqin·

108 1957 335 2016 mortificatione
361 1958 455 2019 carnis
479 1977 560 2018 suae:
588 1955 674 2018 simul
694 1958 780 2016 etiam
801 1958 1038 2033 resurrectionis,
1057 1959 1093 2018 iu·
1108 1960 1239 2021 vivifica&

109 2036 191 2092 tione
207 2034 340 2114 Spiritus.
371 2035 445 2092 Inde
466 2033 674 2095 exhortationis
693 2034 843 2093 materiam
865 2033 1003 2094 desumit:
1024 2034 1240 2114 quodsi·C·hri·

107 2110 192 2169 stiani
213 2130 320 2184 sumus,
340 2110 479 2170 debemus
498 2111 606 2171 mortui
626 2122 840 2200 essepeccato,
860 2122 889 2170 et
908 2110 1035 2170 iustitiae
1044 2111 1142 2171 vivere
1152 2111 1237 2204 (Col.

106 2194 137 2258 2,
157 2188 226 2264 12).
273 2187 340 2246 Hoc
361 2186 466 2246 eodem
485 2198 658 2267 argumento
677 2186 746 2246 alrbi
765 2186 881 2263 utitur,
894 2185 986 2259 Quod
1007 2188 1174 2248 circumcisi·
1188 2210 1238 2250 su-

107 2286 185 2334 mus,
211 2274 241 2321 et
265 2263 392 2322 exuimus
411 2275 543 2322 veterem
564 2262 726 2334 hominem,
758 2275 912 2399 postquam
933 2283 987 2343 per
1007 2256 1184 2343 baptismum
1197 2265 1254 2326 iu·

108 2340 227 2399 Christo
248 2337 355 2418 sepulti
371 2360 468 2400 sumus
486 2340 561 2417 (Tit.
571 2346 600 2413 3,
614 2340 667 2415 5.).
703 2339 742 2397 Et
773 2355 818 2401 ¹oc
837 2360 935 2415 seusu,
954 2358 990 2401 eo
1007 2352 1176 2418 quemaute
1190 2342 1255 2402 ci·-

106 2417 227 2476 tavimus
247 2415 327 2490 loco,
346 2417 462 2476 vocavit
480 2416 623 2476 lavacrum
644 2417 875 2497 regenerationis
895 2427 925 2476 et
943 2418 1149 2491 renovationis.
1164 2416 1256 2489 ,lu--

108 2513 165 2572 que
197 2492 321 2572 primum
357 2492 484 2575 gratuita
514 2502 700 2571 peccatorum
734 2492 893 2553 venia-'et
921 2492 1049 2555 iustitiae
1072 2495 1255 2574 'irttputatio''·-
1285 2504 1288 2509 '

106 2568 191 2630 nobis
211 2569 405 2647 promittitur,
429 2569 536 2630 deiude
555 2569 682 2649 Spiritus
700 2568 793 2631 sancti
812 2568 928 2652 gratia,
942 2589 1018 2650 quae
1037 2582 1093 2631 utta
1111 2570 1142 2630 in
1163 2571 1239 2632 vitae

105 2648 266 2707 novitatem
286 2645 437 2705 reformet.
901 2684 904 2689 -
928 2682 932 2689 ·
1001 2716 1004 2721 ,

182 2727 209 2784 6.
247 2721 403 2781 Postremo
423 2735 454 2782 et
473 2722 547 2782 banc
568 2743 584 2783 e
603 2722 927 2802 baptismoutilita'tem
947 2722 1019 2799 tides
1039 2736 1140 2784 nostra
1160 2723 1238 2784 aeui-

106 2800 164 2878 pit,
184 2796 263 2874 quod
283 2810 365 2856 certo
385 2798 471 2858 nohis
490 2799 676 2871 testificatur,
700 2818 761 2856 non
789 2800 879 2858 modo
903 2800 934 2857 in
955 2811 1086 2859 mortem·
1100 2810 1130 2857 et
1150 2801 1258 2858 vitam³

109 2873 219 2935 Christi
241 2892 293 2930 nos
309 2873 413 2935 insitos
434 2893 506 2947 esse,
524 2875 574 2933 sed
594 2875 635 2933 sic
655 2874 709 2952 ipsi
723 2873 843 2939 Christo
855 2875 964 2949 unitos,
984 2878 1016 2933 ut
1031 2875 1164 2945 omnium
1175 2878 1258 2947 eius·

107 2952 256 3010 bonorum
277 2948 432 3025 participes
452 2949 548 3009 sirnus.
592 2949 666 3009 Ideo
687 2951 765 3007 enim
783 2949 964 3028 Baptismum
985 2952 1014 3009 in
1035 2971 1088 3010 suo
1110 2964 1238 3029 corpore
1255 2966 1258 2973 '

107 3025 251 3086 dedicavit
270 3035 300 3082 et
318 3024 516 3100 sanctificavit,
536 3036 569 3085 ut
579 3044 763 3085 communem
784 3045 849 3085 eum
870 3026 1021 3087 nobiseum
1034 3024 1167 3101 baberet,
1183 3046 1258 3087 ceu·

106 3104 298 3163 firmissimum
318 3100 435 3161 unionis
456 3123 489 3161 ac
515 3104 676 3177 societatis,
706 3122 790 3180 quam
819 3102 971 3163 nobiscum
1000 3103 1075 3162 inire
1102 3103 1257 3185 diguatus·

108 3194 167 3254 est,
191 3177 357 3238 vinculum:
375 3179 420 3236 'ut
440 3177 545 3237 Paulus
564 3198 599 3236 es
614 3197 655 3237 eo
677 3178 789 3276 probet
801 3200 868 3238 -uos
887 3199 949 3240 csse
968 3179 1043 3238 filios
1063 3178 1136 3254 Dei,
1207 3179 1256 3240 ia·

109 3257 256 3317 Christum
278 3256 306 3314 in
318 3254 467 3334 Baptismo
487 3255 633 3315 induimus
642 3254 731 3333 (isal.
740 3260 771 3328 3,
779 3256 853 3330 ⁶22).
883 3255 937 3315 ·Ita
957 3255 1086 3315 videmus
1096 3255 1236 3334 Be'ptrsmi
1254 3264 1258 3300 ῗ

109 3333 352 3411 complementum
373 3333 402 3390 in
426 3331 545 3391 Christo
566 3351 643 3403 esse,
675 3350 762 3415 quem
783 3331 869 3389 etiam
890 3331 943 3391 hac
963 3334 1076 3391 ratione
1095 3332 1242 3392 vocamus

107 3411 259 3491 proprium
279 3409 419 3488 Baptismi
440 3407 597 3466 obiectum.
638 3407 767 3469 Proinde
791 3407 897 3466 mirum
918 3427 978 3466 uon
1000 3408 1059 3481 est,
1078 3408 1103 3468 si
1122 3408 1153 3466 iri
1170 3408 1256 3485 cius·-

108 3505 216 3547 nomen
238 3486 397 3564 baptizasse
416 3497 571 3543 narrantur
590 3482 736 3565 Apostoli,
756 3483 806 3562 qui
825 3494 924 3541 tamen
945 3484 974 3541 in
992 3483 1086 3542 Patris
1107 3503 1261 3565 qnoque,-

107 3577 137 3623 et
150 3561 275 3639 Spiritus
295 3582 402 3619 nomen
423 3560 568 3639 baptizare
579 3560 776 3621 iussi-[uersus
787 3561 868 3637 (Act.
880 3564 969 3632 8,16.
982 3564 1109 3631 et1935·
1130 3552 1248 3635 lllatths·

106 3639 236 3713 28,19.).
277 3635 424 3714 Quicquid
444 3638 521 3694 enim
542 3636 571 3696 in
591 3638 742 3717 Baptismo
782 3638 938 3715 reponitur
956 3636 1103 3695 donorum
1113 3628 1184 3710 Dei,
1204 3639 1250 3711 its·
1317 3640 1321 3645 '

109 3716 228 3777 Christo
241 3733 300 3772 uno
319 3714 473 3791 reperitur.
512 3715 616 3793 Neque
635 3726 732 3773 tamen
754 3657 816 3771 lieri
836 3724 943 3791 potest,
964 3712 1034 3792 quin
1044 3711 1139 3771 Patris
1150 3710 1260 3771 simut·
1321 3752 1324 3757 -

108 3807 138 3852 et
158 3790 283 3870 Spiritus
303 3808 412 3848 nomen
432 3789 565 3866 invocet,
586 3792 636 3870 qui
660 3791 692 3850 iu
712 3788 1023 3867 Christumhaptizat.
1063 3787 1136 3847 ldeo
1157 3789 1237 3848 eutha

108 3869 169 3927 eires
189 3865 332 3944 sauguine
349 3867 554 3941 emundemur,
586 3867 651 3946 q'uia
676 3867 839 3926 misericors
859 3866 946 3924 Pater
971 3885 1024 3924 uos
1044 3880 1101 3943 pro·
1119 3880 1169 3923 sua
1188 3864 1236 3923 itt-s

108 3941 296 4022 comparabili
309 3942 462 4001 clementia
482 3944 613 4022 recipere
630 3944 661 4002 in
680 3943 802 4023 gratiam
812 3941 927 4015 ¹voleus,
946 3940 1237 4003 mediatorem-huuc

108 4023 138 4079 in
158 4020 256 4078 medio
277 4020 391 4092 statuit,
416 4019 465 4097 qni
485 4019 571 4080 uobis
590 4020 723 4080 favorem
743 4018 819 4096 apu'd
833 4014 931 4097 'ipsum
952 4018 1100 4099 conciliet.
1128 4016 1236 4103 liege-

107 4098 294 4156 nerationem
311 4115 382 4153 vero
403 4095 441 4154 ita
461 4094 576 4155 demum
595 4097 631 4157 ab
649 4097 710 4155 eius
729 4092 876 4154 morte'et
895 4094 1114 4154 resurrectione
1129 4094 1262 4153 conseo-²

108 4175 238 4251 quimur,
269 4172 292 4230 si
320 4171 534 4250 perspiritum
557 4172 726 4234 sanctificati
751 4170 916 4230 imbuamur
939 4190 1015 4230 nova
1039 4166 1266 4249 et·spirituali3³

88 4260 219 4308 natura.
259 4248 461 4323 Quamobrem
486 4259 692 4311 nostrae-tum
715 4246 899 4330 purgationis
916 4250 980 4307 'tum
1003 4245 1264 4328 regeneretionisu·

109 4327 138 4384 iu
159 4325 247 4384 Patre
267 4346 396 4401 causam,
414 4325 445 4387 in
465 4325 542 4387 Filio
561 4326 724 4405 materiam,
739 4328 772 4388 in
792 4323 904 4404 Spiritu
922 4322 1062 4387 eflectum
1082 4318 1236 4401 consequi-

132 4423 224 4470 ossum
238 4425 398 4477 mousson.
999 4403 1037 4464 2⁴
1230 4431 1232 4434 ’
