2596 4726
134 210 193 274 tte
553 208 629 269 tto.
647 206 673 271 1.
713 205 802 271 CAP.
820 208 886 269 XV.
971 236 978 249 ·

135 351 231 442 anima
251 368 314 412 esse
333 350 453 413 dubium
472 372 541 445 non·
554 364 613 445 est..
644 352 714 412 Non
734 352 849 443 indicio!=
866 349 1003 442 quidem,
1027 360 1178 411 externam
1196 368 1269 444 ppe-

135 448 221 563 {tt
241 440 457 566 lliiiiaii‘
472 426 1270 567 2¹:2²:tlt:tilitatl'tsl'tltl'2t²'²,‘s⁸tt¹:!

135 581 193 641 seri
211 526 354 643 dllitpsub
374 525 501 665 imagine
520 582 590 658 Dei,
611 581 691 662 qnod
711 601 800 659 quum
821 602 913 660 prona
932 547 1068 659 spectelrt
1109 525 1129 584 q

187 718 194 729 ι
251 723 491 734 —---—----——
510 688 655 749 Animalia
673 701 786 765 caetera
807 701 924 763 terram,

251 765 294 827 Os
314 766 426 827 homini
444 766 568 827 sublime
588 767 685 825 datum
707 777 766 835 cst,
791 766 963 846 coelumque
983 765 1083 825 videre

248 843 356 918 Iussus,
376 855 407 902 et
423 855 538 903 erectos
557 843 592 901 ad
612 843 706 903 sidera
726 841 831 902 tollere
852 842 946 903 vultus
965 842 1265 923 (Orid.ll1etam.1.).

134 953 227 1017 blodo
260 953 346 1013 fixum
382 950 454 1011 illud
482 926 613 1027 mansit,
643 951 797 1032 imaginem
828 951 901 1027 Dei,
933 970 1006 1032 quae
1037 952 1066 1011 in
1093 954 1135 1013 his
1166 967 1265 1015 extera

135 1033 181 1093 nis
202 1031 281 1090 notis
296 1029 475 1110 conspicitur
492 1029 539 1090 vel
559 1029 675 1103 emieat,
700 1028 878 1107 spiritualem
907 1048 978 1088 esse.
1019 1027 1163 1089 Osiander
1183 1032 1263 1091 enim

134 1110 238 1244 gquem
271 1106 376 1185 scripta
418 1105 481 1166 eius
515 1117 658 1164 testantur
691 1104 721 1163 in
757 1102 888 1163 sutilibus
923 1107 1095 1165 commentis
1125 1126 1264 1185 perverse

149 1186 224 1243 uisse
259 1180 466 1261 ingeniosum)
510 1182 665 1262 imaginem
696 1178 756 1239 Dei
787 1182 951 1258 promiscue
986 1193 1045 1240 tam
1082 1182 1117 1241 ad
1153 1200 1263 1274 eorpus

133 1282 221 1396 guam
258 1260 294 1318 ad
333 1257 456 1316 animam
491 1258 664 1331 extendens,
707 1256 821 1316 coelum
860 1269 955 1315 terrae
994 1257 1105 1317 miscet.
1178 1260 1265 1319 Dicit

161 1347 275 1406 atrenr,
304 1333 411 1393 Filium
441 1345 471 1392 ct
501 1333 640 1412 Spiritum
671 1344 802 1392 sanctum
834 1332 864 1391 in
900 1332 1018 1392 homine
1050 1333 1148 1393 locare
1177 1357 1261 1396 suam

133 1412 305 1493 imaginem:
337 1410 403 1487 quia
423 1421 570 1487 utcunque
589 1410 715 1467 stetisset
733 1409 826 1467 Adam
848 1409 975 1490 integer,
1008 1409 1140 1469 Christus
1161 1423 1261 1472 tamen

133 1488 247 1547 futurus
270 1486 357 1545 suerit
376 1486 476 1546 bomo.
514 1486 559 1545 lta
577 1484 736 1545 secundum
757 1505 833 1559 errrn,
857 1505 963 1564 corpus
983 1486 1062 1564 quod
1083 1486 1262 1547 destinatum

134 1576 198 1625 erat
217 1562 347 1636 Christo,
371 1561 517 1641 exemplar
540 1582 574 1621 ac
594 1573 678 1641 typus
698 1560 753 1620 luit
772 1581 933 1640 corporeae
953 1560 1026 1621 illius
1047 1562 1166 1642 figurae,
1186 1584 1263 1654 qnae

133 1653 205 1702 tunc
225 1638 347 1698 t'ornrata
368 1638 433 1697 tuit:
469 1638 529 1697 Sed
549 1637 599 1696 ubi
619 1638 747 1715 reperiet
771 1637 919 1697 Christum
950 1637 1076 1717 Spiritus
1102 1659 1165 1699 esse
1188 1662 1264 1699 nna·

132 1714 251 1799 ginem?
270 1716 379 1774 Fateor
397 1727 476 1774 certe
495 1715 526 1772 in
546 1713 714 1772 hlediatoris
734 1733 857 1791 persona
884 1715 981 1773 lucere
1007 1715 1096 1773 totius
1122 1716 1263 1778 divinita·

132 1797 171 1854 tis
190 1790 328 1873 gloriam:
348 1792 399 1851 sed
419 1789 569 1870 quomodo
590 1790 695 1849 Sermo
707 1802 841 1850 aeternus
852 1790 1003 1849 vorabitur
1014 1790 1139 1882 Spiritus
1152 1793 1265 1886 imago,

133 1889 219 1950 quern
240 1867 344 1927 ordine
364 1868 530 1948 praecedit?
563 1867 699 1945 Denique
723 1868 863 1926 evertitur
887 1867 964 1925 iuter
988 1867 1093 1927 Filium
1114 1881 1144 1926 et
1163 1868 1263 1949 Spari-

131 1959 194 2006 tum
216 1945 379 2019 distinctio,
399 1944 421 2003 si
443 1944 489 2004 hic
509 1944 589 2002 illurn
610 1942 743 2001 nominet
760 1965 839 2002 suam
861 1942 1024 2022 imaginem.
1053 1943 1262 2008 Adhacescire

132 2042 167 2082 ex
187 2043 223 2081 eo
244 2021 340 2093 velim,
360 2021 510 2101 quomodo
532 2020 663 2079 Christus
684 2019 714 2077 in
742 2040 828 2079 earne
862 2040 947 2097 quarn
976 2020 1087 2092 induit,
1117 2021 1263 2099 Spiritum

131 2110 262 2159 nanctum
284 2098 401 2169 reserat,
422 2109 453 2156 et
471 2097 574 2175 quibus
595 2095 671 2155 notis
690 2093 736 2154 rel
762 2096 941 2154 lineamentis
969 2096 1110 2175 exprimat
1134 2099 1195 2159 eius
1221 2099 1265 2173 si·

21 2216 23 2221 ·
129 2174 333 2236 militudinem.
383 2173 422 2231 Et
441 2195 529 2251 quum
550 2172 616 2261 Filii
635 2192 754 2260 qnoque
775 2192 920 2261 personae
941 2170 1125 2263 sermoille,
1156 2172 1262 2236 Facia-

130 2272 194 2311 mus
215 2250 363 2310 hominem
384 2262 450 2323 etc,
469 2268 630 2307 communis
649 2259 696 2321 sit,
718 2268 783 2305 eum
803 2271 846 2306 sur
867 2248 955 2325 ipsius
979 2249 1134 2329 imaginem
1159 2252 1261 2330 requi-

128 2338 180 2386 tur
199 2347 273 2386 esse:
295 2326 374 2405 quod
394 2324 430 2384 ab
451 2326 532 2383 omni
550 2325 666 2383 ratione
686 2323 833 2383 abhorret.
872 2324 956 2381 Adde
983 2326 1063 2403 quod
1083 2328 1202 2389 nunniti
1221 2328 1260 2389 ad

130 2402 241 2464 Christi
263 2402 388 2463 bominis
400 2414 501 2481 typum
520 2400 564 2459 vel
586 2398 732 2479 exemplar
751 2400 890 2459 formatus
912 2399 966 2459 luit
986 2402 1086 2475 horno,
1105 2404 1130 2461 si
1148 2404 1260 2485 recipi·

128 2490 178 2539 tur
199 2478 335 2539 Osiandri
354 2481 524 2560 figmentum
543 2478 590 2553 *):
621 2488 707 2556 atque
738 2478 776 2536 ita
806 2476 880 2549 idea,
912 2496 946 2534 ex
966 2499 1022 2557 qua
1050 2492 1181 2558 sumptus
1213 2492 1268 2543 est.

128 2557 238 2628 Adam,
257 2556 312 2612 suit
333 2558 480 2628 Christus,
501 2567 642 2632 quatenus
661 2553 827 2613 vestiendus
847 2573 934 2611 carue
959 2567 1036 2613 erat:
1062 2575 1151 2633 quuna
1176 2556 1258 2619 Scri·

151 2644 214 2692 tura
244 2632 332 2710 longe
353 2633 409 2691 alio
429 2651 513 2691 sensu
535 2631 654 2704 doceat,
674 2651 739 2689 eum
760 2630 790 2688 in
811 2629 937 2709 imagine
956 2632 1014 2691 nei
1033 2643 1164 2692 creatum
1184 2654 1256 2695 esre.

128 2654 197 2769 ltus
218 2709 326 2768 coloris
347 2709 434 2767 habet
454 2729 554 2767 eorum
582 2709 707 2784 argutia,
740 2708 790 2786 qni
816 2720 974 2785 exponunt,
1005 2704 1097 2766 ddarn
1128 2721 1257 2771 creatum

129 2786 216 2845 luisse
235 2786 265 2843 in
286 2786 410 2866 imagine
428 2784 497 2856 Dei,
517 2785 582 2863 quia
604 2785 733 2857 Christo,
754 2785 802 2861 qui
824 2784 906 2841 unica
920 2784 978 2842 Dei
998 2784 1094 2864 imago
1115 2796 1169 2857 est,
1191 2786 1256 2847 lue·

128 2863 167 2923 rit
186 2862 360 2921 conformis:
391 2863 441 2929 secl
472 2862 501 2919 in
533 2881 565 2920 ea
593 2882 709 2939 qnoque
738 2859 808 2919 nihil
829 2871 872 2918 est
890 2858 1025 2919 solidum.
1083 2860 1254 2940 Disputatio

127 2939 213 2999 etiam
235 2960 294 2997 non
316 2959 402 3017 parra
423 2949 466 2998 est
486 2938 522 2996 de
542 2938 667 3019 imagine
693 2948 722 2996 et
749 2935 947 3011 similitudine,
980 2938 1048 2995 dum
1078 2937 1256 3017 interpretes

128 3016 334 3087 disserentium,
355 3036 429 3093 quae
450 3014 527 3074 nulla
549 3027 601 3087 est,
621 3015 697 3072 inter
721 3013 790 3071 duas
815 3014 880 3071 istas
905 3034 991 3072 voces
1011 3024 1169 3093 quaerunt:
1198 3015 1273 3077 nisi*

127 3093 206 3171 quod
226 3092 384 3150 similitudo
404 3091 466 3149 vice
487 3090 674 3170 expositionis
694 3089 799 3149 addita·
822 3100 873 3149 est.
924 3089 1022 3148 Primo
1054 3090 1159 3151 scimus
1190 3093 1255 3152 tte-

128 3169 221 3228 braeir
237 3168 317 3226 tritas
330 3187 391 3227 esse
404 3168 604 3245 repetitiones,
615 3165 721 3246 quibus
733 3186 793 3224 rem
809 3186 894 3224 uuam
913 3165 955 3224 bis
968 3166 1125 3245 explicant:
1146 3166 1258 3229 deinde·¹

126 3244 156 3305 in
177 3244 288 3321 reipsa
309 3242 388 3302 nulla
409 3255 452 3303 est
470 3243 651 3320 ambiguitas,
672 3242 743 3376 guin
762 3241 821 3300 Dei
845 3242 943 3322 imago
964 3243 1132 3304 nominetur
1151 3242 1253 3319 homo,

126 3321 195 3400 quia
213 3319 280 3378 Deo
297 3319 398 3378 similis
418 3333 471 3378 est.
532 3319 618 3377 Unde
649 3320 682 3376 rit
695 3317 787 3377 iculos
807 3337 868 3377 esse
894 3340 928 3396 ap
952 3330 1030 3391 aret,
1050 3319 1099 3397 qui
1119 3319 1253 3382 subtilius

124 3395 371 3476 philosophantur
390 3395 420 3454 in
441 3395 608 3456 nominibus
627 3394 693 3463 illis,
712 3396 772 3454 sive
792 3394 901 3469 Zelem,
932 3340 986 3454 lloc
1007 3406 1060 3465 est,
1084 3395 1253 3475 imaginem,

124 3482 254 3533 statuant
272 3472 302 3530 in
321 3471 481 3531 substantia
493 3473 613 3544 animae,
633 3482 663 3529 et
674 3469 814 3542 Deurutb,
835 3470 890 3529 hoc
913 3483 956 3531 est
974 3471 1202 3546 similitudinem,
1220 3475 1252 3535 in

125 3547 320 3628 qualitatibus,
339 3548 397 3608 sive
418 3548 497 3607 aliud
516 3550 660 3608 diversum
678 3546 812 3605 aflerant.
842 3545 919 3619 Quia
940 3547 1082 3607 ubiDeua
1101 3546 1252 3611 bominem

124 3645 224 3685 creare
243 3622 371 3684 decrevit
391 3623 421 3684 in
443 3625 568 3704 imagine
587 3644 648 3696 sua,
693 3623 751 3682 nod
773 3635 834 3681 erat
854 3622 1015 3696 obscurius,
1035 3624 1184 3704 exegetice
1204 3646 1252 3685 re·

147 3702 201 3762 etit
226 3701 277 3760 hac
296 3700 454 3791 particula,
490 3700 533 3758 nd
552 3643 777 3759 sindlitmlirrem:
810 3698 888 3777 quasi
913 3700 1023 3759 diceret
1045 3718 1077 3757 se
1101 3698 1250 3763 hominem

124 3724 278 3851 lecturum,
298 3797 327 3835 rn
349 3797 408 3868 quo
426 3796 457 3835 se
472 3776 564 3854 ipsum
575 3776 655 3834 velut
674 3778 703 3835 in
724 3775 849 3909 imagine
869 3788 1108 3855 repraesentaret,
1128 3790 1252 3859 propter

123 3855 281 3935 insculptas
299 3853 493 3914 similitudinis
512 3867 605 3912 notas.
636 3854 740 3932 ltaque
759 3852 777 3909 t
793 3872 856 3912 oses
876 3851 963 3933 paulo
990 3864 1058 3933 post
1076 3853 1154 3912 idem
1174 3854 1249 3915 reci-

118 4028 124 4037 ·
138 4030 201 4038 -.--.
219 4028 260 4037 ι..-
277 4010 1249 4041 -.m—⁴

190 4116 218 4182 l)
253 4114 295 4166 De
322 4111 445 4166 Osiandri
469 4113 716 4192 nugamentoffcli·
735 4112 816 4165 tm
834 4131 856 4169 c.
874 4112 913 4165 12.
940 4131 959 4162 s.
977 4112 1001 4164 5.
1017 4130 1056 4191 sq.
1086 4112 1164 4175 Ilum.
1181 4115 1248 4177 8,ss

122 4182 217 4235 dieitur
235 4182 349 4235 Christus
367 4202 381 4232 a
400 4180 476 4232 Patre
492 4179 580 4231 missus
597 4180 624 4231 in
640 4179 808 4232 armilatudinc
830 4181 912 4233 carnis
935 4179 1094 4247 peccatricis:
1118 4202 1247 4235 nuatrram

120 4248 352 4372 dullidhuilmm
368 4251 402 4303 ad
417 4247 614 4303 similitudinem
629 4246 713 4301 earnis
731 4245 827 4301 Christi
836 4249 950 4301 futurae:
968 4247 1014 4301 etsi
1024 4246 1062 4301 aie
1071 4204 1246 4303 alieubil'l'cr·
