2700 4732
312 244 318 251 -
369 205 523 269 ιιιιιι.
564 170 734 270 car.x.'
948 254 987 293 Ι.
1055 210 1117 279 aa
1161 242 1164 247 -

83 348 141 413 doe
158 348 308 443 intelligo,
327 350 408 432 qnod
427 351 478 432 qui
496 349 616 413 sordida
633 361 715 413 reste
725 314 1040 489 erubescetpretlssa
1048 350 1118 435 gls-
1152 394 1157 405 .

83 450 120 520 ιιι
137 448 190 509 qua
205 427 292 520 tenui
310 426 434 491 coenula
452 448 514 490 non
535 439 710 521 contentps,
739 428 883 520 landonis·
950 428 1046 491 'derio
1069 430 1116 491 in·

83 502 181 596 batur,
202 516 441 597 antemperanter
460 525 580 585 quoque
599 503 719 599 lantptpis
736 504 795 566 allas
813 502 969 597 abnsttnr,
995 505 1024 575 ai
1044 524 1118 567 son*

83 578 780 749 ιι.ιιιιιιιιιιι
798 578 1119 751 rietatem
1156 668 1160 675 ·

83 734 150 825 ebrt.
187 734 353 826 Ηιιχιιςιιο
367 734 549 796 contendant
569 754 682 828 ornnes,
701 734 806 815 quibus
825 754 888 827 non
906 734 1007 827 ictum
1022 746 1118 829 pieta*

82 809 1149 980 tenpestateaatterentetentem·

87 975 120 1024 et
138 975 254 1056 tertiam
273 964 420 1057 regulam,
450 986 505 1044 qua
525 984 623 1024 rerum
643 977 833 1056 terrenarum·
847 986 932 1056 nsum
950 962 1117 1027 modificat:

83 1040 583 1193 ilidssi'idlllirrii‘tdlffl
599 1051 1120 1208 titt‘tltttt'lttt‘ttt't

83 1194 223 1286 amodum
240 1205 374 1285 nostrum
394 1194 566 1285 destinatas,
594 1205 634 1284 ut·
655 1205 716 1254 sant
738 1190 818 1254 velut
837 1192 970 1274 deposita
989 1210 1117 1275 quornm
1176 1214 1179 1221 ·

83 1270 134 1331 uda
152 1281 191 1329 ut
208 1268 279 1331 olam
299 1281 385 1330 ratio.
433 1271 485 1330 Sic
505 1289 538 1343 ep
560 1291 578 1330 o
604 1270 774 1350 dispensare
800 1280 932 1351 oportet,
951 1280 985 1331 ut
1002 1270 1118 1337 assidue

83 1368 104 1407 ιι
116 1345 223 1408 nostris
232 1348 352 1408 insonet
363 1366 417 1406 vox
428 1346 494 1407 illa:
515 1289 638 1425 „bedam
651 1346 797 1436 rationem
815 1346 1001 1408 villicationis
1018 1352 1117 1409 tnae.“

99 1434 234 1482 occurrat
252 1444 267 1482 a
288 1443 348 1502 quo
370 1422 512 1482 eiusmodi
532 1412 606 1483 ratio
627 1433 774 1505 exigatur,
808 1442 915 1503 nempe
940 1422 979 1484 ab
1003 1442 1046 1489 ea
1065 1422 1118 1507 qni

83 1499 260 1573 tinentiam,
292 1498 501 1573 sobrictatem,
529 1496 742 1581 frugalitatem,
767 1500 942 1560 modestiam
959 1510 1138 1595 tantopere,

83 1575 214 1650 endavit,
234 1575 341 1651 luxum,
360 1575 537 1667 superbiam,
559 1574 797 1650 ostentationem,
814 1575 972 1636 vanitatem
989 1576 1119 1659 densque

83 1662 165 1712 atur:
195 1652 242 1713 cui
274 1673 335 1713 non
366 1653 420 1713 alra
447 1652 595 1713 bonorum
615 1650 794 1732 dispensatio
813 1651 1005 1732 approbatur,
1028 1662 1118 1733 quant

83 1731 129 1788 sit·
152 1750 217 1789 cum
245 1730 365 1789 caritate
395 1729 567 1790 coniuncta:
599 1729 650 1808 qni
674 1727 792 1789 delicias
817 1728 979 1808 quaslibet,
1006 1748 1119 1810 quasa

83 1815 118 1865 ite
136 1826 170 1865 ac
189 1806 315 1885 puritate
335 1805 460 1866 bominis
480 1806 607 1865 animum
626 1802 814 1880 abstrabunt,
832 1803 879 1864 vel
898 1805 1118 1867 mentem'csli·

83 1879 226 1957 aebetant,
245 1902 297 1941 ore
317 1903 371 1943 suo
392 1882 447 1940 iam
469 1881 684 1941 condemnarit.
1088 1894 1092 1901 ’

83 2001 90 2016 .
129 1958 284 2020 Postremo
304 1970 349 2018 est
371 1957 441 2017 illud
467 1956 599 2018 notabile
644 1954 724 2038 quod
750 1955 895 2018 Dominus
919 1976 1116 2039 nnn-qnem-

83 2044 196 2128 pstrum
216 2035 246 2123 in
267 2035 379 2125 eunctis
397 2037 473 2094 vitae
492 1998 674 2125 actionibus,
701 2033 734 2124 jn
759 2052 839 2093 suam
856 2030 1050 2096 -vota'tionena
1069 2036 1130 2095 in·

83 2110 400 2278 &ralaxant
417 2107 1118 2278 reticetettttnteettette:

83 2275 128 2335 ut,
156 2263 192 2323 ad
212 2284 258 2323 res
279 2264 404 2324 detersas
424 2263 508 2326 simul
527 2261 745 2342 amplexandas,
774 2282 836 2323 etna
855 2262 987 2324 ambitio.
1023 2262 1119 2346 Ergo,
1185 2286 1188 2291 ·

83 2338 164 2399 iltitia
183 2354 214 2398 et
231 2342 396 2400 temeritate
423 2352 522 2401 nostra
547 2339 644 2399 omnia
668 2359 781 2401 ιιιιιιι
801 2337 937 2399 deorsum
957 2340 1125 2407 misceam,
1192 2353 1198 2363 ‘

83 2416 221 2506 distinctis
246 2417 320 2477 vitae
339 2416 495 2552 zeneribus
520 2437 571 2478 sua
597 2416 703 2508 cuique
733 2414 830 2475 officia
861 2414 1015 2477 ordinarit.
1070 2416 1119 2479 Ae

83 2515 109 2552 ιι
130 2505 239 2551 temere
259 2514 326 2553 suos
367 2513 418 2553 nes
438 2493 612 2566 transiliret,
633 2490 777 2553 eiusmodi
796 2490 912 2552 vivendi
935 2512 1045 2575 genera
1067 2514 1118 2554 w·

83 2591 112 2629 ss
130 2568 293 2647 appellavit.
344 2570 435 2628 Suum
464 2590 535 2650 ergo
559 2567 680 2649 singulis
703 2568 818 2628 vivendi
844 2587 938 2651 genus
962 2581 1008 2630 est
1033 2572 1116 2650 qnasi

97 2645 262 2706 altemino
283 2646 432 2720 attributa,
453 2667 489 2704 ne
511 2658 622 2706 temere
640 2656 707 2705 toto
726 2644 802 2704 vitae
820 2645 1118 2728 cursucircunagan·
1215 2650 1219 2655 '

83 2721 169 2781 Adeo
189 2733 285 2781 autern
307 2722 464 2782 necessaria
485 2733 529 2781 est
548 2723 600 2782 ista
621 2720 787 2794 distinctio,
810 2732 844 2779 ut
863 2721 994 2782 actiones
1013 2742 1117 2784 omnes

83 2818 106 2857 re
125 2798 194 2856 inde
215 2820 312 2857 coram
330 2800 394 2878 ipso
415 2799 614 2872 aestimentur,
633 2818 666 2857 ac
685 2814 772 2877 saepe
791 2797 911 2932 puidem
932 2796 1021 2881 longe
1031 2798 1118 2858 aliter

93 2894 149 2954 pro
170 2873 310 2934 humanae
330 2896 363 2934 ac
403 2874 600 2954 hilosopbicae
620 2872 740 2933 rationis
759 2874 788 2931 iu
811 2872 878 2932 icio.
915 2871 1036 2934 Nullum
1055 2894 1118 2935 ma·
1171 2904 1174 2909 ·

83 2949 229 3010 ¹aeelarurn
251 2951 361 3010 lacinus
382 2897 627 3030 babetur,·etiam
640 2947 722 3028 apud
742 2949 959 3040 philosophus,
977 2969 1063 3030 quam
1082 2949 1118 3010 li-

83 3047 93 3086 ι
112 3028 267 3108 tyrannide
288 3028 421 3107 patriam:
442 3028 522 3106 atqui
542 3046 614 3086 voce
631 3023 765 3087 eoelestis
773 3024 874 3086 arbitrr
886 3036 988 3105 aperte
997 3025 1117 3093 damna·

87 3107 115 3162 ui
134 3105 258 3183 privatus
280 3125 394 3163 menum
415 3117 541 3182 tyranno
561 3102 701 3162 intulerit.
740 3102 850 3162 Verum
870 3103 942 3163 nolo
962 3103 994 3162 iu
1012 3122 1119 3165 necn-

83 3222 85 3234 .
104 3181 241 3258 exemplis
260 3176 423 3240 imniorari:
455 3179 522 3239 satis
547 3190 591 3238 est
608 3179 632 3240 si
652 3180 830 3251 noverimus,
849 3178 1033 3239 vocationem
1053 3180 1119 3241 llo-

83 3277 141 3317 esse
162 3257 190 3314 in
213 3259 292 3316 omni
319 3277 350 3315 re
376 3257 452 3316 bene
478 3255 584 3337 agendi
615 3255 790 3335 principium
816 3276 850 3315 ac
881 3255 1117 3317 fundamentum:
1142 3290 1145 3297 ·

85 3354 129 3393 am
151 3333 200 3411 qui
219 3354 249 3392 se
271 3354 330 3392 non
351 3334 475 3403 reseret,
506 3352 655 3411 nunqnam
674 3344 784 3392 rectam
804 3333 833 3391 iu
855 3324 962 3393 officiii
976 3330 1054 3394 viam
1073 3344 1119 3394 te·

128 3409 245 3468 Poterit
276 3410 354 3469 sorte
379 3410 524 3467 interdum
549 3407 682 3467 nonnihil
702 3407 733 3467 in
753 3408 880 3487 speciem
900 3407 1046 3469 laudabile
1065 3408 1119 3471 de-

83 3507 116 3545 e:
149 3484 200 3545 sed
225 3485 296 3545 illud
321 3485 523 3565 qualecunque
546 3485 585 3544 sit
603 3485 633 3542 in
657 3496 817 3576 conspectu
843 3485 1010 3559 bominum,
1039 3487 1117 3567 apud

83 3564 210 3622 ¹litonum
237 3574 404 3641 respuetur:
436 3561 542 3621 deinde
567 3565 596 3619 in
623 3561 690 3640 ipsis
715 3572 792 3619 vitae
812 3560 942 3652 partibas
962 3560 1041 3622 nulla
1060 3563 1119 3623 erit
1210 3568 1215 3591 '

83 3642 162 3698 stria.
214 3639 342 3697 Proinde
369 3651 430 3698 tum
455 3639 567 3718 optime
591 3637 753 3716 composita
778 3649 834 3696 ent
858 3649 907 3696 tua
927 3637 996 3711 vita,
1027 3657 1118 3717 quum

86 3737 123 3774 nc
142 3737 262 3794 scopum
284 3716 440 3807 dirigetur:
467 3715 533 3794 quia
558 3733 614 3773 nec
638 3711 789 3792 quisquam
808 3712 927 3792 propria
952 3712 1120 3776 temeritate
1166 3730 1171 3745 ¹

83 3814 142 3866 sus,
164 3792 227 3882 plus
247 3792 374 3851 tentabit
393 3813 477 3870 quarn
498 3791 573 3848 lerat
592 3811 642 3850 sua
661 3790 790 3849 vocatio:
816 3788 883 3880 quia
902 3789 975 3849 sciet
994 3788 1036 3849 fas
1054 3809 1119 3851 ιιι
1179 3810 1182 3815 ·

83 3868 229 3929 transilire
248 3888 311 3927 suas
333 3880 430 3927 metas.
470 3866 532 3941 Qui
556 3865 771 3938 obscurnserit,
787 3877 928 3944 privatam
947 3865 1035 3927 vitam
1054 3886 1118 3927 non
1173 3884 1199 3913 '-

96 3945 187 4019 colet,
209 3964 246 4001 ne
266 3946 385 4024 gradum
407 3945 435 4002 in
478 3964 516 4002 uo
538 3943 672 4002 divinitus
692 3940 803 4002 locatus
819 3939 874 4001 erit
886 3940 1010 4002 deserat
1040 3940 1121 4003 Ilur-

83 4021 221 4080 laeserit
246 4023 334 4095 curis,
365 3965 530 4090 laboribus,
559 4018 715 4091 molestiis,
748 4017 868 4098 aliisque
892 4017 1033 4078 oneribus
1055 4037 1120 4080 non

94 4098 220 4168 levatio,
253 4097 320 4154 dum
345 4099 466 4176 quisque
493 4097 565 4154 sciet
589 4095 685 4154 Deum
710 4095 741 4154 in
763 4094 804 4153 his
824 4093 961 4154 omnibns
979 4094 1036 4155 sibi
1055 4098 1154 4169 esan*

83 4197 101 4233 ι.
150 4174 303 4233 Libentius
322 4175 504 4254 magistratus
524 4184 620 4252 partes
639 4190 705 4231 suas
724 4169 832 4231 obibit:
862 4169 1068 4250 paterfamilias
1086 4190 1119 4233 se

83 4250 175 4312 icium
195 4251 351 4332 astringet:
373 4251 494 4328 quisque
514 4251 545 4308 in
564 4268 617 4309 suo
634 4249 709 4309 vitae
722 4265 832 4329 genere
843 4246 1040 4323 incommoda,
1058 4246 1120 4311 s'ol·
