2700 4732
538 222 618 286 ΠΒ.
638 224 663 285 l.
702 224 792 287 CA‘P.
811 224 876 286 XV.
1213 227 1272 295 tta

129 386 263 451 tanquam
283 366 552 451 nobisdel'utprnm
572 379 626 439 est,
644 369 740 447 quoad
760 368 859 429 salutis
879 378 998 428 nostrae
1016 368 1134 430 reseret.
1171 372 1269 433 Deni-

130 466 190 527 que
215 458 250 507 ut
274 446 368 505 semel
393 446 507 518 liniam,
539 444 654 523 quoties
672 446 770 504 ileum
801 449 985 505 nominamus
1017 447 1092 505 coeli
1117 459 1146 507 et
1170 460 1269 509 terrac

131 536 314 594 creatorem,
344 522 431 581 'simul
456 523 485 579 in
510 533 638 580 mentem
664 522 751 580 nobis
770 521 882 595 ueniat,
902 542 1003 580 corum
1025 524 1172 599 omnium,
1192 546 1266 604 quae

130 600 277 669 condidit,
297 600 343 657 dis
366 601 548 657 cusationem
568 597 598 655 in
618 618 703 656 manu
717 618 750 655 ac
771 609 915 677 potestate
937 599 1022 676 ipsius
1036 594 1107 669 esic,
1127 623 1264 661 noscero

133 692 195 735 esse
215 676 305 755 ipsius
326 622 419 745 lilios,
439 696 513 753 quos
532 672 653 732 alendos
673 684 704 731 et
722 674 889 733 educamlos
910 674 939 731 in
959 695 1039 731 suam
1061 674 1146 734 lidern
1166 690 1265 737 custo·

131 752 270 831 &mque
288 752 449 830 receperit:
483 762 516 809 ut
535 748 681 809 bonorum
707 750 837 808 omnium
862 772 999 809 stammam
1021 750 1056 807 ab
1078 770 1114 810 co
1135 773 1194 811 uno
1216 774 1264 813 ex·

131 840 309 907 spectemus,
328 848 361 886 ac
381 839 633 916 certonsperernus
653 824 734 883 illuni
755 847 902 903 nonquam
924 848 1081 903 passurum,
1102 849 1156 887 nos
1176 830 1263 891 rebus

131 904 171 963 ad
190 904 311 995 salptem
331 923 502 961 necessarus
522 900 670 981 indigere,
702 921 740 959 ue
763 900 880 961 aliunde
904 923 969 981 spes
996 914 1095 962 nostra
1122 905 1262 982 pendeat:

129 990 167 1039 nt
185 978 326 1059 quiequid
344 978 552 1049 derideremur,
570 979 606 1036 ad
627 998 693 1035 enm
713 989 780 1037 vota
800 990 898 1037 nostra
919 979 1086 1056 respiciant:
1108 980 1263 1040 cuiuscun-

130 1076 193 1135 que
220 1056 266 1115 rei
293 1054 422 1113 fructum
451 1054 642 1133 percipimus,
674 1054 734 1113 eius
765 1074 826 1113 esse
859 1054 1032 1113 beneficium
1062 1076 1263 1135 agnoscamus,

128 1142 164 1191 et
182 1152 247 1191 cnm
266 1132 427 1213 gratiarum
448 1132 565 1190 actione
586 1130 790 1209 profiteamur:
822 1142 855 1188 ut
880 1142 959 1189 tauta
986 1130 1124 1190 bonitatis
1153 1154 1186 1192 ac
1208 1133 1261 1193 be-

128 1206 306 1269 neficentiae
325 1210 468 1267 suavitate
492 1207 599 1283 illecti,
628 1207 724 1286 ipsum
750 1218 815 1269 toto
840 1217 960 1287 pectore
984 1227 1082 1267 amare
1108 1220 1138 1268 et
1160 1209 1262 1271 coiere

125 1284 308 1345 studeamus.

500 1572 755 1645 CAPUT
805 1574 882 1646 XV.

129 1764 262 1843 Qualis
287 1762 395 1825 lromo
418 1766 468 1825 sit
493 1778 655 1827 creatus:
688 1766 747 1827 ubi
773 1766 817 1826 de
841 1765 975 1827 animae
1001 1765 1258 1842 sacrrltatibns,

164 1858 208 1919 de
225 1858 394 1940 imagine
412 1858 496 1933 Dei,
527 1857 646 1918 libero
668 1858 843 1932 arbitrio,
876 1871 913 1917 et
932 1859 1044 1938 prima
1065 1872 1219 1921 naturae

474 1952 697 2033 integritate
717 1952 920 2013 disseritur.

195 2126 285 2181 Partes
311 2128 388 2181 baius
406 2128 514 2199 Capitis:
541 2128 572 2197 1)
589 2128 618 2180 ln
643 2130 690 2179 linc
714 2127 888 2197 disputatione
913 2130 946 2180 do
974 2128 1087 2181 bominis
1110 2144 1176 2182 statu
1197 2144 1257 2181 ante

130 2212 249 2283 lapsum,
271 2212 363 2277 regulis
380 2215 525 2266 necessariis
543 2212 675 2274 adhibitis,
698 2212 811 2281 primum
829 2216 861 2264 dc
880 2214 997 2283 corporis
1019 2215 1150 2265 creatione
1167 2216 1257 2279 agitur,

134 2294 283 2365 etquidrsos
294 2299 388 2349 doceat
404 2299 459 2349 eius
476 2318 505 2349 er
522 2312 589 2350 terra
607 2297 727 2349 sorrrrntio
743 2297 918 2359 ceris-ilicatio,
935 2312 994 2349 sect.
1006 2301 1027 2349 l.
1044 2332 1078 2344 -
1094 2300 1126 2365 2)
1139 2299 1222 2351 Variis
1231 2313 1257 2351 et

134 2379 223 2433 validis
237 2382 390 2445 agumentis
406 2382 641 2450 probatur-animae
656 2382 784 2431 lnsruauae
800 2382 986 2443 immortalitas,
1002 2396 1060 2434 scct.
1070 2386 1093 2435 ’2.
1112 2412 1144 2424 -
1161 2384 1193 2449 3)
1212 2384 1256 2434 Dc

89 2483 92 2531 ξ
134 2463 308 2529 imaginanti
324 2464 537 2534 (immortalitatis
555 2468 655 2517 animae
673 2466 801 2517 lurnmnae
818 2480 968 2525 argumento
987 2468 1146 2535 firmissimo)
1163 2482 1256 2521 tracta·

89 2548 93 2605 ζ
135 2562 185 2609 aar,
201 2552 310 2603 minutis
327 2552 491 2619 quorundam
510 2548 616 2612 deliriis,
632 2564 691 2600 sect.
706 2552 731 2603 3.
751 2579 783 2589 -
817 2550 848 2617 d)
868 2550 991 2603 lliscussis
1008 2553 1109 2605 srclmlis
1129 2574 1256 2614 errorum,

89 2613 101 2690 ξ’·
137 2652 200 2703 με
220 2634 273 2686 luci
289 2635 398 2685 veritatis
412 2636 528 2685 tenebras
548 2636 702 2697 olirrndunt,
728 2635 833 2685 additur
850 2636 883 2685 dc
906 2636 1067 2686 securitatibus
1089 2639 1190 2689 animae
1208 2638 1257 2687 lm-

89 2749 105 2821 ἱ
139 2733 298 2771 nauseante
314 2718 413 2788 lapsum
431 2719 576 2783 tlreologica
593 2733 618 2769 et
633 2718 813 2787 philosophica
832 2718 1012 2783 consideratio,
1028 2736 1089 2776 sect.
1107 2722 1193 2775 4-8.

212 2890 240 2949 1.
275 2884 334 2943 lam
354 2885 391 2944 de
410 2884 536 2944 hominis
555 2885 704 2944 creatione
724 2885 893 2945 dicendum:
923 2907 984 2944 uon
1010 2886 1099 2945 modo
1121 2887 1187 2965 quia
1207 2886 1255 2945 iu·

89 3022 96 3039 ³
146 2970 185 3017 ter
203 2962 296 3021 omnia
312 2961 370 3020 Dei
390 2981 479 3039 opera
505 2961 713 3021 nobilissimum
741 2984 772 3022 ac
792 2965 914 3020 maxime
932 2962 1090 3041 spectabile
1112 2976 1154 3021 cst
1175 2964 1256 3023 iusti·

96 3040 107 3108 ’,ἲ
150 3036 527 3117 tiseeius‚etsapicntiac,
558 3050 587 3096 et
607 3038 743 3096 bonitatis
763 3041 926 3117 specimen:
960 3040 1009 3096 sed
1031 3041 1097 3117 quia
1118 3051 1150 3097 ut
1170 3040 1254 3098 initio

154 3108 267 3187 dirimas,
293 3134 351 3173 non
378 3127 475 3194 potest
494 3114 602 3193 liquido
624 3125 653 3172 et
671 3114 764 3173 solide
784 3116 922 3193 cognosci
942 3115 1023 3174 licus
1042 3138 1058 3175 a
1078 3116 1180 3188 uobis,
1200 3117 1253 3174 nisi

156 3190 252 3248 ttttdat
267 3203 365 3249 mutua
386 3190 478 3249 nostri
499 3191 641 3272 cognitio.
687 3191 748 3249 Etsi
769 3204 864 3249 autem
887 3211 920 3249 ea
940 3192 1046 3269 duplex
1066 3202 1124 3264 est,
1148 3211 1254 3271 nempe

91 3262 101 3299 '·
159 3264 302 3325 maianus
320 3265 420 3345 quales
446 3286 499 3324 nos
526 3268 616 3345 prima
637 3266 753 3347 origine
778 3269 865 3325 siiuus
886 3268 1014 3339 conditi,
1039 3280 1068 3327 ct
1089 3269 1178 3347 qualis
1200 3290 1254 3327 no·

92 3358 101 3417 ᾗ
161 3346 212 3393 tin
229 3343 344 3401 conditio
370 3362 433 3401 esse
459 3343 591 3421 'coeperit
616 3354 683 3421 post
702 3342 782 3401 Adae
807 3343 914 3421 lapsum
940 3348 1010 3420 (nec
1035 3364 1104 3403 vero
1131 3346 1252 3405 multum

93 3480 107 3491 ..
160 3411 284 3489 pmdtsret
307 3419 488 3479 creationem
520 3432 645 3477 nostram
677 3430 794 3491 tenere,
830 3419 882 3477 nisi
915 3420 944 3477 in
978 3420 1031 3478 hac
1063 3421 1137 3479 tristi
1170 3423 1253 3481 ruina

93 3498 102 3505 ''
158 3506 360 3567 agnosceremus,
380 3494 472 3572 qualis
492 3495 528 3553 sit
551 3509 669 3553 naturae
691 3508 806 3553 nostrae
827 3494 993 3573 corruptela
1014 3508 1044 3555 et
1059 3498 1253 3572 deformitas),

92 3570 102 3631 '.
157 3582 226 3623 aune
244 3578 326 3631 unco
362 3573 496 3649 integrae
524 3583 641 3630 naturae
668 3571 864 3649 descriptione
892 3572 1025 3629 contenti
1053 3576 1169 3632 erirrms.
1215 3575 1254 3631 tt

91 3646 99 3662 “
153 3658 368 3727 saneaotequana
395 3650 430 3705 ad
458 3647 591 3705 miseram
617 3648 697 3706 istam
720 3647 844 3706 hominis
865 3648 1082 3719 conditionem,
1108 3652 1154 3709 cui
1175 3672 1253 3709 nuuc

150 3714 321 3797 addictusest,
340 3722 553 3795 descendimus,
573 3742 680 3801 operae
694 3726 817 3801 pretium
831 3734 874 3781 est
894 3734 995 3783 tenere
1008 3725 1099 3802 qualis
1111 3725 1146 3783 ab
1167 3725 1252 3785 initio

147 3794 263 3857 conditus
280 3799 377 3859 luerit
417 3798 586 3858 Cavendum
608 3800 751 3870 esteuim,
772 3819 809 3856 uc
830 3800 957 3877 praecise
978 3812 1088 3858 tantum
1113 3801 1254 3860 naturalia

146 3866 252 3933 bominis
270 3876 341 3934 mala
362 3875 601 3947 demonstrando,
621 3895 654 3933 ea
675 3875 825 3933 videamur
844 3876 877 3934 ad
900 3888 1018 3934 naturae
1039 3889 1186 3935 auctorem
1207 3898 1253 3935 re·
1325 3916 1329 3925 ·

145 3942 225 4008 lene:
249 3952 484 4030 quandoquidem
511 3952 540 4009 in
561 3950 617 4011 ltoc
638 3964 786 4029 praetextu
807 3972 838 4011 se
860 3952 967 4011 habere
987 3954 1054 4010 satis
1075 3954 1252 4012 defensionis

146 4036 215 4099 putat
229 4026 357 4105 impietas
377 4029 402 4087 si
422 4027 585 4086 obtendere
605 4040 702 4106 queat,
722 4027 858 4106 rpricqoid
882 4028 968 4085 babet
988 4028 1046 4084 vitii
1068 4028 1161 4086 alteo
1198 4050 1251 4087 no-

144 4098 281 4162 dannodo
307 4105 472 4183 profectum
498 4124 574 4163 esse:
608 4123 663 4163 nec
683 4104 797 4162 dubitat
821 4104 844 4162 si
871 4104 1069 4184 redarguitur,
1101 4050 1252 4163 cunslteo

145 4171 197 4251 ipse
214 4176 332 4261 litigare,
352 4180 527 4270 culpamque
547 4181 577 4238 in
597 4200 662 4239 eum
683 4180 888 4252 transcribere,
909 4180 1103 4238 cuiusrnerito
1124 4200 1173 4237 rea
1192 4182 1254 4260 agi·

144 4258 191 4309 ier.
226 4254 261 4314 Et
284 4258 333 4335 qui
360 4256 526 4337 religiosius
549 4256 632 4337 loqui
664 4256 699 4314 dc
729 4259 846 4316 numine
866 4256 957 4317 videri
976 4254 1094 4327 volunt,
1126 4255 1254 4315 libenter

145 4330 228 4389 tanen
244 4334 458 4395 excusationem
478 4334 627 4413 pravitatis
644 4352 713 4393 suae
733 4344 850 4412 captant
869 4344 1018 4409 enatura,
1038 4352 1099 4393 uon
1119 4333 1253 4415 cogitan-
