2596 4726
467 152 774 272 theomarum
816 258 820 265 .
1135 224 1189 310 'u
1277 155 1282 171 Ι

47 363 112 432 port
128 351 301 413 doctrinm
318 350 358 411 de
369 351 504 429 Christo,
515 353 552 415 in
570 356 659 418 tertia
670 356 808 437 Synhali
826 366 912 437 parte
928 359 1073 439 nutritor,
1094 356 1189 425 vvida

47 448 78 503 ia
93 443 243 519 Spiritu
257 445 420 506 Suam
443 457 553 527 utpote·
568 448 620 529 qui
645 450 691 512 s'st
708 449 857 514 vinculum
883 450 1003 513 tutonis
1027 453 1118 515 inter·
1129 476 1187 519 nos

50 549 80 599 et
96 536 257 602 cutm
296 538 342 600 lta
363 550 394 599 et
412 548 517 601 auctor
539 554 644 603 uoder
668 543 748 605 lihro
768 544 859 605 tertio
880 543 919 605 de
938 544 1053 627 Spiritu
1072 548 1187 614 Sanus

50 642 168 708 tractat,
199 633 278 717 qni
271 654 329 694 nos
348 631 471 694 Christo
490 635 570 696 unit.
602 649 634 696 et
658 636 935 718 personaequehr,
959 640 1001 699 de
1016 640 1106 719 Fide,
1129 662 1188 725 qua

53 722 199 787 Christum
208 726 415 813 amplectimur
433 726 619 809 cumduplici
631 728 790 807 beneficio,
809 750 916 812 nempe
928 732 1190 815 gratuitaiustitia,

53 838 135 897 qaam
152 821 269 882 nohis
258 832 396 901 amputat,
416 823 701 928 etregeueratione,
714 845 802 905 qnam
821 825 853 884 in
872 825 961 888 nohis
980 826 1112 905 inchoat,
1131 830 1189 891 do·

54 912 145 973 nardo
170 914 262 976 nohis
284 913 526 994 resipiscentiam.
573 915 615 989 Et
632 929 666 977 ut
684 916 839 992 ostendat,
870 938 928 980 uos
950 920 1124 1001 neutiquam
1147 924 1190 986 'de

55 1005 193 1067 tiasmorli
210 1008 270 1070 lide
289 1008 431 1092 gloriari,
449 1027 528 1087 quae
545 1028 608 1070 ooo
628 1009 952 1073 coniuctumhaheat
967 1013 1099 1074 studiana
1116 1016 1189 1078 tesi·-

56 1096 219 1177 piscentiaa,
238 1102 410 1183 priusquam
421 1101 458 1161 ad
477 1100 594 1180 plenam
612 1103 819 1163 tractationem
839 1104 1189 1172 iustihmtionisdescen·

56 1191 115 1266 dat,
133 1193 171 1254 de
190 1195 393 1276 resipiscentia
413 1195 525 1255 eteius
550 1195 692 1256 continua
710 1196 927 1273 meditatiout,
941 1216 1030 1278 quaro
1051 1201 1189 1266 Christus

57 1282 107 1344 lde
124 1286 325 1367 apprehensus
346 1288 458 1368 Spiritu
477 1280 531 1348 suo
556 1288 588 1347 iu
616 1289 705 1350 nohis
729 1301 869 1371 generat,
893 1288 964 1351 suu
983 1284 1100 1353 diuerit
1122 1314 1187 1378 cap.

10 1404 13 1483 p
57 1381 111 1441 d·
116 1387 164 1446 ll).
203 1381 372 1441 Undecimo
393 1380 509 1440 demum
535 1382 631 1461 capite
653 1384 779 1463 primum
806 1394 836 1442 et
856 1384 1045 1464 praecipuum
1066 1385 1189 1465 Christi,

10 1466 15 1525 't
59 1474 257 1554 perspiritum
267 1475 411 1534 Sanctum
422 1473 508 1534 nohis
521 1474 684 1552 coniuncti,
705 1475 880 1536 heneficium
891 1488 1062 1556 pertractat,
1080 1498 1189 1561 nempe

59 1560 304 1642 lastih'rationem,
322 1586 415 1647 usque
434 1566 470 1627 ad
489 1588 553 1647 cap.
573 1572 621 1633 20
642 1568 723 1649 quod
743 1581 787 1630 cst
806 1568 843 1629 de
864 1569 1021 1646 Oratione,
1041 1590 1117 1651 quae
1136 1593 1189 1634 ve-

59 1654 96 1719 lat
109 1682 214 1721 manus
235 1672 297 1735 est,
322 1681 397 1741 quae
415 1678 449 1720 re
467 1660 529 1739 ipsa
555 1657 635 1720 hona
655 1660 705 1721 illa
725 1662 849 1723 fruenda
869 1663 994 1744 accipit,
1020 1683 1096 1743 quae
1115 1664 1189 1728 fides
1250 1716 1254 1725 .

14 1753 124 1859 ¹'apud
142 1754 244 1815 Deum
263 1704 322 1815 sihi
341 1772 376 1813 ex
394 1754 486 1816 verho
505 1754 708 1834 promissionis
733 1757 816 1815 novit
839 1776 903 1816 esse
928 1754 1067 1836 reposita.
1108 1757 1189 1835 Quia

17 1866 20 1873 ·
59 1859 142 1909 autem
162 1869 227 1909 non
247 1868 353 1908 omues
378 1848 511 1909 homiues
536 1847 753 1927 perspiritum
774 1848 931 1924 Sanctum,
963 1847 1014 1927 qui
1038 1848 1166 1910 fidem
1155 1873 1189 1912 ιι

15 2004 18 2013 Ι
59 1940 133 2002 nohis
152 1954 238 2002 creat
259 1951 291 2000 ct
310 1952 480 2016 conservat,
514 1939 633 2001 Christo
656 1940 752 1999 omnis
777 1940 876 2019 salutis
902 1941 1016 2000 auctori
1035 1942 1189 2021 ιιίιιιιι,

12 2016 18 2089 .’
58 2032 108 2115 agit
125 2056 190 2117 rap.
211 2042 261 2100 21.
282 2033 321 2092 de
341 2031 556 2095 electioneDei
577 2020 713 2093 aeterna:
735 2054 792 2114 qua
812 2032 921 2094 iactum
942 2045 997 2110 est,
1016 2046 1051 2095 ut
1069 2056 1138 2114 nos,
1156 2036 1189 2098 in

11 2154 14 2165 ·
59 2127 154 2207 quibu
171 2127 248 2188 nihil
268 2125 343 2186 houi
364 2126 545 2206 praeviderat
563 2126 674 2208 quod
664 2146 728 2207 ipse
747 2148 809 2186 unu
830 2126 920 2209 gratis
940 2125 1041 2204 daret,
1066 2128 1188 2193 Christo
1279 2176 1283 2189 .

61 2219 210 2297 donaverit,
231 2233 263 2282 et
284 2239 338 2302 per
356 2220 546 2282 vocatiouem
564 2220 717 2303 Evangelii
737 2220 917 2282 efficacem
908 2223 963 2300 ipsi
982 2221 1121 2300 univerit,
1139 2246 1189 2287 os·

60 2334 109 2393 que
125 2314 161 2376 ad
179 2335 248 2396 cap.
263 2320 324 2391 25,
343 2313 396 2373 uhi
415 2311 451 2373 de
475 2313 563 2394 plena
582 2315 811 2396 regeneratione
832 2327 861 2374 et
881 2313 1028 2377 felicitatis
1047 2314 1192 2380 fruitione

59 2404 148 2469 ultima
166 2408 289 2469 scilicet
307 2406 526 2467 resurrectione
536 2408 643 2490 agitur,
664 2429 723 2487 quo
735 2406 890 2468 attollendi
908 2409 1080 2484 suntoculi,
1098 2434 1189 2492 quum

13 2528 17 2533 ·
55 2498 184 2563 ‘aehoata
205 2500 347 2561 duntaxat
368 2499 398 2558 in
419 2499 474 2561 hoc
493 2501 605 2561 mundo
625 2501 663 2561 sit
682 2503 799 2582 piorum
819 2500 954 2579 felicitas,
973 2503 998 2565 si
1017 2503 1189 2566 fruitionem

82 2610 171 2663 ecles.

17 2736 22 2755 ,
56 2616 80 2677 φ
118 2689 175 2751 lV.
219 2686 373 2764 Quoniam
404 2698 500 2747 autem
525 2686 652 2767 Spiritus
676 2686 802 2749 Sanctus
836 2710 898 2748 non
923 2709 1027 2750 omncs
1056 2690 1191 2756 homines

55 2782 167 2846 Christo
188 2781 306 2856 inserit,
326 2800 379 2841 seu
397 2779 455 2839 fide
475 2780 576 2855 donat,
595 2791 626 2840 et
645 2802 720 2860 quos
741 2801 775 2842 ea
795 2782 902 2858 donat,
922 2805 984 2843 uon
1004 2785 1068 2844 siue
1087 2787 1191 2848 mediis

54 2878 200 2939 ordinarie
221 2876 325 2947 donat,
344 2893 445 2934 verum
465 2875 557 2934 utitur
576 2874 614 2933 ad
635 2894 698 2934 eam
719 2895 782 2957 rem
802 2877 1021 2956 praedicatione
1037 2879 1192 2962 Evangelii

54 2972 350 3032 ttSacrameutorum
371 2989 435 3043 usu,
454 2989 519 3028 cum
540 2968 630 3028 totius
650 2964 820 3049 disciplinae
833 2968 1100 3033 administratIonc:
1120 2975 1191 3035 ideo

54 3062 77 3123 in
95 3062 253 3143 Symbolo
275 3062 418 3141 loquitur,
441 3060 687 3121 carosanum
695 3061 859 3122 Ecclesium
873 3060 1082 3142 Uniomulem,
1104 3088 1191 3146 quam

54 3178 154 3240 rupe
174 3179 213 3217 ex
240 3156 387 3237 gratuitae
407 3155 561 3215 electionis
586 3155 686 3231 sonte,
710 3157 742 3215 iu
766 3168 863 3217 morte
890 3168 1010 3219 aeterua
1034 3160 1192 3236 iacentem,

55 3254 135 3331 gratia
152 3251 216 3312 sihi
242 3250 275 3310 in
296 3248 416 3311 Christo
440 3247 653 3323 reconciliavit,
679 3263 710 3310 et
729 3250 843 3330 Spiritu
863 3250 974 3311 Sancto
996 3249 1131 3326 donavit,
1159 3264 1194 3313 ιι

56 3342 168 3408 Christo
190 3344 282 3405 insita
300 3342 538 3403 communionem
564 3363 630 3402 cum
656 3343 721 3423 ipso
741 3344 823 3405 velut
841 3345 935 3424 capite
959 3343 1082 3405 haheat:
1114 3346 1193 3409 unde

55 3453 194 3520 perpetua
220 3436 288 3497 fluit
315 3447 503 3517 peccatorum
527 3434 677 3509 remissio,
707 3448 738 3496 ct
760 3436 848 3518 plena
874 3438 910 3498 ad
928 3437 1018 3498 vitam
1043 3450 1192 3499 aeternnm

54 3532 233 3595 instauratio.
275 3530 327 3590 Sic
347 3540 451 3589 auctor
470 3539 573 3588 noster
591 3528 669 3589 libro
691 3542 797 3608 quarto
817 3531 855 3590 de
867 3530 999 3590 Ecclesia
1017 3543 1125 3593 tractat
1144 3556 1192 3595 us-

55 3646 107 3705 que
124 3626 163 3687 ad
184 3646 252 3706 cap.
272 3629 321 3688 14,
359 3621 434 3681 lude
454 3622 490 3680 de
511 3621 630 3696 mediis,
651 3621 758 3701 quihus
778 3622 905 3704 Spiritus
925 3625 1051 3686 Sanctus
1071 3627 1107 3685 ad
1129 3626 1192 3685 etti-

56 3721 159 3781 caciter
184 3739 203 3780 e
227 3728 328 3779 morte
352 3713 496 3795 spirituali
515 3713 696 3788 vocandam,
726 3725 757 3774 ct
780 3717 1008 3778 conservandam
1032 3718 1193 3780 Ecclesiam

58 3814 153 3889 utitur,
174 3809 274 3871 verho
294 3820 326 3869 et
344 3808 542 3881 sacramentis,
562 3807 713 3887 Baptismo
726 3808 1098 3872 scilicetetsacraCoeua:
1119 3833 1194 3891 quae

56 3905 129 3966 uelut
147 3918 304 3987 sceptrum
322 3913 393 3963 sunt
411 3902 502 3984 Regis
522 3901 644 3975 Christi,
663 3923 723 3981 quo
744 3922 870 3983 regnum
888 3925 972 3964 suum
992 3903 1143 3984 spirituale
1162 3905 1193 3966 in

60 3998 184 4061 Ecclesia
202 3999 316 4059 virtute
336 3996 381 4056 sui
402 3994 530 4076 Spiritus
556 3994 692 4069 inchoat,
721 3995 752 4054 in
773 3996 834 4057 dies
861 4002 1036 4078 promovet,
1069 4018 1101 4058 ac
1127 4012 1195 4078 post

61 4090 127 4155 hanc
145 4094 236 4154 ritarn
255 4091 322 4153 sine
343 4089 401 4151 illia
420 4089 524 4149 mediis
542 4088 669 4168 perficit,
687 4089 725 4148 ad
743 4094 792 4154 20.
813 4110 906 4170 usque
926 4100 1014 4170 caput
1032 4100 1147 4151 tractat

127 4186 168 4247 Et
187 4184 258 4266 quia
277 4182 402 4267 politiae
422 4195 492 4245 sunt
510 4180 639 4262 hospitia
657 4182 806 4242 Ecclesiae
831 4183 862 4242 in
882 4182 937 4243 hac
956 4182 1014 4244 vita
1033 4183 1121 4262 (licet
1140 4206 1195 4266 po·

64 4278 133 4343 litiea
158 4277 343 4365 gohernatio
368 4296 386 4337 a
408 4274 552 4357 spirituali
575 4294 671 4357 regno
697 4273 808 4336 Christi
834 4275 874 4336 sit
897 4274 1049 4354 distincta)
1080 4276 1118 4337 de
1151 4297 1196 4351 ea,

67 4384 197 4451 (ιιιιιιιιι
214 4372 254 4441 sit
272 4372 335 4436 Dei
355 4369 545 4449 heneficium,
563 4369 645 4451 quod
663 4369 796 4436 Ecclesia
814 4380 901 4453 grato
920 4369 1019 4433 animo
1033 4390 1198 4453 agnoscere
