2700 4732
389 124 394 138 Ι
480 184 558 247 uu.
577 184 631 244 lV.
670 181 865 248 cuexttt
907 199 914 209 ·
1185 189 1244 251 847

106 354 171 396 nou
189 332 339 403 mediocre
358 329 465 392 malum
486 329 557 407 iuit,
580 327 662 410 qnod
682 326 846 407 exemplum
869 325 976 387 inutile
995 337 1026 389 et
1044 327 1244 410 periculosum

107 412 139 473 in
161 409 310 472 ecclesiam
332 409 453 469 induxit.

185 493 232 552 17.
271 490 358 546 h'nuc
377 485 386 543 i
410 486 468 544 itur
477 483 624 545 videamus
638 480 801 541 cuiusmodi
821 479 969 556 sintvota,
982 480 1087 561 quihus
1106 483 1137 547 in
1157 503 1246 564 prae-

108 562 221 626 clarum
247 562 325 623 hunc
352 505 486 621 ordinem
513 559 602 621 bodie
633 558 786 618 initiantur
809 556 956 617 monachi.
1006 558 1153 634 Primum,
1178 561 1248 641 quia

108 662 219 702 uorum
232 652 263 700 et
273 639 404 698 fictitium
425 637 534 697 cultum
547 635 736 716 promerendi
749 634 808 693 Dei
828 655 911 693 causa
931 634 1085 695 instituere
1104 635 1161 697 iilis
1182 638 1247 699 ani-

109 738 174 777 mus
196 729 252 776 est:
273 714 486 775 abominationi
507 734 568 772 esse
589 711 666 791 apud
686 710 783 770 Deum
803 711 942 790 quicquid
962 723 1085 786 vovent,
1105 733 1138 771 ex
1158 734 1246 795 supe.

108 793 240 853 rioribus
260 791 416 853 concludo.
454 790 571 849 Deinde
593 788 659 867 quia
679 785 945 848 nullo'vocationis
964 786 1022 846 Dei
1042 787 1161 864 intuitu,
1180 790 1248 851 nul-

108 869 197 948 laque
217 870 280 929 eius
299 866 525 948 approbatione,
543 864 659 924 vivendi
702 884 772 923 enus
793 861 878 942 quale
890 861 964 923 libet
981 863 1104 943 sibiipsi
1126 868 1249 928 commi.

109 947 279 1020 niscantur,
303 943 487 1003 temerarium
507 942 635 1018 ideoque
656 883 788 998 illicitum
809 948 908 999 ausum
929 958 992 999 esse
1011 940 1093 1003 dico:
1115 944 1184 1022 quia
1203 945 1250 1005 ni·

109 1020 154 1085 bil
174 1022 264 1081 babet
283 1021 413 1100 ipsorum
440 1019 631 1091 conscientia,
653 1037 712 1095 quo
738 1036 769 1075 se
790 1015 866 1095 apud
886 1014 983 1085 Deum
1009 1018 1164 1079 sustineat:
1196 1033 1250 1096 „et

111 1098 254 1180 quicquid
274 1118 335 1157 non
356 1109 399 1156 cst
419 1115 452 1154 ex
470 1095 537 1167 fide,
557 1105 710 1173 peccatum
731 1098 795 1152 est“
815 1090 916 1169 (Rom.
928 1098 976 1167 11,
988 1096 1060 1172 23.).
1090 1096 1252 1160 Praeterea

112 1195 204 1256 quum
225 1174 261 1235 ad
280 1173 388 1233 multos
408 1171 492 1232 simul
511 1190 666 1251 perversos
686 1180 775 1248 atque
795 1168 901 1249 impios
911 1168 1016 1245 cultus,
1036 1192 1110 1249 quos
1131 1173 1251 1236 hodier-

110 1272 168 1312 nus
188 1249 377 1311 monachatus
396 1249 449 1308 sub
470 1268 501 1308 oe
522 1246 672 1321 continet,¹
687 1265 718 1305 se
739 1246 816 1325 ipsos
836 1244 1011 1326 astringant:
1032 1266 1085 1308 eoa
1103 1270 1166 1310 nou
1181 1252 1250 1313 Deo

113 1327 369 1400 consecrarifsed
390 1324 563 1399 daemonio,
583 1321 742 1382 contendo.
783 1321 846 1381 Cur
865 1322 942 1380 enim
962 1322 1131 1402 Prophetae
1150 1327 1253 1388 dicere

110 1400 245 1479 licuerit,
277 1402 421 1463 Israelitas
451 1400 527 1460 lilios
555 1419 624 1459 suos
655 1396 820 1457 immolasse
846 1396 1008 1459 daemoniis
1033 1412 1065 1459 et
1094 1423 1156 1464 non
1181 1404 1251 1465 Deo

113 1479 335 1557 (Deut.3‘t,17.
356 1480 403 1538 Ps.
416 1483 482 1552 106,
493 1478 571 1553 31),
594 1485 709 1534 tantum
730 1474 770 1533 ob
791 1473 821 1532 id
842 1473 921 1553 quod
940 1494 1042 1535 rerum
1061 1476 1120 1538 Dei
1140 1480 1252 1542 cultum

137 1557 248 1617 roianis
272 1554 446 1616 ceremoniis
472 1562 681 1633 corruperant:
713 1550 790 1610 idern
821 1550 857 1609 de
888 1552 1038 1613 monacbis
1065 1553 1162 1615 dicere
1188 1578 1253 1619 non

108 1578 214 1709 liceat,
233 1633 283 1711 qui
303 1655 360 1692 una
376 1653 441 1691 curu
454 1629 568 1690 cucullo
589 1626 669 1687 mille
689 1627 845 1706 impiarum
855 1629 1096 1735 superstitionum
1118 1631 1254 1712 laqueum

109 1708 336 1773 sibiinduunt?
372 1707 436 1767 Iam
456 1727 531 1787 quae
550 1717 688 1767 votorum
709 1702 838 1784 species?
877 1705 1084 1786 tirginitatem
1096 1708 1164 1770 Deo
1184 1728 1254 1791 per.

113 1797 237 1881 petuam
262 1785 455 1865 promittunt,
475 1783 556 1863 quasi
582 1802 648 1842 cum
668 1778 735 1841 Deo
755 1792 824 1840 ante
843 1781 1022 1862 pepigerint,
1042 1795 1076 1843 ut
1093 1805 1125 1845 se
1144 1807 1161 1845 a
1181 1807 1257 1848 con.

113 1865 193 1944 rugii
214 1862 386 1922 necessitate
411 1861 561 1924 liberaret.
611 1858 681 1918 Non
702 1857 844 1938 estquod
872 1870 1042 1935 causentur,
1073 1881 1105 1921 se
1135 1864 1255 1925 nonum

172 1939 209 1998 tia
222 1939 279 1999 Dei
299 1937 389 1998 fretos
403 1951 507 1998 votum
525 1937 584 1999 boc
603 1954 786 2090 nuncupare:
807 1955 874 1993 nam
890 1956 979 2014 quum
999 1937 1062 2073 ipse
1082 1959 1145 1999 non
1158 1942 1256 2002 omni-

142 2039 174 2077 ns
194 2016 255 2076 dari
276 2015 448 2095 pronuntiet
466 2013 587 2093 (ttauh.
599 2019 704 2085 19‚11.
727 2055 736 2086 ‚
755 2011 889 2072 fiduciam
909 2014 1006 2092 specia
1019 2015 1042 2074 is
1063 2014 1135 2075 doni
1154 2018 1257 2078 couci·

114 2112 193 2177 pere
213 2103 345 2151 nostrum
366 2112 426 2150 uon
448 2103 500 2150 est.
549 2090 612 2166 Qui
642 2088 767 2163 habent,
786 2109 823 2149 eo
848 2101 981 2160 utantur:
1001 2091 1025 2151 si
1049 2093 1167 2170 quando
1188 2114 1220 2155 se
1238 2115 1257 2156 a

117 2189 210 2231 carue
229 2190 279 2229 sua
300 2169 456 2247 inquietari
475 2168 623 2241 sentiunt,
643 2165 816 2247 confugiant
834 2165 870 2225 ad
891 2165 953 2227 eius
973 2187 1072 2245 opem,
1092 2171 1172 2231 cuius
1192 2169 1257 2233 sola

100 2247 227 2323 ,virtute
246 2256 370 2380 possunt
390 2245 534 2303 resistere.
583 2243 698 2303 Sinon
724 2239 898 2322 proficiunt,
930 2261 969 2302 ne
992 2245 1154 2306 remedium
1175 2248 1257 2326 quod

116 2322 190 2402 ipsis
210 2322 246 2382 oi
258 2334 337 2380 ertur
358 2332 557 2380 contemnant.
597 2319 685 2381 Certa
706 2320 785 2378 enim
804 2318 862 2380 Dei
881 2340 958 2379 soce
978 2320 1106 2381 citantur
1125 2324 1160 2382 ad
1182 2346 1257 2385 con-

116 2398 244 2480 iugium,
256 2397 360 2477 quibus
372 2397 544 2457 continendi
559 2395 680 2458 facultas
691 2395 861 2478 denegatur.
890 2396 1114 2458 continentiam
1128 2401 1258 2480 appello,

118 2496 184 2537 non
226 2497 260 2533 ua
280 2495 386 2552 corpus
402 2474 497 2533 solum
517 2495 533 2534 a
553 2472 733 2534 scortatione
752 2495 858 2552 purum
870 2485 1011 2548 servatur,
1030 2475 1080 2534 sod
1098 2498 1155 2555 qua
1174 2499 1258 2541 mens

118 2498 305 2631 impollutam
326 2551 484 2610 castitatem
504 2562 608 2610 servat
647 2551 751 2629 Neque
772 2551 848 2608 enim
870 2561 1018 2610 externam
1037 2564 1151 2613 tanturn
1173 2554 1258 2616 lasci-

118 2629 213 2703 viam,
232 2627 282 2687 sed
302 2626 388 2686 animi
410 2647 529 2706 quoque
549 2627 696 2688 ustionem
717 2625 812 2685 caveri
832 2626 939 2686 Paulus
961 2630 1103 2708 praecipit
1122 2630 1162 2706 (i.
1185 2632 1257 2692 Cor.

120 2707 261 2783 7,9.).-
284 2704 362 2778 Hoc,
381 2705 526 2782 inquiunt,
546 2703 581 2763 ab
602 2702 702 2763 ultima
723 2703 863 2761 memoria
885 2703 940 2761 luit
959 2704 1155 2780 observatum,
1175 2721 1208 2767 ut
1226 2730 1260 2770 se

87 2804 94 2821 ·
117 2780 283 2861 alligarent
306 2780 506 2840 continentiae
527 2793 614 2853 voto,
640 2781 688 2858 qui
714 2791 795 2838 totos
818 2798 849 2837 se
870 2778 1001 2837 Domino
1024 2780 1120 2840 dicare
1140 2784 1260 2847 vellent.

121 2858 236 2918 Fateor
256 2868 334 2915 certe
354 2856 511 2934 antiquitus
532 2875 651 2945 quoque
672 2866 821 2932 receptum
844 2854 930 2912 luisse
951 2853 1027 2914 bunc
1047 2877 1175 2919 morem:
1208 2866 1261 2924 sed

122 2953 192 2995 eam
211 2943 335 2995 aetatem
355 2933 396 2992 sic
415 2934 451 2991 ab
473 2932 634 2991 onrnivitro
655 2931 775 2990 liberam
796 2930 885 2991 fuisse
904 2950 965 2990 non
986 2935 1131 3008 concedo,
1150 2949 1183 2997 ut
1203 2960 1260 3018 pro

122 3009 228 3093 tegula
251 3009 416 3070 babendum
441 3011 478 3066 sit
503 3008 642 3086 quicquid
668 3020 738 3067 tune
762 3007 870 3067 sactum
896 3019 948 3067 est.
991 3008 1031 3068 Et
1055 3011 1192 3089 paulatim
1219 3017 1261 3077 ir-

123 3087 220 3167 repsit
239 3085 425 3146 inexorabiiis
445 3084 494 3143 illa
514 3084 666 3160 severitas,
693 3096 725 3143 ut
750 3097 819 3164 post
837 3096 1015 3163 conceptum
1035 3098 1138 3149 votum
1164 3091 1262 3159 nullus

121 3167 328 3247 poeniteutiae
354 3161 435 3222 locus
456 3160 548 3219 fieret.
601 3161 693 3234 Quod
724 3181 757 3220 ex
783 3161 1118 3242 Cypriauoeonstat
1146 3167 1212 3243 (lib.
1232 3179 1261 3237 1.

124 3244 270 3321 ep.11.):
302 3239 357 3314 „Si
386 3258 417 3297 se
442 3258 475 3295 eu
501 3237 557 3296 fide
580 3237 699 3298 Christo
725 3238 895 3299 dicaverunt
918 3238 1067 3320 virgines,
1098 3245 1205 3320 pudice
1231 3259 1262 3309 et

124 3330 246 3394 „caste,
271 3317 333 3376 sine
353 3314 410 3373 ulla
432 3313 543 3388 fabula,
567 3326 765 3393 perseverent.
809 3317 855 3375 Ita
876 3315 968 3387 fortes
989 3328 1019 3375 et
1037 3317 1155 3382 stabiles
1176 3343 1264 3403 prae-

125 3395 238 3471 „mium
257 3392 430 3475 virginitatis
451 3402 627 3470 exspectent.
673 3389 705 3449 si
730 3404 828 3450 autem
854 3411 1040 3472 perseverare
1064 3397 1185 3471 uolunt,
1215 3403 1264 3462 vel

127 3488 212 3546 „uon
235 3481 371 3547 possunt,
391 3467 495 3527 melius
516 3480 560 3526 est
579 3466 707 3539 nubant,
727 3488 813 3546 quarn
833 3468 864 3527 in
884 3469 982 3549 ignem
1004 3470 1117 3534 delictis
1137 3476 1194 3536 suis
1215 3497 1265 3537 ca.

126 3543 251 3622 „daut.“
291 3545 406 3619 Quibus
420 3543 534 3624 probris
555 3565 616 3603 non
637 3543 800 3605 lacerarent
818 3566 895 3605 nunc
910 3566 985 3617 eum,
1003 3549 1052 3628 qui
1065 3551 1268 3616 continentiae

125 3632 231 3680 uotum
250 3619 300 3679 tali
313 3622 464 3698 acquitate
483 3633 650 3699 temperare
669 3620 776 3682 vellet?
812 3620 918 3702 Longe
934 3645 1007 3705 ergo
1028 3624 1064 3683 ab
1084 3626 1136 3687 itto
1149 3640 1266 3693 vetusto

127 3717 215 3757 more
236 3696 439 3768 discesserunt,
460 3696 592 3774 quinon
611 3697 701 3756 modo
722 3696 831 3758 nullam
851 3700 1011 3760 admittunt
1030 3703 1266 3768 moderationem

130 3786 184 3834 aut
194 3774 317 3847 veniam,
337 3773 360 3832 si
380 3773 443 3851 quis
462 3772 638 3850 praestando
654 3784 725 3834 voto
745 3775 841 3853 impar
860 3776 1111 3856 deprehendatur:
1131 3781 1182 3841 sed
1200 3803 1269 3865 gra·

127 3852 192 3910 vius
214 3868 335 3930 peccare
355 3847 437 3908 nullo
457 3849 572 3927 pudore
596 3851 808 3929 pronuntiant,
839 3852 863 3912 si
887 3866 1007 3933 accepta
1031 3875 1141 3931 uxore,
1172 3861 1268 3928 carnis

87 3998 95 4006 ,
128 3925 373 4017 intemperantiae
385 3924 530 4002 medetur,
549 3947 635 4007 quam
655 3926 680 3991 si
699 3928 858 3989 scortando
870 3950 978 4010 corpus
999 3942 1031 3991 et
1048 3933 1176 3996 animam
1194 3957 1269 3998 con·

128 4016 263 4064 tamruet.

207 4086 254 4144 18.
293 4080 404 4139 Verum
415 4079 525 4142 instant
538 4079 643 4156 adbuc,
663 4091 693 4140 et
704 4080 757 4143 sub
771 4079 922 4160 Apostolis
944 4083 1081 4151 usitatum
1101 4085 1191 4147 fuisse
1209 4089 1271 4152 tale

129 4169 233 4217 votum
263 4157 420 4218 ostendere
450 4169 609 4218 conantur:
642 4159 709 4237 quia
733 4158 841 4219 Paulus
867 4159 984 4239 viduas,
1037 4182 1092 4223 uae
1122 4165 1215 4225 semel
1237 4167 1271 4227 iu

129 4234 280 4313 publicum
305 4233 498 4296 ministerium
517 4245 654 4314 receptae
674 4234 838 4326 nuberent,
862 4236 985 4327 primam
1009 4182 1098 4299 iidem
1123 4240 1272 4323 abnegare

133 4310 213 4371 dicat
231 4313 270 4388 (t.
281 4309 358 4372 Tim.
371 4317 401 4387 d,
411 4312 482 4390 12).
521 4311 588 4394 Ego
607 4330 682 4373 reru
711 4311 769 4375 illis
797 4333 919 4373 mrnrme
943 4334 1044 4399 nego,
1063 4314 1174 4398 viduas,
1194 4339 1271 4400 quae
