2700 4732
108 211 169 275 m
485 176 854 267 mmmm

109 370 187 413 mam
207 348 330 430 adeptus
343 358 410 424 est,
437 357 473 407 nt
490 344 577 409 lieret
593 347 772 409 resurrectio
792 357 824 407 et
852 346 925 408 vita:
956 346 1064 407 merito
1094 346 1252 409 contendit

108 426 217 489 Paulus
236 425 378 486 abolitam
397 442 460 485 esse
479 423 585 500 fidem,
616 437 647 484 et
674 425 762 485 inane
788 423 933 503 fallaxque
952 422 1160 503 Euangelium,
1192 425 1260 485 nisi*

32 556 36 561 .
110 502 138 566 C
175 503 223 565 isti
241 501 418 562 resurrectio
438 500 577 561 cordibus
596 501 705 562 nostris
724 499 1071 576 sitinbxa(I.Cor.15‚
1091 500 1154 576 17.)
1174 498 1251 561 Ideo

111 578 150 641 alr
172 580 182 641 i
201 591 358 661 postquam
377 579 407 636 in
429 576 538 638 Christi
558 590 655 639 morte
675 576 810 638 adversus
829 576 1024 637 damnationis
1033 589 1163 635 terrores
1183 574 1252 658 glo·

111 656 202 717 riatus
222 667 276 729 est,
296 652 493 733 amplificandi
513 675 595 714 causa
615 653 695 713 addit
714 652 816 731 (Rom.
836 659 867 725 8,
885 655 964 730 34.):
991 653 1077 726 „lmo
1099 651 1176 711 idem
1197 653 1251 732 qui

111 743 266 808 „mortuus
298 739 342 789 est
371 730 541 803 resurrexit,
573 742 603 789 et
633 751 711 790 nunc
737 751 836 791 coram
855 731 924 789 Deo
947 749 1001 808 pro
1020 728 1107 787 nubis
1126 742 1251 807 apparet

112 807 313 884 „Mediator.“
350 804 469 864 Deinde
491 806 736 884 quemadmodum
755 817 841 866 antea
863 826 895 865 ex
918 806 1047 865 osuimus
1067 826 1100 864 ex
1116 826 1251 865 commu·

74 900 79 907 '
111 883 261 945 miratione
283 882 376 942 crucis
395 882 527 961 pendere
546 883 640 943 carnis
660 895 777 943 nostrae
796 827 1068 942 mortidiationem:
1092 881 1136 941 sic
1156 893 1188 941 et
1205 880 1250 941 al-

111 972 207 1035 terum
227 981 262 1018 ex
282 959 343 1019 eius
362 959 579 1035 resurrectione
601 959 802 1020 fructumuos
827 959 964 1018 obtinere
989 957 1030 1016 illi
1065 957 1250 1037 responden-

111 1048 172 1097 tem
188 1034 412 1115 intelligendum
433 1045 485 1094 est.
524 1035 621 1108 „Ideo
642 1035 732 1109 enim,
752 1035 847 1114 inquit
865 1033 1026 1113 Apostolus
1038 1033 1251 1111 (Rom.6,d.),

54 1124 57 1135 '
111 1112 315 1190 „similitudini
335 1110 439 1170 mortis
458 1110 520 1171 eins
541 1112 619 1172 insiti
637 1133 751 1184 sumus,
782 1122 815 1171 ut
865 1112 998 1190 articipes
1014 1110 1251 1185 resurrectionis,

50 1226 58 1245 s
112 1190 167 1267 „iu
188 1189 261 1247 ritae
283 1186 413 1247 novitate
434 1188 644 1267 ambulemus}⁶
702 1189 806 1266 ltaque
826 1133 911 1259 alibi,
938 1200 971 1244 nt
990 1200 1194 1266 argumentum
1214 1206 1250 1247 ex

113 1286 162 1338 eo,
181 1264 261 1344 quod
274 1263 393 1327 Cbritto
406 1285 503 1324 sumus
516 1266 703 1336 commortui,
723 1264 862 1335 deducit,‘
871 1262 1072 1323 mortificanda
1083 1282 1145 1322 esse
1155 1284 1249 1322 mem-

112 1341 165 1403 bra
185 1352 286 1400 nostra
304 1360 393 1419 super
413 1350 518 1401 terram
544 1340 627 1418 (Col.
646 1345 677 1412 3,
698 1345 755 1415 5.):
783 1341 822 1399 ita
843 1341 930 1400 etiam
951 1340 1019 1417 quia
1038 1360 1103 1399 cum
1125 1338 1248 1399 Christo
1285 1362 1288 1367 ·

111 1415 297 1491 surreximus,
317 1436 351 1475 ex
371 1434 408 1475 eo
428 1415 536 1491 insert,
566 1437 640 1495 quae
659 1438 773 1477 sursum
793 1427 860 1475 sunt
881 1415 965 1476 uobis
987 1435 1048 1475 esse
1069 1416 1249 1495 quaerenda,

1 1564 4 1573 Ι
111 1515 173 1559 non
193 1514 268 1573 quae
287 1504 500 1572 superterram
520 1493 603 1571 (Col.
623 1494 725 1567 3,1.).
766 1491 884 1566 Quibus
903 1491 999 1552 verbis
1020 1513 1079 1551 non
1092 1492 1248 1552 invitamur

112 1568 260 1643 duntaxat,
278 1568 412 1647 exemplo
432 1570 559 1630 suscitati
582 1568 718 1643 christi,
730 1569 764 1627 ad
784 1569 952 1629 sectandam
973 1569 1046 1628 vitae
1066 1570 1246 1629 novitatem:

110 1647 162 1708 sed
182 1645 245 1706 eius
262 1645 329 1705 lieri
347 1649 453 1705 virtute
474 1646 624 1718 docemur,
644 1658 677 1704 ut
693 1665 904 1725 regeneremur
930 1647 960 1704 in
981 1645 1129 1705 iustitiam.
1168 1645 1195 1703 T
1198 1663 1247 1703 cr-

111 1725 185 1784 tium
206 1741 325 1802 quoque
345 1741 380 1780 ex
399 1741 432 1782 ea
452 1722 578 1782 irnctum
592 1725 807 1801 consequimur,
826 1722 906 1801 quod
917 1721 1007 1781 veluti
1019 1733 1137 1813 accepta
1149 1721 1248 1795 arrha,

110 1799 206 1861 securi
226 1798 376 1857 reddimur
395 1799 432 1857 de
452 1811 551 1859 nostra
572 1798 700 1877 ipsorum
721 1799 952 1869 resurrectione,
984 1799 1066 1858 cuius
1086 1798 1161 1858 sllam
1183 1817 1248 1857 esse

20 1938 24 1948 ,
113 1874 303 1939 certissimam
323 1874 491 1955 hypostasin
512 1887 642 1936 constat:
661 1897 718 1954 qua
738 1876 775 1933 dc
796 1895 826 1933 re
868 1873 1248 1954 rolixinsdisputatLCor.

112 1959 160 2018 15.
181 1951 289 2011 Obiter
309 1964 405 2011 autem
426 1952 623 2029 annotandum
645 1963 704 2026 est,
735 1952 813 2030 quod
839 1896 947 2010 dicitur
974 1973 1016 2009 em
1033 1954 1184 2010 monuisse
1200 1972 1249 2011 re·

110 2030 293 2089 munisse.-
312 2042 368 2106 qua
388 2048 461 2087 voce
482 2040 512 2088 et
531 2028 634 2088 mortis
656 2039 686 2086 et
706 2027 927 2088 resurrectionis
946 2030 1051 2089 veritas
1067 2029 1248 2107 exprimitur,

111 2106 170 2167 acsi
190 2104 355 2179 diceretur,
388 2116 418 2163 et
442 2105 565 2164 eandem
589 2124 647 2195 qua
667 2105 774 2163 caeteri
795 2104 930 2165 bomines
950 2103 1122 2164 naturaliter
1142 2103 1247 2163 delun·

112 2193 234 2262 guntur,
254 2192 379 2239 mortem
399 2180 522 2254 obiisse,
548 2193 579 2240 et
597 2203 627 2239 ru
649 2180 761 2255 eadem,
789 2202 876 2260 quam
896 2181 1050 2241 mortalem
1069 2193 1247 2261 susceperat,

111 2278 199 2321 earne
218 2256 466 2316 immortalitatem
487 2258 641 2337 recepisse.
1077 2316 1085 2333 ,

187 2340 233 2398 14.
274 2332 492 2392 Resurrectioni
513 2355 573 2394 nou
593 2333 644 2394 abs
663 2352 696 2393 re
716 2332 882 2393 annectitur
906 2332 938 2393 iu
963 2329 1078 2394 coelum
1100 2353 1247 2394 ascensus.

110 2410 175 2471 Etsi
196 2410 280 2469 enim'
293 2408 416 2499 gloriam
436 2410 633 2501 virtutemque
652 2431 732 2470 suam
757 2409 891 2470 Christus
918 2410 1099 2500 resurgendo
1128 2408 1246 2488 plenius

110 2487 256 2547 illustrare
286 2498 401 2564 coepit,
431 2484 562 2564 deposita
587 2508 645 2545 ram
668 2486 781 2546 scilicet
803 2486 918 2547 abiecta
945 2497 977 2545 et
994 2486 1119 2621 ipnobsli
1139 2487 1245 2545 condi-

110 2564 194 2623 tione
213 2559 344 2621 mortalis
365 2562 442 2621 vitae
463 2574 493 2622 et
511 2561 604 2623 crucis
624 2562 798 2644 ignominia:
818 2584 869 2623 sua
889 2574 985 2623 tamen
1026 2562 1243 2621 emumiocoe·

109 2638 171 2699 lum
191 2639 359 2698 ascensione
380 2658 501 2719 regnum
521 2661 606 2699 suum
626 2659 694 2698 vere
715 2639 877 2718 auspicatus
897 2650 951 2698 est.
1001 2637 1094 2713 Quod
1111 2637 1249 2717 Aposto-¹

110 2715 156 2776 lus
176 2715 313 2787 ostendit,
334 2736 422 2792 quum
443 2715 531 2775 docet
549 2714 631 2774 illum
651 2716 813 2777 ascendisse
833 2727 865 2776 ut
885 2714 1021 2795 impleret
1034 2714 1133 2776 omnia
1150 2711 1243 2794 (pr.

108 2795 235 2868 4,10.);
261 2791 311 2850 ubi
332 2792 363 2851 in
383 2791 481 2870 specie
501 2792 713 2872 repugnantiae
738 2793 895 2867 admonet,
925 2791 1059 2872 pulcrum
1078 2811 1142 2865 esse
1166 2808 1245 2851 con-

108 2889 236 2942 sensum,
257 2868 323 2946 quia
342 2867 383 2929 sic
404 2867 525 2930 anobis
546 2869 686 2940 discessit,
705 2881 738 2928 nt
757 2870 818 2929 cius
839 2869 979 2929 discessus
999 2867 1086 2931 nobis
1101 2867 1245 2929 essetuti-

108 2943 167 3006 lior
187 2965 221 3003 ea
242 2945 421 3022 praesentia,
456 2964 530 3025 quae
554 2945 584 3004 in
605 2943 706 3004 bumili
726 2946 820 3005 cernis
840 2946 989 3006 domicilio
1009 2966 1040 3005 se
1059 2944 1246 3018 continebat,

131 3021 282 3100 nantisper
300 3021 330 3081 in
351 3022 435 3081 terris
455 3032 585 3082 versatus
605 3033 658 3081 est.
712 3022 817 3101 Itaque
838 3022 975 3095 loannes,
994 3022 1045 3081 ubi
1064 3022 1244 3099 praeclaram

108 3042 188 3157 illam
208 3097 409 3157 invitationem
431 3097 545 3169 retulit,
576 3097 693 3178 Siquis
714 3100 791 3171 sitit,
816 3098 916 3157 veniet
935 3099 970 3157 ad
990 3117 1054 3169 me,
1075 3109 1132 3156 etc.
1152 3096 1245 3156 subii·

108 3174 150 3233 eit
170 3174 301 3232 noudum
321 3173 408 3232 luisse
427 3186 497 3235 tuuc
525 3175 660 3234 fidelibus
692 3175 790 3234 datum
821 3174 979 3252 Spiritum:
1011 3172 1078 3251 quia
1109 3173 1243 3231 noudum

108 3248 289 3330 glorificatus
308 3262 371 3309 erat
390 3250 471 3311 Iesus
490 3250 552 3332 (lo.
572 3259 602 3327 7,
622 3254 694 3329 32).
734 3250 825 3324 Quod
847 3252 933 3309 etiam
951 3260 1074 3309 testatus
1095 3261 1139 3307 est
1158 3248 1246 3310 disci-

108 3325 185 3405 pulis
206 3325 266 3403 ipse
286 3324 432 3386 Dominus
456 3328 517 3407 (Io.
538 3334 586 3403 16,
607 3332 665 3403 7.):
704 3327 853 3406 „Expedit
877 3325 960 3385 vobis
985 3337 1018 3384 ut
1041 3325 1156 3385 abeam:
1189 3324 1246 3386 nisi

109 3403 187 3461 enim
211 3401 328 3474 abiero,
345 3402 479 3482 ¹Spiritus
498 3417 615 3464 sanetus
636 3427 696 3465 non
717 3409 844 3465 veniet.“
893 3402 957 3463 Cor
978 3401 1066 3461 oralis
1091 3422 1162 3462 vcro
1187 3403 1243 3461 ab·

17 3535 25 3553 ,
107 3477 220 3538 seratiae
238 3477 373 3537 solatium
394 3481 551 3563 proponit,
576 3481 654 3558 quod
677 3504 737 3541 non
758 3481 874 3541 deseret
893 3424 1035 3559 pupillos,
1059 3480 1108 3540 sed
1136 3480 1244 3539 iterum

108 3554 145 3615 ad
165 3573 217 3613 eos
237 3555 354 3628 veniet,
387 3555 523 3617 invisibili
548 3558 666 3635 quidem
686 3558 793 3629 modo,
824 3557 876 3617 sed
896 3558 984 3636 magis
1005 3557 1140 3635 optabili:
1175 3556 1243 3634 quia

107 3643 179 3691 tunc
200 3629 327 3690 certiore
347 3632 524 3709 experientia
551 3634 649 3693 cdocti
675 3646 757 3707 sunt,
788 3634 942 3712 imperium
969 3654 1027 3710 qno
1053 3632 1181 3712 potitur,
1212 3644 1244 3692 et

107 3727 193 3786 quam
214 3718 330 3767 exercet
348 3708 526 3785 potentiam,
546 3728 606 3768 non
627 3711 717 3769 modo
738 3711 773 3770 ad
795 3711 880 3769 beate
900 3710 1072 3782 vivendum,
1097 3709 1148 3769 scd
1176 3707 1243 3767 seli-

106 3785 183 3844 citer
212 3801 331 3861 quoqne
362 3784 545 3844 moriendum
576 3784 709 3846 fidelibus
738 3787 882 3846 sulficere.
939 3786 978 3844 Et
1011 3806 1080 3844 sane
1100 3785 1242 3860 videmus,

107 3871 220 3938 quanto
241 3860 380 3917 maiorem
401 3858 528 3938 Spiritus
554 3863 598 3922 sui
623 3861 829 3924 abundantiam
857 3874 919 3921 tum
943 3861 1098 3935 elluderit,
1129 3875 1242 3940 quanto

105 3935 341 4012 magnificentius
361 3941 484 4017 regnum
503 3959 587 3997 suum
608 3941 806 4016 promoverit,
832 3949 941 4018 quanto
967 3938 1108 3997 maiorem
1135 3951 1244 4016 puten-

105 4012 176 4071 tiam
196 4023 258 4070 tum
279 4012 309 4069 in
329 4010 497 4071 adiuvandis
516 4014 586 4086 suis,
606 4026 668 4074 tum
689 4015 718 4073 in
751 4014 882 4075 hostibus
907 4014 1075 4074 deiiciendis
1096 4015 1243 4074 extulerit.

84 4085 143 4147 .In
163 4087 279 4148 coelum
300 4106 372 4169 ergo
392 4087 534 4163 sublatus,
553 4110 607 4149 cor
629 4091 687 4150 oris
707 4091 751 4150 sui
772 4091 963 4170 praesentiam
984 4102 1174 4169 econspectu
1187 4112 1243 4151 no·

106 4174 169 4224 stro
188 4164 318 4225 smtulit:
341 4183 404 4224 uon
424 4176 457 4223 ut
475 4167 575 4226 adesse
617 4165 730 4227 delibus
751 4168 908 4242 desineret,
928 4168 977 4245 qui
998 4167 1091 4225 adbuc
1112 4167 1241 4226 interris

103 4240 380 4322 peregrinarentur,
411 4241 462 4301 sed
489 4255 522 4303 ut
547 4243 749 4322 praesentiore
767 4244 876 4304 virtute
895 4254 926 4303 et
945 4243 1061 4303 coelum
1081 4255 1113 4302 et
1133 4255 1241 4303 terrain

102 4328 232 4398 regeret.
283 4315 366 4391 Quin
387 4318 504 4398 potius,
524 4319 604 4399 quod
625 4318 771 4398 pollicitus
792 4333 851 4398 est,
882 4340 915 4383 se
934 4319 1065 4381 sutorum
1085 4321 1241 4382 nobiscnm
