2700 4732
470 187 546 249 tto.
565 185 620 249 lv.
659 185 749 250 ete.
768 185 827 249 ttt
1163 189 1228 257 212

89 331 282 412 respondeat,
313 332 345 393 id
370 343 430 407 est,
457 331 602 394 iniunctus
626 330 682 392 sihi
706 340 804 413 partes
828 330 966 411 suscipiat
990 340 1021 391 et
1038 341 1223 410 exsequatur.

89 411 154 469 Hoc
175 409 253 490 apud
272 409 395 470 Panium
414 409 647 469 animadvertere
665 410 781 499 saepius
800 407 884 468 licet:
903 407 955 487 qui
973 406 1026 468 ubi
1044 428 1129 468 suum
1137 406 1224 487 Apo-

89 484 225 547 stoiatum
245 485 307 546 vult
327 486 506 565 approbare,
539 507 604 545 cum
637 507 688 547 sua
713 505 744 543 m
768 504 891 544 munere
915 482 1056 546 obeundo
1080 482 1223 545 fidelitate

89 562 273 623 vocationem
293 581 409 640 semper
429 563 491 622 sere
511 562 627 642 aliegat
668 561 701 621 si
720 573 816 621 tantus
836 560 948 622 Christi
967 561 1102 622 minister
1120 571 1223 621 aucto·

89 640 204 698 ritatem
224 638 281 698 sibi
299 659 437 718 arrogare
457 659 519 698 non
540 640 644 711 audet,
663 648 696 697 ut
716 637 745 695 in
766 636 887 697 eeclesia
912 637 1063 711 audiatur,
1081 635 1137 697 nisi
1156 636 1224 716 quia

89 726 120 775 et
132 714 253 775 Domini
273 715 411 775 mandato
430 715 461 773 in
483 717 538 774 hoc
552 727 596 774 est
615 714 801 787 constitutus,
820 726 851 774 et
871 712 997 774 fidetiser
1017 716 1131 795 peragit
1141 711 1225 804 quod

89 789 144 853 sibi
164 791 348 851 commissum
368 804 426 851 est:
448 803 556 870 quanta
577 790 755 870 impudentia
770 791 835 865 erit,
847 789 870 849 si
883 789 1024 871 quispiam
1044 787 1223 865 mortalium,

89 880 217 946 utroque
236 867 285 928 rei
305 866 399 928 altero
419 868 541 928 istorum
562 867 734 940 destitutus,
762 866 906 927 eiusmodi
926 867 1071 927 honorem
1089 865 1146 927 sibi
1167 886 1223 945 po·

89 943 201 1005 stulet?
238 945 350 1003 Verum
370 945 439 1022 quia
460 944 495 1003 de
516 943 647 1003 obeundi
666 942 794 1003 muneris
815 943 987 1005 necessitate
1006 942 1139 1022 superine
1154 942 1223 1003 atti-

89 1019 194 1104 gimus,
213 1041 292 1080 nunc
313 1021 348 1079 de
368 1021 523 1080 vocatione
544 1032 657 1079 tantum
676 1040 803 1100 agamus.

165 1103 211 1162 11.
248 1097 319 1157 liius
350 1109 446 1156 autem
478 1096 614 1156 tractatio
648 1096 679 1155 in
705 1107 833 1175 quatuor
856 1107 1003 1163 certatura
1034 1095 1222 1173 nesciamus,

89 1171 189 1254 ppoles
207 1186 233 1232 et
251 1172 375 1252 qualiter
393 1187 420 1230 et
438 1195 458 1232 n
477 1171 578 1252 quous
604 1172 776 1232 instituendi
800 1172 859 1232 sint
877 1172 1016 1247 ministri,
1039 1184 1071 1233 et
1088 1193 1145 1252 quo
1162 1174 1223 1233 stes

89 1271 184 1329 quave
204 1251 372 1309 ceremonia
392 1249 534 1310 initiandi.
577 1249 625 1308 De
652 1260 769 1308 esterna
795 1261 825 1308 et
848 1249 977 1310 solleuni
995 1252 1151 1311 vocatione
1175 1249 1223 1310 lo·

110 1348 181 1400 uor,
206 1347 280 1406 quae
299 1327 335 1386 ad
356 1327 505 1419 publicum
527 1325 665 1385 ecciesiae
686 1323 819 1385 ordinem
839 1338 967 1406 spectat:
997 1347 1131 1387 arcanam
1150 1347 1222 1388 vero

89 1348 184 1476 iiiam,
210 1405 290 1463 cuius
309 1403 364 1463 siin
384 1407 506 1482 quisque
526 1403 657 1462 minister
675 1422 773 1462 coram
793 1400 861 1462 Deo
881 1401 1016 1463 conscius
1042 1415 1102 1476 est,
1127 1401 1224 1464 eccles·

89 1481 160 1540 siam
181 1491 284 1538 testem
304 1501 366 1539 non
387 1480 491 1552 habet,
516 1481 633 1540 omitto.
678 1478 732 1538 Est
756 1489 853 1539 autem
878 1479 990 1547 bonurn
1010 1480 1108 1540 cordis
1128 1479 1225 1541 nostri

89 1556 302 1630 testimonium,
322 1557 402 1635 quod
424 1576 520 1635 neque
535 1555 709 1631 ambitione,
729 1575 825 1635 neque
836 1556 966 1630 avaritia,
984 1574 1081 1635 neque
1091 1555 1149 1616 ulia
1168 1554 1224 1619 alia

89 1632 260 1769 eupiditate,
279 1633 330 1693 sed
350 1633 465 1697 siucero
486 1631 543 1691 Dei
562 1634 681 1704 timore,
700 1642 731 1691 et
749 1631 945 1692 aedificandae
965 1630 1105 1693 ecclesiae
1124 1633 1223 1695 studio

89 1707 129 1772 uis
143 1721 221 1769 atum
230 1730 335 1769 munus
347 1710 528 1788 recipiamus.
566 1709 601 1767 Id
615 1708 733 1788 quidem
752 1707 911 1789 unicuique
930 1719 1064 1769 nostrum
1083 1712 1131 1800 (ut
1142 1709 1226 1786 dixi),

89 1783 117 1845 ii
136 1785 269 1847 volumus
289 1787 481 1846 ministerium
503 1797 636 1846 nostrum
655 1785 724 1844 Deo
751 1784 931 1864 approbare,
955 1805 1150 1846 neceesarium
1170 1797 1224 1846 est.

89 1858 202 1925 Coram
223 1861 345 1923 ecclesia
363 1875 463 1922 tamen
484 1862 539 1922 rite
559 1861 750 1923 nihilominus
769 1874 889 1924 vocatus
909 1872 963 1936 est,
983 1861 1033 1942 qui
1053 1860 1128 1922 maia
1147 1882 1224 1922 con·

89 1939 213 2001 icientia
232 1958 269 1998 eo
290 1940 428 2013 accessit,
460 1939 552 1998 modo
576 1959 638 1998 non
666 1937 704 1998 sit
722 1951 822 2019 aperta
842 1939 904 2000 eius
923 1939 1066 2017 nequitia.
1116 1936 1225 1999 Solent

89 2015 179 2075 etiam
199 2014 297 2077 dicere
316 2016 352 2075 ad
372 2015 565 2076 ministerium
584 2027 708 2076 vocatos
728 2018 816 2075 etiam
836 2014 964 2094 privatos
984 2013 1130 2090 hominen,
1170 2036 1224 2083 uos

89 2103 174 2172 aptos
200 2102 229 2152 et
254 2092 378 2153 idoneos
405 2092 441 2153 ad
467 2092 497 2151 id
522 2091 692 2155 obeundum
717 2092 832 2152 vident:
867 2091 935 2184 quia
963 2091 1077 2153 scilicet
1095 2111 1147 2153 eru
1170 2093 1223 2155 itio

89 2168 249 2231 coniuncta
270 2190 336 2228 curn
361 2169 468 2248 pietate
489 2178 519 2228 et
544 2167 667 2247 reliquie
686 2168 758 2229 boni
777 2180 901 2248 pastoris
921 2168 1058 2241 dotibus,
1082 2169 1224 2248 quaedam

89 2246 127 2306 sit
146 2245 181 2305 ad
200 2244 295 2323 ipsum
315 2245 493 2325 proparatio.
538 2245 623 2319 Quos
645 2244 722 2305 enirn
746 2256 829 2306 tanto
850 2246 965 2305 muneri
985 2245 1141 2305 destinavit
1158 2246 1224 2308 Do·

89 2322 196 2396 minus,
216 2341 266 2381 eos
287 2323 367 2402 prius
387 2322 421 2382 iis
442 2320 527 2381 armis
547 2321 665 2383 instruit
700 2342 753 2382 uae
772 2322 809 2382 ad
829 2321 1011 2401 implendum
1023 2341 1056 2381 re
1079 2324 1225 2399 uirnntur,

89 2419 128 2459 ne
153 2398 254 2458 inanes
279 2409 309 2456 et
338 2398 471 2477 imparati
501 2397 629 2458 veniant.
711 2398 825 2459 ndeet
848 2397 955 2459 Paulus
988 2396 1026 2457 ad
1051 2343 1076 2459 ὃ

89 2474 131 2555 (Ι.
153 2477 339 2554 ep.1·2,7.),
365 2497 453 2554 quum
476 2474 540 2533 dei
563 2475 601 2534 sis
621 2474 724 2535 officiis
742 2475 832 2535 veliet
858 2474 1020 2556 disputare,
1046 2474 1124 2536 dona
1143 2476 1224 2555 prius
1305 2535 1311 2546 ,

89 2551 249 2626 recensuit,
269 2551 374 2629 quibus
401 2550 515 2631 poliere
535 2496 646 2611 debent
665 2553 715 2632 qui
735 2552 840 2613 officiis
865 2551 1038 2632 iunguntur.
1077 2551 1138 2612 Sed
1157 2555 1224 2645 quia

89 2626 150 2687 hoc
176 2641 220 2710 est
252 2627 375 2708 primum
409 2648 442 2689 ex
470 2638 598 2708 quatuor
628 2629 773 2710 capitibus
798 2648 870 2708 quae
900 2629 1061 2711 proposui,
1095 2649 1133 2689 eo
1166 2650 1225 2689 ram

89 2724 253 2784 pergamus.

168 2789 214 2845 12.
255 2779 363 2862 (irascier
383 2781 493 2859 eligere
513 2782 669 2860 episcopos
690 2781 802 2855 deceat,
821 2780 928 2842 Paulus
942 2779 1058 2841 duobus
1076 2780 1149 2843 locis
1170 2801 1224 2841 co·

89 2857 176 2937 piose
197 2860 363 2936 exsequitur
382 2859 458 2936 (tn.
471 2866 499 2933 1,
518 2867 545 2923 7.
572 2857 594 2917 I.
615 2860 642 2917 T
646 2860 693 2916 im.
713 2866 743 2931 3,
765 2863 817 2932 1.).
842 2858 962 2916 Summa
981 2868 1079 2917 tamen
1099 2857 1156 2918 huc
1175 2878 1225 2918 re·

90 2934 152 3006 dit,
176 2955 237 2993 non
259 2955 319 2994 esse
341 2935 508 3015 eligendos,
540 2936 593 2993 nisi
614 2935 664 3014 qui
688 2935 746 2994 sint
769 2953 856 2994 sanae
876 2933 1030 2993 doctrinae
1050 2945 1081 2992 et
1105 2946 1224 3003 sanctae

89 3012 177 3081 vitae,
197 3031 252 3069 nec
273 3011 371 3101 aliquo
395 3012 463 3070 vitio
486 3011 638 3085 notabiles,
659 3010 739 3090 qnod
760 3023 790 3070 et
807 3009 863 3071 illis
882 3010 990 3070 adimat
1009 3011 1225 3086 auctoritatem,

88 3100 121 3147 et
142 3086 302 3146 ministerio
323 3089 513 3167 ignominiam
533 3089 647 3147 asserat.
685 3087 732 3147 De
753 3087 880 3148 diaconis
891 3099 921 3147 et
940 3085 1108 3148 senioribus
1124 3087 1227 3149 similis

89 3183 211 3244 prorsus
237 3175 283 3223 est
306 3165 381 3229 ratio
408 3164 460 3245 [ci.
481 3183 544 3243 cap.
564 3172 591 3228 4.
617 3187 640 3225 s.
661 3163 820 3244 10-13.].
860 3163 1028 3224 Videndum
1046 3184 1163 3244 semper
1186 3184 1226 3224 ne

90 3241 128 3300 ad
142 3261 227 3313 onus,
247 3241 326 3319 quod
350 3242 404 3300 illis
426 3243 595 3319 imponitur,
615 3241 817 3301 sustinendum
837 3242 961 3321 impares
980 3239 1100 3302 sintsut
1120 3241 1226 3320 inepti,

90 3317 152 3376 hoc
184 3327 243 3389 est,
274 3329 306 3374 nt
337 3317 469 3376 instructi
495 3317 553 3377 sint
581 3318 615 3378 iis
642 3318 841 3392 facultatibus,
874 3336 949 3438 quae
978 3317 1014 3376 ad
1043 3318 1223 3398 implendum

89 3414 176 3453 suunt
197 3414 300 3452 munus
320 3407 408 3453 erum
427 3395 615 3454 necessariae.
666 3395 715 3453 Sic
736 3395 870 3454 Christus
900 3399 930 3474 ),
954 3413 1044 3473 quum
1062 3395 1226 3476 Apostolos

89 3469 230 3529 missurus
251 3482 341 3542 esset,
368 3492 418 3530 eos
439 3472 523 3530 armis
545 3483 574 3530 ct
593 3471 792 3531 instrumentis
812 3472 916 3550 quibus
936 3491 1037 3531 carere
1056 3492 1118 3531 non
1139 3482 1226 3551 pote·

89 3557 159 3604 rant
180 3547 341 3605 exornavit.
395 3547 556 3606 tirtamus
577 3548 691 3626 depicta
713 3547 836 3608 boniac
856 3548 917 3606 veri
938 3547 1069 3628 episcopi
1090 3546 1227 3628 imagine,

90 3621 284 3681 Timotheum
305 3621 445 3682 admonet
470 3643 507 3681 ne
527 3644 613 3702 quem
633 3623 669 3683 ab
691 3644 724 3683 ea
750 3623 877 3682 alienum
898 3623 1051 3714 eligendo,
1080 3645 1111 3682 se
1131 3625 1227 3704 ipsum

90 3702 284 3757 contaminet.
324 3699 507 3790 Partis-uiam
518 3700 652 3778 qualiter,
673 3722 733 3760 non
754 3701 791 3758 ad
812 3702 899 3759 ritum
912 3701 1050 3781 eligendi,
1069 3721 1168 3760 uerum
1190 3702 1226 3760 ad

1079 2398 1225 2461 orinthios

89 3772 264 3865 religiosum
285 3777 439 3849 timorem,
459 3800 507 3855 qm
528 3777 557 3835 in
579 3777 725 3837 electione
745 3777 903 3836 servandus
924 3789 978 3849 est,
998 3777 1107 3836 resero.
1147 3777 1228 3837 Hinc
1323 3845 1328 3855 Ι

89 3853 198 3911 iermna
220 3865 249 3911 et
269 3853 427 3924 orationes,
448 3853 553 3931 quibus
573 3875 640 3913 usos
662 3854 748 3915 inisse
768 3854 868 3913 fideles
888 3864 988 3913 narrat
1007 3854 1117 3928 Lucas,
1136 3875 1227 3934 quum

89 3928 281 4009 presbyteros
308 3942 443 3988 crearent
461 3933 542 4007 (Act.
563 3938 616 4003 14,
634 3934 706 4006 21).
755 3931 829 3990 Nam
855 3951 945 4008 quum
971 3929 1065 3992 intetti
1089 3945 1174 3990 erent
1195 3949 1233 3990 se

89 4025 155 4064 rem
180 4025 270 4085 agere
296 4006 427 4066 omnium
452 4007 574 4066 maxime
598 4007 718 4083 seriam,
748 4007 821 4067 nihii
850 4018 966 4067 tentare
997 3950 1146 4068 audeiant
1173 4007 1229 4070 nisi

91 4322 99 4372 Ι
133 4257 193 4375 'sig
208 4256 335 4379 Ipseqssi,
356 4259 396 4312 15.
415 4271 439 4309 et
455 4257 504 4320 21,
520 4260 561 4313 49.
601 4260 688 4328 Atque
705 4259 838 4329 deinceps:
862 4256 944 4312 Marc.
959 4259 992 4323 6,
1008 4260 1050 4316 15.
1084 4263 1230 4328 &21⁸3
