2596 4726
449 224 523 287 tto.
544 228 596 287 lV.
636 220 842 289 CAP.·llVli.
1152 228 1211 292 l-l'l

73 384 131 428 nec
148 367 213 446 ipse
232 368 352 448 ignoro,
373 389 459 450 quam
483 381 613 431 vetustus
641 373 679 431 sit
704 370 865 431 chrismatis
889 379 920 427 et
943 365 1153 428 exsufflationis
1176 364 1208 426 in

71 443 225 523 Baptismo
248 466 331 518 usus,
363 466 448 539 quam
473 467 534 507 non
560 446 650 528 longe
678 446 715 506 ab
740 458 834 506 aetate
863 442 1076 523 Apostolorum
1103 442 1208 503 Coena

72 518 195 579 Domini
213 531 290 580 tacta
309 520 447 603 rubigine
474 523 576 583 fuerit:
601 524 652 584 sed
677 522 787 584 isthaec
811 522 920 582 scilicet
945 521 1088 578 bumanae
1113 518 1209 579 conli-

73 595 192 655 dentiae
209 598 370 675 procacitas
390 612 451 674 est,
476 620 550 679 quae
571 620 601 659 sc
621 600 774 660 continere
799 599 917 677 nequit,
943 595 1014 687 quin
1039 615 1158 676 semper
1176 596 1211 655 in·

8 718 10 725 .
71 670 130 731 Dei
148 673 296 749 mysteriis
314 672 395 734 ludat
415 687 445 733 et
464 675 602 736 lasciviat.
640 677 784 736 Nosrero
803 674 1030 745 meminerimus,
1050 672 1124 729 tanti
1144 690 1208 731 esse

8 750 10 755 '
70 746 140 807 Deo
151 748 234 809 verbi
253 749 298 809 sui
311 740 520 823 obedientiam,
540 753 621 810 utin
642 772 675 812 ea
696 763 726 811 et
745 750 865 832 angelos
884 770 952 808 snos
973 759 1003 807 et
1023 747 1124 807 orbem
1138 748 1205 806 uni·

70 842 187 885 tersum
212 824 340 885 iudicare
370 848 425 887 nos
450 827 532 886 velit.
583 829 678 889 Porro
701 839 781 887 tanta
807 824 1037 886 ceremoniarum
1065 824 1207 905 congerie

69 898 214 961 facessere
232 901 326 975 iussa,
344 903 384 962 sic
404 903 597 964 administrari
616 905 818 964 decentissime
838 912 970 982 poterat,
995 900 1019 960 si
1038 900 1205 978 saepissime

69 986 102 1037 et
119 976 241 1059 singulis
259 976 295 1037 ad
313 979 465 1038 minimum
487 978 717 1041 bebdomadibus
738 976 955 1060 proponeretur
969 975 1124 1036 ccclesiae:
1144 975 1203 1035 ini-

69 1052 144 1112 tium
163 1065 260 1113 autem
283 1053 368 1114 fieret
392 1076 408 1113 a
434 1056 557 1134 publicis
582 1057 733 1136 precibus,
763 1057 921 1115 baberetur
953 1052 1058 1112 deiude
1082 1052 1202 1125 concio,

68 1138 134 1189 tum
160 1129 309 1204 minister,
338 1133 490 1211 proposito
525 1133 555 1190 in
586 1152 684 1192 mensa
714 1152 789 1213 panc
815 1144 845 1190 et
869 1132 957 1204 vino,
988 1129 1201 1189 institutionem

70 1203 195 1267 Coenae
213 1204 353 1266 referret:
379 1208 486 1267 deinde
503 1209 713 1288 promissiones
734 1219 892 1279 enarraret,
912 1225 987 1285 quae
1007 1205 1037 1264 in
1057 1225 1090 1264 ea
1115 1204 1201 1265 nobis

9 1348 11 1361 Ι
68 1279 190 1341 relictae
208 1293 289 1342 sunt:
308 1284 393 1344 simul
414 1304 579 1345 eosomues
598 1285 871 1355 excommunicaret,
892 1283 941 1361 qui
960 1280 1203 1372 interdictokDo·

67 1354 142 1414 mini
160 1354 198 1415 ab
218 1374 251 1415 ea
270 1370 423 1418 arcentur:
443 1373 544 1439 postea
566 1371 710 1433 oraretur,
730 1370 762 1419 ut
783 1381 838 1438 qua
852 1359 998 1419 Dominus
1018 1358 1201 1439 benignitate

66 1450 182 1492 sermm
202 1430 259 1492 boc
279 1432 448 1493 alimentum
468 1436 554 1493 nobis
574 1435 694 1517 largitus
715 1448 769 1508 est,
789 1456 843 1494 nos
862 1452 981 1513 quoque
1002 1434 1038 1491 ad
1058 1434 1087 1492 id
1107 1432 1199 1493 susci-

65 1506 207 1586 piendum
226 1509 284 1567 tide
304 1520 333 1568 et
352 1510 441 1568 animi
459 1511 636 1590 gratitudine
657 1511 786 1570 erudiret
805 1523 835 1569 et
854 1510 1010 1583 formaret,
1031 1520 1068 1568 et·
1080 1509 1200 1643 quaudo

65 1599 102 1642 ex
121 1583 209 1645 nobis
227 1603 289 1644 non
308 1607 417 1659 sumus,
436 1607 486 1646 sua
506 1587 706 1647 misericordia
727 1608 781 1647 nos
801 1588 908 1669 dignos
928 1587 1038 1645 faceret
1056 1595 1105 1643 tar
1126 1605 1199 1645 con·

65 1658 159 1719 rivio:
191 1659 237 1718 hic
261 1678 333 1721 vero
358 1673 408 1721 aut
434 1675 609 1722 caverentur
633 1662 741 1723 Psalmi
769 1675 819 1722 aut
844 1662 954 1740 aliquid
983 1661 1133 1742 legeretur
1156 1673 1200 1736 et,

65 1754 128 1816 qno
147 1734 245 1812 decet,
265 1738 369 1797 ordine
389 1738 488 1798 fideles
506 1741 695 1799 sacrosanctis
715 1738 806 1819 epulis
827 1738 1092 1807 communicarent,
1110 1735 1198 1804 minis

64 1811 133 1872 stris
164 1831 269 1892 panem
295 1812 498 1893 frangentibus
529 1827 558 1874 et
583 1815 696 1894 populo
726 1814 947 1894 praebentibus:
976 1811 1059 1872 linita
1083 1811 1208 1887 Coena,

64 1885 231 1949 exhortatio
254 1889 413 1950 baberetur
433 1892 468 1950 ad
488 1891 628 1951 sinceram
648 1891 735 1951 fidem
757 1904 787 1951 et
810 1891 878 1950 lidei
897 1888 1131 1962 confessionem,
1147 1889 1196 1949 nd

64 1965 217 2024 cariutem
248 1976 279 2025 et
301 1987 398 2026 mores
419 1967 591 2028 Christianis
616 1968 739 2048 dignos:
765 1979 915 2046 postremo
940 1966 1096 2046 gratiarum
1116 1965 1204 2027 a'ctio·

64 2038 241 2102 referretm:
271 2054 302 2102 et
326 2043 425 2105 laudes
450 2044 517 2105 Deo
538 2055 728 2105 canerentur:
758 2044 864 2124 quibus
888 2040 978 2104 finitis
1001 2040 1124 2102 ecclesia
1139 2041 1196 2102 ¹di-

61 2116 231 2178 mitteretur
249 2117 279 2178 in
299 2140 380 2200 pace.
888 2160 892 2168 ·
1097 2137 1100 2141 ’
1177 2156 1180 2161 -

140 2199 189 2257 at.
228 2194 314 2268 Quae
334 2197 371 2256 de
391 2197 581 2258 sacramento
608 2198 666 2258 boc
691 2198 829 2259 hactenus
854 2197 1053 2270 dissernimus,
1077 2193 1196 2275 abundo

61 2270 235 2347 ostendunt,
255 2292 315 2331 non
335 2274 498 2334 institutum
516 2275 584 2334 ideo
597 2274 695 2349 fnisse,
714 2288 747 2334 ut
765 2274 855 2334 semel
869 2272 1025 2353 quotannis
1044 2269 1195 2351 accipere-

60 2356 113 2405 tur
130 2342 220 2426 idque
241 2348 442 2427 perfunctorie
461 2356 508 2427 (ut
527 2372 605 2412 nunc
618 2351 911 2427 communitermoris
922 2352 991 2426 est),
1009 2366 1194 2426 rerumsquo
1229 2406 1234 2431 Ι

61 2421 214 2505 frequenti
232 2425 262 2485 in
282 2447 334 2485 ιιιιι
356 2427 528 2488 Christianis
548 2428 683 2489 omnibus
703 2440 794 2503 essct,
825 2439 859 2486 nt
885 2428 1031 2505 frequenti
1051 2424 1194 2487 memoria

60 2498 229 2579 passionem
250 2502 358 2562 Christi
378 2514 560 2582 repeterent:
586 2525 642 2583 qua
662 2505 870 2564 recordatione
891 2515 921 2562 et
941 2502 1027 2561 fidem
1046 2521 1126 2560 suam
1144 2520 1205 2561 sum

60 2576 208 2637 :timerent
226 2599 259 2637 ac
279 2579 471 2654 roborarent,
504 2592 534 2640 et
556 2601 620 2642 sese
644 2583 679 2641 ad
704 2581 920 2642 confessionem
944 2577 1042 2636 landis·
1053 2577 1121 2635 Deo
1141 2595 1203 2637 eam

60 2653 190 2713 neudam
225 2653 445 2735 bonitatemque
481 2661 542 2718 eius
579 2659 802 2738 praedicandam
840 2657 1056 2727 ornarentur,
1075 2662 1105 2710 et
1131 2670 1193 2740 qna

60 2739 214 2808 postremo
238 2743 366 2791 mutuam
391 2733 544 2794 caritatem
568 2734 682 2794 alerent
713 2746 743 2792 et
762 2733 817 2792 sibi
837 2731 922 2791 etiam
942 2731 1020 2787 inter
1038 2747 1069 2788 se
1087 2727 1190 2785 testifi-

61 2815 212 2881 carentur,
230 2808 311 2867 cuius
321 2810 454 2888 copulam
474 2810 503 2867 in
526 2812 636 2869 unitate
655 2812 789 2889 corporis
801 2808 909 2867 Cbristi
919 2805 1064 2885 riderent.
1103 2802 1190 2875 Quo·

58 2880 117 2942 ties
136 2882 214 2959 enim
239 2883 373 2964 symbolo
393 2887 526 2963 corporis
546 2886 667 2945 Domini
687 2885 946 2953 communicamus,
968 2878 1139 2938 velut-data
1159 2889 1191 2936 et

60 2969 182 3037 accepta
201 2969 320 3036 tessera,
338 2962 413 3021 alter
432 2964 515 3021 alteri
535 2982 588 3021 nos
599 2962 722 3022 vicissim
743 2959 952 3050 obstringimus
970 2957 1006 3016 ad
1027 2952 1193 3015 omnin-di-

58 3031 197 3095 lectionis
212 3035 319 3111 officia,
338 3051 371 3096 ut
391 3039 507 3118 nequid
528 3038 661 3098 admittat
678 3049 810 3098 nostrum
827 3035 979 3115 quispiam,
997 3052 1059 3124 quo
1069 3032 1191 3089 fratrem

59 3109 169 3185 laedat,
188 3131 227 3171 ne
246 3113 316 3192 quid
358 3116 627 3193 raetermitlat,quo
639 3134 705 3172 eum
725 3113 824 3172 iuvare
844 3106 1190 3192 prosequentiumue:

58 3185 191 3269 postulet
215 3201 245 3248 et
271 3136 389 3251 facultas
414 3193 551 3272 suppetit.
598 3190 701 3251 Talem
727 3190 814 3249 fuisse
838 3187 979 3248 ecclesiae
998 3183 1188 3265 Apostolieae

59 3276 157 3339 nsum,
175 3265 268 3327 Lucas
287 3267 316 3326 in
338 3269 418 3327 Actis
438 3279 664 3341 commemorat,
684 3288 771 3345 quum
792 3264 890 3325 fideles
911 3266 950 3322 ait
969 3271 1189 3343 perseverantes

59 3339 150 3402 fnisse
170 3341 202 3401 in
222 3342 355 3404 doctrina
373 3346 602 3424 Apostolorum,
626 3342 906 3411 communicatione,
933 3339 1075 3398 fractione
1095 3335 1188 3415 panis,

59 3427 92 3478 et
109 3418 295 3479 orationibus
315 3421 395 3498 (Act.
407 3424 519 3499 utu).
563 3421 613 3480 Sic
633 3442 647 3480 a
670 3420 776 3479 endum
797 3417 919 3477 omnino
939 3426 1072 3505 eratus-t
1091 3409 1187 3501 nullus

60 3492 202 3554 eeclesiae
221 3511 384 3556 conventus
408 3497 493 3556 lieret
515 3498 579 3556 sine
598 3440 704 3570 verbo,
737 3493 935 3564 orationibus,
965 3500 1189 3571 partiespstrnne

60 3568 185 3632 Coenae
203 3585 234 3632 et
253 3573 455 3709 elecmospnis.
494 3575 581 3633 Hunc
594 3585 623 3632 et
638 3573 713 3654 apud
728 3570 899 3633 Corinthios
920 3568 1006 3628 fuisse
1025 3561 1188 3626 institutum

59 3646 212 3723 ordinem,
239 3649 307 3709 satis
328 3670 360 3709 ex
406 3650 473 3710 aulo
497 3650 644 3710 coniicere
669 3649 750 3710 licet:
781 3659 810 3707 et
830 3645 926 3705 multis
946 3655 1048 3724 postca
1067 3637 1187 3700 saeculis

12 3744 14 3753 ·
58 3724 91 3784 in
110 3746 164 3786 usn
184 3723 273 3786 fuisse
296 3739 419 3787 constat.
457 3726 530 3786 Inde
552 3726 627 3785 enim
647 3736 760 3785 veteres
779 3722 821 3783 illi
840 3722 995 3793 Canones,
1013 3719 1187 3798 quos-Ana-

59 3798 139 3862 cleto
159 3813 189 3862 et
210 3802 322 3863 Calixto
342 3804 485 3875 tribuunt,
505 3816 537 3861 ut
556 3815 672 3882 peracta
690 3800 1034 3884 consecrationeomnes
1054 3812 1196 3881 ramur..

60 3876 174 3953 nitent,
194 3881 242 3958 qui
264 3881 414 3939 noluerint
433 3879 632 3939 ecclesiasticis
651 3898 750 3938 carere
770 3876 926 3936 liminibus.
963 3872 1195 3960 Etrnretustra·

61 3953 117 4016 illis
138 3955 319 4030 Canonibus,
338 3978 411 4035 quos
430 3956 642 4034 Apostolorum
661 3966 782 4028 vocant,
803 3953 935 4024 babetur,
956 3949 1016 4020 Qu:
1037 3962 1196 4035 non-perv·
1275 3957 1280 3973 ·

61 4043 199 4094 severant
217 4053 309 4110 usque
329 4035 362 4093 ad
386 4034 471 4091 inem
492 4045 522 4091 et
545 4052 653 4091 sacram
674 4030 909 4090 communionem
930 4045 991 4083 non
1011 4028 1188 4101 percipiunt,

60 4119 109 4169 tan
133 4128 199 4168 uam
218 4111 449 4198 inquietudinem
470 4107 606 4168 ccclesiae
626 4120 794 4180 moventes,
816 4101 1017 4189 corrigendos.
1036 4164 1039 4169 ¹
1067 4096 1102 4184 ‚¹¹¹
1122 4094 1188 4151 An·

60 4185 121 4245 tioc
143 4203 201 4244 eno
229 4194 313 4243 ettam
335 4186 471 4245 Concilio
498 4187 646 4244 decretum
676 4195 733 4256 est,
761 4194 795 4242 ut
821 4180 871 4259 qni
891 4177 1188 4263 ecclesiamurntrant,

60 4260 229 4343 Scripturas
247 4262 369 4321 audiunt
395 4272 426 4320 et
451 4282 467 4320 a
492 4261 699 4321 communione
715 4260 878 4329 abstinent,
894 4254 931 4316 ab
952 4249 1072 4345 eeclesia
1089 4263 1190 4336 remp.
1267 4294 1272 4301 ,

61 4348 202 4416 mm:
220 4335 316 4402 donee
334 4337 435 4402 vitium
455 4337 512 4402 boc
530 4336 735 4405 consuerint,
758 4332 851 4415 Quod
868 4341 987 4397 tameus
999 4319 1191 4389 ru-Concrlro
