2596 4726
133 189 190 249 tet
507 182 583 243 tle.
602 181 628 243 Ι.
667 183 757 246 CAP.
776 184 874 245 nvn.

133 324 200 463 puia
219 322 325 385 faelem
344 327 578 389 excandescentia
597 327 721 406 iratique
745 349 816 407 prae
834 347 867 389 se
886 326 1205 407 secernens-quoties
1220 330 1265 389 iar·

156 402 240 461 icium
262 414 389 462 exercet:
415 404 455 462 ita
475 426 529 463 nec
549 403 627 463 aliud
648 404 788 463 debemus
809 404 966 485 concipere
984 403 1040 463 crib
1062 404 1264 482 poenitentiae

133 477 295 553 vocabulo,
321 500 405 558 qnam
426 480 569 540 sactorum
594 483 804 551 mutationem,
829 480 896 559 qnia
914 480 1014 541 colent
1034 479 1173 543 homines
1190 480 1263 545 facta

132 577 183 617 cua
201 555 343 615 undando
362 559 461 615 testari
480 556 536 617 sibi
558 556 721 635 displicere.
762 556 912 630 Quoniam
933 576 1006 638 ergo
1026 556 1155 619 mutatio
1175 578 1263 637 qnae-

131 632 207 692 libet
231 634 307 689 iuter
332 630 479 704 bostrines,
510 633 655 693 correctio
681 633 743 692 eins
769 633 910 711 estquod
932 632 1082 725 displicet:
1116 634 1261 697 eorrectio

130 721 226 769 autern
238 727 272 766 ex
291 710 471 787 poenitentia
492 709 642 788 provenit:
661 708 729 770 ideo
749 730 804 789 per
820 709 1021 789 poenitentiae
1041 728 1155 783 nomen
1173 710 1261 845 signi·

131 784 249 857 licetur,
269 785 348 863 qnod
368 786 448 845 Deus
473 787 503 844 in
523 787 581 845 suis
600 786 739 865 operibus
764 797 872 845 mutat:
893 785 1010 845 interim
1031 804 1088 845 nec
1109 788 1259 847 concisum
1289 838 1292 849 .

130 860 173 922 illi
191 881 247 920 nec
265 859 401 920 voluntas
420 861 584 934 invertitur,
603 882 658 922 nec
678 862 801 922 allectus
821 874 1032 922 commutatur:
1052 861 1105 921 sed
1126 864 1208 942 qnod
1225 862 1259 923 ab
1289 892 1296 913 ι

130 950 252 998 aeterno
272 936 460 1016 providerat,
481 938 671 1017 probaverat,
691 938 876 1009 decreverat,
895 951 1042 1018 perpetuo
1061 950 1174 999 tenore
1191 960 1259 1023 prn-
1293 944 1296 971 ³

128 1016 271 1095 seqnitur,
290 1025 439 1093 utcunque
458 1027 599 1094 appareat
616 1015 712 1075 subita
733 1016 883 1075 bominum
904 1014 996 1076 oculis
1014 1016 1152 1076 varietas.

205 1096 252 1156 rt.
291 1089 353 1149 Nec
372 1112 450 1152 sacra
471 1092 604 1166 historia,
629 1092 696 1151 dum
716 1091 850 1153 Ninivitis
876 1092 1026 1152 remissurn
1054 1104 1156 1151 narrat
1181 1090 1258 1171 qood

128 1166 184 1227 iarn
204 1165 420 1247 promulgatum
442 1168 536 1228 luerat
556 1168 713 1240 excidium,
744 1180 774 1225 et
793 1167 937 1227 Ezechiae
960 1168 1064 1239 vitam,
1088 1168 1258 1229 denuntiata

128 1254 236 1315 morte,
255 1257 460 1379 prorogatam:
481 1246 551 1305 abeo
575 1257 619 1304 ata
639 1244 725 1304 fuisse
745 1244 803 1302 llei
822 1244 938 1305 decreta
957 1244 1097 1306 ostendit.
1137 1244 1201 1321 Qni
1217 1244 1257 1307 tit

128 1320 276 1392 sentiunt,
295 1319 326 1378 in
368 1264 617 1382 enuntiationibus
638 1322 866 1380 hallucinantur:
908 1339 962 1380 uae
982 1320 1099 1381 temetsi
1118 1320 1257 1401 simplici·

54 1458 64 1477 .
128 1394 354 1471 terallirment,
378 1399 495 1456 tacitam
516 1400 545 1457 in
566 1419 597 1459 se
618 1398 805 1457 nibilominus
825 1342 1027 1457 conditionem
1048 1398 1258 1459 contineret:
1292 1402 1296 1445 ῐ

127 1472 187 1531 line
206 1470 271 1552 ipso
290 1473 474 1555 intelligitur.
513 1474 576 1535 Cur
596 1475 671 1534 enirn
692 1475 727 1533 ad
745 1474 886 1533 Ninivitas
903 1474 1007 1533 Ionam
1025 1474 1174 1552 Dominus
1193 1472 1258 1533 nait·

126 1547 218 1621 tebat,
259 1548 288 1607 ni
308 1550 421 1610 ruinam
441 1551 521 1611 urbis
541 1552 741 1631 praediceret?
781 1550 843 1609 Cur
863 1551 1045 1629 perlesaiam
1066 1563 1193 1611 mortem
1212 1549 1257 1610 in·

127 1625 242 1687 dicabat
265 1626 413 1686 'zechiae'l
431 1628 554 1687 Poterat
567 1628 644 1686 enirn
664 1640 694 1687 et
714 1626 779 1686 illos
794 1638 825 1684 et
845 1627 921 1688 bunc
940 1628 1076 1707 perdere,
1095 1626 1257 1687 sineeladit

126 1702 241 1762 nuntio.
280 1703 368 1763 Aliud
381 1724 453 1786 ergo
472 1706 613 1784 spectavit
630 1726 715 1784 quam
737 1715 770 1761 ut
788 1703 891 1763 mortis
910 1724 979 1763 suae
999 1704 1124 1784 praescii
1135 1702 1256 1763 venien-

126 1790 186 1839 tem
211 1778 289 1840 illam
308 1781 422 1840 etninus
446 1792 611 1842 cernerent.
655 1780 799 1841 Nimirum
825 1801 886 1839 non
911 1780 1042 1860 perditos
1061 1779 1173 1853 voluit,
1196 1776 1257 1853 sed,

127 1876 166 1915 ne
185 1856 389 1936 perderentur,
409 1858 588 1918 emendatos.
627 1857 719 1933 Quod
740 1857 958 1935 ergoNinivern
978 1868 1047 1938 post
1065 1856 1175 1992 gundre
1198 1856 1257 1917 inte

128 1933 188 1993 dies
208 1933 348 1994 ruituram
369 1935 456 1995 lonas
477 1936 661 2008 vaticinatur,
682 1935 748 1994 ideo
768 1938 801 1993 lit
820 1954 858 1991 ne
878 1944 952 1993 ruat.
997 1932 1068 2007 Quo
1110 1932 1191 1993 Erec
1213 1931 1257 1993 ine
1294 1952 1296 1959 ·

125 2028 192 2087 spes
211 2010 286 2069 vitae
306 2010 449 2091 longioris
468 2012 654 2090 praeciditur,
674 2011 742 2069 ideo
763 2012 795 2070 lit
814 2021 848 2068 ut
867 2010 1032 2091 longiorem
1053 2010 1143 2069 vitem
1163 2008 1204 2071 im
1225 2026 1257 2069 e·

125 2096 194 2146 tret.
232 2085 307 2160 Quis
338 2086 395 2145 iam
421 2109 481 2149 nou
503 2089 597 2161 videt,
626 2088 786 2147 Domlvnrn
812 2088 954 2145 eiusmodi
978 2086 1202 2146 comminationi
1224 2104 1256 2145 na

125 2161 250 2223 voluisse
273 2164 307 2222 ed
329 2164 554 2243 resipiscentiam
575 2164 798 2243 expergefacere
819 2185 893 2240 quos
918 2162 1063 2235 terrebat,
1087 2174 1121 2220 nt
1140 2160 1256 2245 elinge-

125 2250 194 2297 rent
213 2237 291 2317 qnod
311 2241 438 2319 peccatis
457 2241 515 2301 suis
534 2241 630 2299 meriti
651 2251 735 2299 erent
754 2240 910 2299 iudicium?
934 2242 969 2300 Id
989 2240 1012 2299 si
1033 2238 1186 2315 convenit,
1205 2258 1255 2299 na-

126 2327 191 2373 tura
210 2334 309 2375 rerum
330 2336 366 2376 eo
386 2337 440 2376 nos
461 2316 552 2389 ducit,
572 2328 604 2376 ut
622 2317 651 2375 in
672 2316 796 2395 simplici
815 2316 1039 2377 denuntiatione
1051 2315 1256 2375 conditionem

125 2391 240 2450 tacitam
260 2392 472 2455 subaudiamus.
517 2392 608 2467 Quod
632 2392 718 2452 etiam
739 2394 929 2453 confirmatur
947 2391 1087 2453 similibus
1107 2388 1255 2473 exempl'ma

124 2466 296 2528 Abimelech
317 2488 416 2550 regem
435 2470 598 2549 corripiens
609 2470 764 2544 Dominus,
783 2471 862 2549 qnod
876 2470 1012 2529 Abrahae
1031 2490 1112 2527 suam
1132 2476 1253 2529 uxorem
1292 2508 1296 2517 ·

125 2543 295 2618 sustulisset,
312 2545 354 2603 bis
365 2546 464 2606 verbis
477 2552 568 2605 utitur
579 2546 673 2625 (Gen.
685 2555 733 2621 ⁶20,
744 2550 804 2625 3.):
825 2549 922 2621 „Ecce
935 2559 965 2607 tu
978 2546 1113 2606 morieris
1130 2556 1269 2626 propter.

125 2620 276 2679 mulierem
296 2644 382 2712 quam
403 2624 552 2703 accepisti:
574 2637 618 2683 est
638 2625 714 2682 enim
734 2625 797 2684 viro
818 2625 944 2683 iuncta.“
975 2623 1135 2701 Postquam
1157 2636 1263 2701 autem¹

118 2696 173 2763 ,ilie
183 2712 335 2771 excusavit,
355 2703 383 2759 in
406 2700 482 2759 huuc
499 2700 617 2760 modum
638 2699 783 2779 loquitur:
805 2700 957 2775 „Restitue
977 2719 1096 2759 uxorem
1107 2697 1190 2759 viro:
1210 2708 1254 2759 eat

125 2775 202 2833 euim
224 2774 382 2856 propbeta,
402 2788 433 2836 et
452 2777 549 2837 orabit
570 2798 623 2857 pro
645 2789 673 2837 te
694 2790 726 2836 nt
746 2779 829 2837 vivas.
870 2778 922 2835 Sin
943 2776 1054 2847 minus,
1074 2775 1150 2834 scito
1172 2772 1252 2855 quod

123 2852 279 2912 moriendo
303 2853 439 2914 morieris
459 2865 508 2929 tu,
541 2866 571 2912 et
600 2858 698 2913 omnia
723 2876 796 2933 qrrne
830 2853 948 2912 bebes.“
989 2850 1079 2911 Vides
1104 2851 1252 2933 ulprimn

124 2928 220 2989 edicto
240 2928 442 2989 vehementius
461 2932 522 2990 eius
542 2932 668 2990 aninmm
680 2932 838 3004 concutiat,
858 2951 917 3009 quo
936 2928 1127 2990 satisfactioni
1148 2926 1254 2993 reddat

122 3007 281 3065 intentum:
301 3006 394 3067 altero
414 3021 510 3067 antem
523 3007 702 3068 voluntatem
724 3007 832 3086 liquide
851 3028 930 3067 snam
944 3003 1086 3085 explicet?
1120 3002 1251 3077 Quando

122 3081 220 3141 similis
241 3095 284 3141 est
303 3083 426 3143 aliorum
447 3084 580 3146 locorum
600 3086 685 3158 ratio,
705 3104 742 3143 ne
757 3106 790 3143 ex
810 3084 863 3144 illis
876 3084 983 3143 inseras
995 3082 1151 3161 quicquam
1163 3080 1252 3141 luisse

124 3159 215 3237 priori
234 3159 357 3219 Domini
376 3159 500 3220 consilio
521 3162 705 3240 derogatum,
725 3161 791 3240 quia
812 3161 889 3239 qnod
911 3158 1164 3239 promulgaverat,
1185 3157 1252 3217 irri-

122 3248 184 3293 tum
204 3235 316 3294 lecerit.
355 3237 439 3296 Viam
469 3238 545 3297 enim
572 3240 671 3315 potius
695 3250 831 3297 aeternae
855 3257 924 3297 sune
944 3234 1125 3294 ordinationi
1144 3234 1252 3295 sternit

120 3310 277 3381 Dominus,
295 3334 384 3391 quum
403 3334 529 3391 poenam
541 3314 750 3386 denuntiando,
770 3313 806 3372 ad
827 3314 1052 3391 resipiscentiam
1065 3323 1169 3371 monet
1187 3330 1252 3389 eos,

40 3395 48 3413 ⁸
121 3386 227 3464 quibus
246 3387 307 3448 vult
326 3410 464 3467 parcere,
487 3412 572 3469 quam
593 3392 742 3449 voluntate
762 3388 915 3468 quicquam
939 3392 1046 3463 veriet,
1071 3408 1104 3445 ec
1131 3408 1170 3446 ne
1188 3408 1251 3448 ser·

120 3482 211 3521 ntorre
230 3464 361 3542 quidem:
387 3467 441 3526 nisi
462 3468 540 3546 quod
561 3467 722 3527 svllebetirn
747 3487 807 3524 non
830 3488 861 3523 en
872 3466 963 3525 nituit
982 3464 1062 3544 quod
1083 3464 1250 3547 intelligere

120 3551 217 3601 brrrren
253 3556 421 3622 promptum
447 3558 498 3603 est.
551 3534 584 3604 Si
611 3544 727 3622 quidem
756 3542 827 3599 illud
875 3543 967 3600 eseiae
1000 3562 1118 3599 manere
1148 3563 1250 3601 verum

120 3633 243 3703 oportet
260 3622 331 3697 (les.
351 3628 403 3691 tt,
422 3624 501 3696 27.):
523 3621 687 3695 „Dominus
712 3620 889 3677 esrrcitunnr
920 3619 1108 3693 deliberavit,
1128 3630 1159 3677 et
1185 3618 1250 3699 quit

120 3702 233 3783 poterit
253 3698 428 3761 dissolvere?
446 3719 547 3760 manua
567 3699 629 3758 eius
649 3708 773 3771 extento,
793 3708 823 3755 et
844 3699 906 3776 quis
925 3709 1037 3757 avertet
1056 3694 1159 3757 eeml“
