2700 4732
489 192 563 253 ttss.
586 193 641 253 llf.
683 196 771 255 ljilP.
792 193 889 253 nvn.
1211 201 1256 263 ω

114 337 197 418 poris
222 332 349 417 ainplam
381 337 539 397 insultandi
563 340 713 399 materiam
744 339 792 399 liic
822 357 853 410 se
885 336 996 397 habere
1026 348 1139 417 putant.
1177 338 1256 401 Nam

113 435 205 494 qnnrn
226 414 370 487 dicamus,
396 426 492 475 erecta
519 416 586 475 fidei
607 417 712 476 iustitia
733 416 838 477 cadere
858 433 983 494 operum
1008 414 1255 494 iustificationem,

112 490 221 550 eodeni
241 490 305 549 iure
324 504 577 584 argumentantur,
598 493 631 553 Si
653 513 686 552 er
698 514 717 552 o
741 490 969 564 eribnsiustitia‚
989 500 1062 573 ¹ergo
1084 491 1187 551 falsum
1201 506 1254 570 est,

112 587 170 627 nos
194 566 259 628 sola
278 567 337 627 fide
356 568 514 628 iustificari.
561 571 603 629 Ut
627 572 692 629 dein
713 515 801 651 Degis
827 579 984 648 praccepta
1004 568 1102 628 vocari
1121 568 1256 643 iustitias,

111 642 186 705 nihil
205 645 327 704 mirum:
348 658 416 705 sunt
435 647 512 706 enim
534 667 566 705 re
586 668 663 707 vera.
704 647 882 725 Quanquam
901 644 1043 704 monendi
1064 646 1255 705 suutLecto-

111 738 172 797 res,
192 718 324 780 Graecos
344 743 446 801 parunt
463 735 530 804 apte
542 745 644 783 vocem
665 722 830 783 hebraicam
841 720 985 783 Chnkhim
997 722 1119 782 vertisse
1137 721 1255 779 δικαιώ-

110 816 189 872 ματα
226 818 261 859 ro
281 796 388 857 edictis.
427 799 665 861 Devoeetarnen
686 800 771 859 facile
791 800 873 861 litem
893 799 1023 858 remitto.
1061 799 1167 878 Neque
1179 820 1254 861 rere

111 872 171 935 hoc
212 894 369 956 enegamus
380 875 455 955 Legi
474 877 541 951 Dei,
563 878 632 956 quin
653 878 812 956 perfectam
833 874 972 936 iustitiam
993 879 1155 935 contineat.
1182 875 1255 938 ‘Ta-

111 950 199 1033 rpetsi
219 952 313 1025 enini,
343 953 409 1031 quia
430 952 580 1013 debitores
601 976 698 1014 sumus
719 953 851 1013 omniunt
871 972 947 1032 quae
972 953 1131 1032 praecipit,
1163 953 1253 1014 etiam

112 1026 202 1107 plena
224 1028 285 1087 eius
305 1028 475 1089 obedientia
495 1030 642 1105 defuncti,
672 1031 747 1091 servi
780 1029 898 1090 inutiles
923 1050 1034 1088 sumus:
1067 1029 1134 1120 quia
1154 1041 1254 1090 tamen

112 1122 179 1163 cani
199 1104 315 1166 bonore
335 1107 461 1166 iustitiae
481 1107 627 1167 Dominus
649 1108 785 1187 dignatus
807 1118 865 1179 est,
889 1126 951 1166 nen
972 1104 1150 1167 detrahimus
1171 1107 1254 1186 quod

111 1178 165 1240 ille
185 1180 275 1244 dedit.
326 1183 466 1241 Fatemur
491 1204 564 1264 erge
591 1184 733 1256 libenter,
764 1183 926 1244 absolutam
944 1182 1034 1263 Legis
1053 1182 1253 1245 obedientiam

111 1274 177 1317 esse
195 1255 350 1317 iustitiam:
375 1261 505 1319 mandati
525 1261 751 1339 uniuscuiusque
772 1260 1025 1332 observationem,
1045 1278 1108 1319 esse
1127 1258 1254 1320 iustitiae

108 1344 243 1414 partem:
278 1335 422 1414 siquidem
447 1337 479 1396 in
503 1338 623 1416 reliquis
643 1340 730 1396 etiam
755 1337 887 1418 partibus
912 1348 975 1397 tota
994 1335 1122 1397 iustitiae
1142 1358 1254 1398 summa

109 1422 240 1471 constet.
289 1412 350 1471 Sed
381 1426 493 1472 exstare
523 1436 643 1492 usquam
678 1413 766 1473 talem
798 1413 926 1474 iustitiae
951 1413 1075 1473 formam
1103 1433 1252 1494 negamus.

107 1483 212 1567 Atque
231 1486 301 1547 ideo
319 1488 409 1570 Legis
429 1491 567 1549 iustitiam
588 1490 732 1563 tollimus,
765 1512 826 1550 non
848 1490 927 1569 quod
952 1510 1054 1549 manca
1081 1509 1135 1569 per
1157 1510 1188 1549 se
1215 1494 1254 1551 sit
1288 1536 1290 1541 .

109 1582 146 1623 ac
165 1564 282 1624 mutila:
307 1566 357 1625 sed
379 1567 459 1644 quod
485 1567 525 1625 ob
552 1569 647 1627 carnis
668 1581 785 1628 nostrae
807 1567 987 1626 debilitatem
1008 1587 1150 1645 nusquam
1171 1588 1253 1626 coin-

109 1653 222 1733 pareat.
260 1643 352 1720 atqui
379 1664 440 1702 non
467 1644 557 1704 modo
582 1657 738 1724 praecepta
763 1644 885 1703 Domini
911 1644 964 1702 sini
987 1642 1081 1702 liciter
1101 1642 1254 1722 Scriptura

111 1718 236 1777 iustitias
255 1730 356 1778 vocat:
376 1722 427 1779 sed
440 1720 581 1800 operibus
603 1742 722 1812 quoque
742 1732 910 1780 sanctorum
930 1664 1034 1778 tribuit
1055 1718 1112 1778 hoc
1133 1739 1252 1779 nomen.

113 1792 157 1853 Ut
174 1816 265 1874 quum
285 1795 455 1855 Zachariam
482 1809 512 1856 et
532 1798 593 1855 eins
615 1819 772 1879 coniugem
792 1797 885 1856 refert
903 1795 1064 1857 ambulasse
1085 1797 1116 1853 in
1137 1796 1252 1858 iustitiis

108 1868 235 1931 Domini
256 1872 343 1950 (Luc.
363 1881 397 1948 1,
417 1876 475 1952 6.):
500 1895 570 1933 sane
597 1875 665 1933 dum
685 1875 725 1934 ita
747 1874 892 1953 loquitur,
919 1892 1010 1966 opera
1030 1874 1120 1954 magis
1142 1893 1175 1932 ex
1194 1873 1253 1931 Le·

132 1946 141 1962 ⁰
175 1959 279 2008 natura
301 1950 435 2009 aestimat
456 1972 542 2030 quani
569 1951 689 2031 propria
710 1953 841 2031 ipsorum
862 1950 1045 2011 conditione.
1088 1952 1129 2009 Et
1153 1972 1252 2011 rursus

109 1967 396 2102 bibobservandnm
424 2030 504 2106 qued
533 2049 628 2107 nuper
654 2029 728 2101 diiii,
760 2049 793 2086 er
823 2027 936 2088 incuria
956 2027 1056 2109 graeci
1082 2026 1253 2105 interpretis

109 2122 174 2163 rien
195 2121 258 2162 esse
277 2104 461 2163 statuendam
481 2105 601 2185 Legem.
641 2105 702 2164 Sed
723 2105 790 2185 quia
811 2104 904 2166 Lucas
924 2105 956 2164 in
976 2112 1096 2181 tecepta
1116 2104 1252 2163 versione

109 2178 186 2239 nibil
212 2189 327 2238 mutare
346 2180 458 2257 voluit,
491 2202 589 2258 neque
610 2202 667 2262 ego
695 2182 880 2241 contendam.
920 2181 1001 2242 Deus
1023 2182 1099 2239 enim
1122 2199 1252 2258 eaquae

108 2256 194 2339 Lege
213 2257 405 2316 continentur
425 2258 570 2316 mandavit
590 2258 758 2318 hominibus
776 2259 808 2316 in
829 2259 983 2331 iustitiam,
1012 2256 1063 2316 sed
1085 2276 1147 2315 eain
1167 2257 1253 2316 iusti-

108 2334 180 2395 tiam
200 2353 262 2392 non
283 2336 466 2413 exsequimur
485 2335 541 2394 nisi
561 2347 652 2394 totam
668 2336 779 2416 Legem
800 2334 1001 2395 observando:
1022 2332 1153 2412 qualibet
1173 2335 1251 2393 enim

108 2411 344 2492 transgressione
371 2412 578 2489 corrumpitur.
631 2412 732 2485 Quum
753 2432 825 2491 ergo
846 2412 906 2471 Lex
932 2411 1005 2471 nihil
1026 2410 1079 2470 nisi
1113 2411 1253 2471 iustitiam

109 2487 300 2568 praescribat,
320 2488 342 2546 si
363 2488 394 2545 iii
415 2488 505 2566 ipsam
526 2488 707 2568 respicimus,
729 2489 853 2549 iustitiae
873 2501 942 2549 sunt
960 2486 1074 2569 singula
1087 2486 1147 2548 eius
1168 2508 1252 2547 nian-

111 2565 194 2624 data:
212 2566 235 2624 si
258 2564 390 2623 homines
410 2577 573 2642 spectamus
591 2566 724 2643 aquibus
746 2567 828 2638 hunt,
850 2567 975 2625 iustitiae
997 2565 1110 2623 laudent
1132 2565 1251 2623 minime

109 2651 335 2721 consequuntur
360 2662 392 2698 ex
419 2663 479 2701 uno
501 2661 608 2720 opere,
639 2645 669 2702 in
697 2643 795 2703 niiiltis
824 2655 1070 2724 transgressores,
1101 2653 1130 2700 et
1156 2662 1188 2699 ex
1214 2661 1251 2700 eo

111 2738 204 2797 opere
226 2718 304 2796 quod
327 2717 422 2796 aliqua
448 2738 564 2798 semper
584 2739 617 2777 er
638 2732 722 2799 parte
742 2733 867 2803 propter
887 2719 1142 2798 imperfectionem
1162 2718 1251 2778 vitie-
1339 2782 1343 2793 ,

112 2816 176 2854 suni
198 2807 249 2853 est.

190 2875 231 2947 St¹
257 2870 315 2930 Sed
336 2872 423 2931 venio
445 2870 480 2930 ad
501 2872 660 2931 secundum
681 2892 774 2951 genus
790 2872 842 2948 (cf.
856 2872 919 2930 init.
932 2893 953 2930 s.
967 2873 1021 2944 ἱ),
1041 2871 1071 2928 iii
1092 2891 1150 2948 quo
1165 2891 1250 2949 prae-

111 2949 198 3028 cipua
219 2959 261 3007 est
280 2949 445 3007 difficultas.
485 2949 566 3007 Nihil
588 2950 677 3028 magis
699 2950 811 3007 funium
834 2947 922 3006 babet
935 2946 1041 3007 Paulus
1062 2947 1097 3006 ad
1120 2949 1250 3023 proban-

112 3026 178 3086 dam
198 3025 265 3084 fidei
285 3026 440 3100 iustitiam,
473 3048 560 3105 quani
582 3027 660 3104 quod
683 3026 719 3085 de
738 3024 887 3085 Abraham
917 3024 1071 3096 scribitur,
1101 3024 1186 3083 liileni
1207 3023 1250 3083 illi

109 3124 189 3163 suam
210 3122 266 3181 pro
288 3102 395 3161 iustitia
415 3103 584 3182 imputatam
608 3104 695 3162 luisse
712 3102 813 3181 (Rom.
826 3111 855 3176 4,
868 3110 896 3164 3.
920 3101 987 3160 Gal.
1006 3108 1035 3174 3,
1055 3101 1108 3177 6.).
1148 3101 1250 3175 Quum

110 3200 184 3260 ergo
206 3179 315 3237 editum
337 3180 447 3238 lacinus
468 3202 483 3238 a
505 3181 632 3239 Phinees
660 3181 832 3259 imputatum
865 3179 905 3237 illi
932 3180 1019 3237 fnisse
1046 3178 1080 3236 ad
1112 3177 1249 3239 iustitiam

109 3257 229 3315 dicatur·
255 3256 351 3332 (Psal.
372 3262 444 3330 ltili,
467 3264 513 3321 30.
534 3269 564 3315 et
588 3258 666 3331 31.):
700 3258 779 3335 qunil
806 3258 842 3316 de
868 3257 926 3313 fide
952 3255 1107 3316 contendit
1132 3253 1250 3324 Paulus,

108 3333 214 3393 licebit
233 3333 320 3394 nobis
346 3333 382 3391 dc
404 3335 544 3412 operibns
571 3335 749 3393 ratiocinari.
802 3333 932 3393 Proinde
964 3331 1121 3392 adversarii
1146 3333 1251 3404 nostri,

108 3411 191 3490 quasi
212 3430 245 3468 re
266 3412 376 3483 evicta,
408 3412 593 3470 constituunt
619 3431 672 3470 nos
693 3411 810 3489 quidem
836 3414 905 3472 sine,
925 3408 983 3468 lide
1009 3430 1071 3468 nori
1092 3408 1251 3479 iustificari,

107 3488 160 3548 sed
187 3507 284 3565 neque
316 3508 370 3565 per
398 3508 460 3545 cani
492 3488 639 3547 iustificari
670 3490 777 3548 solarii:
810 3509 900 3567 opera
928 3506 990 3545 esse
1015 3506 1089 3564 quae
1113 3486 1251 3544 iustitiam

107 3575 240 3624 nostram
262 3565 415 3642 impleant.
465 3565 529 3643 Ego
558 3565 605 3624 bic
628 3565 692 3642 pios
714 3565 866 3640 obtestor,
900 3575 933 3622 ut
956 3562 1097 3627 siveram
1123 3561 1250 3621 iustitiae

107 3639 241 3721 regulam
264 3661 297 3699 ex
320 3642 383 3700 sola
404 3642 554 3720 Scriptura
580 3643 736 3721 petendam
763 3652 888 3712 norunt,
921 3659 1035 3699 mecum
1063 3639 1116 3697 reli
1140 3638 1200 3696 iose
1220 3649 1251 3696 et

108 3720 188 3778 serio
216 3719 397 3808 expendant,
423 3718 573 3797 quomodo
597 3719 662 3776 Seri
686 3732 749 3777 tura
769 3739 867 3777 secum
889 3717 948 3808 ipsa
976 3716 1039 3775 sine
1063 3656 1171 3774 cavillis
1195 3715 1251 3773 rite

108 3793 264 3854 conciliari
284 3797 386 3873 possit.
434 3796 534 3869 Quum
555 3796 643 3853 sciret
661 3742 785 3868 Datilus,
809 3795 878 3853 fidei
902 3784 1137 3852 iustificationehi
1156 3791 1251 3850 suffu-

108 3871 192 3952 gium
213 3890 275 3929 esse
297 3872 345 3944 iis,
371 3872 420 3950 qui
441 3872 559 3951 propria
579 3871 687 3932 iustitia
709 3872 899 3931 deficiuntur:
920 3870 1065 3929 audacter
1077 3867 1183 3940 infert,
1205 3868 1250 3926 iu-

108 3947 187 4007 stitia
209 3968 333 4026 operum
355 3949 484 4011 exclusos
506 3951 674 4028 quicunqne
692 3951 747 4008 fide
768 3949 968 4008 iustificantur.
1009 3944 1159 4017 Quoniam
1178 3965 1250 4004 vere
1281 4003 1284 4008 .

109 4035 227 4083 constat
247 4027 378 4083 omnium
399 4026 476 4085 illam
499 4047 560 4085 esse
581 4028 709 4085 fidelium
731 4047 934 4099 communem,
955 4044 987 4082 ex
1008 4043 1044 4081 eo
1066 4021 1127 4100 piri
1148 4021 1252 4080 fiducia

110 4102 267 4160 constitnit
288 4102 427 4180 operibus
448 4104 597 4162 neminem
618 4104 781 4163 iustificari:
815 4103 886 4180 quin
907 4099 998 4180 magis
1018 4109 1137 4168 contra,
1167 4096 1250 4157 nullo

108 4196 234 4257 operum
247 4179 425 4240 adminiculo
444 4180 603 4240 iustificari.
643 4181 703 4239 Sed
722 4179 800 4239 aliud
815 4190 864 4238 >est
881 4179 1041 4259 disputare,
1058 4173 1128 4252 quid
1148 4193 1202 4309 per
1220 4194 1252 4232 se

109 4252 229 4314 valeant
243 4277 344 4334 opera,
365 4257 516 4335 aliudque
537 4257 606 4318 loco
629 4257 859 4338 peststabilitani
880 4254 948 4314 fidei
967 4251 1106 4312 iustitiam
1117 4250 1153 4309 ba
1177 4250 1251 4310 enda
1344 4300 1347 4307 .

109 4331 177 4391 sint
231 4332 263 4392 Si
283 4334 425 4413 operibus
444 4336 629 4397 statuendum
650 4347 694 4396 cst
714 4354 770 4414 pro
791 4332 935 4417 dignitate
954 4350 1005 4393 sua
1030 4328 1181 4409 pretium,
1205 4327 1250 4387 in-
