2700 4732
106 167 167 241 [284
252 195 270 237 χ
495 166 572 242 ΠΒ.
591 166 633 229 lt
672 165 761 229 CAP.
780 166 825 227 X.

178 330 227 370 um
246 310 506 390 populomscuius
525 311 672 389 Dominus
689 324 735 374 est
752 312 848 385 Deus:
870 311 983 370 beatam
1024 317 1132 380 entem,
1150 308 1239 383 quain

106 409 138 457 ru
159 382 368 447 haereditatem
387 387 443 447 sibi
463 386 567 469 elegit:
598 409 653 448 nec
679 400 815 449 terrenae
834 388 951 467 quidem
972 327 1117 446 felicitatis
1137 381 1240 464 gratia,

106 464 159 527 secl
179 464 317 544 quoniam
338 482 354 523 a
373 475 471 523 morte
491 466 587 545 eripit,
607 478 751 544 perpetuo
772 475 935 540 conservat,
956 474 1133 538 aeternaque
1152 458 1239 516 mise-

109 540 236 603 ricordia
254 542 454 620 prosequitur,
473 562 548 618 quos
567 542 596 599 iu
616 541 758 620 populum
778 542 939 621 assumpsit.
983 534 1241 612 Quemadmodum

107 618 159 687 est
171 616 249 696 apud
268 615 341 676 alios
362 616 525 696 Prophetas
544 618 673 692 (llabac.
685 624 714 691 1,
732 625 778 682 12.
798 619 912 687 1es.33,
929 623 977 680 21.
997 617 1085 673 Deut.
1096 618 1147 686 33,
1159 613 1239 685 29-):

106 692 178 770 „Tu
198 694 279 759 Deus
299 704 410 766 noster,
429 713 490 752 non
511 695 680 753 moriemur.
720 695 874 767 Dominus,
894 695 956 752 Rex
975 704 1089 763 noster,
1108 685 1241 770 Legisla-

107 781 178 847 „tor
197 780 312 828 noster:
338 769 400 848 ipse
418 769 541 828 salvabit
561 790 623 829 nos.
668 772 774 831 Beatus
794 792 824 829 es
844 769 950 842 Israel,
992 769 1038 826 uia
1059 768 1086 825 iu
1107 762 1241 824 Domino

107 845 196 924 „Deo
215 845 361 905 salvaris.⁴‘
399 846 460 905 Sed
481 866 518 905 ue
539 845 569 904 in
588 866 621 905 re
640 868 816 926 supervacua
836 847 958 907 multum
970 790 1155 917 laboremus,
1174 859 1242 930 pas-

106 923 161 997 sim
181 921 378 1000 iuPropbetis
390 925 516 1003 recurrit
526 922 598 983 lraec
611 923 786 998 admonitio,
806 923 878 982 nibil
892 923 927 982 ad
948 921 1096 980 bonorum
1107 936 1240 977 omnium

106 998 289 1061 affluentiam
309 998 444 1078 adeoque
463 998 560 1058 salutis
579 1000 784 1059 certitudinem
805 999 919 1071 deesse,
952 998 1042 1057 modo
1068 993 1154 1059 uobis
1173 992 1241 1050 Do·

106 1075 204 1135 minus
224 1074 262 1135 sit
286 1073 317 1132 in
336 1074 449 1134 Deum:
475 1076 639 1134 etmerito.
690 1077 724 1143 Si
749 1076 940 1134 enim'sacies
964 1076 1041 1147 eius,
1066 1070 1240 1146 simulatque
1293 1120 1299 1139 ,

106 1151 215 1225 illuxit,
244 1151 510 1228 praesentissimum
532 1163 576 1211 est
599 1152 699 1211 salutis
723 1152 845 1234 pignus,
875 1153 990 1212 cuinam
1014 1168 1045 1209 se
1070 1146 1184 1206 bomini
1208 1144 1241 1202 in

46 1233 48 1237 ‘
106 1227 204 1287 Deum
224 1225 406 1303 manifestet,
433 1226 480 1287 cui
500 1248 560 1287 non
580 1227 680 1288 salutis
700 1249 817 1310 qnoque
836 1228 988 1286 thesauros
1008 1222 1136 1304 aperiat?
1175 1222 1241 1280 llac

108 1302 386 1364 enim'conditione
411 1304 491 1363 Deus
524 1317 626 1367 noster
655 1317 713 1379 est,
744 1318 778 1363 ut
806 1306 835 1363 io
867 1304 965 1363 medio
991 1302 1084 1361 nostri
1115 1298 1240 1369 habitet,

108 1378 355 1458 quemadmodum
384 1400 439 1459 per
471 1381 574 1441 Mosen
605 1381 766 1440 testabatur
784 1381 893 1461 (berit.
912 1384 967 1455 26,
986 1379 1058 1454 ιι).
1099 1373 1241 1434 Oblinerl

24 1519 26 1523 ,
108 1466 207 1514 autem
227 1454 293 1513 talis
312 1458 373 1514 eius
393 1458 558 1535 praesentia
578 1477 638 1516 non
659 1469 768 1537 potest,
799 1470 833 1516 ut
864 1478 924 1518 non
948 1455 1034 1515 simul
1059 1453 1117 1515 uita
1144 1448 1240 1530 possi-

107 1530 218 1589 deatur.
256 1529 356 1608 Atque
374 1543 409 1590 ut
432 1531 505 1591 rrilril
529 1533 603 1591 ultra
624 1533 848 1612 exprimeretur,
879 1533 946 1593 satis
967 1532 1070 1591 claram
1092 1526 1241 1587 habebant

104 1607 184 1666 vitae
212 1604 370 1685 spiritualis
399 1608 621 1684 promissionem
654 1610 685 1667 in
718 1609 760 1669 bis
790 1608 902 1681 verbis,
933 1609 1005 1664 Sum
1030 1605 1111 1662 Deus
1143 1613 1242 1661 vester

105 1681 214 1818 SExod.
233 1688 263 1754 6,
282 1683 335 1758 7·)·
384 1683 453 1744 Non
481 1685 560 1743 enim
590 1684 658 1744 solis
683 1685 784 1763 utique
807 1683 983 1763 corporibus
1001 1682 1099 1740 Deum
1123 1699 1154 1738 se
1174 1677 1241 1736 fore

128 1758 317 1839 enuntiabat,
342 1758 393 1816 serl
414 1759 516 1818 animis
537 1760 706 1850 praecipue:
737 1761 850 1818 animae
869 1770 983 1831 autern,
1008 1758 1064 1817 uisi
1084 1775 1138 1835 per
1155 1752 1240 1813 iusti·

104 1836 175 1897 tiam
186 1835 254 1893 Deo
266 1835 453 1909 coniunctae,
472 1836 507 1894 ab
528 1834 591 1913 ipso
612 1836 723 1895 alienae
742 1835 771 1893 iu
792 1847 889 1895 morte
908 1845 1036 1894 manent
1074 1831 1155 1892 Assit
1172 1849 1240 1889 rur-

105 1932 168 1974 sum
188 1910 237 1970 illa
256 1910 442 1971 coniunctio:
461 1923 632 1992 perpetuam
650 1913 774 1973 salutem
792 1931 890 1972 serum
910 1911 1007 1972 ducet

181 1993 211 2051 9.
249 1987 374 2046 Accedit
393 2009 441 2062 eo,
461 1989 540 2067 quod
561 2009 622 2049 nou
643 1989 732 2048 ruodo
752 2007 784 2046 se
803 1989 859 2048 illis
872 1990 968 2047 Deum
990 2008 1052 2048 esse
1069 1983 1239 2056 testabatur,

59 2083 66 2101 t
105 2061 156 2124 sed
176 2083 208 2122 se
229 2083 348 2141 quoque
366 2083 483 2143 semper
503 2065 568 2123 sore
588 2064 794 2146 promittebat:
814 2085 873 2144 quo
893 2084 959 2146 spes
979 2084 1081 2124 coruru
1122 2080 1240 2127 raesen÷

103 2141 185 2200 tibus
205 2138 292 2199 bonis
312 2160 373 2199 uon
394 2152 545 2213 contenta,
565 2144 805 2201 inacternitateru
818 2142 1054 2220 protenderetur.
1093 2084 1128 2197 ll
1148 2157 1240 2216 porro

42 2286 44 2291 y
103 2214 229 2278 valuisse
248 2215 325 2294 apud
346 2235 397 2277 eos
417 2220 556 2295 temporis
576 2219 665 2278 suturi
678 2221 871 2291 notationem,
891 2217 1051 2278 ostendunt
1067 2215 1176 2275 multae
1187 2235 1241 2273 uo·

106 2311 171 2365 ces,
196 2292 248 2350 ubi
266 2311 298 2350 se
324 2314 386 2351 uon
410 2291 441 2351 iu
466 2295 666 2372 praesentibus
690 2293 925 2366 tantrlm·rualis,
956 2293 1008 2353 sed
1033 2295 1064 2352 in
1089 2303 1239 2372 posterum

106 2367 299 2431 consolantur
318 2368 433 2441 fideles,
450 2370 530 2447 quod
550 2371 604 2430 sibi
617 2373 698 2430 Deus
718 2392 867 2447 uunquam
888 2371 1040 2430 defuturus
1061 2380 1158 2431 esset,
1176 2369 1239 2425 Iam

104 2464 177 2508 vero
198 2445 288 2523 (quac
299 2466 365 2522 pars
379 2457 441 2505 crat
451 2447 578 2506 secunda
589 2447 808 2526 promissionis)'
822 2449 901 2526 ipsos
911 2448 947 2506 de
959 2447 1017 2506 Dei
1032 2445 1240 2504 benedictione

106 2532 187 2581 extra
206 2533 343 2579 terrenae
361 2522 437 2580 vitae
465 2522 569 2582 limites
596 2544 664 2605 erga
687 2543 719 2583 se
744 2524 931 2605 proroganda
952 2522 1054 2582 clarius
1080 2523 1237 2579 etiamnum

106 2595 308 2671 confirmabat,
327 2597 389 2657 Ero
409 2598 490 2656 Deus
509 2602 625 2659 seminis
645 2600 735 2659 vestri
756 2612 821 2678 post
840 2622 891 2659 vos
911 2598 1006 2677 (Gen.
1017 2604 1065 2671 1-7,
1078 2596 1130 2671 7.).
1162 2597 1237 2654 Naro

107 2674 132 2734 si
151 2694 230 2732 suam
244 2692 312 2753 erga
332 2685 465 2735 mortuos
476 2675 710 2736 benevolentiam
723 2676 917 2737 declaraturus
932 2688 1004 2746 erat,
1024 2671 1237 2733 benefaciendo

106 2751 249 2832 posteris:
276 2770 345 2831 erga
374 2750 452 2831 ipsos
472 2751 565 2811 multo
586 2754 680 2811 minus
700 2753 851 2827 defuturus
875 2764 937 2811 crat
961 2753 1021 2811 eius
1046 2751 1137 2809 favor.
1175 2748 1238 2807 Ne-

107 2847 165 2906 que
187 2826 266 2885 enim
291 2827 382 2886 instar
406 2827 557 2888 bominum
582 2842 626 2889 cst
646 2831 741 2905 Deus,
776 2831 824 2909 qui
851 2852 934 2888 suurn
960 2830 1182 2887 ideoamorem
1202 2826 1238 2884 ad

107 2902 267 2965 amicorum
285 2902 361 2964 filios
380 2903 571 2980 transierunt,
592 2908 658 2984 quia
679 2919 774 2965 morte
795 2906 1132 2984 interrumpitureorunr
1146 2902 1240 2961 sacul-

44 3022 47 3026 -
107 2993 167 3053 tas,
187 2981 342 3060 quominus
363 2981 396 3040 iis
418 2981 521 3060 quibus
541 2981 618 3040 bene
639 2982 777 3042 volebant
796 2983 966 3061 impendant
985 3003 1032 3040 sua
1054 2980 1159 3038 olbcia.
1198 2979 1240 3037 At

107 3055 205 3129 Deus,
225 3056 305 3116 :taius
326 3056 520 3117 beneficentia
540 3072 636 3118 morte
656 3080 716 3117 nou
738 3061 911 3137 impeditur,
936 3077 1005 3115 suae
1025 3056 1162 3134 prolecto
1182 3056 1238 3112 rui-

106 3133 285 3193 sericordiae
305 3133 430 3193 fructum
451 3137 574 3194 mortuis
594 3156 654 3195 non
682 3136 776 3209 tollit,
797 3157 881 3215 quarn
909 3154 1010 3191 eorum
1035 3153 1118 3190 causa
1143 3144 1239 3188 traus-

108 3208 206 3269 lundit
225 3209 255 3266 in
275 3209 354 3268 mille
374 3211 590 3289 generationes:
641 3213 796 3272 Praeclaro
818 3214 907 3292 igitur
926 3210 1104 3267 documento
1125 3208 1240 3287 magui-

107 3286 240 3346 tudiuem
260 3296 348 3363 atque
368 3287 547 3345 affluentiam
567 3308 635 3347 suae
655 3289 808 3362 bonitatis,
828 3307 914 3367 quam
933 3299 1000 3364 post
1024 3296 1149 3344 mortem
1170 3306 1240 3341 sen·
1287 3334 1290 3340 ,

108 3364 168 3423 suri
188 3373 295 3435 essent,
316 3361 433 3422 volebat
453 3362 509 3422 illis
522 3364 666 3423 Dominus
686 3366 902 3437 commendare,
943 3383 1010 3422 uurn
1030 3361 1116 3419 talem
1130 3361 1241 3419 descri-

109 3437 215 3511 bebat,
239 3458 312 3515 quae
333 3440 362 3496 in
383 3450 474 3497 totam
496 3441 632 3500 sentillam
653 3442 825 3501 exuberaret
843 3384 949 3518 (theod.
969 3444 1025 3513 20,
1045 3439 1098 3515 6..)
1144 3438 1240 3496 Huius

108 3535 181 3587 uero
213 3515 415 3595 promissionis
445 3516 595 3575 veritatem
626 3529 687 3577 tum
716 3519 882 3598 obsignavit
907 3515 1067 3587 Dominus,
1099 3525 1130 3571 et
1158 3515 1241 3592 quasi
1304 3546 1307 3551 ·

109 3590 358 3668 complementum
377 3591 518 3669 protulit,
539 3615 627 3672 quum
647 3596 745 3652 Deum
763 3615 794 3653 se
814 3592 978 3665 Abrabam,
998 3593 1078 3651 Isaac
1098 3602 1128 3649 et
1148 3591 1240 3650 Iacob

110 3668 201 3749 louge
223 3679 291 3745 post
310 3687 412 3726 eorum
432 3682 557 3728 mortem
578 3671 737 3750 appellaret
756 3670 862 3747 (Exod.
882 3677 916 3741 3,
936 3671 988 3743 6.).
1041 3666 1122 3741 Quid
1143 3669 1242 3729 enim?

109 3766 210 3805 aunon
230 3741 352 3803 ridicula
372 3756 435 3803 erat
453 3744 629 3824 appellatio,
647 3748 671 3806 si
690 3747 856 3825 perierant?
895 3744 1021 3803 Perinde
1042 3744 1118 3802 euim
1141 3744 1243 3805 fuisset

109 3822 168 3882 acsi
195 3822 235 3879 ita
262 3820 339 3879 soret
370 3819 523 3898 loquutus,
562 3823 626 3902 Ego
658 3845 720 3882 suun
747 3823 828 3882 Deus
860 3841 962 3880 eorum
994 3820 1044 3899 qui
1074 3842 1134 3878 sion
1164 3835 1242 3881 sunt.

110 3898 243 3957 Proinde
272 3916 332 3954 uuo
361 3897 418 3956 isto
452 3910 626 3976 argumento
659 3898 844 3957 Sadducaeos
874 3920 889 3956 a
915 3897 1035 3957 Christo
1068 3898 1247 3974 constrictos¹

110 3973 198 4034 fuisse
218 3972 421 4051 Evangelistae
441 3974 574 4033 referunt
594 3974 712 4053 (Mattb.
731 3981 787 4048 22,
805 3981 852 4038 23.
878 3975 949 4033 Luc.
969 3981 1022 4046 20,
1040 3974 1119 4052 32),
1151 3984 1184 4031 ut
1205 3998 1243 4033 ure

58 4100 72 4134 Ι
110 4048 235 4111 inficiari
258 4050 378 4128 quidem
400 4061 536 4128 possent,
564 4051 810 4111 resurrectionem
830 4063 1015 4110 mortuorum
1041 4071 1057 4107 a
1077 4051 1160 4109 Mose
1180 4071 1244 4110 esse

110 4138 260 4187 testatam:
281 4144 387 4206 nempe
408 4125 459 4204 qui
479 4140 513 4185 ex
530 4127 595 4206 ipso
615 4128 700 4188 Mose
720 4126 897 4203 didicerant,
921 4147 1024 4187 omncs
1043 4138 1159 4185 sauctus
1180 4146 1243 4187 esse

111 4204 142 4265 iu
161 4223 250 4264 manu
267 4202 345 4265 illius
362 4200 469 4281 (Deut.
487 4208 542 4280 33,
560 4205 613 4282 3.).
664 4203 753 4265 Unde
771 4204 883 4269 inlerre
907 4215 1076 4287 promptum
1100 4216 1178 4277 erat,
1206 4224 1244 4262 uu
