2700 4732
399 222 476 287 tan.
494 221 536 285 11.
575 222 665 286 cnt’.
683 224 725 285 lt
866 274 876 301 „
1058 234 1119 297 aas

89 378 100 425 t
139 364 248 447 Neque
269 376 370 427 umen
394 366 512 427 interim
537 365 744 427 obliviscamur
777 365 848 429 baec
868 369 1116 460 praestantissima

89 440 221 533 Spiritus
240 462 304 504 esse
323 442 418 515 bona,
445 464 520 524 quac
544 443 575 501 in
602 442 752 522 publicum
774 464 891 525 genens
914 445 1034 506 bomani
1056 445 1114 507 bo-

99 519 187 579 nrbus
205 518 269 579 vult
287 519 444 611 dispensat.
483 520 516 579 Si
537 519 614 580 enim
633 518 766 580 Beselcel
787 532 817 580 et
837 520 925 582 Oliab
945 520 1053 601 (Exod.
1063 528 1114 595 31,

135 596 151 673 )
169 594 394 677 intelligentiam
415 596 617 671 ctscientiam,
629 616 704 675 quae
724 597 754 655 in
776 596 913 658 fabricam
934 596 1115 659 tabernaculi

89 670 201 743 batur,
229 673 365 751 oportuit
383 693 399 732 a
417 671 529 750 Spiritu
547 672 605 731 Dei
626 672 774 732 instillari:
797 694 858 733 non
883 676 988 733 mirum
1008 674 1113 749 est,si

89 748 1116 887 ffil’ntl²irlllltll³„lttlbtlffitllti'lit’,tlll‘lt

89 920 133 973 n,
149 898 301 973 Quidnam
320 922 386 961 curn
407 901 518 980 Spiritu
539 901 706 960 commercii
725 847 900 982 impiis,qqui
919 914 988 961 sunt
1006 924 1023 962 a
1042 846 1111 961 Dgeo

89 997 102 1035 s
123 975 231 1038 alieni?
272 978 344 1035 Nam
366 978 445 1055 quod
472 977 579 1035 dicitur
600 977 725 1056 Spiritus
744 979 801 1037 Dei
827 979 856 1036 in
882 978 953 1037 solis
977 978 1114 1037 fidelibus

89 1072 122 1127 τ,
139 1054 168 1112 id
189 1052 416 1135 intelligendum
437 1053 472 1112 de
484 1053 594 1130 Spiritu
609 1053 854 1124 sanctificationis,
873 1074 927 1133 per
946 1076 1033 1133 qrrenr
1045 1055 1114 1115 tiso

100 1129 210 1207 templa
228 1150 443 1189 consecramur.
481 1128 586 1209 Neque
605 1142 702 1188 tannen
724 1130 790 1190 ideo
810 1133 906 1190 minus
924 1130 1029 1211 replet,
1048 1152 1113 1192 mo-

89 1207 283 1285 ’getalomnin
304 1206 432 1265 eiusdem
446 1206 571 1284 Spiritus
582 1206 702 1279 virtute,
722 1207 812 1285 idque
831 1208 991 1267 secundum
1013 1208 1113 1267 nnius·

89 1302 119 1339 re
142 1284 261 1363 generis
284 1283 509 1372 proprietatem,
539 1304 624 1361 quam
651 1283 677 1340 ei
697 1282 851 1343 creationis
875 1281 942 1365 lege
968 1283 1112 1343 attribuit.

89 1356 98 1415 i
128 1378 184 1418 nos
202 1358 351 1417 Donnnus
381 1359 536 1438 impiorum
560 1379 651 1449 opera
677 1370 706 1417 ct
731 1359 892 1425 ministerio
918 1361 950 1419 in
976 1359 1113 1440 physicis,

89 1432 154 1507 itis,
185 1433 400 1493 mathematicis
433 1446 462 1493 et
486 1435 606 1514 reliqurs
631 1434 659 1493 id
706 1454 776 1494 enus
800 1435 894 1495 voluit
919 1436 1050 1508 adiutos,
1078 1456 1112 1496 ea

89 1531 109 1569 r:
140 1529 179 1569 ne
198 1511 223 1569 si
243 1510 302 1569 Dei
321 1510 398 1570 dona
419 1509 499 1570 ultro
518 1511 548 1569 in
575 1511 643 1590 ipsis
662 1454 761 1570 oilata
786 1512 981 1594 negligamus,
1011 1512 1112 1572 demus

88 1586 223 1667 ignaviae
242 1598 361 1647 nostrae
381 1608 500 1665 poenas.
539 1587 579 1645 llt
591 1608 694 1679 pero,
713 1610 750 1647 ue
770 1588 834 1665 quis
848 1589 1008 1679 'bominem
1029 1588 1113 1679 ualde

89 1662 1113 1818 :hppgeetgdaguppngpabilglecnpgpppnppprpsimrpppdigetppgpnsciptpps

89 1826 143 1873 tarn
168 1828 200 1874 ct
223 1815 410 1896 intelligendi
428 1815 485 1874 rins
511 1828 542 1875 et
564 1815 802 1897 intelligentiam,
826 1836 901 1895 quae
920 1816 990 1875 indo
1009 1834 1114 1881 const·

89 1932 98 1961 ‚
121 1912 184 1951 rem
206 1910 269 1951 csse
287 1892 392 1950 lluxasn
418 1904 449 1949 et
467 1892 615 1951 evanidam
638 1913 737 1953 coram
758 1892 842 1965 lleo,
861 1892 912 1951 ubi
931 1913 994 1952 non
1012 1891 1115 1953 subest

89 1988 106 2025 n
127 1968 258 2027 veritatis
284 1967 513 2027 fundamentum.
564 1968 721 2029 Verissime
747 1970 826 2027 enirn
852 1968 1033 2060 Augustinus
1057 1968 1112 2045 (cs.

89 2064 123 2123 tp.
138 2065 161 2103 s.
172 2052 201 2106 d.
214 2055 244 2101 ct
262 2050 321 2115 12,
340 2045 388 2103 cni
406 2044 602 2118 subscribere,
622 2057 655 2105 ut
670 2045 803 2117 diximus,
823 2056 918 2105 coactu
937 2056 1007 2105 sunt
1018 2044 1113 2125 blagi-

89 2122 271 2180 :nlentiarnm
292 2119 358 2199 [lib.
377 2127 406 2185 2.
426 2122 490 2179 dist.
502 2121 565 2200 ἢ]
587 2133 618 2183 el
636 2120 837 2198 Scholastici)‚
857 2133 890 2180 ut
910 2122 1036 2203 gratuita
1056 2120 1112 2181 bo·

89 2195 150 2255 lona
167 2210 237 2275 pust
258 2195 283 2255 la
308 2219 369 2255 sum
389 2197 517 2255 detracta
538 2217 616 2271 esse,
646 2198 685 2257 ita
711 2199 852 2257 naturalia
879 2198 951 2257 baec
970 2216 1045 2276 quae
1065 2216 1112 2256 re-

89 2280 263 2351 beorrupta
283 2218 371 2332 iisisse
383 2274 481 2332 docet.
512 2276 580 2333 Non
599 2274 679 2352 quod
700 2296 753 2352 per
772 2294 803 2332 se
822 2274 968 2352 inquinari
989 2273 1112 2352 possint,

89 2368 125 2407 rus
142 2370 159 2409 a
178 2350 247 2409 Deo
266 2348 505 2428 proficiscuntur:
525 2351 576 2409 sed
596 2351 663 2429 quia
684 2350 801 2429 polluto
820 2349 936 2411 bomini
954 2370 1029 2431 pura
1048 2370 1111 2411 csse

89 2436 140 2497 ant,
158 2445 196 2484 ne
217 2446 303 2503 quam
323 2425 390 2485 inde
410 2425 524 2485 laudern
545 2437 752 2504 consequatur.

89 2504 106 2563 i·
140 2502 223 2560 flacc
241 2522 351 2560 summa
370 2503 417 2576 sit,
436 2504 466 2562 in
487 2504 622 2562 universo
633 2522 742 2584 genere
762 2501 890 2562 humano
903 2501 1039 2582 perspici,
1058 2522 1111 2561 na-

89 2590 199 2636 nostrac
221 2579 370 2657 propriam
390 2599 452 2640 esse
472 2580 632 2654 rationem,
659 2599 734 2660 quae
755 2600 808 2637 nos
828 2601 844 2637 a
865 2578 957 2638 brutis
978 2576 1111 2637 animali·

89 2666 217 2727 sternat,
234 2655 309 2713 sicut
329 2655 390 2734 ipsa
410 2676 496 2715 sensu
517 2655 660 2715 disserunt
680 2677 696 2716 a
716 2655 803 2714 rebus
824 2654 996 2714 inanimatis.
1032 2656 1108 2713 Nam

89 2742 239 2789 naseuntur
262 2732 413 2791 moriones
433 2732 549 2810 quidam
579 2731 625 2792 vel
648 2732 776 2810 stupidi,
802 2732 932 2791 delectus
951 2731 1001 2789 ille
1019 2749 1112 2811 gene·

97 2804 149 2865 Dei
167 2807 290 2888 gratiam
312 2830 372 2867 non
393 2809 545 2867 obscurat:
595 2808 644 2865 uin
672 2809 770 2887 potius
789 2808 839 2866 tali
859 2806 1025 2887 spectaculo
1045 2828 1111 2865 mo·

89 2900 108 2951 ',
128 2882 205 2959 quud
231 2882 316 2943 nobis
337 2884 470 2943 relictum
493 2897 551 2957 est,
573 2830 634 2943 ilci
654 2884 852 2963 indulgentiae
874 2883 980 2941 rnerito
1000 2882 1112 2941 debere

89 2955 262 3095 bifidi
281 2959 1112 3116 ”litl‘ll‘llb‘lliltllzlltlt‘ltltill

89 3122 133 3183 snt,
150 3113 214 3170 aliis
233 3133 314 3172 mens
331 3115 434 3192 agilior
454 3126 497 3173 est
517 3114 552 3171 ad
573 3111 704 3173 banevel
724 3113 801 3171 illurn
823 3123 915 3170 artem
933 3111 1111 3182 discendam,

89 3204 105 3243 rt
124 3189 264 3248 varietate
291 3193 413 3267 gratiam
442 3212 522 3250 suam
549 3189 634 3248 nobis
660 3189 847 3247 commendat
872 3188 970 3258 Deus,
996 3209 1033 3245 ne
1054 3185 1110 3247 sibi

89 3280 128 3319 an
143 3265 221 3324 velut
240 3268 392 3344 proprium
412 3277 548 3345 arroget,
568 3265 648 3343 quod
671 3286 703 3322 ex
728 3286 807 3323 rnera
833 3265 909 3324 illius
934 3263 1111 3325 liberalitate

108 3336 181 3399 Unde
200 3349 279 3400 enirn
304 3342 376 3402 alins
400 3342 457 3401 alin
483 3343 692 3422 praestantior,
719 3341 774 3398 nisi
794 3352 825 3399 ut
849 3343 878 3399 in
905 3353 1009 3399 natura
1029 3362 1111 3401 com·

94 3416 209 3476 emineat
227 3419 360 3498 specialis
372 3420 430 3477 Dei
450 3420 551 3498 gratia,
572 3439 644 3496 quae
663 3417 771 3476 rnultos
791 3418 980 3495 praeteriens,
999 3417 1111 3476 nemini

89 3492 211 3553 sctrictam
244 3515 307 3554 esse
338 3494 459 3557 clamat?
511 3496 595 3553 Adde
627 3494 706 3572 quod
735 3493 895 3573 singulares
926 3505 1023 3553 motus
1053 3514 1110 3573 pro

89 3588 124 3625 uc
150 3572 306 3630 vocatione
336 3572 416 3630 Dens
452 3572 588 3631 instillat:
627 3571 708 3629 cuius
744 3572 786 3628 rei
823 3571 912 3628 mnlta
950 3581 1111 3629 occurrunt

89 3644 112 3704 la
134 3648 163 3706 in
190 3646 269 3706 libro
295 3646 428 3706 ludicurn
449 3652 498 3723 (6,
517 3649 599 3722 ab),
631 3646 682 3705 nbi
715 3646 821 3705 dicitur
840 3647 969 3735 Spiritus
989 3644 1111 3703 Domini

89 3740 118 3793 se,
136 3745 212 3803 qnos
231 3724 266 3782 ad
286 3724 447 3804 regendum
470 3722 753 3803 populumvucabat.
792 3722 929 3802 llenrque
951 3722 979 3779 in
1002 3720 1111 3779 eximiis

89 3820 148 3936 tn
167 3800 261 3936 {aa
277 3800 679 3936 ‘Funisulanus
699 3796 1111 3951 {transnatas-

89 3974 124 4011 rm
149 3898 326 4029 praedicitiir
351 3896 534 4033 inauguraiio
560 3953 589 4009 in
610 3972 751 4030 regnunt,
775 3953 814 4009 ita
840 3951 972 4027 loquitur
991 3915 1112 4007 Samuel

89 4030 231 4105 r.10,6.),
251 4029 401 4089 Transibit
421 4048 510 4108 super
529 4039 558 4086 te
571 4029 696 4105 Spiritus
713 4027 846 4098 Domini,
865 4037 895 4083 et
912 4022 1110 4083 criminalius

89 4113 131 4176 to,
142 4112 213 4179 tta).
239 4106 337 4184 Atque
348 4106 404 4165 bur.
417 4107 450 4164 ad
461 4118 556 4163 toturn
569 4104 789 4183 gubernationis
804 4123 918 4161 cursum
929 4098 1109 4158 extenditur:

89 4194 332 4258 posteanarratur
345 4183 381 4241 de
394 4181 518 4255 Danda,
539 4180 617 4257 qrrod
636 4182 782 4238 transierit
800 4197 888 4264 super
908 4176 1007 4234 eumS
1029 4174 1114 4233 initus

89 4257 103 4314 ri
120 4279 136 4317 a
156 4258 204 4315 dic
224 4258 273 4318 illa
292 4258 322 4317 in
342 4270 503 4337 posterum.
542 4256 602 4315 Sed
622 4256 699 4315 idem
710 4256 778 4315 alibi
798 4197 1027 4332 traditurquoad
1047 4269 1115 4328 par-

90 4354 119 4393 es
147 4348 253 4396 nsotus.
301 4334 368 4395 lmo
395 4335 471 4415 apud
492 4336 656 4394 llurnerum
685 4330 809 4414 ingenio
837 4329 951 4393 nollere
975 4327 1115 4389 dicuntur
