2700 4732
99 162 160 229 ⁴88
261 227 265 234 ,
488 156 567 219 Lm.
584 154 643 220 111.
682 154 771 221 Cdl‘.
791 158 829 219 V.

103 302 214 367 tortum
234 300 443 383 confingendo.
483 302 660 382 Quanquam
682 322 737 363 nec
756 301 812 363 iliis
835 302 994 363 assentior:
1019 302 1085 383 quia
1104 301 1180 365 mihi
1200 302 1245 365 ri-

104 378 180 441 deor
199 380 358 441 certiorem
377 378 472 440 muito
492 392 523 439 et
543 379 714 440 lucidiorem
735 379 796 439 eius
817 377 875 440 ioci
905 379 1130 472 intelligentiam
1163 400 1248 441 assc-

102 467 222 537 quutus.
269 455 436 536 Antequam
457 467 554 516 tamen
574 475 639 516 eam
659 454 800 535 profero,
832 456 917 515 velim
938 457 1009 516 mihi
1030 456 1248 537 respondeant,

104 545 251 614 putantne
273 532 425 612 Apostolis
457 553 491 593 ac
521 530 788 623 sanctis·omnibus
808 552 866 626 per⁸
883 533 959 592 huuc
979 532 1079 613 ignem
1092 543 1247 615 purgato-

104 608 180 669 rium
199 609 409 671 transeundum
430 607 526 669 tuisse.
550 609 721 691 Negnbunt,
740 630 816 667 soro:
837 610 923 668 usuris
944 611 1021 668 enim
1036 608 1183 669 absonum
1197 610 1250 669 io·

104 697 153 746 ret
171 705 223 747 eos
243 678 361 777 purgari
381 686 558 766 oportuisse,
599 706 703 744 uorum
724 686 826 744 merita
846 686 922 744 ultra
942 707 1107 745 mensuram
1126 686 1164 745 ad
1177 686 1249 747 uni·

104 782 187 824 versa
216 761 357 823 ecclesiae
388 761 519 821 membra
549 708 715 821 redundare
744 762 900 822 somniant.
945 763 1054 821 Verum
1080 761 1249 843 Apostoius

106 836 165 899 isoc
198 837 335 899 affirmat:
371 857 468 917 neque
498 837 577 898 enim
601 836 687 913 dicit,
719 839 904 918 quorundam
924 861 997 918 opus
1018 837 1177 919 probatum
1198 838 1249 915 iri,

105 914 157 975 sed
176 915 320 977 omniurn.
359 914 463 993 Neque
483 914 541 974 hoc
559 934 657 975 meum
674 928 877 995 argumentum
889 928 942 989 est,
961 915 1011 976 sed
1032 914 1251 1009 Augustini,

129 991 158 1053 oi
183 992 226 1053 sic
250 991 525 1071 interpretationem
551 990 628 1050 iliam
654 1003 817 1073 oppugnat.
856 991 896 1051 Et
915 992 1009 1071 (quod
1030 1012 1120 1074 magus
1140 992 1248 1053 absur-

105 1010 177 1129 dum
197 1069 256 1147 est)
277 1087 337 1128 non
358 1065 430 1126 dicit
448 1066 623 1127 transituros
642 1066 682 1127 nb
708 1066 858 1145 quaelibet
882 1088 987 1148 opero:
1019 1068 1070 1128 sed
1095 1067 1120 1129 si
1147 1066 1247 1129 eccle-

105 1142 177 1205 siam
197 1164 309 1204 summu
328 1142 468 1204 fidelitate
487 1142 684 1215 aedificarint,
702 1144 868 1204 mercedem
889 1157 1076 1225 recepturos,
1096 1145 1149 1205 ubi
1169 1164 1249 1225 opus

106 1238 210 1281 eorum
230 1220 291 1302 igni
312 1219 402 1280 suerit
420 1220 621 1279 examinatum.
663 1219 764 1281 Princi
787 1220 828 1295 io,
847 1220 977 1280 videmus
990 1221 1169 1300 Apostolum
1181 1239 1249 1280 sne·

106 1294 233 1377 tapisora
257 1310 339 1356 usu'm
366 1316 445 1369 esse,
474 1316 565 1375 quum
594 1296 741 1356 doctrinas
768 1243 918 1356 iiominum
939 1297 1033 1378 capite
1054 1299 1250 1379 excogitatas,

106 1370 236 1455 iignum,
261 1372 399 1446 ioeuum,
425 1385 456 1432 et
473 1372 609 1452 stipulam
629 1372 755 1432 vocarit.
806 1373 893 1433 itatio
914 1395 1033 1453 quoque
1051 1374 1250 1454 metaphorae

106 1468 194 1529 prom
217 1461 246 1509 ta
267 1460 325 1509 est:
351 1469 458 1530 nempe
477 1449 557 1529 quod
576 1448 660 1508 velut
679 1449 806 1531 iignum,
828 1450 924 1509 statim
945 1463 1034 1529 atque
1058 1450 1066 1508 i
1090 1450 1119 1509 ni
1140 1450 1249 1511 admo-

104 1535 168 1584 tum
190 1471 289 1603 iiuerit,
309 1525 493 1587 consumitur
512 1537 542 1585 et
561 1525 742 1605 deperditur,
760 1527 802 1586 sic
821 1547 918 1606 neque
938 1526 1004 1586 illac
1017 1470 1177 1607 periurare
1189 1546 1248 1607 po·

105 1612 217 1679 terunt,
259 1623 327 1662 uum
346 1621 396 1663 eas
415 1601 570 1662 examinari
590 1603 758 1682 contigerit.
797 1603 904 1675 Porro,
924 1603 1067 1664 eiusmodi
1087 1622 1211 1663 eramen
1231 1622 1250 1662 a

105 1676 218 1759 Spiritu
270 1678 297 1738 ei
316 1678 472 1759 proficisci,
492 1678 639 1738 neminem
660 1677 739 1738 latet.
779 1680 850 1754 Quo
872 1680 961 1761 igitur
981 1679 1060 1739 sulum
1087 1676 1248 1758 metaph07

107 1774 158 1815 rae
183 1767 428 1836 prosequeretur,
458 1776 491 1816 ac
523 1767 620 1837 partes
646 1755 718 1815 iusta
742 1755 938 1815 correlatioue
965 1756 1043 1815 inter
1066 1777 1097 1816 se
1117 1766 1250 1836 aptaret,

103 1828 205 1913 Quem
224 1831 383 1912 appellavit
402 1851 521 1892 examen
542 1831 668 1912 Spiritus
687 1832 789 1892 sancti.
827 1832 956 1891 Perinde
982 1834 1058 1891 enim
1083 1845 1172 1912 atque
1192 1851 1265 1891 au·-

105 1914 172 1968 'ruut
193 1921 224 1968 et
243 1920 415 2000 argentum,
440 1928 499 1988 quo
520 1910 641 1989 propius
661 1906 696 1966 ad
718 1908 815 1989 ignem
836 1908 1044 1979 admoventur,
1075 1929 1111 1967 eo
1133 1906 1248 1967 certio-

105 2001 169 2045 rem
189 1984 345 2066 probitatis
365 1984 559 2066 puritatisque
578 1982 784 2065 probationem
803 1985 952 2044 referunt:
973 1985 1011 2045 ita
1024 1984 1147 2045 Domini
1168 1983 1248 2043 ueri-

105 2068 161 2137 tas,
180 2080 240 2141 qun
261 2060 385 2121 exactius
405 2060 548 2141 spirituaii
568 2061 698 2120 examine
719 2061 907 2141 expenditur,
939 2081 975 2121 eo
996 2062 1137 2121 maiorem
1158 2060 1248 2121 sumit

107 2136 293 2198 auctoritatis
312 2136 576 2197 confirmationem.
616 2135 873 2209 Quemadmodum
894 2138 1030 2211 foenum,
1049 2138 1174 2218 lignum,
1191 2136 1247 2201 stt·

104 2211 175 2294 poia
194 2213 255 2296 igni
274 2212 402 2285 admota,
421 2214 621 2305 corripiuntur
640 2213 672 2272 iu
690 2214 816 2274 subitam
838 2215 1106 2293 consumptionem:
1127 2216 1168 2272 ita
1187 2210 1248 2273 ho-

105 2289 218 2349 miuum
237 2289 367 2364 inventa,
386 2288 509 2349 Domine
528 2288 619 2350 verbo
640 2309 701 2349 nou
721 2289 858 2367 stabilita,
880 2291 1006 2381 Spiritus
1020 2292 1247 2351 sanctiexamen

106 2364 188 2426 ierre
208 2377 376 2446 nequeunt,
408 2368 478 2445 quin
500 2365 657 2426 concidant
676 2367 810 2446 protinus
831 2379 861 2427 et
880 2367 1054 2446 dispereant.
1095 2365 1250 2447 Denique,

106 2441 374 2505 sicommentitiae
399 2441 567 2513 doctrinae,
601 2442 700 2522 tigno,
731 2443 840 2517 foeno,
868 2443 993 2521 stipulae
1026 2456 1250 2523 comparantur,

106 2517 188 2600 quod
208 2518 299 2579 instar
318 2517 403 2599 ligni,
423 2518 517 2593 foeni,
536 2517 659 2597 stipulae
679 2519 891 2581 comburantur
910 2520 947 2578 ab
968 2519 1047 2600 igne,
1067 2532 1097 2578 et
1109 2540 1249 2580 eorrum-

106 2606 216 2677 pautur
235 2598 265 2653 in
287 2594 455 2669 interitum,
483 2615 545 2654 nou
571 2607 667 2654 autem
688 2596 886 2655 conficiuntur
905 2608 954 2654 aut
974 2596 1171 2676 profligantur
1191 2594 1249 2657 uisi

105 2690 124 2733 a
142 2670 264 2733 Domini
283 2671 399 2752 spiritu:
419 2691 450 2731 se
474 2672 563 2746 uitur,
582 2670 724 2751 Spiritum
745 2692 806 2731 esse
826 2672 924 2755 ignem
945 2672 1041 2743 iilum,
1066 2694 1081 2731 a
1102 2691 1163 2751 quo
1176 2692 1249 2753 pro·

106 2744 271 2824 Dabuntur,
301 2749 381 2810 cuius
423 2692 606 2809 roisatiouem
628 2759 712 2809 vocat
731 2748 838 2808 Paulus
863 2746 938 2807 diem
956 2749 1094 2822 Domini,
1124 2746 1248 2831 vulgato
1287 2760 1294 2781 ⁸

104 2824 277 2918 Scripturas
297 2848 359 2885 usu.
397 2770 469 2884 Dies
490 2825 567 2883 enim
587 2824 709 2883 Domini
729 2825 920 2900 essedicitur,
941 2827 1145 2905 quotiessuam
1155 2842 1248 2915 prae·

105 2913 229 2963 sentiam
250 2897 416 2964 homiuibus
436 2900 535 2981 aiiquo
555 2901 645 2961 modo
665 2900 838 2962 manifestat
877 2902 955 2961 Tum
975 2922 1046 2960 vero
1060 2901 1247 2981 potissumum
1288 2908 1294 2975 ι,“

105 2976 193 3040 iacies
213 2979 277 3040 eius
296 2978 390 3053 lucet,
422 2978 473 3039 ubi
493 2976 601 3038 veritas
621 2978 682 3040 eius
703 2977 811 3037 illucet.
859 2978 922 3037 iam
943 2979 1067 3037 evictum
1089 2989 1150 3049 est,
1181 2996 1247 3037 nou

104 3054 194 3119 alium
214 3076 278 3117 esse
297 3056 395 3136 ignem
415 3054 520 3129 Paulo,
562 3075 625 3115 uam
647 3054 773 3135 Spiritus
792 3054 886 3114 sancti
906 3072 1037 3114 eransen.
1078 3052 1246 3127 Quomodo

106 3144 204 3192 autem
227 3133 396 3214 perignem
418 3130 498 3191 ilium
519 3076 588 3191 saiivi
609 3132 695 3205 fiunt,
714 3131 764 3210 qui
786 3131 884 3210 operis
911 3133 1049 3191 iacturam
1069 3128 1248 3210 patiuntur?

105 3206 142 3266 Id
162 3209 254 3287 ipsum
275 3207 367 3268 iuteiii
392 3228 441 3269 ere
461 3228 522 3267 non
543 3208 598 3267 erit
618 3207 752 3281 difficile,
771 3207 794 3266 si
815 3208 1032 3266 consideremus
1053 3208 1089 3266 de
1110 3227 1169 3285 quo
1191 3225 1248 3287 ge·

104 3303 178 3343 nere
197 3284 347 3346 hominum
366 3229 512 3364 ioquatur.
551 3283 704 3363 Siquidem
725 3305 775 3344 eos
796 3284 936 3343 ecclesiae
957 3283 1248 3361 architectosnotat,

106 3360 158 3439 qui
178 3373 296 3431 retento
317 3361 449 3442 legitimo
470 3359 675 3435 fundamento,
694 3360 838 3439 disparem
859 3362 1010 3419 materiam
1023 3368 1248 3440 superstrunut:

105 3435 165 3497 hoc
186 3450 239 3511 est,
260 3439 308 3516 qui
329 3459 390 3498 non
411 3437 602 3497 deflectentes
622 3458 637 3496 a
658 3438 820 3516 praecipuis
841 3450 870 3496 et
891 3438 1057 3496 necessariis
1077 3434 1145 3494 fidei
1166 3434 1249 3516 capi·

105 3511 202 3587 tibus,
232 3515 262 3574 in
287 3513 451 3574 minoribus
477 3534 532 3574 nee
552 3517 590 3573 ita
616 3513 787 3590 periculosis
814 3513 1045 3580 hallucinantur,
1078 3523 1248 3573 commenta

61 3648 64 3661 ,
106 3610 158 3652 aua
177 3590 236 3651 Dei
257 3590 347 3651 verbo
367 3591 568 3651 admiscentes.
608 3589 712 3663 Tales,
743 3590 878 3667 inquam,
911 3591 1009 3668 operis
1035 3591 1175 3650 iacturam
1204 3588 1251 3649 ia·

106 3686 176 3728 cere
201 3679 337 3750 oportet,
365 3666 484 3728 abolitis
512 3687 615 3727 eorum
642 3667 831 3728 commentis:
865 3666 919 3745 ipsi
945 3680 1043 3726 autem
1070 3665 1140 3726 salvi
1161 3664 1251 3741 fiunt,

104 3744 157 3804 sed
178 3746 259 3825 quasi
279 3766 333 3827 per
352 3744 462 3827 ignaru,
482 3743 539 3803 hoc
560 3756 613 3820 est,
635 3764 694 3803 non
716 3742 796 3835 quod
819 3763 921 3803 eorum
944 3741 1111 3824 ignorantia
1132 3752 1163 3801 et
1182 3739 1250 3801 isal·
1284 3776 1291 3821 ς

105 3817 246 3882 iuciuatio
267 3842 366 3882 coram
386 3821 518 3880 Domino
538 3819 577 3880 sit
609 3819 784 3900 probabilis,
816 3820 867 3879 scd
897 3821 964 3899 quia
995 3819 1121 3899 Spiritus
1152 3816 1251 3879 saneti

128 3898 200 3959 ratia
221 3911 250 3959 et
269 3896 377 3959 virtute
397 3896 432 3958 ab
453 3897 502 3956 iila
521 3908 726 3977 repurgantur.
765 3896 897 3955 Proinde
930 3896 1097 3988 quicunque
1128 3914 1250 3955 auream
1292 3958 1294 3965 ,

106 3914 300 4035 divinitati
322 3975 476 4055 puritatem
500 3972 557 4033 isto
584 3972 751 4054 l'urgatorii
778 3985 909 4033 stercore
934 3972 1116 4043 iniecerunt,
1147 3970 1252 4051 operis
1288 3978 1294 4035 i

104 4051 245 4113 iacturam
265 4052 362 4112 iacere
383 4069 501 4111 necesse
521 4060 574 4109 est.

182 4134 228 4194 1⁰.
267 4129 308 4189 At
329 4127 519 4189 vetustissima
540 4127 596 4186 suit
616 4126 756 4185 ecclesiae
777 4125 954 4185 observatio.
997 4126 1080 4184 iianc
1101 4122 1252 4183 obiectio·

107 4223 176 4269 nem
194 4204 284 4271 seivit
301 4204 418 4281 Paulus,
439 4202 506 4263 dum
526 4224 606 4267 suam
628 4224 747 4287 quoque
767 4214 891 4266 aetatem
914 4204 942 4264 iu
958 4223 990 4261 ea
1007 4199 1152 4265 sententia
1165 4220 1251 4263 cous·
1286 4264 1294 4311 .'
