2700 4732
80 212 139 277 132
192 202 196 213 ’
470 204 545 267 bill.
566 202 624 267 tlt.
662 205 750 269 CAP.
771 206 849 266 xxt.

17 342 20 349 ¹
84 366 196 426 tamus,
214 350 350 430 inquam,
369 348 540 411 Christiano
560 351 687 426 bomini,
706 352 821 412 cunctis
841 349 892 431 qui
912 349 948 409 ad
969 368 1038 409 eum
1058 345 1221 429 diriguntur

84 430 143 490 Dei
164 426 348 489 sermonibus
366 439 495 486 mentem
517 448 659 507 auresque
680 447 821 501 reserare,
841 426 1016 488 modorum
1038 424 1093 485 bac
1111 434 1222 505 temp

86 507 191 576 rantis,
211 515 244 563 ut
264 524 352 582 quum
373 505 497 583 primum
507 504 653 564 Dominus
673 525 785 564 sacrum
806 526 840 564 os
860 502 1012 576 clauserit,
1033 491 1086 561 itte
1104 520 1223 593 quoque

84 584 161 643 viam
180 580 236 641 sibi
255 580 291 639 ad
311 579 518 658 inquirendum
538 580 716 660 praecludat.
754 580 813 640 llic
826 580 953 659 optimus
972 578 1146 638 sobrietatis
1163 590 1223 638 ter·

85 659 181 719 minus
201 657 267 730 erit,
286 656 310 716 si
331 676 391 714 non
413 657 501 716 modo
521 657 551 715 in
573 657 713 717 discendo
733 669 996 736 praeeuntemsem
1018 673 1055 714 er
1068 672 1224 743 sequamur

85 735 201 808 Deum,
231 732 283 793 scd
307 732 373 811 ipso
396 732 484 791 finem
504 732 631 792 docendi
657 732 800 806 faciente,
830 754 859 791 sa
882 751 932 790 ere
951 730 1027 791 vele
1049 730 1222 789 desinamus.

86 813 193 892 Neque
211 810 285 869 tanti
306 808 449 887 estquod
468 810 575 868 timent
595 809 766 888 periculum,
787 820 819 869 ut
839 832 853 867 a
896 808 922 866 ei
942 806 1072 869 oraculis
1090 816 1223 865 avertere

87 888 200 949 animos
224 885 293 945 idco
319 883 485 944 debeamus.
535 885 662 946 Celebre
688 896 731 945 est
750 885 918 945 Salomonis
942 884 1069 959 dictum,
1100 880 1223 965 glorian

87 982 152 1025 esse
170 963 228 1023 Dei
248 961 343 1021 celare
362 961 484 1020 verbum
520 962 751 1038 Prov.25,1.).
791 961 850 1021 Sed
872 982 960 1040 quum
981 960 1018 1019 de
1039 978 1073 1018 re
1092 956 1223 1038 quab‘bot

88 1040 147 1101 boc
167 1039 334 1120 promiscue
355 1056 416 1096 non
435 1038 508 1096 intel
521 1039 577 1119 igi,
602 1050 633 1098 et
650 1038 744 1117 pietas
763 1050 795 1099 et
813 1057 912 1097 sensus
932 1035 1100 1097 communis
1121 1034 1224 1095 dictet:

88 1112 532 1254 ostentabant
556 1127 682 1251 etat*
700 1114 865 1251 b⁰li⁵i²⁸
882 1111 1224 1250 .t.:⁰l‘lt.t.¹’.ts

88 1268 217 1329 dilucide
236 1287 269 1327 cx
292 1266 418 1326 rimitur:
438 1212 574 1341 „Arrabo
595 1267 705 1348 (inquit
723 1267 812 1327 Dent.
832 1211 880 1341 bii,
899 1270 962 1343 ⁶29.)
986 1286 1039 1325 sua
1066 1274 1142 1325 suot
1158 1264 1222 1325 lteu

88 1357 210 1406 nostro:
234 1286 320 1403 nobis
345 1355 442 1403 autem
463 1356 493 1402 et
512 1344 577 1404 liliis
596 1345 703 1404 nostris
723 1343 795 1404 baec
820 1342 1045 1402 manifestarit.“
1083 1340 1225 1413 Videmus

89 1422 168 1483 enim
200 1431 233 1480 ut
261 1419 387 1479 studium
417 1421 569 1480 doctrinae
588 1420 676 1480 Leis
707 1419 819 1501 populo
848 1417 1042 1485 commendet¹
1067 1428 1224 1477 tantum

89 1496 213 1559 coelesti
231 1495 361 1570 decreto,
382 1498 448 1576 quia
467 1496 534 1558 Deo
555 1496 663 1577 placuit
682 1518 744 1557 cam
763 1495 966 1577 promulgare:
985 1493 1136 1576 populum
1155 1512 1224 1555 reso

89 1573 217 1635 eundem
235 1574 385 1633 contineat
404 1574 433 1631 in
460 1573 493 1633 iis
514 1572 663 1649 cancellis,
695 1574 749 1634 bac
768 1572 830 1632 sola
851 1575 991 1647 ratione„
1011 1569 1080 1651 quia
1102 1570 1148 1631 fas
1167 1588 1226 1631 nott

90 1662 136 1712 eet
153 1649 336 1721 mortalibus,
353 1668 385 1709 se
404 1650 434 1708 in
455 1670 556 1710 arcana
576 1650 635 1711 Dei
655 1654 798 1732 ingerere.

166 1733 195 1789 4.
232 1725 388 1805 Arripiunt
405 1726 520 1800 subito,
544 1726 657 1802 fateor,
682 1725 796 1806 profani
818 1724 953 1784 homines
973 1723 1003 1783 iu
1046 1721 1227 1785 modestin-

89 1804 179 1866 tionis
198 1806 319 1863 materia
339 1803 419 1880 quod
438 1803 484 1862 vel
504 1815 641 1884 carpant,
660 1802 707 1863 rel
730 1801 920 1875 cavillentur,
939 1801 984 1861 vel
1004 1745 1164 1873 ailatrent,
1180 1796 1224 1858 vel

89 1881 279 1971 subsannent.
317 1878 358 1937 At
377 1879 400 1938 si
421 1879 640 1969 nos-absterret
660 1900 761 1940 eorum
787 1880 962 1958 procacitas,
986 1875 1114 1937 celanda
1139 1886 1223 1935 eruut

88 1956 495 2110 lt‘tttlillt‘lild‘t
512 1955 818 2093 llttzlamttlilt.
837 1953 1032 2110 fitillllt
1052 1950 1224 2119 ’ΒῖἳῖῘῖ

87 2110 165 2171 rium
185 2109 335 2190 ingenium
356 2128 417 2167 uon
438 2110 532 2168 minus
552 2107 714 2169 insolenter
732 2129 763 2169 se
784 2107 900 2181 efferet,
940 2104 1152 2166 uumaudierst
1168 2116 1222 2165 tcta

88 2188 121 2247 in
140 2185 198 2244 Dei
218 2186 342 2244 essentia
361 2183 480 2245 subesse
500 2205 649 2265 personas,
671 2206 756 2265 quam
775 2186 801 2244 si
820 2184 916 2243 audiat
959 2203 1025 2243 eum
1037 2180 1222 2263 praeridbst,

89 2262 160 2343 quid
182 2261 218 2320 de
236 2260 356 2321 bomine
377 2260 505 2320 futurum
532 2273 607 2321 esset
627 2284 715 2341 quum
742 2273 864 2321 crearet.
913 2261 976 2319 Nec
996 2258 1221 2321 abstineboota

88 2337 239 2399 cachinnis
249 2359 337 2417 quum
358 2338 565 2413 intellexerint,
584 2339 701 2417 paulum
721 2358 807 2417 supra
818 2336 947 2416 quinque
967 2356 1120 2395 annorum
1140 2332 1221 2394 mill'n

88 2414 234 2475 effluxisse
265 2434 281 2471 a
311 2414 461 2481 creatione
491 2417 605 2475 muudi:
660 2427 780 2475 naerent
810 2414 886 2471 enim
913 2433 965 2471 cur
991 2412 1109 2472 tamdiu
1134 2410 1220 2473 olion
1264 2448 1266 2461 ι

89 2492 233 2551 fueritne
256 2491 352 2570 sopita
372 2491 428 2548 Dei
455 2492 554 2550 virtus.
604 2436 684 2550 Nibil
709 2492 836 2570 denique
862 2486 1032 2569 proferetur
1056 2488 1144 2569 qood
1166 2506 1219 2547 ιω

90 2568 223 2627 ludibriis
242 2569 299 2625 suis
320 2569 470 2646 impetant.
516 2567 589 2640 Quo
609 2567 680 2627 baec
700 2566 850 2648 sacrilegia
870 2586 1113 2642 compescamus,
1134 2584 1172 2624 au
1188 2562 1219 2623 dt

89 2644 158 2703 Filii
190 2655 220 2702 et
244 2642 370 2722 Spiritus
396 2644 549 2703 divinitate
579 2644 753 2703 tacendum?
783 2666 819 2702 an
851 2642 966 2702 silendo
998 2640 1218 2702 transmittndt

88 2721 189 2780 mundi
211 2719 340 2781 creatio?
379 2720 527 2780 imovero
547 2721 701 2799 potentior
722 2732 765 2779 est
785 2733 815 2780 ct
834 2720 864 2778 in
886 2717 939 2779 hac
960 2731 1043 2798 parte
1065 2730 1099 2779 et
1120 2718 1218 2799 ubique

89 2798 148 2856 Dei
169 2798 289 2872 veritas,
331 2817 395 2856 uam
416 2809 449 2856 ut
467 2797 624 2878 impiorum
650 2796 883 2856 maledicentiam
904 2792 1099 2855 reformidet:
1127 2814 1218 2875 qut!-

89 2874 247 2934 admodum
267 2818 360 2932 etdu
394 2875 535 2934 ustinus
554 2874 583 2933 in
605 2874 747 2953 opusculo
763 2872 888 2932 debono
905 2871 1218 2953 pemmonuuepsp

89 2957 137 3016 14.
157 2970 248 3030 usque
268 2949 303 3009 ad
322 2894 393 3029 2θὶ
411 2950 506 3009 valide
527 2951 689 3009 contendit.
729 2951 869 3009 Videmus
890 2949 966 3007 enim
986 2950 1219 3029 pseudoaposto-

88 3026 134 3086 los
154 3048 215 3086 non
232 3027 362 3106 potuisse
382 3026 511 3101 efficere,
531 3046 627 3085 veram
640 3025 722 3086 Pauli
740 3026 902 3086 doctrinam
922 3025 1098 3086 infamando
1121 3048 1156 3086 ac
1172 3022 1219 3085 αἱ·

88 3103 246 3177 minando,
267 3114 300 3160 ut
320 3122 385 3161 eum
407 3103 494 3181 ipsius
514 3103 648 3181 puderet.
694 3103 784 3177 Quod
806 3114 901 3161 erstem
922 3102 979 3181 piis
998 3122 1128 3181 quoque
1147 3120 1219 3161 mea-

88 3179 167 3238 tibus
189 3177 381 3259 periculosam
402 3199 464 3238 esse
485 3180 586 3237 dicunt
606 3191 696 3238 totam
719 3181 792 3239 hanc
814 3180 1040 3259 disputationem
1063 3178 1218 3255 [videm

88 3277 111 3315 s.
132 3255 300 3336 ta-tt.],
319 3255 386 3334 quia
406 3255 445 3314 sit
465 3255 717 3316 exhortationibus
736 3257 870 3327 adversa,
895 3256 961 3334 quia
981 3254 1072 3314 fidem
1095 3254 1217 3335 quatefe-

88 3332 160 3403 ciat,
186 3336 253 3410 quia
274 3352 327 3389 cor
345 3331 438 3410 ipsum
465 3331 623 3390 conturbet
649 3346 736 3412 atque
755 3333 915 3390 exanimet:
947 3333 1034 3390 inane
1058 3344 1120 3393 est.
1158 3332 1220 3392 'litt

88 3407 127 3466 ob
153 3428 252 3467 causas
276 3406 413 3488 redargui
437 3426 468 3465 se
498 3407 615 3466 solitum
643 3429 702 3467 non
734 3408 893 3468 dissimulat
915 3409 1118 3488 Augustinus,
1148 3406 1220 3490 qaod

87 3483 364 3563 praedestinatioem
386 3484 506 3542 nimium
527 3483 619 3542 libere
639 3485 834 3564 praedicaret:
866 3484 932 3552 scd,
958 3484 1038 3563 quod
1060 3485 1112 3546 illi.
1128 3506 1220 3567 pron·

86 3571 169 3652 ptum
190 3572 263 3631 erat,
282 3559 406 3651 abunde·
418 3559 536 3618 refellit.
574 3560 637 3621 Nos
657 3573 764 3635 autem,
785 3563 852 3641 quia
872 3561 980 3619 multae
1002 3573 1033 3651 ct
1051 3565 1154 3623 variae
1171 3562 1221 3621 laec
1244 3594 1247 3598 ·

86 3648 261 3772 :unsel
278 3635 765 3773 :tzlzt‘tsnsffltlutn
780 3637 938 3772 tnta?
951 3638 1222 3777 ..isserat

27 3800 36 3820 ⁶
86 3809 158 3849 nere
179 3788 256 3868 apud
276 3807 327 3847 eos
347 3788 451 3868 cupio,
472 3800 508 3848 ut
528 3789 655 3880 quaein
675 3790 792 3850 occulto
812 3789 965 3849 recondita
983 3790 1220 3853 Dominuurtll·

86 3867 165 3944 quit,
184 3884 224 3923 ne
242 3876 419 3925 scrutemur:
445 3885 520 3958 quae
540 3888 570 3924 an
591 3878 723 3959 apertum
744 3866 883 3946 protulit,
904 3886 942 3925 ne
961 3868 1164 3959 negligamus:
1188 3884 1221 3927 ue

85 3952 136 4000 aut
156 3962 213 3999 una
234 3960 267 3999 ex
288 3954 371 4020 parte
388 3943 495 4002 nimiae
515 3942 705 4013 curiositatis,
735 3957 784 4002 aut
805 3964 838 4002 ex
863 3942 969 4015 altera,
1002 3944 1220 4025 ingratitudinis

87 4015 267 4075 damnemur.
304 4018 378 4078 Nam
399 4030 429 4077 et
448 4017 520 4077 illud
540 4019 612 4079 scite
632 4018 668 4079 ab
689 4018 901 4101 Augustino
923 4020 976 4099 [de
997 4018 1117 4082 Genesi
1136 4020 1220 4082 adli·

86 4102 179 4153 teram
200 4092 250 4152 lib.
269 4096 311 4172 5.]
332 4095 441 4153 dictum
462 4107 520 4166 cst,
552 4116 606 4155 nos
625 4087 692 4156 tuto
713 4095 894 4177 Scripturam
914 4097 997 4175 sequi
1018 4117 1126 4176 posse,
1151 4114 1220 4181 quat

84 4167 166 4229 velut
187 4182 321 4231 materno
341 4170 455 4231 incessu
474 4171 631 4231 submissus
650 4172 793 4252 graditur,
814 4193 851 4231 ne
870 4172 1072 4233 infirmitatem
1094 4188 1219 4237 nostran

83 4242 209 4305 deserat.
249 4246 312 4320 Qui
321 4264 406 4307 ¹nero
425 4259 484 4307 tom
505 4250 582 4308 cauti
601 4248 727 4309 suntvel
745 4249 850 4322 timidi,
869 4261 903 4308 ut
922 4249 1219 4330 praedestinationem

28 4404 34 4421 .
83 4316 222 4383 obrutam
242 4322 376 4401 cupiant,
404 4344 443 4384 ne
468 4323 579 4384 debiles
606 4324 714 4386 animas
738 4326 912 4386 conturbet:
944 4346 1077 4405 quonam
1097 4328 1218 4393 obem
