<?xml version="1.0" encoding="UTF-8"?>
<!DOCTYPE html PUBLIC "-//W3C//DTD XHTML 1.0 Transitional//EN"
    "http://www.w3.org/TR/xhtml1/DTD/xhtml1-transitional.dtd">
<html xmlns="http://www.w3.org/1999/xhtml" xml:lang="en" lang="en">
 <head>
  <title>
</title>
<meta http-equiv="Content-Type" content="text/html;charset=utf-8" />
  <meta name='ocr-system' content='tesseract 3.04.00' />
  <meta name='ocr-capabilities' content='ocr_page ocr_carea ocr_par ocr_line ocrx_word'/>
</head>
<body>
  <div class='ocr_page' id='page_1' title='image "./ioanniscalvinii02tholgoog/ioanniscalvinii02tholgoog_0953.png"; bbox 0 0 2700 4732; ppageno 0'>
   <div class='ocr_carea' id='block_1_1' title="bbox 519 212 1269 313">
    <p class='ocr_par' dir='ltr' id='par_1_1' title="bbox 519 212 1269 313">
     <span class='ocr_line' id='line_1_1' title="bbox 519 212 1269 313; baseline -0.015 -32"><span class='ocrx_word' id='word_1_1' title='bbox 519 215 596 313; x_wconf 75' lang='lat' dir='ltr'>hm.</span> <span class='ocrx_word' id='word_1_2' title='bbox 616 216 670 279; x_wconf 74' lang='lat' dir='ltr'>lv.</span> <span class='ocrx_word' id='word_1_3' title='bbox 709 214 797 280; x_wconf 78' lang='lat' dir='ltr'>CAP.</span> <span class='ocrx_word' id='word_1_4' title='bbox 816 212 880 276; x_wconf 67' lang='lat' dir='ltr'>xx</span> <span class='ocrx_word' id='word_1_5' title='bbox 1211 222 1269 288; x_wconf 73' lang='lat' dir='ltr'>m</span> 
     </span>
    </p>
   </div>
   <div class='ocr_carea' id='block_1_2' title="bbox 132 345 1270 577">
    <p class='ocr_par' dir='ltr' id='par_1_2' title="bbox 132 345 1270 577">
     <span class='ocr_line' id='line_1_2' title="bbox 132 345 1269 455; baseline -0.005 -24"><span class='ocrx_word' id='word_1_6' title='bbox 132 369 184 431; x_wconf 88' lang='lat' dir='ltr'>stis</span> <span class='ocrx_word' id='word_1_7' title='bbox 202 365 288 450; x_wconf 81' lang='lat' dir='ltr'>regni</span> <span class='ocrx_word' id='word_1_8' title='bbox 365 365 449 427; x_wconf 87' lang='lat' dir='ltr'>edam</span> <span class='ocrx_word' id='word_1_9' title='bbox 467 362 525 426; x_wconf 83' lang='lat' dir='ltr'>iam</span> <span class='ocrx_word' id='word_1_10' title='bbox 545 383 624 455; x_wconf 75' lang='lat' dir='ltr'>nnnc</span> <span class='ocrx_word' id='word_1_11' title='bbox 640 381 732 455; x_wconf 70' lang='lat' dir='ltr'>super</span> <span class='ocrx_word' id='word_1_12' title='bbox 749 372 859 421; x_wconf 87' lang='lat' dir='ltr'>terram</span> <span class='ocrx_word' id='word_1_13' title='bbox 876 345 907 421; x_wconf 84' lang='lat' dir='ltr'>in</span> <span class='ocrx_word' id='word_1_14' title='bbox 928 358 1016 420; x_wconf 87' lang='lat' dir='ltr'>nobis</span> <span class='ocrx_word' id='word_1_15' title='bbox 1034 359 1157 453; x_wconf 73' lang='lat' dir='ltr'>inclinat</span> <span class='ocrx_word' id='word_1_16' title='bbox 1179 375 1211 423; x_wconf 89' lang='lat' dir='ltr'>et</span> <span class='ocrx_word' id='word_1_17' title='bbox 1234 363 1269 425; x_wconf 89' lang='lat' dir='ltr'>in</span> 
     </span>
     <span class='ocr_line' id='line_1_3' title="bbox 133 436 1270 577; baseline -0.005 -71"><span class='ocrx_word' id='word_1_18' title='bbox 133 445 189 506; x_wconf 89' lang='lat' dir='ltr'>bac</span> <span class='ocrx_word' id='word_1_19' title='bbox 213 456 330 505; x_wconf 86' lang='lat' dir='ltr'>mortar</span> <span class='ocrx_word' id='word_1_20' title='bbox 351 442 528 577; x_wconf 69' lang='lat' dir='ltr'>evanidapue</span> <span class='ocrx_word' id='word_1_21' title='bbox 555 451 613 499; x_wconf 83' lang='lat' dir='ltr'>uta</span> <span class='ocrx_word' id='word_1_22' title='bbox 629 438 833 498; x_wconf 67' lang='lat' dir='ltr'>immortalem</span> <span class='ocrx_word' id='word_1_23' title='bbox 853 449 884 497; x_wconf 93' lang='lat' dir='ltr'>et</span> <span class='ocrx_word' id='word_1_24' title='bbox 901 436 1153 517; x_wconf 73' lang='lat' dir='ltr'>incorruptibilem</span> <span class='ocrx_word' id='word_1_25' title='bbox 1173 437 1270 501; x_wconf 87' lang='lat' dir='ltr'>beati·</span> 
     </span>
    </p>
   </div>
   <div class='ocr_carea' id='block_1_3' title="bbox 91 513 1344 4349">
    <p class='ocr_par' dir='ltr' id='par_1_3' title="bbox 91 513 1344 4349">
     <span class='ocr_line' id='line_1_4' title="bbox 133 513 1269 599; baseline -0.002 -18"><span class='ocrx_word' id='word_1_26' title='bbox 133 521 267 581; x_wconf 77' lang='lat' dir='ltr'>tudinem</span> <span class='ocrx_word' id='word_1_27' title='bbox 287 519 463 599; x_wconf 91' lang='lat' dir='ltr'>quodammo</span> <span class='ocrx_word' id='word_1_28' title='bbox 486 538 505 576; x_wconf 93' lang='lat' dir='ltr'>o</span> <span class='ocrx_word' id='word_1_29' title='bbox 524 516 697 596; x_wconf 70' lang='lat' dir='ltr'><strong>auspicatur.</strong></span> <span class='ocrx_word' id='word_1_30' title='bbox 722 515 764 574; x_wconf 74' lang='lat' dir='ltr'>At</span> <span class='ocrx_word' id='word_1_31' title='bbox 782 513 850 573; x_wconf 92' lang='lat' dir='ltr'>huic</span> <span class='ocrx_word' id='word_1_32' title='bbox 861 513 1036 574; x_wconf 90' lang='lat' dir='ltr'>destinatum</span> <span class='ocrx_word' id='word_1_33' title='bbox 1055 527 1109 589; x_wconf 87' lang='lat' dir='ltr'>est,</span> <span class='ocrx_word' id='word_1_34' title='bbox 1128 516 1269 594; x_wconf 80' lang='lat' dir='ltr'>quamdin</span> 
     </span>
     <span class='ocr_line' id='line_1_5' title="bbox 91 589 1268 677; baseline -0.002 -20"><span class='ocrx_word' id='word_1_35' title='bbox 91 596 104 611; x_wconf 58' lang='lat'><em>⁸</em></span> <span class='ocrx_word' id='word_1_36' title='bbox 134 600 215 657; x_wconf 83' lang='lat' dir='ltr'>inter</span> <span class='ocrx_word' id='word_1_37' title='bbox 233 597 366 657; x_wconf 87' lang='lat' dir='ltr'>homines</span> <span class='ocrx_word' id='word_1_38' title='bbox 390 616 524 677; x_wconf 79' lang='lat' dir='ltr'>agemus,</span> <span class='ocrx_word' id='word_1_39' title='bbox 547 604 697 653; x_wconf 89' lang='lat' dir='ltr'>externum</span> <span class='ocrx_word' id='word_1_40' title='bbox 717 590 776 650; x_wconf 88' lang='lat' dir='ltr'>Dei</span> <span class='ocrx_word' id='word_1_41' title='bbox 800 591 908 650; x_wconf 87' lang='lat' dir='ltr'>cultum</span> <span class='ocrx_word' id='word_1_42' title='bbox 936 589 1036 649; x_wconf 86' lang='lat' dir='ltr'>lovere</span> <span class='ocrx_word' id='word_1_43' title='bbox 1056 601 1087 649; x_wconf 89' lang='lat' dir='ltr'>et</span> <span class='ocrx_word' id='word_1_44' title='bbox 1106 593 1198 668; x_wconf 87' lang='lat' dir='ltr'>tueri,</span> <span class='ocrx_word' id='word_1_45' title='bbox 1222 614 1268 655; x_wconf 86' lang='lat' dir='ltr'>sa-</span> 
     </span>
     <span class='ocr_line' id='line_1_6' title="bbox 135 665 1268 754; baseline -0.004 -19"><span class='ocrx_word' id='word_1_46' title='bbox 135 695 202 735; x_wconf 87' lang='lat' dir='ltr'>nam</span> <span class='ocrx_word' id='word_1_47' title='bbox 222 673 339 754; x_wconf 88' lang='lat' dir='ltr'>pietatis</span> <span class='ocrx_word' id='word_1_48' title='bbox 358 673 521 732; x_wconf 84' lang='lat' dir='ltr'>doctrinam</span> <span class='ocrx_word' id='word_1_49' title='bbox 542 679 573 728; x_wconf 92' lang='lat' dir='ltr'>et</span> <span class='ocrx_word' id='word_1_50' title='bbox 598 667 737 729; x_wconf 87' lang='lat' dir='ltr'>ecclesiae</span> <span class='ocrx_word' id='word_1_51' title='bbox 761 671 867 727; x_wconf 85' lang='lat' dir='ltr'>statum</span> <span class='ocrx_word' id='word_1_52' title='bbox 892 665 1070 740; x_wconf 73' lang='lat' dir='ltr'>defendere,</span> <span class='ocrx_word' id='word_1_53' title='bbox 1096 669 1183 728; x_wconf 83' lang='lat' dir='ltr'>vitam</span> <span class='ocrx_word' id='word_1_54' title='bbox 1210 691 1268 730; x_wconf 89' lang='lat' dir='ltr'>no-</span> 
     </span>
     <span class='ocr_line' id='line_1_7' title="bbox 135 742 1267 822; baseline -0.004 -12"><span class='ocrx_word' id='word_1_55' title='bbox 135 762 224 811; x_wconf 88' lang='lat' dir='ltr'>stram</span> <span class='ocrx_word' id='word_1_56' title='bbox 249 749 284 809; x_wconf 90' lang='lat' dir='ltr'>ad</span> <span class='ocrx_word' id='word_1_57' title='bbox 314 749 469 808; x_wconf 91' lang='lat' dir='ltr'>hominum</span> <span class='ocrx_word' id='word_1_58' title='bbox 499 745 670 806; x_wconf 86' lang='lat' dir='ltr'>societatem</span> <span class='ocrx_word' id='word_1_59' title='bbox 696 762 894 822; x_wconf 80' lang='lat' dir='ltr'>componere,</span> <span class='ocrx_word' id='word_1_60' title='bbox 923 742 959 802; x_wconf 89' lang='lat' dir='ltr'>ad</span> <span class='ocrx_word' id='word_1_61' title='bbox 984 742 1099 803; x_wconf 82' lang='lat' dir='ltr'>civilem</span> <span class='ocrx_word' id='word_1_62' title='bbox 1126 745 1267 806; x_wconf 88' lang='lat' dir='ltr'>iustitiam</span> 
     </span>
     <span class='ocr_line' id='line_1_8' title="bbox 136 819 1268 902; baseline -0.012 -16"><span class='ocrx_word' id='word_1_63' title='bbox 136 843 234 886; x_wconf 89' lang='lat' dir='ltr'>mores</span> <span class='ocrx_word' id='word_1_64' title='bbox 253 837 372 886; x_wconf 88' lang='lat' dir='ltr'>nostros</span> <span class='ocrx_word' id='word_1_65' title='bbox 391 825 536 898; x_wconf 76' lang='lat' dir='ltr'>formare,</span> <span class='ocrx_word' id='word_1_66' title='bbox 560 841 615 881; x_wconf 93' lang='lat' dir='ltr'>nos</span> <span class='ocrx_word' id='word_1_67' title='bbox 634 823 713 880; x_wconf 90' lang='lat' dir='ltr'>inter</span> <span class='ocrx_word' id='word_1_68' title='bbox 732 840 787 879; x_wconf 89' lang='lat' dir='ltr'>nos</span> <span class='ocrx_word' id='word_1_69' title='bbox 808 819 982 893; x_wconf 89' lang='lat' dir='ltr'>conciliare,</span> <span class='ocrx_word' id='word_1_70' title='bbox 1011 838 1195 880; x_wconf 89' lang='lat' dir='ltr'>communem</span> <span class='ocrx_word' id='word_1_71' title='bbox 1215 844 1268 902; x_wconf 87' lang='lat' dir='ltr'>pa.</span> 
     </span>
     <span class='ocr_line' id='line_1_9' title="bbox 137 896 1268 981; baseline -0.003 -19"><span class='ocrx_word' id='word_1_72' title='bbox 137 923 201 962; x_wconf 88' lang='lat' dir='ltr'>cem</span> <span class='ocrx_word' id='word_1_73' title='bbox 222 922 255 962; x_wconf 89' lang='lat' dir='ltr'>ac</span> <span class='ocrx_word' id='word_1_74' title='bbox 274 900 515 981; x_wconf 73' lang='lat' dir='ltr'>tranquillitatem</span> <span class='ocrx_word' id='word_1_75' title='bbox 532 897 627 958; x_wconf 88' lang='lat' dir='ltr'>alere:</span> <span class='ocrx_word' id='word_1_76' title='bbox 655 915 730 977; x_wconf 87' lang='lat' dir='ltr'>quae</span> <span class='ocrx_word' id='word_1_77' title='bbox 750 896 848 956; x_wconf 91' lang='lat' dir='ltr'>omnia</span> <span class='ocrx_word' id='word_1_78' title='bbox 871 912 1048 977; x_wconf 79' lang='lat' dir='ltr'>superuacua</span> <span class='ocrx_word' id='word_1_79' title='bbox 1075 916 1136 957; x_wconf 87' lang='lat' dir='ltr'>csse</span> <span class='ocrx_word' id='word_1_80' title='bbox 1162 897 1268 976; x_wconf 84' lang='lat' dir='ltr'>fateor,</span> 
     </span>
     <span class='ocr_line' id='line_1_10' title="bbox 136 971 1269 1058; baseline -0.003 -18"><span class='ocrx_word' id='word_1_81' title='bbox 136 980 162 1040; x_wconf 88' lang='lat' dir='ltr'>si</span> <span class='ocrx_word' id='word_1_82' title='bbox 181 988 363 1058; x_wconf 75' lang='lat' dir='ltr'>praesentem</span> <span class='ocrx_word' id='word_1_83' title='bbox 383 978 470 1036; x_wconf 87' lang='lat' dir='ltr'>vitam</span> <span class='ocrx_word' id='word_1_84' title='bbox 490 975 646 1056; x_wconf 74' lang='lat' dir='ltr'>exstinguit</span> <span class='ocrx_word' id='word_1_85' title='bbox 665 992 788 1056; x_wconf 89' lang='lat' dir='ltr'>regnum</span> <span class='ocrx_word' id='word_1_86' title='bbox 807 972 883 1047; x_wconf 89' lang='lat' dir='ltr'>Dei,</span> <span class='ocrx_word' id='word_1_87' title='bbox 902 971 986 1053; x_wconf 87' lang='lat' dir='ltr'>quale</span> <span class='ocrx_word' id='word_1_88' title='bbox 1011 993 1089 1034; x_wconf 91' lang='lat' dir='ltr'>nunc</span> <span class='ocrx_word' id='word_1_89' title='bbox 1112 973 1190 1034; x_wconf 90' lang='lat' dir='ltr'>intra</span> <span class='ocrx_word' id='word_1_90' title='bbox 1212 996 1269 1045; x_wconf 87' lang='lat' dir='ltr'>nos</span> 
     </span>
     <span class='ocr_line' id='line_1_11' title="bbox 137 1049 1270 1133; baseline -0.003 -19"><span class='ocrx_word' id='word_1_91' title='bbox 137 1067 191 1114; x_wconf 87' lang='lat' dir='ltr'>est.</span> <span class='ocrx_word' id='word_1_92' title='bbox 230 1054 284 1114; x_wconf 86' lang='lat' dir='ltr'>Sin</span> <span class='ocrx_word' id='word_1_93' title='bbox 303 1054 344 1114; x_wconf 89' lang='lat' dir='ltr'>ita</span> <span class='ocrx_word' id='word_1_94' title='bbox 356 1052 543 1114; x_wconf 85' lang='lat' dir='ltr'>estroluntas</span> <span class='ocrx_word' id='word_1_95' title='bbox 553 1051 622 1124; x_wconf 87' lang='lat' dir='ltr'>Dei,</span> <span class='ocrx_word' id='word_1_96' title='bbox 641 1071 708 1123; x_wconf 87' lang='lat' dir='ltr'>nos,</span> <span class='ocrx_word' id='word_1_97' title='bbox 727 1049 794 1108; x_wconf 91' lang='lat' dir='ltr'>dum</span> <span class='ocrx_word' id='word_1_98' title='bbox 814 1050 958 1111; x_wconf 81' lang='lat' dir='ltr'>adseram</span> <span class='ocrx_word' id='word_1_99' title='bbox 979 1049 1117 1129; x_wconf 83' lang='lat' dir='ltr'>pietatem</span> <span class='ocrx_word' id='word_1_100' title='bbox 1138 1051 1270 1133; x_wconf 87' lang='lat' dir='ltr'>adspira-</span> 
     </span>
     <span class='ocr_line' id='line_1_12' title="bbox 136 1125 1270 1223; baseline -0.002 -33"><span class='ocrx_word' id='word_1_101' title='bbox 136 1152 214 1207; x_wconf 86' lang='lat' dir='ltr'>mus,</span> <span class='ocrx_word' id='word_1_102' title='bbox 233 1130 415 1223; x_wconf 87' lang='lat' dir='ltr'>peregrinari</span> <span class='ocrx_word' id='word_1_103' title='bbox 436 1147 524 1209; x_wconf 86' lang='lat' dir='ltr'>super</span> <span class='ocrx_word' id='word_1_104' title='bbox 542 1139 663 1202; x_wconf 88' lang='lat' dir='ltr'>terram,</span> <span class='ocrx_word' id='word_1_105' title='bbox 674 1126 745 1186; x_wconf 83' lang='lat' dir='ltr'>&#39;eius</span> <span class='ocrx_word' id='word_1_106' title='bbox 763 1147 834 1186; x_wconf 87' lang='lat' dir='ltr'>vero</span> <span class='ocrx_word' id='word_1_107' title='bbox 853 1125 1097 1208; x_wconf 77' lang='lat' dir='ltr'>peregrinationis</span> <span class='ocrx_word' id='word_1_108' title='bbox 1117 1149 1184 1188; x_wconf 83' lang='lat' dir='ltr'>usus</span> <span class='ocrx_word' id='word_1_109' title='bbox 1203 1128 1270 1189; x_wconf 89' lang='lat' dir='ltr'>tali·</span> 
     </span>
     <span class='ocr_line' id='line_1_13' title="bbox 137 1202 1270 1286; baseline -0.001 -20"><span class='ocrx_word' id='word_1_110' title='bbox 137 1207 193 1267; x_wconf 89' lang='lat' dir='ltr'>bus</span> <span class='ocrx_word' id='word_1_111' title='bbox 212 1207 346 1267; x_wconf 77' lang='lat' dir='ltr'>subsidiis</span> <span class='ocrx_word' id='word_1_112' title='bbox 364 1205 493 1286; x_wconf 86' lang='lat' dir='ltr'>indiget,</span> <span class='ocrx_word' id='word_1_113' title='bbox 513 1205 563 1284; x_wconf 86' lang='lat' dir='ltr'>qni</span> <span class='ocrx_word' id='word_1_114' title='bbox 583 1205 645 1283; x_wconf 89' lang='lat' dir='ltr'>ipsa</span> <span class='ocrx_word' id='word_1_115' title='bbox 656 1202 693 1264; x_wconf 93' lang='lat' dir='ltr'>ab</span> <span class='ocrx_word' id='word_1_116' title='bbox 712 1202 833 1262; x_wconf 90' lang='lat' dir='ltr'>homine</span> <span class='ocrx_word' id='word_1_117' title='bbox 851 1202 971 1279; x_wconf 86' lang='lat' dir='ltr'>tollunt,</span> <span class='ocrx_word' id='word_1_118' title='bbox 989 1223 1069 1264; x_wconf 77' lang='lat' dir='ltr'>suain</span> <span class='ocrx_word' id='word_1_119' title='bbox 1085 1202 1128 1262; x_wconf 91' lang='lat' dir='ltr'>illi</span> <span class='ocrx_word' id='word_1_120' title='bbox 1141 1205 1270 1284; x_wconf 91' lang='lat' dir='ltr'>eripiunt</span> 
     </span>
     <span class='ocr_line' id='line_1_14' title="bbox 137 1278 1270 1361; baseline 0 -20"><span class='ocrx_word' id='word_1_121' title='bbox 137 1283 356 1344; x_wconf 80' lang='lat' dir='ltr'>humanitatem.</span> <span class='ocrx_word' id='word_1_122' title='bbox 396 1284 470 1342; x_wconf 89' lang='lat' dir='ltr'>Nam</span> <span class='ocrx_word' id='word_1_123' title='bbox 490 1280 569 1361; x_wconf 90' lang='lat' dir='ltr'>quod</span> <span class='ocrx_word' id='word_1_124' title='bbox 588 1292 699 1340; x_wconf 86' lang='lat' dir='ltr'>tantam</span> <span class='ocrx_word' id='word_1_125' title='bbox 719 1278 750 1337; x_wconf 89' lang='lat' dir='ltr'>in</span> <span class='ocrx_word' id='word_1_126' title='bbox 769 1278 891 1340; x_wconf 88' lang='lat' dir='ltr'>ecclesia</span> <span class='ocrx_word' id='word_1_127' title='bbox 903 1278 962 1340; x_wconf 85' lang='lat' dir='ltr'>Dei</span> <span class='ocrx_word' id='word_1_128' title='bbox 980 1279 1195 1359; x_wconf 77' lang='lat' dir='ltr'>perfectionem</span> <span class='ocrx_word' id='word_1_129' title='bbox 1216 1281 1270 1341; x_wconf 85' lang='lat' dir='ltr'>de-</span> 
     </span>
     <span class='ocr_line' id='line_1_15' title="bbox 137 1355 1271 1448; baseline -0.001 -29"><span class='ocrx_word' id='word_1_130' title='bbox 137 1359 209 1419; x_wconf 90' lang='lat' dir='ltr'>bere</span> <span class='ocrx_word' id='word_1_131' title='bbox 230 1379 292 1420; x_wconf 88' lang='lat' dir='ltr'>esse</span> <span class='ocrx_word' id='word_1_132' title='bbox 310 1370 475 1432; x_wconf 87' lang='lat' dir='ltr'>causantur,</span> <span class='ocrx_word' id='word_1_133' title='bbox 494 1357 541 1417; x_wconf 90' lang='lat' dir='ltr'>cni</span> <span class='ocrx_word' id='word_1_134' title='bbox 560 1377 611 1417; x_wconf 87' lang='lat' dir='ltr'>sua</span> <span class='ocrx_word' id='word_1_135' title='bbox 631 1376 685 1436; x_wconf 93' lang='lat' dir='ltr'>pro</span> <span class='ocrx_word' id='word_1_136' title='bbox 705 1355 772 1448; x_wconf 87' lang='lat' dir='ltr'>lege</span> <span class='ocrx_word' id='word_1_137' title='bbox 792 1357 956 1417; x_wconf 84' lang='lat' dir='ltr'>moderatio</span> <span class='ocrx_word' id='word_1_138' title='bbox 976 1358 1044 1417; x_wconf 86' lang='lat' dir='ltr'>satis</span> <span class='ocrx_word' id='word_1_139' title='bbox 1062 1357 1112 1431; x_wconf 89' lang='lat' dir='ltr'>sit,</span> <span class='ocrx_word' id='word_1_140' title='bbox 1134 1370 1271 1418; x_wconf 87' lang='lat' dir='ltr'>eamsto·</span> 
     </span>
     <span class='ocr_line' id='line_1_16' title="bbox 138 1431 1271 1517; baseline 0 -23"><span class='ocrx_word' id='word_1_141' title='bbox 138 1435 197 1494; x_wconf 86' lang='lat' dir='ltr'>lide</span> <span class='ocrx_word' id='word_1_142' title='bbox 217 1436 273 1516; x_wconf 88' lang='lat' dir='ltr'>ipsi</span> <span class='ocrx_word' id='word_1_143' title='bbox 292 1436 498 1517; x_wconf 86' lang='lat' dir='ltr'>imaginantur,</span> <span class='ocrx_word' id='word_1_144' title='bbox 517 1453 592 1513; x_wconf 88' lang='lat' dir='ltr'>quae</span> <span class='ocrx_word' id='word_1_145' title='bbox 612 1433 644 1493; x_wconf 90' lang='lat' dir='ltr'>in</span> <span class='ocrx_word' id='word_1_146' title='bbox 662 1431 814 1492; x_wconf 89' lang='lat' dir='ltr'>hommum</span> <span class='ocrx_word' id='word_1_147' title='bbox 826 1433 1035 1492; x_wconf 88' lang='lat' dir='ltr'>communitate</span> <span class='ocrx_word' id='word_1_148' title='bbox 1051 1453 1083 1492; x_wconf 87' lang='lat' dir='ltr'>re</span> <span class='ocrx_word' id='word_1_149' title='bbox 1105 1433 1174 1494; x_wconf 92' lang='lat' dir='ltr'>eriri</span> <span class='ocrx_word' id='word_1_150' title='bbox 1192 1456 1271 1494; x_wconf 91' lang='lat' dir='ltr'>nun-</span> 
     </span>
     <span class='ocr_line' id='line_1_17' title="bbox 139 1455 1271 1591; baseline 0 -20"><span class='ocrx_word' id='word_1_151' title='bbox 139 1533 225 1590; x_wconf 89' lang='lat' dir='ltr'>quam</span> <span class='ocrx_word' id='word_1_152' title='bbox 245 1513 346 1591; x_wconf 84' lang='lat' dir='ltr'>possit.</span> <span class='ocrx_word' id='word_1_153' title='bbox 394 1509 495 1586; x_wconf 88' lang='lat' dir='ltr'>Quum</span> <span class='ocrx_word' id='word_1_154' title='bbox 516 1511 593 1568; x_wconf 91' lang='lat' dir='ltr'>enim</span> <span class='ocrx_word' id='word_1_155' title='bbox 616 1519 698 1570; x_wconf 87' lang='lat' dir='ltr'>tanta</span> <span class='ocrx_word' id='word_1_156' title='bbox 721 1510 760 1569; x_wconf 90' lang='lat' dir='ltr'>sit</span> <span class='ocrx_word' id='word_1_157' title='bbox 783 1509 989 1590; x_wconf 88' lang='lat' dir='ltr'>improborum</span> <span class='ocrx_word' id='word_1_158' title='bbox 1014 1455 1184 1585; x_wconf 74' lang='lat' dir='ltr'>insolitntia,</span> <span class='ocrx_word' id='word_1_159' title='bbox 1217 1530 1271 1571; x_wconf 90' lang='lat' dir='ltr'>ne·</span> 
     </span>
     <span class='ocr_line' id='line_1_18' title="bbox 139 1583 1272 1678; baseline 0 -30"><span class='ocrx_word' id='word_1_160' title='bbox 139 1588 229 1678; x_wconf 82' lang='lat' dir='ltr'>quitis</span> <span class='ocrx_word' id='word_1_161' title='bbox 249 1600 307 1647; x_wconf 90' lang='lat' dir='ltr'>tam</span> <span class='ocrx_word' id='word_1_162' title='bbox 322 1598 488 1660; x_wconf 85' lang='lat' dir='ltr'>contumax,</span> <span class='ocrx_word' id='word_1_163' title='bbox 507 1605 581 1664; x_wconf 91' lang='lat' dir='ltr'>quae</span> <span class='ocrx_word' id='word_1_164' title='bbox 600 1584 690 1645; x_wconf 86' lang='lat' dir='ltr'>multa</span> <span class='ocrx_word' id='word_1_165' title='bbox 709 1583 807 1667; x_wconf 86' lang='lat' dir='ltr'>legum</span> <span class='ocrx_word' id='word_1_166' title='bbox 826 1585 981 1645; x_wconf 87' lang='lat' dir='ltr'>severitate</span> <span class='ocrx_word' id='word_1_167' title='bbox 990 1588 1122 1646; x_wconf 85' lang='lat' dir='ltr'>coerceri</span> <span class='ocrx_word' id='word_1_168' title='bbox 1133 1587 1181 1644; x_wconf 83' lang='lat' dir='ltr'>rix</span> <span class='ocrx_word' id='word_1_169' title='bbox 1201 1608 1272 1667; x_wconf 91' lang='lat' dir='ltr'>pos·</span> 
     </span>
     <span class='ocr_line' id='line_1_19' title="bbox 138 1662 1272 1742; baseline 0.001 -19"><span class='ocrx_word' id='word_1_170' title='bbox 138 1676 192 1723; x_wconf 77' lang='lat' dir='ltr'>sit:</span> <span class='ocrx_word' id='word_1_171' title='bbox 219 1665 288 1742; x_wconf 91' lang='lat' dir='ltr'>quid</span> <span class='ocrx_word' id='word_1_172' title='bbox 309 1663 437 1722; x_wconf 79' lang='lat' dir='ltr'>facturos</span> <span class='ocrx_word' id='word_1_173' title='bbox 457 1674 670 1742; x_wconf 85' lang='lat' dir='ltr'>exspectamus,</span> <span class='ocrx_word' id='word_1_174' title='bbox 693 1663 717 1721; x_wconf 88' lang='lat' dir='ltr'>si</span> <span class='ocrx_word' id='word_1_175' title='bbox 736 1674 838 1741; x_wconf 88' lang='lat' dir='ltr'>patere</span> <span class='ocrx_word' id='word_1_176' title='bbox 861 1681 931 1722; x_wconf 90' lang='lat' dir='ltr'>snae</span> <span class='ocrx_word' id='word_1_177' title='bbox 949 1662 1133 1740; x_wconf 88' lang='lat' dir='ltr'>improbitati</span> <span class='ocrx_word' id='word_1_178' title='bbox 1154 1663 1272 1724; x_wconf 85' lang='lat' dir='ltr'>videant</span> 
     </span>
     <span class='ocr_line' id='line_1_20' title="bbox 139 1736 1271 1820; baseline 0.003 -23"><span class='ocrx_word' id='word_1_179' title='bbox 139 1739 312 1819; x_wconf 88' lang='lat' dir='ltr'>impunitam</span> <span class='ocrx_word' id='word_1_180' title='bbox 325 1740 488 1810; x_wconf 85' lang='lat' dir='ltr'>licentiam,</span> <span class='ocrx_word' id='word_1_181' title='bbox 508 1737 567 1817; x_wconf 91' lang='lat' dir='ltr'>qui,</span> <span class='ocrx_word' id='word_1_182' title='bbox 588 1758 625 1797; x_wconf 90' lang='lat' dir='ltr'>ne</span> <span class='ocrx_word' id='word_1_183' title='bbox 644 1736 720 1798; x_wconf 89' lang='lat' dir='ltr'>male</span> <span class='ocrx_word' id='word_1_184' title='bbox 741 1738 858 1812; x_wconf 83' lang='lat' dir='ltr'>iaciant,</span> <span class='ocrx_word' id='word_1_185' title='bbox 877 1739 1011 1817; x_wconf 83' lang='lat' dir='ltr'>nequevi</span> <span class='ocrx_word' id='word_1_186' title='bbox 1031 1739 1098 1798; x_wconf 85' lang='lat' dir='ltr'>satis</span> <span class='ocrx_word' id='word_1_187' title='bbox 1114 1752 1271 1820; x_wconf 90' lang='lat' dir='ltr'>coguntur.</span> 
     </span>
     <span class='ocr_line' id='line_1_21' title="bbox 217 1815 1272 1894; baseline -0.003 -14"><span class='ocrx_word' id='word_1_188' title='bbox 217 1823 245 1880; x_wconf 85' lang='lat'>3.</span> <span class='ocrx_word' id='word_1_189' title='bbox 284 1816 344 1876; x_wconf 88' lang='lat' dir='ltr'>Sed</span> <span class='ocrx_word' id='word_1_190' title='bbox 365 1816 401 1873; x_wconf 90' lang='lat' dir='ltr'>de</span> <span class='ocrx_word' id='word_1_191' title='bbox 427 1815 546 1894; x_wconf 87' lang='lat' dir='ltr'>politiae</span> <span class='ocrx_word' id='word_1_192' title='bbox 572 1836 624 1874; x_wconf 92' lang='lat' dir='ltr'>usu</span> <span class='ocrx_word' id='word_1_193' title='bbox 649 1815 706 1874; x_wconf 90' lang='lat' dir='ltr'>erit</span> <span class='ocrx_word' id='word_1_194' title='bbox 729 1815 801 1874; x_wconf 87' lang='lat' dir='ltr'>alius</span> <span class='ocrx_word' id='word_1_195' title='bbox 821 1817 1020 1894; x_wconf 89' lang='lat' dir='ltr'>opportunior</span> <span class='ocrx_word' id='word_1_196' title='bbox 1044 1815 1159 1875; x_wconf 92' lang='lat' dir='ltr'>dicendi</span> <span class='ocrx_word' id='word_1_197' title='bbox 1179 1815 1272 1877; x_wconf 80' lang='lat' dir='ltr'>locus.</span> 
     </span>
     <span class='ocr_line' id='line_1_22' title="bbox 141 1891 1273 1973; baseline 0.002 -22"><span class='ocrx_word' id='word_1_198' title='bbox 141 1894 228 1951; x_wconf 90' lang='lat' dir='ltr'>Nunc</span> <span class='ocrx_word' id='word_1_199' title='bbox 248 1892 323 1952; x_wconf 89' lang='lat' dir='ltr'>istud</span> <span class='ocrx_word' id='word_1_200' title='bbox 344 1903 456 1952; x_wconf 90' lang='lat' dir='ltr'>tantum</span> <span class='ocrx_word' id='word_1_201' title='bbox 475 1891 602 1972; x_wconf 82' lang='lat' dir='ltr'>intelligi</span> <span class='ocrx_word' id='word_1_202' title='bbox 622 1891 766 1965; x_wconf 87' lang='lat' dir='ltr'>volumus,</span> <span class='ocrx_word' id='word_1_203' title='bbox 786 1892 823 1951; x_wconf 92' lang='lat' dir='ltr'>de</span> <span class='ocrx_word' id='word_1_204' title='bbox 843 1912 877 1950; x_wconf 87' lang='lat' dir='ltr'>ea</span> <span class='ocrx_word' id='word_1_205' title='bbox 898 1891 1114 1951; x_wconf 85' lang='lat' dir='ltr'>exterminanda</span> <span class='ocrx_word' id='word_1_206' title='bbox 1141 1894 1273 1973; x_wconf 88' lang='lat' dir='ltr'>cogitare</span> 
     </span>
     <span class='ocr_line' id='line_1_23' title="bbox 142 1967 1274 2046; baseline 0.004 -20"><span class='ocrx_word' id='word_1_207' title='bbox 142 1968 298 2028; x_wconf 90' lang='lat' dir='ltr'>immanem</span> <span class='ocrx_word' id='word_1_208' title='bbox 318 1989 380 2028; x_wconf 86' lang='lat' dir='ltr'>esse</span> <span class='ocrx_word' id='word_1_209' title='bbox 404 1967 585 2043; x_wconf 89' lang='lat' dir='ltr'>barbariem,</span> <span class='ocrx_word' id='word_1_210' title='bbox 615 1968 695 2028; x_wconf 91' lang='lat' dir='ltr'>cuius</span> <span class='ocrx_word' id='word_1_211' title='bbox 720 1990 790 2028; x_wconf 90' lang='lat' dir='ltr'>usus</span> <span class='ocrx_word' id='word_1_212' title='bbox 820 1988 884 2026; x_wconf 89' lang='lat' dir='ltr'>non</span> <span class='ocrx_word' id='word_1_213' title='bbox 908 1969 1004 2027; x_wconf 91' lang='lat' dir='ltr'>minor</span> <span class='ocrx_word' id='word_1_214' title='bbox 1026 1968 1107 2027; x_wconf 78' lang='lat' dir='ltr'>inter·</span> <span class='ocrx_word' id='word_1_215' title='bbox 1129 1968 1274 2046; x_wconf 87' lang='lat' dir='ltr'>homines,</span> 
     </span>
     <span class='ocr_line' id='line_1_24' title="bbox 143 2043 1274 2126; baseline 0.004 -24"><span class='ocrx_word' id='word_1_216' title='bbox 143 2066 229 2123; x_wconf 88' lang='lat' dir='ltr'>quam</span> <span class='ocrx_word' id='word_1_217' title='bbox 248 2046 348 2123; x_wconf 89' lang='lat' dir='ltr'>panis,</span> <span class='ocrx_word' id='word_1_218' title='bbox 372 2066 388 2104; x_wconf 89' lang='lat' dir='ltr'>a</span> <span class='ocrx_word' id='word_1_219' title='bbox 411 2063 478 2119; x_wconf 90' lang='lat' dir='ltr'>uae,</span> <span class='ocrx_word' id='word_1_220' title='bbox 502 2045 573 2105; x_wconf 90' lang='lat' dir='ltr'>solis</span> <span class='ocrx_word' id='word_1_221' title='bbox 599 2057 630 2104; x_wconf 90' lang='lat' dir='ltr'>et</span> <span class='ocrx_word' id='word_1_222' title='bbox 652 2045 741 2104; x_wconf 72' lang='lat' dir='ltr'>abeis:</span> <span class='ocrx_word' id='word_1_223' title='bbox 775 2044 897 2126; x_wconf 86' lang='lat' dir='ltr'>dignitas</span> <span class='ocrx_word' id='word_1_224' title='bbox 922 2045 1041 2123; x_wconf 89' lang='lat' dir='ltr'>quidem</span> <span class='ocrx_word' id='word_1_225' title='bbox 1065 2043 1159 2104; x_wconf 90' lang='lat' dir='ltr'>multo</span> <span class='ocrx_word' id='word_1_226' title='bbox 1185 2046 1274 2106; x_wconf 82' lang='lat' dir='ltr'>titiam</span> 
     </span>
     <span class='ocr_line' id='line_1_25' title="bbox 163 2120 1275 2200; baseline 0.003 -21"><span class='ocrx_word' id='word_1_227' title='bbox 163 2124 345 2181; x_wconf 88' lang='lat' dir='ltr'>raestantior.</span> <span class='ocrx_word' id='word_1_228' title='bbox 426 2141 467 2180; x_wconf 91' lang='lat' dir='ltr'>nn</span> <span class='ocrx_word' id='word_1_229' title='bbox 496 2121 573 2179; x_wconf 91' lang='lat' dir='ltr'>enim</span> <span class='ocrx_word' id='word_1_230' title='bbox 596 2121 688 2200; x_wconf 80' lang='lat' dir='ltr'>(qnae</span> <span class='ocrx_word' id='word_1_231' title='bbox 713 2120 831 2180; x_wconf 91' lang='lat' dir='ltr'>illorum</span> <span class='ocrx_word' id='word_1_232' title='bbox 852 2123 982 2180; x_wconf 89' lang='lat' dir='ltr'>omnium</span> <span class='ocrx_word' id='word_1_233' title='bbox 1003 2123 1199 2182; x_wconf 82' lang='lat' dir='ltr'>commoditas</span> <span class='ocrx_word' id='word_1_234' title='bbox 1215 2123 1275 2200; x_wconf 88' lang='lat' dir='ltr'>cst)</span> 
     </span>
     <span class='ocr_line' id='line_1_26' title="bbox 140 2143 1263 2278; baseline 0.002 -22"><span class='ocrx_word' id='word_1_235' title='bbox 140 2143 199 2257; x_wconf 71' lang='lat' dir='ltr'>huc</span> <span class='ocrx_word' id='word_1_236' title='bbox 218 2209 330 2278; x_wconf 86' lang='lat' dir='ltr'>spectat</span> <span class='ocrx_word' id='word_1_237' title='bbox 346 2199 491 2271; x_wconf 80' lang='lat' dir='ltr'>duntaxat,</span> <span class='ocrx_word' id='word_1_238' title='bbox 510 2209 544 2255; x_wconf 89' lang='lat' dir='ltr'>ut</span> <span class='ocrx_word' id='word_1_239' title='bbox 561 2200 674 2277; x_wconf 89' lang='lat' dir='ltr'>spirent</span> <span class='ocrx_word' id='word_1_240' title='bbox 693 2196 837 2272; x_wconf 89' lang='lat' dir='ltr'>homines,</span> <span class='ocrx_word' id='word_1_241' title='bbox 858 2197 956 2272; x_wconf 82' lang='lat' dir='ltr'>edant,</span> <span class='ocrx_word' id='word_1_242' title='bbox 974 2197 1089 2271; x_wconf 86' lang='lat' dir='ltr'>bibant,</span> <span class='ocrx_word' id='word_1_243' title='bbox 1108 2198 1263 2259; x_wconf 80' lang='lat' dir='ltr'>foveantur</span> 
     </span>
     <span class='ocr_line' id='line_1_27' title="bbox 142 2273 1262 2365; baseline 0.002 -32"><span class='ocrx_word' id='word_1_244' title='bbox 142 2278 324 2365; x_wconf 79' lang='lat' dir='ltr'>(quanquam</span> <span class='ocrx_word' id='word_1_245' title='bbox 345 2274 417 2335; x_wconf 85' lang='lat' dir='ltr'>baec</span> <span class='ocrx_word' id='word_1_246' title='bbox 436 2285 515 2334; x_wconf 86' lang='lat' dir='ltr'>certe</span> <span class='ocrx_word' id='word_1_247' title='bbox 536 2276 633 2333; x_wconf 91' lang='lat' dir='ltr'>omnia</span> <span class='ocrx_word' id='word_1_248' title='bbox 653 2274 872 2352; x_wconf 87' lang='lat' dir='ltr'>complectitur,</span> <span class='ocrx_word' id='word_1_249' title='bbox 903 2273 972 2333; x_wconf 87' lang='lat' dir='ltr'>dum</span> <span class='ocrx_word' id='word_1_250' title='bbox 998 2275 1102 2350; x_wconf 88' lang='lat' dir='ltr'>elficit,</span> <span class='ocrx_word' id='word_1_251' title='bbox 1131 2287 1166 2334; x_wconf 92' lang='lat' dir='ltr'>ut</span> <span class='ocrx_word' id='word_1_252' title='bbox 1187 2276 1262 2335; x_wconf 89' lang='lat' dir='ltr'>simu</span> 
     </span>
     <span class='ocr_line' id='line_1_28' title="bbox 141 2349 1277 2431; baseline -0.001 -19"><span class='ocrx_word' id='word_1_253' title='bbox 141 2362 249 2425; x_wconf 73' lang='lat' dir='ltr'>vivant,</span> <span class='ocrx_word' id='word_1_254' title='bbox 269 2371 330 2411; x_wconf 91' lang='lat' dir='ltr'>non</span> <span class='ocrx_word' id='word_1_255' title='bbox 351 2363 460 2424; x_wconf 90' lang='lat' dir='ltr'>tamen,</span> <span class='ocrx_word' id='word_1_256' title='bbox 479 2350 606 2428; x_wconf 87' lang='lat' dir='ltr'>inquam,</span> <span class='ocrx_word' id='word_1_257' title='bbox 627 2351 683 2410; x_wconf 91' lang='lat' dir='ltr'>buc</span> <span class='ocrx_word' id='word_1_258' title='bbox 692 2363 805 2431; x_wconf 88' lang='lat' dir='ltr'>spectat</span> <span class='ocrx_word' id='word_1_259' title='bbox 822 2349 948 2427; x_wconf 90' lang='lat' dir='ltr'>solum):</span> <span class='ocrx_word' id='word_1_260' title='bbox 967 2351 1018 2411; x_wconf 91' lang='lat' dir='ltr'>sed</span> <span class='ocrx_word' id='word_1_261' title='bbox 1038 2371 1076 2411; x_wconf 91' lang='lat' dir='ltr'>ne</span> <span class='ocrx_word' id='word_1_262' title='bbox 1095 2349 1277 2431; x_wconf 89' lang='lat' dir='ltr'>idololatria,</span> 
     </span>
     <span class='ocr_line' id='line_1_29' title="bbox 142 2426 1275 2510; baseline 0.003 -24"><span class='ocrx_word' id='word_1_263' title='bbox 142 2448 181 2486; x_wconf 90' lang='lat' dir='ltr'>ne</span> <span class='ocrx_word' id='word_1_264' title='bbox 200 2427 231 2486; x_wconf 90' lang='lat' dir='ltr'>in</span> <span class='ocrx_word' id='word_1_265' title='bbox 251 2427 308 2486; x_wconf 87' lang='lat' dir='ltr'>Dei</span> <span class='ocrx_word' id='word_1_266' title='bbox 328 2447 438 2487; x_wconf 90' lang='lat' dir='ltr'>nomen</span> <span class='ocrx_word' id='word_1_267' title='bbox 463 2426 629 2508; x_wconf 90' lang='lat' dir='ltr'>sacrilegia,</span> <span class='ocrx_word' id='word_1_268' title='bbox 656 2448 693 2487; x_wconf 90' lang='lat' dir='ltr'>ne</span> <span class='ocrx_word' id='word_1_269' title='bbox 718 2427 854 2487; x_wconf 85' lang='lat' dir='ltr'>adversus</span> <span class='ocrx_word' id='word_1_270' title='bbox 879 2427 940 2486; x_wconf 88' lang='lat' dir='ltr'>eius</span> <span class='ocrx_word' id='word_1_271' title='bbox 960 2429 1111 2488; x_wconf 84' lang='lat' dir='ltr'>veritatem</span> <span class='ocrx_word' id='word_1_272' title='bbox 1136 2427 1275 2510; x_wconf 90' lang='lat' dir='ltr'>blasphe-</span> 
     </span>
     <span class='ocr_line' id='line_1_30' title="bbox 141 2502 1344 2586; baseline 0.002 -24"><span class='ocrx_word' id='word_1_273' title='bbox 141 2505 220 2563; x_wconf 88' lang='lat' dir='ltr'>miae</span> <span class='ocrx_word' id='word_1_274' title='bbox 239 2503 369 2583; x_wconf 89' lang='lat' dir='ltr'>aliaeque</span> <span class='ocrx_word' id='word_1_275' title='bbox 388 2502 539 2585; x_wconf 90' lang='lat' dir='ltr'>religionis</span> <span class='ocrx_word' id='word_1_276' title='bbox 557 2504 741 2564; x_wconf 80' lang='lat' dir='ltr'>offensiones</span> <span class='ocrx_word' id='word_1_277' title='bbox 759 2502 878 2584; x_wconf 88' lang='lat' dir='ltr'>publice</span> <span class='ocrx_word' id='word_1_278' title='bbox 901 2518 1053 2586; x_wconf 88' lang='lat' dir='ltr'>emergant</span> <span class='ocrx_word' id='word_1_279' title='bbox 1072 2526 1106 2564; x_wconf 89' lang='lat' dir='ltr'>ac</span> <span class='ocrx_word' id='word_1_280' title='bbox 1125 2505 1156 2563; x_wconf 93' lang='lat' dir='ltr'>in</span> <span class='ocrx_word' id='word_1_281' title='bbox 1177 2526 1275 2586; x_wconf 92' lang='lat' dir='ltr'>popu·</span> <span class='ocrx_word' id='word_1_282' title='bbox 1341 2516 1344 2521; x_wconf 71' lang='lat'>‘</span> 
     </span>
     <span class='ocr_line' id='line_1_31' title="bbox 141 2579 1275 2671; baseline 0 -32"><span class='ocrx_word' id='word_1_283' title='bbox 141 2582 202 2640; x_wconf 93' lang='lat' dir='ltr'>lum</span> <span class='ocrx_word' id='word_1_284' title='bbox 222 2592 410 2660; x_wconf 85' lang='lat' dir='ltr'>spargantur:</span> <span class='ocrx_word' id='word_1_285' title='bbox 432 2600 470 2639; x_wconf 89' lang='lat' dir='ltr'>nc</span> <span class='ocrx_word' id='word_1_286' title='bbox 489 2579 605 2661; x_wconf 87' lang='lat' dir='ltr'>publica</span> <span class='ocrx_word' id='word_1_287' title='bbox 619 2581 700 2660; x_wconf 84' lang='lat' dir='ltr'>quies</span> <span class='ocrx_word' id='word_1_288' title='bbox 717 2582 922 2671; x_wconf 89' lang='lat' dir='ltr'>perturbetur:</span> <span class='ocrx_word' id='word_1_289' title='bbox 943 2592 975 2639; x_wconf 92' lang='lat' dir='ltr'>ut</span> <span class='ocrx_word' id='word_1_290' title='bbox 994 2602 1076 2641; x_wconf 88' lang='lat' dir='ltr'>suum</span> <span class='ocrx_word' id='word_1_291' title='bbox 1092 2582 1198 2658; x_wconf 90' lang='lat' dir='ltr'>cuique</span> <span class='ocrx_word' id='word_1_292' title='bbox 1218 2581 1275 2641; x_wconf 89' lang='lat' dir='ltr'>sal-</span> 
     </span>
     <span class='ocr_line' id='line_1_32' title="bbox 141 2656 1274 2737; baseline -0.001 -21"><span class='ocrx_word' id='word_1_293' title='bbox 141 2678 213 2716; x_wconf 83' lang='lat' dir='ltr'>vum</span> <span class='ocrx_word' id='word_1_294' title='bbox 233 2658 271 2716; x_wconf 90' lang='lat' dir='ltr'>sit</span> <span class='ocrx_word' id='word_1_295' title='bbox 291 2669 321 2716; x_wconf 92' lang='lat' dir='ltr'>et</span> <span class='ocrx_word' id='word_1_296' title='bbox 340 2657 503 2732; x_wconf 89' lang='lat' dir='ltr'>incolume,</span> <span class='ocrx_word' id='word_1_297' title='bbox 528 2669 560 2716; x_wconf 93' lang='lat' dir='ltr'>ut</span> <span class='ocrx_word' id='word_1_298' title='bbox 580 2658 696 2716; x_wconf 85' lang='lat' dir='ltr'>innoxia</span> <span class='ocrx_word' id='word_1_299' title='bbox 715 2670 794 2716; x_wconf 77' lang='lat' dir='ltr'>inter</span> <span class='ocrx_word' id='word_1_300' title='bbox 812 2678 843 2716; x_wconf 89' lang='lat' dir='ltr'>se</span> <span class='ocrx_word' id='word_1_301' title='bbox 864 2658 1038 2718; x_wconf 87' lang='lat' dir='ltr'>commercia</span> <span class='ocrx_word' id='word_1_302' title='bbox 1059 2656 1192 2716; x_wconf 88' lang='lat' dir='ltr'>homines</span> <span class='ocrx_word' id='word_1_303' title='bbox 1212 2656 1274 2737; x_wconf 88' lang='lat' dir='ltr'>agi-</span> 
     </span>
     <span class='ocr_line' id='line_1_33' title="bbox 142 2732 1276 2811; baseline 0.002 -20"><span class='ocrx_word' id='word_1_304' title='bbox 142 2745 222 2791; x_wconf 83' lang='lat' dir='ltr'>tent:</span> <span class='ocrx_word' id='word_1_305' title='bbox 243 2744 276 2791; x_wconf 89' lang='lat' dir='ltr'>ut</span> <span class='ocrx_word' id='word_1_306' title='bbox 295 2733 430 2793; x_wconf 89' lang='lat' dir='ltr'>honestas</span> <span class='ocrx_word' id='word_1_307' title='bbox 449 2745 480 2792; x_wconf 85' lang='lat' dir='ltr'>ct</span> <span class='ocrx_word' id='word_1_308' title='bbox 499 2733 640 2793; x_wconf 89' lang='lat' dir='ltr'>modestia</span> <span class='ocrx_word' id='word_1_309' title='bbox 658 2736 737 2792; x_wconf 86' lang='lat' dir='ltr'>inter</span> <span class='ocrx_word' id='word_1_310' title='bbox 756 2735 833 2811; x_wconf 87' lang='lat' dir='ltr'>ipsos</span> <span class='ocrx_word' id='word_1_311' title='bbox 851 2734 978 2791; x_wconf 88' lang='lat' dir='ltr'>colatur:</span> <span class='ocrx_word' id='word_1_312' title='bbox 998 2732 1126 2811; x_wconf 89' lang='lat' dir='ltr'>denique</span> <span class='ocrx_word' id='word_1_313' title='bbox 1145 2744 1178 2791; x_wconf 92' lang='lat' dir='ltr'>ut</span> <span class='ocrx_word' id='word_1_314' title='bbox 1197 2733 1276 2793; x_wconf 88' lang='lat' dir='ltr'>inter</span> 
     </span>
     <span class='ocr_line' id='line_1_34' title="bbox 144 2807 1276 2888; baseline 0.004 -22"><span class='ocrx_word' id='word_1_315' title='bbox 144 2807 330 2867; x_wconf 85' lang='lat' dir='ltr'>Christianos</span> <span class='ocrx_word' id='word_1_316' title='bbox 370 2809 464 2868; x_wconf 89' lang='lat' dir='ltr'>ublica</span> <span class='ocrx_word' id='word_1_317' title='bbox 483 2809 633 2888; x_wconf 85' lang='lat' dir='ltr'>religionis</span> <span class='ocrx_word' id='word_1_318' title='bbox 653 2809 742 2868; x_wconf 87' lang='lat' dir='ltr'>facies</span> <span class='ocrx_word' id='word_1_319' title='bbox 763 2810 879 2881; x_wconf 86' lang='lat' dir='ltr'>existat,</span> <span class='ocrx_word' id='word_1_320' title='bbox 911 2809 989 2868; x_wconf 92' lang='lat' dir='ltr'>inter</span> <span class='ocrx_word' id='word_1_321' title='bbox 1007 2807 1140 2868; x_wconf 90' lang='lat' dir='ltr'>homines</span> <span class='ocrx_word' id='word_1_322' title='bbox 1160 2821 1276 2870; x_wconf 90' lang='lat' dir='ltr'>constet</span> 
     </span>
     <span class='ocr_line' id='line_1_35' title="bbox 142 2829 1276 2962; baseline 0.004 -21"><span class='ocrx_word' id='word_1_323' title='bbox 142 2883 316 2942; x_wconf 88' lang='lat' dir='ltr'>humanitas.</span> <span class='ocrx_word' id='word_1_324' title='bbox 349 2829 418 2942; x_wconf 75' lang='lat' dir='ltr'>ileo</span> <span class='ocrx_word' id='word_1_325' title='bbox 437 2903 610 2962; x_wconf 90' lang='lat' dir='ltr'>quemquam</span> <span class='ocrx_word' id='word_1_326' title='bbox 631 2895 748 2943; x_wconf 88' lang='lat' dir='ltr'>moveat</span> <span class='ocrx_word' id='word_1_327' title='bbox 764 2885 844 2962; x_wconf 91' lang='lat' dir='ltr'>quod</span> <span class='ocrx_word' id='word_1_328' title='bbox 864 2895 945 2944; x_wconf 89' lang='lat' dir='ltr'>recte</span> <span class='ocrx_word' id='word_1_329' title='bbox 965 2885 1185 2944; x_wconf 86' lang='lat' dir='ltr'>constituendae</span> <span class='ocrx_word' id='word_1_330' title='bbox 1205 2884 1276 2946; x_wconf 90' lang='lat' dir='ltr'>reli-</span> 
     </span>
     <span class='ocr_line' id='line_1_36' title="bbox 144 2958 1277 3041; baseline 0.004 -23"><span class='ocrx_word' id='word_1_331' title='bbox 144 2961 241 3040; x_wconf 89' lang='lat' dir='ltr'>gionis</span> <span class='ocrx_word' id='word_1_332' title='bbox 261 2980 360 3019; x_wconf 87' lang='lat' dir='ltr'>curam</span> <span class='ocrx_word' id='word_1_333' title='bbox 380 2959 414 3019; x_wconf 89' lang='lat' dir='ltr'>ad</span> <span class='ocrx_word' id='word_1_334' title='bbox 437 2959 587 3019; x_wconf 92' lang='lat' dir='ltr'>hominum</span> <span class='ocrx_word' id='word_1_335' title='bbox 599 2958 733 3038; x_wconf 83' lang='lat' dir='ltr'>politiam</span> <span class='ocrx_word' id='word_1_336' title='bbox 752 2981 831 3018; x_wconf 92' lang='lat' dir='ltr'>nunc</span> <span class='ocrx_word' id='word_1_337' title='bbox 849 2960 960 3038; x_wconf 83' lang='lat' dir='ltr'>celero,</span> <span class='ocrx_word' id='word_1_338' title='bbox 982 2982 1067 3041; x_wconf 88' lang='lat' dir='ltr'>quam</span> <span class='ocrx_word' id='word_1_339' title='bbox 1080 2973 1158 3021; x_wconf 84' lang='lat' dir='ltr'>extra</span> <span class='ocrx_word' id='word_1_340' title='bbox 1178 2963 1277 3022; x_wconf 90' lang='lat' dir='ltr'>homi-</span> 
     </span>
     <span class='ocr_line' id='line_1_37' title="bbox 142 3035 1277 3127; baseline 0.004 -33"><span class='ocrx_word' id='word_1_341' title='bbox 142 3059 213 3095; x_wconf 91' lang='lat' dir='ltr'>num</span> <span class='ocrx_word' id='word_1_342' title='bbox 231 3035 382 3095; x_wconf 87' lang='lat' dir='ltr'>arbitrium</span> <span class='ocrx_word' id='word_1_343' title='bbox 403 3035 534 3115; x_wconf 85' lang='lat' dir='ltr'>posuisse</span> <span class='ocrx_word' id='word_1_344' title='bbox 559 3056 646 3127; x_wconf 88' lang='lat' dir='ltr'>supra</span> <span class='ocrx_word' id='word_1_345' title='bbox 671 3035 787 3095; x_wconf 89' lang='lat' dir='ltr'>videor:</span> <span class='ocrx_word' id='word_1_346' title='bbox 819 3036 961 3116; x_wconf 92' lang='lat' dir='ltr'>siquidem</span> <span class='ocrx_word' id='word_1_347' title='bbox 988 3037 1081 3097; x_wconf 85' lang='lat' dir='ltr'>nihilo</span> <span class='ocrx_word' id='word_1_348' title='bbox 1107 3037 1154 3098; x_wconf 92' lang='lat' dir='ltr'>hic</span> <span class='ocrx_word' id='word_1_349' title='bbox 1173 3039 1277 3119; x_wconf 89' lang='lat' dir='ltr'>magis,</span> 
     </span>
     <span class='ocr_line' id='line_1_38' title="bbox 165 3111 1275 3193; baseline 0.003 -21"><span class='ocrx_word' id='word_1_350' title='bbox 165 3135 231 3172; x_wconf 89' lang='lat' dir='ltr'>nam</span> <span class='ocrx_word' id='word_1_351' title='bbox 250 3125 348 3184; x_wconf 83' lang='lat' dir='ltr'>antea,</span> <span class='ocrx_word' id='word_1_352' title='bbox 368 3113 447 3193; x_wconf 92' lang='lat' dir='ltr'>leges</span> <span class='ocrx_word' id='word_1_353' title='bbox 467 3112 504 3170; x_wconf 91' lang='lat' dir='ltr'>de</span> <span class='ocrx_word' id='word_1_354' title='bbox 523 3111 711 3192; x_wconf 75' lang='lat' dir='ltr'>religioneac</span> <span class='ocrx_word' id='word_1_355' title='bbox 722 3111 780 3172; x_wconf 88' lang='lat' dir='ltr'>Dei</span> <span class='ocrx_word' id='word_1_356' title='bbox 800 3112 880 3172; x_wconf 91' lang='lat' dir='ltr'>cultu</span> <span class='ocrx_word' id='word_1_357' title='bbox 899 3113 1065 3174; x_wconf 88' lang='lat' dir='ltr'>hominibus</span> <span class='ocrx_word' id='word_1_358' title='bbox 1084 3135 1139 3175; x_wconf 92' lang='lat' dir='ltr'>suo</span> <span class='ocrx_word' id='word_1_359' title='bbox 1151 3116 1275 3176; x_wconf 89' lang='lat' dir='ltr'>arbitrio</span> 
     </span>
     <span class='ocr_line' id='line_1_39' title="bbox 143 3136 1329 3269; baseline 0.001 -20"><span class='ocrx_word' id='word_1_360' title='bbox 143 3136 235 3265; x_wconf 71' lang='lat' dir='ltr'>iesse,</span> <span class='ocrx_word' id='word_1_361' title='bbox 255 3189 393 3269; x_wconf 86' lang='lat' dir='ltr'>permitto</span> <span class='ocrx_word' id='word_1_362' title='bbox 414 3209 502 3268; x_wconf 89' lang='lat' dir='ltr'>quum</span> <span class='ocrx_word' id='word_1_363' title='bbox 523 3188 672 3266; x_wconf 90' lang='lat' dir='ltr'>politicam</span> <span class='ocrx_word' id='word_1_364' title='bbox 698 3189 914 3249; x_wconf 89' lang='lat' dir='ltr'>ordinationem</span> <span class='ocrx_word' id='word_1_365' title='bbox 941 3190 1053 3268; x_wconf 90' lang='lat' dir='ltr'>probo,</span> <span class='ocrx_word' id='word_1_366' title='bbox 1074 3193 1198 3269; x_wconf 88' lang='lat' dir='ltr'>quaein</span> <span class='ocrx_word' id='word_1_367' title='bbox 1220 3190 1276 3251; x_wconf 93' lang='lat' dir='ltr'>boc</span> <span class='ocrx_word' id='word_1_368' title='bbox 1325 3190 1329 3195; x_wconf 72' lang='grc'><strong>’</strong></span> 
     </span>
     <span class='ocr_line' id='line_1_40' title="bbox 144 3264 1277 3348; baseline 0.002 -22"><span class='ocrx_word' id='word_1_369' title='bbox 144 3267 299 3339; x_wconf 86' lang='lat' dir='ltr'>incumbit,</span> <span class='ocrx_word' id='word_1_370' title='bbox 319 3285 356 3323; x_wconf 93' lang='lat' dir='ltr'>ne</span> <span class='ocrx_word' id='word_1_371' title='bbox 376 3286 444 3325; x_wconf 89' lang='lat' dir='ltr'>vera</span> <span class='ocrx_word' id='word_1_372' title='bbox 463 3264 583 3345; x_wconf 87' lang='lat' dir='ltr'>religio,</span> <span class='ocrx_word' id='word_1_373' title='bbox 602 3284 678 3344; x_wconf 85' lang='lat' dir='ltr'>quae</span> <span class='ocrx_word' id='word_1_374' title='bbox 696 3264 756 3325; x_wconf 89' lang='lat' dir='ltr'>Dei</span> <span class='ocrx_word' id='word_1_375' title='bbox 774 3265 840 3347; x_wconf 91' lang='lat' dir='ltr'>lege</span> <span class='ocrx_word' id='word_1_376' title='bbox 859 3269 1042 3342; x_wconf 88' lang='lat' dir='ltr'>continetur,</span> <span class='ocrx_word' id='word_1_377' title='bbox 1062 3268 1157 3348; x_wconf 89' lang='lat' dir='ltr'>palam</span> <span class='ocrx_word' id='word_1_378' title='bbox 1176 3268 1277 3348; x_wconf 71' lang='lat' dir='ltr'>publi.</span> 
     </span>
     <span class='ocr_line' id='line_1_41' title="bbox 144 3341 1277 3424; baseline 0.003 -22"><span class='ocrx_word' id='word_1_379' title='bbox 144 3344 184 3402; x_wconf 91' lang='lat' dir='ltr'>cis</span> <span class='ocrx_word' id='word_1_380' title='bbox 207 3363 243 3403; x_wconf 88' lang='lat' dir='ltr'>ue</span> <span class='ocrx_word' id='word_1_381' title='bbox 273 3342 434 3424; x_wconf 88' lang='lat' dir='ltr'>sacrilegiis</span> <span class='ocrx_word' id='word_1_382' title='bbox 463 3342 582 3421; x_wconf 92' lang='lat' dir='ltr'>impune</span> <span class='ocrx_word' id='word_1_383' title='bbox 607 3341 736 3401; x_wconf 86' lang='lat' dir='ltr'>violetur</span> <span class='ocrx_word' id='word_1_384' title='bbox 760 3363 794 3401; x_wconf 91' lang='lat' dir='ltr'>ac</span> <span class='ocrx_word' id='word_1_385' title='bbox 818 3354 1039 3421; x_wconf 89' lang='lat' dir='ltr'>conspurcetur.</span> <span class='ocrx_word' id='word_1_386' title='bbox 1083 3344 1195 3405; x_wconf 87' lang='lat' dir='ltr'>Verum</span> <span class='ocrx_word' id='word_1_387' title='bbox 1215 3345 1277 3424; x_wconf 90' lang='lat' dir='ltr'>ipsa</span> 
     </span>
     <span class='ocr_line' id='line_1_42' title="bbox 145 3365 1276 3500; baseline 0.001 -21"><span class='ocrx_word' id='word_1_388' title='bbox 145 3365 259 3479; x_wconf 81' lang='lat' dir='ltr'>ordinis</span> <span class='ocrx_word' id='word_1_389' title='bbox 276 3419 483 3498; x_wconf 87' lang='lat' dir='ltr'>perspicuitate</span> <span class='ocrx_word' id='word_1_390' title='bbox 502 3418 592 3478; x_wconf 91' lang='lat' dir='ltr'>adiuti</span> <span class='ocrx_word' id='word_1_391' title='bbox 610 3416 736 3478; x_wconf 89' lang='lat' dir='ltr'>lectores</span> <span class='ocrx_word' id='word_1_392' title='bbox 747 3416 860 3492; x_wconf 90' lang='lat' dir='ltr'>melius,</span> <span class='ocrx_word' id='word_1_393' title='bbox 875 3419 945 3497; x_wconf 90' lang='lat' dir='ltr'>quid</span> <span class='ocrx_word' id='word_1_394' title='bbox 957 3419 993 3478; x_wconf 90' lang='lat' dir='ltr'>de</span> <span class='ocrx_word' id='word_1_395' title='bbox 1009 3431 1075 3480; x_wconf 89' lang='lat' dir='ltr'>toto</span> <span class='ocrx_word' id='word_1_396' title='bbox 1089 3440 1198 3500; x_wconf 87' lang='lat' dir='ltr'>genere</span> <span class='ocrx_word' id='word_1_397' title='bbox 1220 3442 1276 3500; x_wconf 92' lang='lat' dir='ltr'>po-</span> 
     </span>
     <span class='ocr_line' id='line_1_43' title="bbox 145 3494 1277 3577; baseline 0.004 -23"><span class='ocrx_word' id='word_1_398' title='bbox 145 3496 243 3555; x_wconf 87' lang='lat' dir='ltr'>liticae</span> <span class='ocrx_word' id='word_1_399' title='bbox 262 3495 518 3556; x_wconf 89' lang='lat' dir='ltr'>administrationis</span> <span class='ocrx_word' id='word_1_400' title='bbox 537 3494 721 3556; x_wconf 90' lang='lat' dir='ltr'>sentiendum</span> <span class='ocrx_word' id='word_1_401' title='bbox 741 3495 795 3568; x_wconf 91' lang='lat' dir='ltr'>sit,</span> <span class='ocrx_word' id='word_1_402' title='bbox 825 3507 1029 3573; x_wconf 85' lang='lat' dir='ltr'>assequentur,</span> <span class='ocrx_word' id='word_1_403' title='bbox 1054 3497 1079 3556; x_wconf 88' lang='lat' dir='ltr'>si</span> <span class='ocrx_word' id='word_1_404' title='bbox 1099 3498 1158 3557; x_wconf 89' lang='lat' dir='ltr'>eius</span> <span class='ocrx_word' id='word_1_405' title='bbox 1179 3510 1277 3577; x_wconf 88' lang='lat' dir='ltr'>partes</span> 
     </span>
     <span class='ocr_line' id='line_1_44' title="bbox 144 3570 1278 3652; baseline 0.002 -20"><span class='ocrx_word' id='word_1_406' title='bbox 144 3592 276 3632; x_wconf 90' lang='lat' dir='ltr'>seorsum</span> <span class='ocrx_word' id='word_1_407' title='bbox 296 3584 514 3650; x_wconf 79' lang='lat' dir='ltr'>pertractemus.</span> <span class='ocrx_word' id='word_1_408' title='bbox 554 3572 631 3631; x_wconf 91' lang='lat' dir='ltr'>Sunt</span> <span class='ocrx_word' id='word_1_409' title='bbox 649 3582 746 3630; x_wconf 87' lang='lat' dir='ltr'>autem</span> <span class='ocrx_word' id='word_1_410' title='bbox 767 3583 839 3631; x_wconf 88' lang='lat' dir='ltr'>tres:</span> <span class='ocrx_word' id='word_1_411' title='bbox 861 3570 1060 3651; x_wconf 80' lang='lat' dir='ltr'>Magistratus,</span> <span class='ocrx_word' id='word_1_412' title='bbox 1092 3574 1141 3652; x_wconf 92' lang='lat' dir='ltr'>qui</span> <span class='ocrx_word' id='word_1_413' title='bbox 1161 3593 1278 3652; x_wconf 87' lang='lat' dir='ltr'>praeses</span> 
     </span>
     <span class='ocr_line' id='line_1_45' title="bbox 146 3647 1279 3737; baseline 0.001 -29"><span class='ocrx_word' id='word_1_414' title='bbox 146 3659 190 3708; x_wconf 88' lang='lat' dir='ltr'>est</span> <span class='ocrx_word' id='word_1_415' title='bbox 209 3648 307 3728; x_wconf 90' lang='lat' dir='ltr'>legum</span> <span class='ocrx_word' id='word_1_416' title='bbox 327 3669 361 3707; x_wconf 93' lang='lat' dir='ltr'>ac</span> <span class='ocrx_word' id='word_1_417' title='bbox 380 3661 494 3709; x_wconf 89' lang='lat' dir='ltr'>custos:</span> <span class='ocrx_word' id='word_1_418' title='bbox 513 3648 619 3728; x_wconf 86' lang='lat' dir='ltr'>Leges,</span> <span class='ocrx_word' id='word_1_419' title='bbox 638 3647 797 3708; x_wconf 90' lang='lat' dir='ltr'>secundum</span> <span class='ocrx_word' id='word_1_420' title='bbox 809 3668 879 3726; x_wconf 87' lang='lat' dir='ltr'>quas</span> <span class='ocrx_word' id='word_1_421' title='bbox 898 3649 960 3737; x_wconf 90' lang='lat' dir='ltr'>ipse</span> <span class='ocrx_word' id='word_1_422' title='bbox 979 3648 1115 3728; x_wconf 90' lang='lat' dir='ltr'>imperat:</span> <span class='ocrx_word' id='word_1_423' title='bbox 1134 3649 1279 3729; x_wconf 85' lang='lat' dir='ltr'>Populus,</span> 
     </span>
     <span class='ocr_line' id='line_1_46' title="bbox 168 3722 1278 3807; baseline 0.002 -24"><span class='ocrx_word' id='word_1_424' title='bbox 168 3724 198 3783; x_wconf 90' lang='lat' dir='ltr'>ui</span> <span class='ocrx_word' id='word_1_425' title='bbox 219 3722 332 3805; x_wconf 90' lang='lat' dir='ltr'>legibus</span> <span class='ocrx_word' id='word_1_426' title='bbox 356 3726 470 3804; x_wconf 91' lang='lat' dir='ltr'>regitur</span> <span class='ocrx_word' id='word_1_427' title='bbox 493 3736 524 3783; x_wconf 91' lang='lat' dir='ltr'>et</span> <span class='ocrx_word' id='word_1_428' title='bbox 548 3725 728 3807; x_wconf 85' lang='lat' dir='ltr'>magistratui</span> <span class='ocrx_word' id='word_1_429' title='bbox 751 3735 844 3802; x_wconf 89' lang='lat' dir='ltr'>paret.</span> <span class='ocrx_word' id='word_1_430' title='bbox 882 3724 1039 3784; x_wconf 77' lang='lat' dir='ltr'>Videamus</span> <span class='ocrx_word' id='word_1_431' title='bbox 1060 3744 1131 3805; x_wconf 90' lang='lat' dir='ltr'>ergo</span> <span class='ocrx_word' id='word_1_432' title='bbox 1151 3731 1278 3805; x_wconf 87' lang='lat' dir='ltr'>primum</span> 
     </span>
     <span class='ocr_line' id='line_1_47' title="bbox 146 3744 1279 3881; baseline 0.004 -21"><span class='ocrx_word' id='word_1_433' title='bbox 146 3744 183 3860; x_wconf 84' lang='lat' dir='ltr'>de</span> <span class='ocrx_word' id='word_1_434' title='bbox 203 3801 265 3880; x_wconf 91' lang='lat' dir='ltr'>ipsa</span> <span class='ocrx_word' id='word_1_435' title='bbox 284 3799 467 3881; x_wconf 88' lang='lat' dir='ltr'>magistratus</span> <span class='ocrx_word' id='word_1_436' title='bbox 491 3798 661 3875; x_wconf 84' lang='lat' dir='ltr'>functione,</span> <span class='ocrx_word' id='word_1_437' title='bbox 689 3822 759 3859; x_wconf 92' lang='lat' dir='ltr'>num</span> <span class='ocrx_word' id='word_1_438' title='bbox 783 3800 913 3880; x_wconf 88' lang='lat' dir='ltr'>legitima</span> <span class='ocrx_word' id='word_1_439' title='bbox 936 3801 974 3860; x_wconf 89' lang='lat' dir='ltr'>sit</span> <span class='ocrx_word' id='word_1_440' title='bbox 998 3821 1032 3861; x_wconf 88' lang='lat' dir='ltr'>ac</span> <span class='ocrx_word' id='word_1_441' title='bbox 1056 3802 1122 3860; x_wconf 89' lang='lat' dir='ltr'>Deo</span> <span class='ocrx_word' id='word_1_442' title='bbox 1153 3802 1279 3879; x_wconf 87' lang='lat' dir='ltr'>probata</span> 
     </span>
     <span class='ocr_line' id='line_1_48' title="bbox 144 3874 1279 3956; baseline 0.004 -19"><span class='ocrx_word' id='word_1_443' title='bbox 144 3877 276 3950; x_wconf 85' lang='lat' dir='ltr'>vocatio,</span> <span class='ocrx_word' id='word_1_444' title='bbox 296 3874 381 3956; x_wconf 87' lang='lat' dir='ltr'>quale</span> <span class='ocrx_word' id='word_1_445' title='bbox 402 3874 541 3952; x_wconf 90' lang='lat' dir='ltr'>ollicium,</span> <span class='ocrx_word' id='word_1_446' title='bbox 582 3888 668 3937; x_wconf 90' lang='lat' dir='ltr'>nanta</span> <span class='ocrx_word' id='word_1_447' title='bbox 688 3888 830 3956; x_wconf 87' lang='lat' dir='ltr'>potestas:</span> <span class='ocrx_word' id='word_1_448' title='bbox 852 3876 958 3936; x_wconf 88' lang='lat' dir='ltr'>deinde</span> <span class='ocrx_word' id='word_1_449' title='bbox 976 3876 1081 3956; x_wconf 91' lang='lat' dir='ltr'>quibus</span> <span class='ocrx_word' id='word_1_450' title='bbox 1101 3879 1279 3941; x_wconf 87' lang='lat' dir='ltr'>instituenda</span> 
     </span>
     <span class='ocr_line' id='line_1_49' title="bbox 145 3898 1279 4036; baseline -0.001 -21"><span class='ocrx_word' id='word_1_451' title='bbox 145 3955 184 4015; x_wconf 88' lang='lat' dir='ltr'>sit</span> <span class='ocrx_word' id='word_1_452' title='bbox 209 3951 322 4033; x_wconf 87' lang='lat' dir='ltr'>legibus</span> <span class='ocrx_word' id='word_1_453' title='bbox 342 3951 506 4013; x_wconf 88' lang='lat' dir='ltr'>Christiana</span> <span class='ocrx_word' id='word_1_454' title='bbox 530 3898 646 4032; x_wconf 82' lang='lat' dir='ltr'>pdlitia:</span> <span class='ocrx_word' id='word_1_455' title='bbox 677 3966 739 4012; x_wconf 87' lang='lat' dir='ltr'>tum</span> <span class='ocrx_word' id='word_1_456' title='bbox 768 3965 934 4033; x_wconf 89' lang='lat' dir='ltr'>postremo,</span> <span class='ocrx_word' id='word_1_457' title='bbox 975 3954 1018 4013; x_wconf 86' lang='lat' dir='ltr'>uis</span> <span class='ocrx_word' id='word_1_458' title='bbox 1037 3952 1136 4036; x_wconf 89' lang='lat' dir='ltr'>legum</span> <span class='ocrx_word' id='word_1_459' title='bbox 1155 3977 1222 4016; x_wconf 90' lang='lat' dir='ltr'>usus</span> <span class='ocrx_word' id='word_1_460' title='bbox 1241 3955 1279 4014; x_wconf 89' lang='lat' dir='ltr'>ad</span> 
     </span>
     <span class='ocr_line' id='line_1_50' title="bbox 145 3975 1072 4112; baseline -0.001 -23"><span class='ocrx_word' id='word_1_461' title='bbox 145 4030 288 4111; x_wconf 90' lang='lat' dir='ltr'>populum</span> <span class='ocrx_word' id='word_1_462' title='bbox 308 4028 419 4103; x_wconf 88' lang='lat' dir='ltr'>redeat,</span> <span class='ocrx_word' id='word_1_463' title='bbox 439 4049 514 4108; x_wconf 87' lang='lat' dir='ltr'>quae</span> <span class='ocrx_word' id='word_1_464' title='bbox 533 4031 713 4112; x_wconf 88' lang='lat' dir='ltr'>magistratui</span> <span class='ocrx_word' id='word_1_465' title='bbox 733 4029 901 4090; x_wconf 89' lang='lat' dir='ltr'>obedientia</span> <span class='ocrx_word' id='word_1_466' title='bbox 922 3975 1072 4090; x_wconf 80' lang='lat' dir='ltr'>debeatur.</span> 
     </span>
     <span class='ocr_line' id='line_1_51' title="bbox 222 4105 1279 4186; baseline 0 -23"><span class='ocrx_word' id='word_1_467' title='bbox 222 4115 250 4170; x_wconf 86' lang='grc'>4.</span> <span class='ocrx_word' id='word_1_468' title='bbox 289 4105 509 4186; x_wconf 85' lang='lat' dir='ltr'>Magistratuum</span> <span class='ocrx_word' id='word_1_469' title='bbox 529 4105 710 4167; x_wconf 80' lang='lat' dir='ltr'>functionem</span> <span class='ocrx_word' id='word_1_470' title='bbox 722 4127 783 4167; x_wconf 93' lang='lat' dir='ltr'>non</span> <span class='ocrx_word' id='word_1_471' title='bbox 799 4106 889 4166; x_wconf 90' lang='lat' dir='ltr'>modo</span> <span class='ocrx_word' id='word_1_472' title='bbox 909 4106 964 4166; x_wconf 90' lang='lat' dir='ltr'>sibi</span> <span class='ocrx_word' id='word_1_473' title='bbox 984 4107 1104 4186; x_wconf 89' lang='lat' dir='ltr'>probari</span> <span class='ocrx_word' id='word_1_474' title='bbox 1115 4117 1279 4186; x_wconf 87' lang='lat' dir='ltr'>acceptam-</span> 
     </span>
     <span class='ocr_line' id='line_1_52' title="bbox 146 4181 1280 4263; baseline 0.001 -21"><span class='ocrx_word' id='word_1_475' title='bbox 146 4203 204 4262; x_wconf 91' lang='lat' dir='ltr'>que</span> <span class='ocrx_word' id='word_1_476' title='bbox 224 4202 286 4242; x_wconf 91' lang='lat' dir='ltr'>esse</span> <span class='ocrx_word' id='word_1_477' title='bbox 305 4193 428 4242; x_wconf 88' lang='lat' dir='ltr'>testatus</span> <span class='ocrx_word' id='word_1_478' title='bbox 448 4193 492 4243; x_wconf 90' lang='lat' dir='ltr'>est</span> <span class='ocrx_word' id='word_1_479' title='bbox 501 4181 659 4257; x_wconf 90' lang='lat' dir='ltr'>Dominus,</span> <span class='ocrx_word' id='word_1_480' title='bbox 677 4182 739 4258; x_wconf 84' lang='lat' dir='ltr'>sed,</span> <span class='ocrx_word' id='word_1_481' title='bbox 758 4182 1057 4244; x_wconf 87' lang='lat' dir='ltr'>honorificentissimis</span> <span class='ocrx_word' id='word_1_482' title='bbox 1076 4183 1196 4263; x_wconf 89' lang='lat' dir='ltr'>insuper</span> <span class='ocrx_word' id='word_1_483' title='bbox 1216 4181 1280 4243; x_wconf 91' lang='lat' dir='ltr'>eln-</span> 
     </span>
     <span class='ocr_line' id='line_1_53' title="bbox 147 4258 1280 4349; baseline 0 -30"><span class='ocrx_word' id='word_1_484' title='bbox 147 4260 201 4341; x_wconf 88' lang='lat' dir='ltr'>giis</span> <span class='ocrx_word' id='word_1_485' title='bbox 221 4260 281 4349; x_wconf 83' lang='lat' dir='ltr'>eius</span> <span class='ocrx_word' id='word_1_486' title='bbox 302 4258 472 4342; x_wconf 87' lang='lat' dir='ltr'>dignitatem</span> <span class='ocrx_word' id='word_1_487' title='bbox 491 4271 704 4341; x_wconf 88' lang='lat' dir='ltr'>prosequutus,</span> <span class='ocrx_word' id='word_1_488' title='bbox 724 4259 846 4323; x_wconf 82' lang='lat' dir='ltr'>mirifice</span> <span class='ocrx_word' id='word_1_489' title='bbox 867 4258 952 4322; x_wconf 92' lang='lat' dir='ltr'>nobis</span> <span class='ocrx_word' id='word_1_490' title='bbox 972 4259 1196 4323; x_wconf 81' lang='lat' dir='ltr'>commendarit.</span> <span class='ocrx_word' id='word_1_491' title='bbox 1236 4260 1280 4319; x_wconf 93' lang='lat' dir='ltr'>Ut</span> 
     </span>
    </p>
   </div>
   <div class='ocr_carea' id='block_1_4' title="bbox 0 0 1371 4732">
    <p class='ocr_par' dir='ltr' id='par_1_4' title="bbox 0 0 1371 4732">
     <span class='ocr_line' id='line_1_54' title="bbox 0 0 1371 4732; baseline 0 0"><span class='ocrx_word' id='word_1_492' title='bbox 0 0 1371 4732; x_wconf 95' lang='lat' dir='ltr'> </span> 
     </span>
    </p>
   </div>
  </div>
 </body>
</html>
