2700 4732
483 206 559 267 LlB.
581 207 636 266 lll.
676 205 764 269 CAP.
784 206 836 267 xl.
1203 216 1222 276 'l

91 347 149 440 boe
170 346 273 409 babet:
298 348 349 441 sed
368 360 492 442 utraque
511 349 645 431 loquutio
664 350 835 413 tantundem
854 349 944 426 salet,
963 372 997 412 ac
1016 350 1131 413 laudem
1150 351 1218 415 Deo

89 425 689 595 &tillettt‘ttttlt'tttt,ltt.
709 429 1114 585 tss‘ttftj·,ssltttt,
1127 450 1217 566 tttt

89 576 197 668 beent,
220 599 282 637 non
301 579 441 672 intelligit
459 582 610 660 acquirere
629 581 765 642 iustitiam
785 593 867 642 recte
885 581 1019 717 aqpudo,
1048 580 1099 642 sed
1119 581 1215 643 ambi·
1287 614 1290 619 ’

89 664 166 715 trote
185 666 301 734 captare
318 656 460 729 iustitiae,
479 679 535 736 qua
556 659 637 718 vacui
655 670 739 731 sunt,
759 657 873 718 famam.
943 679 999 718 unc
1017 677 1133 719 sensum
1152 678 1216 719 me-

89 728 144 792 lius
163 730 333 813 intelligunt
351 731 504 793 hebraicae
529 733 644 814 linguae
663 734 763 816 periti:
790 733 841 793 ubi
866 734 952 795 etiam
975 734 1085 794 scelesti
1107 755 1216 796 vocau-

89 817 139 866 tur
157 828 218 867 non
238 808 328 869 modo
377 810 426 888 qui
451 809 508 870 sibi
536 811 644 871 conscii
668 822 736 871 suut
760 809 893 886 sceleris,
920 810 971 872 sed
996 813 1047 890 qui
1076 810 1215 871 iudicium

89 882 284 973 damnationis
301 851 438 945 subeunt.
478 887 582 966 Neque
597 886 675 946 enim
687 885 827 961 Bersabe,
846 887 914 947 dum
934 907 965 948 se
985 899 1016 947 et
1026 886 1215 948 Salomonem

89 959 162 1020 dreit
180 958 244 1020 sore
262 959 417 1032 scelestos,
437 964 547 1022 crimen
565 963 699 1045 agnoscit
717 961 758 1042 (l.
776 962 850 1045 teg.
868 969 904 1038 1,
922 964 1002 1042 21.)=
1026 963 1077 1024 sed
1102 962 1215 1044 probro

89 1055 121 1096 ae
140 1047 172 1094 et
189 1036 280 1096 filium
301 1039 460 1117 expositum
482 1039 517 1097 iri
537 1039 738 1118 conqueritur,
756 1050 790 1098 ut
808 1052 1000 1099 numerentur
1019 1039 1098 1099 inter
1111 1060 1142 1099 re
1165 1059 1214 1098 ro·

89 1111 195 1173 bos.et
214 1112 376 1174 damnatos.
426 1116 468 1174 Ex
487 1128 624 1176 contextu
643 1127 741 1176 umen
769 1115 852 1177 facile
876 1127 974 1196 patet,
997 1115 1120 1176 uerbum
1144 1060 1213 1190 boc,

89 1188 178 1249 etiam
198 1188 266 1249 dum
285 1190 375 1250 latine
394 1188 517 1273 legitur,
541 1214 602 1252 non
623 1212 708 1272 posse
727 1191 814 1253 aliter
832 1194 893 1254 acci
915 1192 938 1265 i,
962 1211 1068 1273 nempe
1085 1191 1212 1264 aetnam,

89 1277 267 1325 nouantem
287 1277 321 1327 ut
339 1266 507 1346 qualitatem
527 1268 651 1348 aliquam
672 1269 802 1329 denotet
820 1303 859 1315 -
885 1215 915 1344 ὅ

89 1360 150 1402 ram
177 1354 359 1420 praesentem
386 1344 507 1414 attinet,
540 1343 592 1403 ubi
616 1344 722 1405 Paulus
752 1345 792 1404 ait
816 1345 996 1425 Scriptorum
1027 1344 1213 1425 praevidisse,

89 1417 171 1511 quod
191 1437 225 1477 ex
244 1419 302 1478 fide
321 1419 458 1512 iustificnet
478 1420 590 1512 fientes
610 1421 691 1481 Deus
709 1419 793 1513 (Gal.
811 1427 841 1495 3,
859 1426 919 1540 ξ),
939 1419 1008 1503 quid
1028 1421 1105 1482 aliud
1125 1418 1213 1514 intel-

89 1493 188 1630 biit
201 1496 695 1654 tttttdtttttlltr‘tsfitt
712 1510 890 1635 llttttu
905 1498 1215 1654 lilt.i¹‚¹¹·lr¹¹i'),l,lit

89 1666 189 1708 aeneus
208 1667 270 1707 esse
289 1660 397 1728 potest,
415 1650 471 1710 nisi
490 1651 557 1710 fidei
577 1650 720 1711 beneficio
740 1651 952 1712 adamnatioue
970 1650 1107 1723 liberare,
1126 1670 1212 1742 quam
1290 1668 1292 1673 ·

89 1723 98 1740 '
121 1743 221 1784 sorum
239 1725 372 1805 impietas
390 1727 575 1787 merebatur?
612 1728 639 1786 Λ
662 1730 750 1787 ertias
776 1729 933 1787 etiamnum
958 1728 987 1787 io
1011 1726 1214 1801 conclusione,

89 1744 160 1860 dlam
184 1800 226 1860 sic
250 1800 388 1862 exclamat
415 1803 556 1894 (noma
596 1750 673 1883 ddl:
704 1804 802 1879 „Quis
833 1803 979 1865 accusabit
1006 1802 1116 1862 electos
1134 1801 1214 1861 Dei?
1314 1868 1318 1887 Ι

89 1876 192 1954 „Deus
215 1889 259 1938 est
282 1878 332 1956 qui
362 1879 503 1941 iustificat
554 1846 629 1953 buis
660 1880 885 1940 condemnabit?
930 1879 1064 1941 Christus
1095 1876 1215 1956 estqui
1320 1894 1324 1913 ¹

99 1964 244 2028 ,mortuus
262 1966 322 2014 est:
346 1954 406 2016 imo
427 1956 477 2035 qui
497 1957 668 2031 resurrexit,
689 1969 719 2017 et
737 1978 817 2017 nunc
836 1956 1004 2035 interpellat
1022 1975 1076 2036 pro
1095 1952 1215 2014 aobis.“

89 1995 218 2089 l’erinde
238 2031 314 2088 enim
335 2043 379 2091 eat
398 2033 456 2093 acsi
474 2033 596 2106 diceret,
617 2032 692 2106 Quis
712 2032 870 2107 accusabit,
889 2054 963 2113 quos
975 2032 1056 2092 Deus
1074 2028 1216 2090 absolvit?

89 2105 158 2187 quis
175 2105 341 2183 damnabit,
367 2129 440 2188 quos
460 2130 513 2169 suo
534 2110 695 2191 patrocinio
716 2109 849 2172 Christus
868 2108 1018 2168 defendit?
1055 2106 1215 2167 Iustificare

89 2201 164 2320 iili
177 2182 351 2319 llltltl
366 2185 688 2323 fls‘tttttttstl
705 2184 940 2336 ‘stetit’
958 2196 1215 2322 ttqtttttt:

88 2337 268 2396 tercessione
288 2336 423 2397 iustificet
439 2339 530 2414 Deus,
549 2359 609 2399 uon
630 2340 767 2429 propriae
785 2283 971 2399 inuocdntiae
990 2335 1216 2431 approbatione,
1286 2380 1289 2385 -

89 2411 142 2473 aed
162 2412 289 2472 iustitiae
308 2413 501 2491 imputatione
521 2436 575 2475 nos
587 2414 723 2475 absolvit:
744 2427 776 2474 ut
795 2436 849 2493 pro
870 2414 951 2474 iustis
970 2413 999 2472 in
1013 2412 1132 2475 ttrtsso
1144 2431 1214 2470 cen-

89 2506 220 2561 seamur,
250 2490 298 2567 qui
322 2490 353 2548 in
374 2491 459 2550 nobis
479 2512 538 2550 nou
565 2514 670 2551 sumus.
713 2492 763 2552 Sic
782 2494 924 2552 Actorum
944 2510 1006 2568 cap·
1025 2495 1072 2554 13.
1091 2491 1133 2565 (v.
1151 2489 1215 2564 38.)

89 2563 121 2625 iu
141 2565 288 2624 concione
307 2564 404 2625 Pauli:
425 2568 504 2640 „Per
523 2567 599 2628 bunc
618 2568 701 2628 vobis
720 2569 908 2628 annuntiatur
926 2566 1055 2626 remissio
1076 2575 1215 2657 peccato·

89 2661 187 2717 „ruam
207 2652 237 2699 et
255 2641 292 2700 ab
312 2643 448 2703 omnibus
469 2646 502 2702 iis
522 2665 538 2703 a
558 2645 662 2723 quibus
681 2665 742 2704 non
763 2644 897 2724 potuistis
916 2642 1063 2702 iustificari
1081 2661 1112 2701 ru
1132 2640 1214 2731 Lege

89 2719 220 2792 „Musis,
239 2718 333 2778 omnis
353 2721 402 2798 qui
422 2721 514 2779 credit
533 2722 562 2779 in
580 2742 657 2795 eum,
676 2721 879 2780 iustificatur.“
916 2719 1006 2778 Vides
1027 2728 1095 2796 post
1113 2736 1213 2775 remis·

89 2794 205 2855 tionem
225 2807 412 2883 peccatorum
432 2796 664 2856 iustificationem
684 2797 757 2856 banc
775 2798 859 2856 velut
877 2791 1125 2873 interpretationis
1145 2791 1213 2849 loco

89 2871 180 2951 poni:
210 2871 289 2930 vides
312 2884 413 2950 aperte
440 2894 494 2951 pro
522 2872 706 2932 absolutione
734 2873 824 2932 sumi:
852 2871 935 2931 vides
959 2869 1100 2951 operibus
1126 2867 1214 2956 Legis

89 2946 194 3006 adimi:
226 2947 303 3006 vides
332 2969 443 3008 merum
464 2949 572 3008 Christi
597 2949 769 3007 beneficium
795 2969 872 3008 esse:
898 2948 977 3009 vides
1001 2945 1059 3004 fide
1086 2963 1213 3033 percepi:

89 3022 171 3082 vides
192 3022 317 3102 denique
336 3024 483 3103 interponi
503 3025 736 3096 satisfactionem,
757 3025 806 3083 ubi
826 3026 897 3084 dicit
916 3044 969 3083 nos
988 3043 1004 3082 a
1024 3032 1150 3101 peccatis
1170 3040 1215 3078 ra·

89 3098 207 3158 stificari
227 3120 280 3179 per
300 3100 456 3160 Christum.
496 3101 545 3160 Sic
565 3123 653 3191 quum
674 3101 844 3180 publicanus
864 3101 969 3159 dicitur
988 3099 1073 3175 (Luc.
1090 3096 1214 3169 1814.)

89 3173 257 3234 iustificatos
278 3198 293 3235 e
314 3176 424 3257 templo
444 3179 636 3249 descendisse,
657 3198 717 3235 non
737 3199 888 3257 possumus
910 3176 1006 3235 dicere
1025 3175 1123 3252 aliquo
1139 3189 1214 3251 ope-

89 3272 157 3311 rum
177 3253 281 3312 merito
303 3267 513 3332 consequutum
540 3274 602 3317 esse
620 3253 767 3313 iustitiam.
804 3255 869 3314 Hoc
895 3272 967 3332 ergo
994 3250 1115 3324 dicitur,
1145 3257 1214 3327 post

89 3329 490 3465 {tl‘l‘t'ttttfflttt
511 3322 1214 3486 t‘t'ltpttt³ttssstiitt'wsl‘ssdtll

89 3480 149 3539 Dei
169 3427 387 3540 absolutione.g
410 3487 510 3556 Quare
529 3484 678 3565 eleganter
696 3483 927 3557 Ambrosius,
972 3446 1001 3538 di
1048 3489 1214 3539 escatorum

89 3555 306 3618 consessionem
326 3571 410 3618 vocat
428 3560 661 3620 iustificationem
680 3559 838 3639 legitimam
852 3502 1215 3648 [inl'sddldsermdbl

167 3640 196 3695 4.
234 3635 332 3712 Atque
352 3647 385 3693 ut
404 3645 569 3695 omittamus
588 3641 810 3698 contentionem
830 3636 866 3696 de
885 3655 976 3705 voce,
999 3652 1061 3692 rem
1080 3651 1170 3709 ipsam
1190 3649 1214 3687 sa

89 3711 240 3771 intuemur
259 3712 384 3789 qualiter
402 3713 486 3772 nobis
507 3712 690 3786 describitur,
710 3712 790 3773 nulla
808 3711 939 3772 manebit
957 3708 1112 3769 dubitatio.
1139 3706 1214 3792 Nam

89 3785 200 3848 Paulus
220 3791 391 3861 acceptionis
410 3791 528 3848 nomine
549 3802 628 3848 certe
647 3790 880 3849 iustificationem
901 3786 1042 3865 designat,
1062 3800 1152 3862 quum
1171 3779 1214 3838 dr-

89 3862 134 3924 cit
155 3862 189 3921 ad
208 3863 351 3941 Ephesios
371 3885 432 3944 cap.
453 3875 479 3928 t.
500 3888 525 3924 v.
538 3872 579 3930 5.:
600 3865 765 3936 „Destinati
785 3886 881 3926 sumus
901 3863 929 3923 in
950 3860 1144 3939 adoptionem
1162 3875 1215 3935 per

89 3938 260 4014 Christum,
284 3943 443 4000 secundum
463 3942 678 4022 beneplacitum
698 3943 755 4002 Dei
777 3942 808 4001 in
828 3941 943 4000 laudem
962 3937 1108 4074 qloriosae
1127 3932 1216 4012 ipsius

89 4015 220 4099 8131138,
244 4037 310 4106 qua·
324 4040 390 4108 ¹¹9⁸.
403 4031 538 4097 acceptos
557 4018 605 4078 vel
624 4018 769 4099 gratiosos
788 4016 922 4080 babuit.“
986 4014 1005 4072 d
1024 4010 1216 4100 enimipsqm

89 4091 254 4233 {tltttit
274 4093 1217 4262 etnam*‘atlassalutassent

89 4245 222 4326 appellat
240 4244 365 4307 iustitiae
383 4251 609 4325 imputationem:
628 4268 684 4308 nec
706 4268 767 4308 eam
779 4246 896 4308 dubitat
914 4267 945 4306 ru
985 4251 1158 4334 escatorem·
1170 4253 1218 4294 re·

89 4322 234 4387 missione
267 4322 423 4386 collocare.
480 4327 609 4404 „beatus
642 4325 734 4389 boum
761 4322 889 4407 (iuquit)
917 4343 954 4385 a..
989 4317 1073 4385 aute
1100 4315 1221 4391 duem,

919 1269 978 1330 uod
998 1288 1068 1329 vero
1087 1269 1124 1329 ad
1144 1289 1213 1329 can·
1313 1298 1316 1303 ·
