2700 4732
1078 152 1087 181 t

104 224 166 289 tto
473 218 550 281 ΠΒ.
568 216 627 279 111.
665 217 757 283 CAP.
777 217 832 279 N:

104 361 239 429 solvendi
257 382 362 426 munus
381 381 445 425 esse
462 363 642 441 mandatnm,
660 364 717 427 acsi
736 362 877 444 quaedam
888 370 965 423 esset
976 356 1139 421 iurisdictio
1148 376 1242 439 quae-

105 442 196 503 stioni
214 440 359 502 adiuncta.
396 440 494 501 Porro
523 441 581 501 boc
610 441 655 502 ius
680 438 831 521 Apostolis
857 439 943 499 luisse
967 436 1150 519 incognitum
1175 446 1241 497 tota

106 538 209 580 eorum
228 517 364 577 doctrina
383 516 498 577 clamat.
535 520 600 578 Nec
619 537 689 577 vero
709 529 792 577 certo
812 516 888 576 scire
907 515 1074 576 solvaturne
1108 523 1242 587 eccator,

106 593 142 655 ad
167 594 348 654 sacerdotem
368 595 522 673 pertinet,
557 594 608 653 sed
637 594 673 653 ad
704 612 769 653 eum
799 614 814 653 a
845 613 905 673 quo
935 592 1046 671 petitur
1073 533 1241 649 absolutio:

105 670 225 751 quando
246 689 394 749 uunquam
414 671 488 731 scire
509 681 605 749 potest
624 669 674 749 qui
693 670 783 743 audit,
801 670 876 729 sitne
897 669 968 727 iusta
989 680 1020 727 et
1036 668 1150 762 integra
1164 685 1243 724 cnu-

105 746 241 807 mcratio.
279 746 324 805 lta
345 743 423 805 nulla
443 757 518 806 esset
537 744 695 820 absolutio,
713 746 769 806 nisi
789 746 824 805 ad
844 744 932 806 verba
953 743 1014 803 eius
1056 743 1084 803 ui
1105 741 1242 803 iudican-

106 824 160 885 dus
180 835 223 883 cst
243 821 386 882 restricta.
425 822 509 881 adde
529 823 608 902 quod
628 834 690 883 tota
709 820 841 882 solvendi
860 823 936 880 ratio
956 840 989 879 ex
1009 764 1066 878 file
1087 832 1117 879 et
1132 816 1242 898 poenie

104 899 197 960 tentia
216 910 342 959 constat:
363 918 439 977 quae
458 898 533 958 duae
552 919 598 959 res
618 898 819 980 cognitionem
836 897 961 958 bominis
982 895 1108 978 lugiunt,
1127 893 1179 953 ubi
1201 891 1241 953 de

106 975 200 1036 altero
221 974 341 1034 lereoda
361 985 405 1034 est
424 975 579 1034 sententia.
631 974 772 1054 Sequitur
800 994 872 1056 ergo
904 973 1012 1056 ligandi
1044 984 1075 1031 et
1103 967 1242 1032 solvendi

53 1090 58 1105 ·
106 1051 310 1113 certitudinem
330 1071 392 1110 nou
412 1050 638 1111 subiicitcrreni
654 1051 755 1111 iudicis
765 1049 901 1110 arbitrio:
922 1051 988 1129 quia
1000 1048 1133 1108 minister
1144 1045 1242 1121 verbi,

105 1128 159 1189 ubi
179 1138 274 1207 partes
293 1147 358 1187 suas
378 1126 433 1186 rite
453 1129 631 1207 exsequitur,
651 1147 711 1188 non
733 1138 829 1208 potest
848 1122 903 1186 nisi
923 1123 1165 1185 conditionaliter
1184 1121 1242 1183 ab·

106 1203 237 1276 solvere,
268 1203 368 1263 sedin
389 1203 512 1341 pestium
534 1205 695 1283 peccatoris
716 1203 771 1264 boc
798 1204 870 1263 dici:
892 1202 1051 1277 „Quorum
1066 1199 1240 1261 remiseritis

106 1282 264 1361 peccataa“
294 1300 332 1339 ne
353 1279 390 1337 du
415 1279 489 1338 itent
507 1281 639 1355 reniam,
668 1280 945 1362 quaepromittitur
965 1298 999 1338 ex
1017 1278 1076 1338 Dei
1098 1274 1241 1337 mandato

59 1424 62 1429 ,
106 1368 138 1417 et
154 1375 240 1429 uoce,
257 1354 288 1415 in
308 1356 399 1416 coelis
419 1355 483 1415 lore
503 1366 603 1415 ratam.

181 1439 228 1498 19.
267 1431 348 1492 Nihil
379 1433 479 1511 itaque
510 1433 613 1492 mirum
639 1432 662 1493 si
687 1431 879 1493 auricularem
904 1432 986 1493 istam
1010 1428 1242 1504 confessionem,

104 1528 169 1571 rem
189 1509 263 1569 adeo
284 1509 468 1643 pestilentem
487 1519 593 1589 totque
612 1510 779 1570 nominibus
801 1510 940 1570 ecclesiae
961 1508 1093 1580 noxiam,
1118 1505 1242 1595 damua-

104 1607 182 1660 ruus,
198 1607 232 1646 ac
252 1607 284 1644 su
307 1583 392 1646 latam
412 1585 547 1645 emedio
572 1585 713 1665 cupimus.
771 1587 887 1661 Quodsi
908 1605 1009 1665 perse
1029 1605 1075 1644 res
1096 1592 1173 1643 esset
1192 1601 1242 1640 ιιι-

110 1662 263 1735 dilierens,
284 1663 400 1740 quando
420 1674 518 1721 tamen
538 1662 611 1722 nulli
630 1663 693 1722 usui
713 1673 758 1722 est
776 1683 831 1723 nec
851 1661 973 1736 fructui,
1002 1671 1163 1721 tutantem
1183 1657 1243 1717 im·

106 1737 279 1820 pietatibus,
298 1738 472 1819 sacrilegiis,
503 1739 652 1799 erroribus
673 1760 786 1803 causam
807 1739 900 1799 dedit:
934 1738 998 1818 quis
1019 1757 1079 1797 non
1100 1734 1240 1815 protinus

104 1814 279 1876 abolendam
298 1814 434 1875 censeat?
453 1814 619 1875 Recensent
639 1815 755 1896 quidem
775 1815 887 1895 aliquot
906 1838 988 1889 usus,
1007 1834 1081 1893 quos
1101 1823 1135 1871 ut
1153 1808 1242 1871 valde

105 1892 273 1951 fructuosos
293 1893 461 1965 venditant,
489 1890 539 1950 sed
559 1891 624 1951 illos
645 1903 696 1951 aut
715 1894 887 1964 ementitos,
918 1902 968 1952 aut
993 1889 1097 1949 nullius
1117 1908 1241 1968 prorsus

104 1967 258 2028 momenti.
298 1967 396 2027 Unum
416 1979 529 2027 tautum
547 1967 688 2049 singulari
708 1969 908 2051 praerogativa
928 1966 1150 2039 commendant,
1171 1984 1242 2024 eru-

105 2043 284 2105 bescentiam
306 2044 473 2104 confitentis
515 2063 608 2103 ranem
631 2064 692 2104 esse
711 2065 852 2124 poenam,
871 2066 927 2125 qua
948 2057 978 2103 et
997 2054 1135 2123 peccator
1153 2040 1189 2099 fit
1208 2040 1240 2100 iu

127 2132 257 2181 osterum
277 2120 404 2194 cautior,
436 2132 466 2179 et
485 2063 542 2180 ilai
562 2120 718 2180 vindictam
740 2122 905 2194 antevertit,
935 2142 966 2180 se
986 2121 1078 2200 ipsum
1099 2118 1239 2198 puniens.

104 2142 200 2271 bussi
221 2216 281 2254 non
303 2196 371 2256 satis
391 2216 494 2277 magna
514 2197 688 2256 verecundia
709 2197 856 2257 bominem
878 2197 1075 2266 humiliemus,
1107 2194 1178 2253 dum
1202 2193 1239 2255 ad

105 2293 249 2333 summm
269 2271 340 2330 illud
362 2273 489 2332 tribunal
510 2273 648 2348 coeleste,
668 2273 702 2332 ad
722 2273 791 2347 Dei,
810 2274 944 2354 inquam,
965 2272 1167 2354 cognitionem
1185 2290 1241 2331 ro·

106 2369 212 2409 camus.
243 2348 371 2440 Egregie
390 2368 460 2407 vero
482 2349 646 2429 profectum
668 2362 721 2422 est,
741 2350 764 2409 si
785 2352 869 2411 unius
889 2350 1013 2409 bominis
1034 2349 1149 2428 pudore
1169 2366 1242 2427 pec-

105 2444 172 2485 care
193 2424 360 2496 desinimus,
379 2424 477 2483 Deum
498 2447 557 2485 non
580 2425 776 2487 erubescimus
796 2426 905 2485 babere
927 2425 1017 2485 malae
1037 2422 1242 2493 conscientiae

104 2511 224 2560 nostrae
251 2510 364 2561 testem.
424 2501 598 2582 Quanquam
631 2502 659 2560 id
689 2524 808 2582 qnoque
841 2504 933 2583 ipsum
966 2501 1147 2562 salsissimum
1180 2510 1241 2563 esta

104 2575 185 2636 nulla
206 2576 283 2636 enim
304 2597 337 2635 re
357 2577 420 2635 lieri
439 2578 578 2637 maiorem
599 2580 740 2657 peccandi
771 2579 977 2640 confidentiam
1010 2588 1059 2636 aut
1088 2576 1242 2645 licentiam

103 2654 208 2732 passim
228 2653 328 2713 videre
349 2664 401 2727 est,
420 2674 507 2732 quam
527 2654 610 2729 duur,
632 2655 817 2717 consessione
835 2654 979 2716 sacerdoti
999 2654 1084 2726 sacta,
1103 2652 1243 2714 homines

105 2730 269 2789 existimant
307 2751 342 2790 se·
371 2750 457 2810 posse
493 2744 602 2806 tergm
635 2753 683 2807 os,
722 2745 749 2790 et
781 2731 891 2805 dicere,
930 2733 1000 2790 Nou
1026 2732 1104 2812 feci.
1175 2731 1243 2789 Nec

105 2817 173 2866 toto
203 2806 298 2865 solum
327 2826 405 2867 auno
437 2806 511 2866 liunt
539 2808 573 2867 aal
625 2808 783 2869 eccandum
815 2809 1000 2882 audaciores,
1041 2808 1091 2866 sed
1123 2806 1152 2865 in
1194 2824 1244 2865 re·

107 2882 218 2964 liquum
250 2882 318 2943 anni
338 2897 452 2961 tempus
477 2884 514 2943 de
537 2828 724 2945 coulessione
754 2886 865 2960 securi,
897 2904 1043 2964 nunquam
1074 2883 1109 2943 ad
1139 2883 1243 2943 Deum

106 2960 273 3040 suspirant,
298 2981 448 3039 nunquam
484 2960 519 3019 ad
552 2981 583 3021 se
616 2961 755 3022 redeunt:
798 2963 849 3022 sed
882 2974 999 3040 peccata
1030 2958 1156 3040 peccatis
1191 2980 1244 3019 ac-

108 3036 272 3111 cumulant,
306 3037 402 3096 doncc
439 3036 552 3107 omnia,
586 3050 619 3098 nt
650 3041 822 3117 opinantur,
858 3038 942 3097 simul
973 3047 1118 3099 evomant.
1179 3032 1245 3095 Ubi

107 3122 204 3171 autem
236 3124 444 3185 evomuerunt,
478 3114 589 3174 sarcina
619 3135 669 3174 suu
700 3115 848 3175 exonerati
884 3115 939 3174 sibi
974 3114 1126 3185 videntur,
1163 3110 1244 3172 iudi·

108 3188 244 3267 clamque
264 3209 279 3248 a
298 3190 366 3249 Deo
385 3189 575 3263 transtulisse,
595 3191 674 3270 quod
695 3191 838 3252 sacerdoti
860 3190 1042 3250 detulerunt:
1071 3189 1138 3248 Deo
1160 3188 1244 3250 obli-

106 3263 224 3323 vionem
246 3264 399 3339 induxisse,
419 3263 469 3323 ubi
490 3267 638 3327 conscium
657 3269 841 3327 sacerdotem
862 3268 1004 3327 lecerunt.
1055 3266 1152 3325 Porro
1174 3264 1243 3346 quis

108 3339 300 3400 consessionis
321 3340 398 3399 diem
420 3341 510 3400 laetus
531 3342 638 3402 instare
658 3344 753 3404 videt?
784 3345 848 3421 quis
875 3343 910 3402 ad
931 3342 1129 3403 confitendum
1148 3341 1245 3402 alacri

107 3416 206 3476 animo
226 3415 341 3508 pergit?
360 3437 395 3476 ac
414 3436 475 3475 non
495 3419 603 3496 potius,
624 3421 703 3497 quasi
725 3419 846 3480 obtorto
868 3419 945 3479 collo
966 3420 995 3478 in
1017 3438 1164 3480 carcerem
1177 3429 1244 3478 tra·

108 3491 209 3566 batur,
228 3506 334 3552 iuratus
353 3514 387 3552 ac
406 3492 561 3554 reluctanti
581 3496 681 3556 similis
703 3497 796 3555 venit:
830 3497 884 3556 nisi
904 3496 983 3555 sorte
1003 3496 1056 3576 ipsi
1075 3493 1245 3570 sacrificuli,

107 3569 158 3650 qui
179 3569 284 3629 mutuis
306 3569 468 3630 facinorum
489 3592 607 3631 snorum
628 3573 861 3646 narrationibus,
891 3573 971 3651 quasi
996 3573 1102 3632 iocosis
1122 3569 1245 3647 sabulis,

106 3664 138 3706 se
158 3644 282 3706 delicate
302 3645 462 3705 oblectant.
499 3648 569 3706 Non
590 3648 693 3708 multas
714 3649 827 3709 chartas
847 3649 972 3708 inficiam
993 3647 1154 3708 relerendis
1188 3666 1242 3709 ro-

106 3721 226 3804 digiosis
246 3721 525 3797 abominationibus,
544 3724 649 3802 quibus
668 3737 758 3784 scatet
777 3725 943 3785 auricularis
962 3725 1118 3786 consessio.
1187 3745 1245 3785 ao-

105 3809 168 3859 tum
196 3798 278 3872 dico,
305 3799 329 3857 si
356 3819 416 3858 uon
437 3799 601 3859 inconsulte
624 3801 693 3860 lecit
713 3814 827 3863 sanctus
848 3802 897 3861 ille
917 3803 962 3861 vir
996 3801 1182 3880 [Nectarius,
1202 3801 1244 3861 de

105 3896 166 3954 quo
186 3886 256 3935 sect.
276 3874 332 3954 7.],
352 3875 401 3954 qui
421 3874 460 3934 ob
479 3897 570 3936 unum
591 3880 777 3939 scortationis
797 3899 957 3950 rumorem,
977 3877 1193 3939 consessionem
1206 3895 1247 3939 ex

108 3951 231 4012 ecclesia
250 3972 311 4025 sua,
329 3952 378 4010 rel
400 3952 496 4031 potius
515 3973 530 4011 a
550 3974 670 4014 suorum
690 3955 831 4015 memoria
851 3956 980 4015 sustulit:
1009 3953 1128 4013 infinitis
1149 3952 1244 4014 bodie

108 4027 229 4108 stupris,
260 4028 423 4101 adulteriis,
454 4028 586 4104 incestis,
618 4028 789 4107 lenociniis,
821 4032 889 4111 quid
918 4032 995 4092 lacto
1022 4052 1095 4109 opus
1124 4030 1162 4090 sit
1187 4030 1245 4091 ad·

106 4124 271 4166 monemur.

182 4185 230 4245 m.
270 4180 362 4256 Quod
383 4181 439 4240 buc
458 4180 626 4242 obtendunt
646 4194 820 4264 potestatem
842 4183 979 4258 clavium,
1000 4197 1030 4244 et
1047 4183 1079 4242 iu
1099 4202 1133 4242 ea
1153 4183 1246 4265 regui

106 4256 150 4316 sui
167 4277 285 4337 proram
304 4262 353 4336 (ut
370 4259 467 4337 aiunt)
488 4268 518 4319 et
537 4258 659 4339 puppim
683 4262 905 4322 consessionarii
931 4261 1046 4336 locant,
1078 4259 1245 4321 videndum

103 4345 245 4411 quantum
263 4333 359 4397 valere
378 4333 477 4399 debet
514 4336 596 4419 Ergo
615 4337 679 4400 siue
697 4358 782 4401 causa
801 4337 969 4420 (inquiunt)
988 4338 1071 4402 datae
1088 4348 1158 4401 suut
1179 4336 1247 4401 cla·
