2700 4732
103 196 164 263 156
464 186 541 253 ΠΒ.
559 186 617 251 tlt
655 178 874 251 cau‘xxttt

103 332 156 413 [de
173 331 257 393 bono
271 342 420 410 persever.
439 330 592 412 cap.1b]=
612 330 780 410 „Numquid
799 330 824 392 si
843 328 901 391 boc
919 327 1023 405 audito
1042 322 1182 417 nonulli
1192 324 1221 417 itt

102 419 277 489 „torporem
295 406 507 490 segnitiemque
525 419 686 482 vertantur,
705 419 735 466 et
753 428 769 467 a
789 406 890 467 labore
908 402 1059 485 proclives
1076 400 1112 464 sd
1130 400 1222 463 libsdr·

103 504 195 563 „uem
224 492 293 561 post
319 483 569 564 concupiscentias
599 494 681 573 eant:
712 495 868 621 propterea
891 480 930 543 de
958 478 1156 573 praescientia
1171 476 1224 545 liei

103 560 409 641 „falsumputandum
429 559 570 638 estquod
590 558 698 620 ductum
717 570 761 619 est
816 558 924 618 Nonne
942 578 968 618 sa
984 556 1071 617 Deus
1088 552 1157 647 illps
1172 552 1223 613 bo·
1264 594 1266 621 ι

32 678 38 695 “
103 657 184 714 ”¹¹⁰⁸
204 635 252 752 [οἵ
253 653 269 693 ²
289 634 775 783 t¹²0³⁰⁵ll0l‘'tlt‘''tiltt'
777 632 1024 783 ‘'titllssttttt
1035 628 1223 766 ''ili'‘nffi
1263 658 1266 713 ¹

103 722 550 866 ,llinialddrbonititdlcernanturi
616 785 734 866 nmquid
745 805 817 866 ergo
830 796 953 865 propter
972 727 1145 844 buinimndi
1160 800 1223 843 m·
1263 762 1266 875 l

104 884 187 941 „sas,
215 883 290 941 quae
310 863 347 921 de
366 860 555 940 praescientia
574 861 632 921 Dei
650 880 719 923 veta
744 861 895 935 dicuutur,
924 857 974 920 rel
996 856 1139 941 neganda
1160 864 1223 919 sard
1243 872 1266 913 e*

103 938 172 1017 „vel
191 937 332 999 tacenda?
360 950 432 997 tunc
451 937 561 998 scilicet
580 937 712 1016 quando,
731 936 755 997 si
774 957 836 997 uon
855 936 1003 1010 dicantur,
1022 933 1056 994 in
1075 932 1154 995 alios
1169 932 1224 993 terr

103 1014 259 1093 „utoresi’
296 1012 361 1073 Alia
380 1012 491 1091 (inquit
508 1032 572 1090 cap.
592 1014 653 1090 tt's)
678 1012 753 1073 ratio
772 1024 818 1073 est
836 1031 935 1072 serum
955 1008 1086 1085 tacendi,
1104 1008 1164 1069 alia
1177 1024 1223 1069 ra·

102 1111 189 1169 „rnna
209 1088 325 1149 dieeudi
344 1089 506 1149 necessitas.
544 1087 652 1151 Causas
659 1107 759 1150 verum
775 1088 893 1151 uceudi
905 1087 1027 1179 longum
1038 1096 1224 1175 eoactum

102 1160 1233 1331 ptttttttfft‚tttttttttt‘tl'tts¹¹tttntgttft⁰ttslt¹¹isttttt.

103 1318 177 1399 „qn
196 1313 362 1451 “iiiiii
378 1313 836 1466 'littlltttl’t‘lttltt
854 1310 1225 1452 ttssl‘tdddtt'l
1264 1362 1266 1373 '

102 1411 181 1549 ,iiiiii
193 1410 294 1548 pidior,
322 1412 410 1557 nobis
429 1487 493 1528 earn
513 1468 691 1557 dicentibus,
722 1468 772 1559 qui
791 1486 896 1547 capere
914 1486 975 1527 non
994 1476 1116 1545 potest:
1145 1430 1225 1525 nisti

103 1556 221 1635 „autem
238 1542 402 1633 tacentrbus
430 1542 480 1603 ille
492 1565 540 1622 qur
560 1555 671 1623 potest:
691 1544 763 1636 quud
777 1554 909 1625 putamus
922 1540 1114 1635 laciendum?
1132 1554 1225 1619 nont

103 1630 290 1754 „supp
309 1586 602 1756 caestum
622 1628 1223 1757 ,serastessaturent*

103 1708 418 1852 ’,iisiellnrettifiensinn
448 1771 499 1829 ille
522 1774 560 1833 sit
579 1772 681 1851 peiorl
711 1771 803 1851 quisi
824 1717 938 1831 altirei
956 1781 988 1830 et
1006 1779 1149 1850 caperet,
1175 1710 1224 1847 piii

104 1869 193 1927 „eum
213 1846 299 1906 ctiam
320 1846 589 1923 pluresdiscercnt.
639 1848 677 1907 Et
695 1869 749 1908 nos
770 1847 867 1906 dicere
886 1845 1034 1919 nolumus,
1053 1844 1140 1925 quod
1157 1852 1223 1904 teste

103 1924 275 2013 „Scriptura
294 1922 391 1982 dicere
410 1922 527 1983 licebat.
565 1924 715 1985 Timemus
734 1922 960 1983 enimridelicet
978 1940 1017 1980 ne
1036 1920 1222 2001 loquentibu

103 1998 213 2079 „nubas
231 1997 411 2072 offendatur,
430 1999 480 2078 qui
500 2019 604 2079 capere
623 2019 683 2061 non
703 2009 814 2079 potest:
834 2017 897 2059 uon
916 2009 1014 2058 autem
1034 1996 1175 2057 timeamus
1190 2009 1222 2053 ne

126 2074 289 2137 tacentibus
309 2075 394 2135 nobis
429 2075 479 2153 qui
497 2079 647 2136 veritatem
666 2086 765 2156 potest
783 2092 902 2154 capere,
922 2072 1052 2134 salsitate
1070 2072 1223 2155 capiatur-¹⁶
1264 2111 1266 2121 ·

103 2117 514 2227 iluamsententiambreuius
533 2153 649 2211 tandem
667 2151 877 2287 perstrinpens,
896 2148 1104 2242 cinriusetian
1125 2146 1223 2241 cpnbr·
1263 2154 1266 2241 ι

103 2238 167 2287 mat
198 2246 260 2318 cap.
279 2226 359 2309 tu.]:
392 2226 615 2300 „Quamobrem
635 2228 660 2289 si
678 2228 815 2307 Apostor
834 2239 866 2287 ct
884 2247 934 2306 qur
953 2245 1005 2286 eus
1025 2237 1150 2315 sepuutr
1166 2232 1223 2285 sn!

103 2304 187 2382 „Ecc
199 2319 273 2361 esrae
285 2302 421 2362 doctores
439 2314 595 2383 utrumque
616 2304 757 2374 lecerunt,
777 2316 810 2363 ut
823 2302 860 2362 de
879 2314 997 2362 aeterua
1006 2300 1069 2363 Der
1084 2299 1225 2363 electiult
1263 2316 1266 2347 ⁴

104 2379 174 2458 „pie
194 2378 381 2452 dissererent,
413 2387 443 2436 et
471 2379 524 2439 sub
554 2380 619 2459 piae
637 2380 715 2440 uitae
735 2378 885 2457 disciplina
906 2378 1100 2439 continerent
1118 2376 1223 2439 fideles:
1264 2396 1266 2449 ;

105 2453 199 2533 „quid
220 2452 363 2530 estquod
394 2452 500 2513 invicta
529 2455 658 2515 conclusi
688 2455 827 2514 violentia
853 2455 979 2514 veritatis
1008 2452 1054 2512 illi
1080 2454 1180 2515 nostri
1197 2468 1223 2515 st
1264 2458 1266 2511 ἷ

105 2540 207 2609 „recte
226 2528 325 2617 dicere
344 2527 519 2603 existimant,
543 2551 603 2590 non
625 2550 687 2591 essu
711 2531 822 2665 populu
842 2527 1086 2609 praedicandum,
1108 2530 1166 2591 etsi
1182 2548 1224 2592 se·

105 2627 191 2686 „rum
210 2615 264 2679 nt,
292 2604 372 2683 quod
397 2605 433 2664 de
462 2606 729 2739 praedestinatione
768 2605 871 2666 iciturl’
896 2606 973 2665 dms
1001 2604 1225 2683 praedicande·

107 2693 175 2760 „est
195 2701 322 2759 prorsus,
342 2680 442 2758 utqui
472 2681 551 2740 nabet
570 2703 653 2742 aures
673 2682 923 2742 audiendiaudiat.
962 2681 1041 2755 Quis
1060 2681 1225 2743 autemba-

106 2759 189 2838 „bet,
206 2757 231 2817 si
251 2776 312 2815 uon
331 2756 443 2835 accepit
461 2757 497 2817 ab
518 2777 570 2833 eo,
589 2759 638 2837 qui
657 2779 688 2819 se
708 2758 842 2818 daturum
861 2756 1024 2838 promittit?
1066 2758 1164 2819 Certe
1183 2757 1225 2837 qui

35 2872 45 2889 .
106 2855 189 2914 „nou
209 2834 324 2912 accipit,
343 2832 473 2894 reiiciat?
492 2832 559 2893 dum
579 2845 675 2895 tamen
697 2836 748 2914 qui
767 2837 853 2926 capit,
870 2844 964 2894 sumat
983 2843 1015 2892 ct
1033 2831 1135 2909 bibat,
1153 2834 1226 2897 bibtt

107 2922 160 2989 „et
176 2910 264 2970 vivat
302 2908 386 2969 Sicut
404 2910 481 2968 enim
502 2910 692 2989 praedicanda
711 2921 754 2970 est
774 2923 875 2988 pietas,
894 2921 926 2968 ut
937 2908 992 2968 rite
1001 2908 1126 2970 colatur
1136 2910 1223 2971 uem:

106 2988 168 3065 „ita
188 2998 219 3045 et
236 2985 474 3064 praedestinatio,
493 2999 525 3045 ut
544 2987 594 3065 qui
614 2986 704 3047 babet
721 3007 804 3049 aures
823 2985 976 3063 audiendi,
995 2983 1035 3045 de
1059 2986 1162 3067 gratia
1177 2984 1227 3047 usi

107 3064 160 3140 „in
178 3063 256 3135 Deo,
276 3081 336 3120 uon
356 3061 387 3118 in
406 3082 437 3121 sc
456 3062 630 3141 glorietur.“

184 3144 231 3203 tt
268 3138 308 3195 Et
325 3149 423 3196 tamen
448 3150 482 3197 ut
497 3138 644 3216 singulare
669 3137 876 3199 aedificationis
894 3136 1020 3198 studium
1041 3150 1154 3201 sancto
1170 3136 1239 3201 rito·

108 3216 179 3286 lust,
209 3216 250 3272 sic
270 3213 396 3272 docendi
416 3215 475 3272 reri
495 3217 637 3273 rationem
656 3226 814 3294 temperat,
848 3224 881 3272 ut
904 3213 1069 3291 prudenter
1093 3224 1226 3277 careatur

108 3288 206 3370 quoad
225 3287 295 3347 licet
313 3288 452 3348 olleusio.
489 3290 561 3348 Nam
582 3311 656 3369 quac
674 3310 742 3350 vere
762 3291 907 3365 dicuutur,
925 3300 1135 3369 congruenter
1152 3286 1229 3353 siml

109 3385 196 3446 posse
216 3363 272 3424 dici
291 3364 437 3423 admonet.
481 3364 514 3423 Si
535 3365 598 3444 quis
617 3368 655 3426 ita
672 3365 789 3444 plebem
808 3365 975 3457 compellet,
995 3364 1029 3425 si
1051 3386 1118 3426 non
1139 3366 1228 3429 cndi-

109 3442 158 3514 tis,
178 3438 246 3499 ideo
266 3438 309 3512 fit,
329 3441 396 3518 quia
415 3441 472 3499 iam
492 3441 628 3501 divinitus
648 3442 735 3502 exitio
756 3442 888 3502 destinatr
908 3442 988 3501 estis:
1008 3441 1035 3502 is
1055 3463 1123 3503 non
1143 3442 1231 3517 notu,

108 3515 251 3600 ignaviam
271 3515 367 3588 louet,
398 3516 556 3576 sedetiam
581 3518 660 3577 indul
683 3530 712 3577 et
730 3518 864 3578 malitiae.
908 3517 941 3576 si
960 3518 1027 3595 quis
1045 3518 1079 3578 irs
1101 3518 1229 3581 lutum

109 3611 229 3674 quoque
247 3603 361 3669 tempus
376 3592 550 3653 sententium
569 3538 713 3667 extendat,
741 3593 820 3685 quod
847 3613 909 3653 non
932 3596 991 3653 sint
1012 3594 1164 3657 credituri
1186 3615 1232 3676 qu

109 3669 241 3745 audiunt,
261 3666 328 3746 quia
346 3666 494 3746 reprobati
513 3680 594 3730 sunt:
613 3670 784 3750 imprecatio
804 3674 858 3729 erit
877 3668 968 3750 magis
979 3690 1068 3747 quatu
1088 3670 1232 3734 doctrina·

110 3744 199 3806 Tales
227 3748 326 3823 itaque
349 3743 578 3835 Augustinus
610 3766 669 3805 non
698 3745 842 3805 immerito
872 3757 1010 3825 tanquam
1036 3746 1085 3807 rel
1109 3748 1232 3809 tusutsns

110 3820 265 3895 doctores,
292 3817 340 3882 vel
367 3823 498 3883 sinistros
529 3833 560 3881 et
584 3823 732 3882 ominosos
750 3821 913 3901 Prophetas
938 3822 975 3880 ab
995 3820 1134 3883 Ecclesia
1153 3822 1233 3885 iubet

62 3898 262 3959 ··lacessere.
311 3895 485 3958 Tenendum
505 3896 623 3977 quidem
641 3918 708 3959 vere
734 3897 802 3957 alibi
833 3897 999 3970 contendit,
1029 3898 1140 3978 „quod
1164 3912 1231 3961 tune

109 3972 317 4055 „correctione
329 3972 453 4064 prolicit
471 3974 572 4065 bpmo,
590 3994 677 4053 quum
684 3973 841 4065 miseretur
859 3985 945 4052 atque
964 3973 1149 4055 adiuvatqui
1168 3973 1233 4037 teuit

110 4048 928 4201 ’‘ttff⁸stt¹tttl?ttt⁸¹t‘attttt'ttttttfi‘ttt
942 4047 1232 4211 ,isbttgdl

111 4148 189 4261 licus
208 4212 322 4281 postea:
346 4203 468 4279 „Quum
493 4201 626 4262 homines
651 4222 704 4281 per
723 4203 939 4282 correptionem
957 4201 987 4260 in
1007 4200 1087 4263 viana
1107 4200 1232 4265 iustitiae

113 4296 189 4354 „seu
212 4276 333 4340 vcuiuut
361 4298 414 4342 seu
436 4288 638 4355 revertuntur,
665 4277 728 4358 quis
751 4290 890 4360 operatur
912 4278 944 4339 in
966 4276 1112 4343 cordibus
1131 4298 1230 4343 corun
