2596 4726
437 199 512 259 Llli.
534 201 557 258 l.
597 199 687 260 (lar.
707 196 791 258 lllll.
1120 203 1181 267 ιω

50 361 93 423 est,
110 359 198 426 atquc
219 367 252 404 ex
273 365 304 405 se
325 345 432 425 genuit
450 366 530 404 suam
552 344 741 424 Sapientiam,
760 342 879 416 merito,
898 355 931 402 ut
951 365 989 403 nu
1014 363 1047 403 er
1066 344 1182 405 dictum

49 437 97 497 est,
114 434 254 484 censetur
276 422 451 502 principium
472 434 503 479 et
523 420 589 480 lons
609 422 700 480 totius
722 419 886 481 divinitatis.
926 423 970 481 lta
990 366 1072 481 lleus
1092 420 1182 481 int'le·

48 502 118 560 inite
137 512 183 559 est
204 500 371 579 ingenitus:
405 511 435 557 et
453 497 543 555 Pater
574 498 661 557 etiam
691 518 837 575 personae
861 510 996 577 respectu
1017 498 1181 581 ingenitus.

47 578 133 637 Stulte
154 577 247 635 etiam
290 587 416 635 ntantse
436 597 469 634 ex
489 586 590 634 nostra
609 575 756 635 sententia
776 573 929 653 colligere,
950 576 1181 653 quaternitatem

46 656 139 714 statui:
171 655 241 732 quia
269 598 347 712 ialso
378 664 409 711 ct
434 652 614 711 calumniose
639 652 752 711 cerebri
783 651 830 710 sui
855 665 1055 711 commentum
1090 651 1182 713 nohis

46 730 201 803 ascribunt,
226 728 309 807 quasi
330 729 486 788 derivative
511 728 669 808 fingamus,
691 727 809 807 prodire
837 746 870 785 ex
889 749 947 788 una
973 729 1099 790 essentia
1118 739 1183 790 tres

43 829 193 887 personas:
214 827 306 885 quum
319 825 353 863 es
372 805 486 884 scriptis
501 805 608 864 nostris
630 805 749 884 liqueat,
769 824 830 863 nou
843 803 1013 863 abstrahere
1034 827 1088 867 nos
1108 825 1183 887 per-

43 905 123 943 sonas
142 885 178 942 ab
200 882 337 954 essentia,
357 882 409 940 sed
430 883 556 959 quamvis
578 884 607 939 in
629 882 636 939 i
659 903 689 941 sa
710 881 871 952 resideant,
892 881 1112 942 distinctionem
1136 882 1184 940 in-

43 971 208 1038 terponere.
260 958 292 1016 si
322 969 474 1037 separatae
500 970 596 1017 essent
621 902 657 1017 ah
678 958 803 1017 essentia
827 976 987 1034 personae,
1017 957 1184 1038 probabilis

41 1037 116 1094 lorte
136 1045 215 1095 esset
235 1054 338 1093 eorum
359 1035 450 1093 ratio:
470 1034 521 1094 sed
543 1034 600 1093 hoc
619 1034 709 1094 modo
722 1034 853 1092 Trinitas
873 1047 949 1093 esset
962 1035 1096 1108 deorum,
1113 1054 1183 1093 -non

40 1132 232 1191 personarum
259 1131 330 1201 quas
355 1110 443 1170 inse
469 1108 603 1169 cohtinet
628 1132 703 1170 unus
722 1110 813 1169 Deus.
864 1108 909 1168 lta
937 1111 1062 1171 solvitur
1084 1111 1185 1171 sutilis

39 1209 140 1247 eorum
161 1197 313 1266 quaestio,
344 1198 541 1246 concurratno
566 1188 690 1246 essentia
714 1186 751 1245 ad
779 1186 964 1247 conllandam
986 1189 1185 1255 Trinitatem:

58 1266 117 1323 nasi
137 1277 199 1323 tres
219 1264 293 1321 deos
319 1281 355 1321 ex
379 1262 427 1321 illa
452 1262 630 1323 descendere
657 1264 859 1343 imaginemur.
907 1264 999 1336 Quod
1021 1268 1185 1346 excipiunt,

39 1286 218 1399 lriuitatem
245 1340 336 1420 igitur
361 1338 427 1399 lore
452 1341 515 1398 sine
534 1340 619 1414 Deo,
652 1361 685 1399 ex
717 1340 819 1398 eadem
846 1339 1006 1400 insulsitate
1036 1343 1184 1402 nascitur:

39 1418 106 1497 quia
126 1418 184 1476 etsi
212 1415 249 1476 ad
270 1415 489 1474 distinctionem
511 1437 572 1476 non
593 1418 759 1490 concurrit,
788 1429 821 1475 ut
846 1436 913 1494 pars
932 1417 979 1476 vel
1004 1419 1185 1494 membrum,

40 1515 97 1552 nou
118 1504 221 1553 tanuen
242 1512 386 1571 personae
406 1493 468 1551 sine
489 1494 549 1571 ipsa
570 1493 614 1552 vel
637 1506 714 1553 extra
735 1493 841 1552 issam:
869 1494 935 1571 quia
961 1506 992 1553 et
1009 1495 1100 1554 Pater
1124 1496 1185 1555 nisi

39 1570 118 1629 Deus
140 1581 229 1644 esset,
249 1588 311 1627 non
333 1580 451 1647 poterat
469 1589 531 1628 esse
547 1569 646 1643 Pater,
667 1582 697 1629 et
716 1516 808 1630 Filius
828 1569 994 1630 nonaliter
1012 1571 1104 1632 Filius
1124 1573 1184 1632 nisi

41 1646 105 1725 quia
123 1644 219 1705 Deus.
249 1645 398 1704 Deitatem
420 1665 491 1725 ergo
512 1645 646 1706 absolute
668 1666 701 1705 ex
720 1668 752 1707 se
771 1648 834 1727 ipsa
857 1667 920 1708 esse
940 1646 1079 1709 dicimus:
1100 1650 1185 1709 uude
1250 1712 1253 1717 ,

42 1721 204 1796 ειϊίΙίιιιιι,
223 1722 458 1800 quatenuslleus
470 1733 524 1795 est,
545 1723 672 1782 latemur
691 1745 725 1784 ex
744 1745 775 1784 se
796 1725 805 1783 i
828 1746 860 1784 so
882 1744 962 1796 esse,
974 1724 1092 1785 sublato
1112 1746 1186 1807 per*

41 1820 129 1859 sonae
154 1810 308 1891 respectu:
334 1810 477 1877 quatenus
500 1819 575 1858 vero
593 1800 683 1859 Filius
704 1814 763 1875 est,
798 1745 920 1861 dicimus
946 1820 1010 1859 esse
1030 1821 1063 1860 ex
1083 1803 1184 1863 Patre.

42 1873 83 1935 lta
102 1886 231 1935 esserum
249 1875 311 1933 eius
330 1875 477 1953 principio
497 1888 589 1935 caret:
611 1897 756 1955 personae
768 1898 838 1937 vero
859 1877 953 1958 princi
976 1877 1035 1937 ium
1056 1892 1100 1940 est
1118 1880 1194 1971 ipse·

41 1952 131 2012 Deus.
168 1950 211 2011 Et
229 1952 349 2042 quidem
368 1951 525 2011 orthodoxi
545 1953 721 2032 scriptores,
742 1954 912 2034 quicunque
931 1899 1003 2013 olim
1023 1955 1060 2015 de
1080 1956 1185 2015 Trini-

43 2040 99 2089 late
127 2026 247 2109 loquuti
277 2039 362 2102 suut,
393 2029 428 2086 ad
459 2050 600 2107 personas
624 2042 738 2090 tautum
772 2030 938 2090 retulerunt
970 2029 1027 2091 hoe
1057 2053 1185 2095 nomen:

43 2104 160 2183 quando
180 2125 243 2164 nou
263 2104 355 2164 ruodo
376 2104 518 2165 absurdus
538 2119 614 2166 esset
634 2128 734 2179 error,
754 2107 785 2167 in
806 2107 867 2187 ipsa
888 2107 1078 2169 distinctione
1097 2130 1185 2171 com-

44 2182 133 2261 plecti
152 2180 322 2253 essentiam,
352 2182 405 2240 sed
423 2182 507 2251 nimis
527 2205 620 2242 crassa
647 2185 789 2263 impietas.
833 2185 908 2244 Nam
930 2187 981 2263 qui
1001 2184 1105 2245 volunt
1123 2189 1184 2249 tria

46 2277 239 2333 concurrere,
264 2257 443 2330 Essentiam,
474 2258 581 2319 Filium
607 2273 637 2318 et
658 2261 818 2339 Spiritum,
843 2282 894 2320 eos
914 2261 982 2321 Filii
1003 2275 1033 2323 et
1052 2262 1183 2343 Spiritus

46 2335 197 2393 mantiam
216 2334 367 2393 exinanire
387 2334 481 2415 palam
501 2349 560 2396 est:
593 2336 702 2427 alioqui
727 2350 825 2430 partes
850 2338 929 2397 inter
951 2360 983 2399 so
1009 2343 1185 2403 commixtae

17 2428 23 2434 ·
46 2412 263 2471 coinciderent:
290 2411 371 2489 quod
392 2426 436 2472 est
455 2414 485 2471 iu
506 2414 587 2473 omni
607 2414 795 2473 distinctione
815 2416 960 2475 vitiosum.
999 2416 1078 2476 lleni
1101 2440 1137 2478 ue
1157 2421 1184 2480 si

45 2486 130 2547 Pater
149 2499 181 2546 et
200 2488 282 2546 Deus
301 2508 464 2567 synonyma
485 2503 598 2561 essent,
617 2492 658 2550 sic
679 2490 833 2550 deificatur
853 2505 928 2550 esset
937 2493 1036 2568 Pater,
1057 2440 1130 2554 nihil
1149 2497 1184 2556 in

45 2565 117 2623 filio
138 2564 290 2623 residuum
304 2577 382 2624 esset
402 2579 517 2645 praeter
536 2566 683 2627 umbram:
704 2588 760 2627 nec
773 2569 849 2627 aliud
870 2568 1184 2652 essetTrinitasquam

46 2642 216 2701 coniunctio
238 2640 297 2699 Dei
319 2641 404 2701 unius
424 2666 488 2702 cum
509 2644 619 2704 duabus
639 2645 727 2704 rebus
749 2644 865 2705 creatis.

114 2725 164 2782 Ἀθ.
206 2716 302 2790 Quod
328 2718 486 2791 obiiciunt,
519 2720 667 2780 Christum
692 2722 715 2781 si
743 2721 864 2801 proprie
890 2723 927 2780 sit
946 2721 1042 2798 Deus,
1074 2724 1184 2785 Filium

47 2793 98 2853 ltei
139 2814 276 2873 erperam
297 2795 413 2866 vocari,
433 2799 487 2855 iam
509 2817 681 2875 responsum
703 2812 762 2871 est,
794 2799 861 2876 quia
882 2799 914 2856 lit
932 2800 1019 2859 unius
1039 2821 1186 2879 personae

48 2872 78 2929 ad
102 2817 229 2931 alteram
255 2874 452 2948 comparatio,
482 2895 590 2932 nomen
611 2874 668 2932 Dei
689 2895 749 2933 non
771 2876 845 2933 sumi
864 2875 1035 2949 indefinite,
1064 2879 1115 2935 sed
1135 2899 1186 2936 re-

49 2949 145 3029 stringi
167 2948 206 3006 ad
216 2948 335 3006 Patrem
348 2961 490 3024 quatenus
510 2951 624 3009 deitatis
644 2962 688 3009 est
706 2953 894 3031 principium,
915 2972 976 3009 non
998 2954 1186 3013 essentiando

52 3038 78 3083 ιι
100 3025 222 3083 fanatici
250 3036 414 3101 nugantur,
444 3027 495 3084 sed
522 3027 637 3085 ratione
663 3029 783 3087 ordinis.
835 3029 902 3087 lloc
928 3049 1016 3087 sensu
1040 3031 1185 3108 accipitur

54 3102 149 3162 Sermo
172 3099 347 3160 illeChristi
366 3101 403 3159 aa
424 3102 539 3161 Patrem
560 3103 622 3180 (Io.
644 3111 692 3177 17,
710 3108 768 3181 3.):
789 3105 892 3177 „llaec
914 3117 959 3164 est
978 3106 1036 3165 rita
1056 3119 1186 3181 aeterna,

55 3189 81 3236 ut
99 3178 228 3239 credant
251 3190 282 3235 te
308 3200 397 3236 ιιιιιιιιι
422 3200 521 3239 verum
542 3181 655 3253 Deum,
682 3192 712 3239 et
736 3201 824 3260 quem
850 3180 952 3241 misisti
978 3183 1074 3243 Iesum
1096 3182 1186 3243 Chri-

55 3261 151 3313 tlum.“
193 3254 268 3312 Nam
282 3255 310 3312 in
323 3255 496 3315 tttediatoris
507 3276 633 3333 persona
655 3256 790 3336 loquens,
810 3258 938 3317 medium
959 3259 1080 3338 gradum
1101 3272 1187 3320 tenet

55 3332 122 3393 iuter
140 3333 244 3391 Deum
265 3344 295 3389 ct
315 3331 462 3391 homines:
485 3353 580 3411 neque
601 3344 698 3392 tamen
720 3334 788 3393 ideo
808 3335 991 3394 imminuitur
1010 3338 1073 3395 eius
1093 3337 1187 3395 maie-

55 3420 108 3468 stas.
147 3410 227 3468 Nam
252 3408 306 3466 etsi
333 3428 364 3467 se
388 3408 482 3486 ipsum
508 3409 682 3485 exinanivit,
707 3410 832 3492 gloriam
858 3423 955 3469 tamen
981 3434 1079 3486 saram,
1111 3434 1187 3493 quae

55 3485 221 3546 abscondita
243 3484 300 3543 luit
326 3506 424 3543 coram
456 3486 582 3559 mundo,
614 3507 674 3545 non
705 3489 833 3566 perdidit
857 3488 935 3566 apud
959 3488 1085 3547 Patrem.
1136 3490 1188 3549 Sic

56 3560 211 3640 Apostolos
231 3561 268 3619 ad
289 3562 443 3620 llebraeos
463 3563 542 3641 (cap.
555 3570 639 3635 1,1l).
650 3568 679 3636 2,
688 3566 744 3639 9.),
765 3586 932 3643 ‹paruoquam
952 3566 1062 3624 fatetur
1081 3567 1187 3647 exiguo

57 3650 184 3719 tempore
205 3638 294 3697 luisse
314 3639 499 3696 imminutum
519 3638 594 3697 inira
614 3640 745 3730 angelos,
766 3660 827 3698 ιιοιι
847 3654 945 3699 tamen
969 3642 1083 3700 dubitat
1101 3642 1187 3701 simul

56 3738 195 3790 asserere,
227 3728 382 3775 aeteruum
415 3735 476 3774 esse
495 3715 591 3773 Deum
618 3738 667 3793 qur
694 3717 825 3775 fundavit
853 3730 971 3776 terram.
1010 3718 1187 3779 Tenendum

58 3792 138 3873 igitur
158 3806 214 3864 est,
233 3794 353 3871 quoties
374 3791 507 3851 Christus
527 3793 557 3851 in
580 3811 703 3869 persona
724 3794 896 3854 lilerliatoris
916 3795 1033 3853 Patrem
1055 3795 1188 3873 contpel·

58 3869 104 3943 lat,
127 3870 180 3930 snb
204 3872 262 3929 lroc
282 3869 341 3927 liei
363 3869 483 3926 nomine
504 3869 685 3928 divinitatem
707 3869 881 3949 complecti,
907 3892 981 3947 (prae
1002 3871 1090 3949 ipsius
1111 3893 1188 3949 quo-

59 3968 107 4025 que
132 3959 185 4007 est.
238 3946 289 4005 Sic
319 3966 409 4023 quum
433 3944 584 4023 Apostolis
612 3947 724 4005 diceret
747 3948 960 4023 (lo.1t5,7.),
993 3947 1117 4025 lixpedit
1141 3968 1189 4008 me

58 4026 207 4083 ascendere
228 4024 265 4083 ad
279 4024 411 4091 Patrem,
430 4023 498 4099 quia
518 4023 607 4081 Pater
627 4024 721 4081 maior
739 4044 786 4081 me
807 4036 864 4083 cst:
886 4045 946 4082 ιιοιι
967 4025 1125 4084 secundam
1145 4028 1190 4085 di-

59 4102 200 4161 rinitatem
221 4112 339 4162 tantum
359 4097 417 4157 silai
427 4099 543 4171 tribuit,
562 4109 595 4157 ut
614 4099 652 4161 sit
663 4102 759 4179 quoad
772 4114 919 4160 aeternam
934 4101 1088 4160 essentiam
1100 4103 1190 4163 Patre

59 4178 186 4253 inlerior,
205 4180 259 4241 sed
272 4179 343 4257 quia
364 4175 485 4236 coelesti
505 4177 599 4258 gloria
618 4182 729 4257 potitus
751 4177 849 4237 lialeles
867 4177 981 4257 colligit
1000 4180 1030 4236 in
1046 4179 1107 4237 eius
1143 4202 1190 4237 ar-

60 4256 261 4335 ticipationem.
309 4255 346 4311 lu
367 4253 520 4332 superiore
544 4255 637 4333 gradu
659 4255 775 4313 l'atreru
802 4253 895 4327 locat,
928 4268 1070 4333 quatenus
1090 4202 1192 4315 cliiiert

10 4390 13 4395 .
62 4338 205 4415 conspicua
224 4329 399 4415 splendoris
418 4330 572 4411 perfectio,
591 4354 665 4414 quac
686 4333 715 4392 iu
730 4332 816 4393 coelo
836 4343 958 4415 apparet
976 4331 1013 4394 ala
1033 4350 1067 4392 ea
1080 4333 1192 4415 gloriae
