2596 4726
463 208 541 273 tm.
559 210 617 273 111.
656 209 746 281 CAP.
765 212 858 277 vm·
1157 222 1219 289 m

71 351 257 433 inquietam,
281 354 476 438 plurimisque
501 357 642 419 aerariis
667 356 810 421 malorum
829 360 989 442 generibus
1012 362 1151 424 celerum
1171 365 1231 425 ri-.

71 439 137 489 mm
160 450 336 566 praeparare
355 432 476 495 debent.
518 434 570 496 Sic
588 447 634 496 est
653 434 790 497 coelestis
808 437 907 499 Patris
926 439 1077 514 voluntas,
1095 452 1129 500 ot
1147 461 1213 501 cer·

10 524 13 545 =
72 517 140 567 tum
182 509 275 571 esuis
294 510 525 590 experimentum
545 513 656 592 capiat,
680 531 732 574 eos
756 513 844 574 talem
870 514 900 574 in
924 517 1045 583 modim
1065 536 1211 577 exercere.

71 582 102 642 A
124 581 247 647 Christo
265 589 466 669 primogenito
485 609 540 649 suo
561 609 696 664 exorsus,
727 609 796 671 erga
821 590 898 652 filios
917 612 1020 653 omnes
1043 614 1111 654 suos
1132 594 1212 657 hune

10 722 15 741 Ι
72 659 212 721 ordinem
224 664 422 757 prosequitur.
446 665 521 725 Nam
534 687 623 745 quum
636 678 712 726 esset
729 666 882 730 illefilius
902 689 972 748 prae
991 668 1055 729 aliis
1075 669 1222 747 dilectus,-

10 756 16 765 ·
70 746 104 795 et
123 736 154 795 iu
174 760 235 819 quo
254 740 350 802 Patras
369 742 481 802 animus
501 743 720 821 acquiescebat,
750 745 882 805 videmus
905 757 1005 805 tamen
1031 767 1127 829 quam,
1145 767 1209 808 non

10 836 15 845 ·
70 811 263 897 indulgenter
286 838 321 880 ae
343 817 476 879 molliter
499 819 614 881 habitus
637 820 743 881 fuerit:
774 833 808 880 ut
830 840 900 881 vere
925 822 984 882 dici
1009 835 1113 903 queat,
1143 844 1207 884 uon

10 892 20 971 l·
69 889 165 951 modo
185 905 329 975 perpetua
348 916 436 957 cruce
456 897 643 957 exercitatum
662 897 762 972 luisse,
782 898 918 977 quamdiu
936 910 1045 960 terram
1064 898 1205 962 incoluit:

10 1004 21 1043 t·
69 965 124 1026 aed
144 978 238 1029 totam
258 972 320 1032 eius
337 972 425 1033 vitam
446 971 519 1032 nibil
539 974 615 1032 aliud
637 973 725 1033 luisse
744 995 829 1053 quam
849 987 1009 1067 perpetuae
1026 977 1119 1036 crucis
1138 996 1207 1057 spe-

10 1048 16 1091 *
68 1045 156 1107 ciem.
196 1046 321 1108 Causam
333 1048 494 1129 Apostolus
513 1051 649 1131 assignat,
666 1050 749 1131 quod
768 1050 967 1112 obedientiam
988 1053 1132 1113 discereo
1156 1074 1206 1113 or-

10 1154 16 1213 ι
68 1122 177 1201 tuerit,
205 1144 238 1184 ex
258 1126 291 1187 iis
311 1146 386 1205 quae
410 1148 509 1209 passus
529 1141 574 1188 est
592 1128 686 1266 Slleh.
705 1134 740 1201 b,
759 1131 812 1206 8.).
863 1129 925 1189 Cur
946 1150 1000 1190 nos
1020 1149 1093 1213 crgo
1112 1074 1152 1191 ah
1170 1151 1217 1191 ea·

66 1200 245 1263 conditione
264 1204 436 1282 eximamur,
458 1227 545 1286 quam
564 1226 597 1266 su
622 1205 664 1266 ire
684 1204 833 1266 Christum
851 1219 939 1287 caput
957 1219 1090 1267 nostrum
1111 1229 1204 1299 opor-

10 1320 16 1341 .
65 1277 139 1339 tuit:
164 1281 336 1361 pracsertim
378 1304 447 1341 uum
474 1294 684 1355 nostra,causa
704 1283 842 1360 subierit,
872 1297 905 1345 ut
931 1284 1017 1346 nohis
1035 1285 1067 1345 iu
1086 1306 1146 1346 sei
1169 1307 1205 1346 ao

63 1355 228 1491 patientiae
257 1303 403 1441 exemplar
431 1358 600 1420 exhiberes?
647 1360 851 1435 Quamobrem
873 1361 1036 1441 Apostolus
1067 1308 1204 1424 omnihus

85 1429 134 1495 lua
154 1433 214 1495 Dei
239 1433 318 1498 hunc
343 1457 405 1498 esse
432 1436 609 1498 destinatum
633 1437 721 1497 finem
754 1439 857 1513 docet,
888 1451 922 1498 ut
945 1439 1115 1500 conformes
1139 1441 1202 1501 eius

63 1510 141 1571 fiant
159 1512 261 1592 (Rom.
281 1518 310 1590 Β,
327 1516 401 1592 ἳ9.>.
439 1514 528 1573 Unde
548 1514 635 1574 ctiam
654 1515 776 1598 insignis
795 1514 961 1576 consolatio
980 1516 1017 1576 ad
1038 1538 1093 1577 uos
1112 1517 1202 1591 redit,

60 1587 96 1649 in
114 1588 206 1651 rebus
220 1586 299 1651 duris
318 1603 406 1671 atque
425 1591 545 1670 asperis,
565 1609 641 1671 quae
658 1591 798 1654 adversae
817 1592 969 1672 malaeque
989 1593 1201 1668 existimantur,

61 1684 121 1728 uos
141 1666 254 1730 Christi
274 1668 457 1748 passionibus
469 1669 702 1730 communicare:
722 1681 755 1729 ut
787 1669 1011 1730 uemadmodum
1032 1668 1083 1729 ille
1102 1692 1118 1731 a
1138 1691 1201 1730 ma·

62 1740 161 1805 lorum
183 1746 314 1805 omnium
334 1744 507 1824 labyrintho
527 1746 556 1804 in
577 1744 711 1827 gloriam·
723 1691 883 1807 cohlestem
902 1747 1049 1827 ingressus
1069 1759 1129 1822 est,
1158 1748 1199 1807 ita

63 1819 96 1880 in
116 1822 241 1882 eandem
261 1826 425 1905 pervarias
449 1822 657 1883 tribulationes
680 1822 872 1884 deducamur:
904 1825 944 1882 sic
965 1824 1042 1882 enim
1066 1821 1199 1905 loquitur

65 1896 135 1960 alibi
155 1899 261 1961 Paulus
286 1900 349 1982 ipse
368 1903 450 1976 (Act.
469 1907 522 1976 14,
540 1900 621 1979 22.)=
642 1901 721 2036 spuod
741 1901 831 1974 „dum
851 1900 1091 1960 communionem
1112 1900 1209 1961 disci--

66 1995 129 2036 mus
147 1976 341 2039 afflictionum
362 1979 435 2054 eius,
453 1977 537 2039 simul
558 1997 649 2068 appre
671 1977 804 2038 eudimus
823 1977 985 2056 potentiam
1005 1977 1209 2038 resurreetio·-

66 2052 144 2113 uis:“
161 2074 196 2114 ac
213 2055 307 2132 „dnm
319 2056 489 2116 conformes
509 2056 658 2115 reddimur
676 2057 765 2115 morti
785 2053 918 2129 eius„ita
937 2066 1146 2135 praeparamur
1159 2054 1198 2115 ad

70 2126 210 2210 gloriosae
228 2133 454 2195 resurrectionis
472 2132 676 2194 consortium“
694 2131 784 2212 (Phil.
802 2137 833 2207 3,
852 2133 926 2207 ab.)
965 2131 1119 2206 Quantum
1138 2131 1198 2194 hoc

71 2205 159 2267 talene
177 2221 278 2289 potest
296 2211 332 2271 ad
353 2209 519 2270 leniendam
539 2230 658 2270 omnem
678 2211 772 2270 erucis
796 2208 1005 2285 acerbitatem,
1030 2208 1112 2289 quod
1132 2226 1210 2289 qno,

10 2314 15 2387 ἓ
72 2283 665 2426 tttlt‘lttlttltitllllttttt
678 2286 1196 2424 ‘ititttlzt²‘.t:ttt0‘tt

75 2434 195 2499 aedictae
215 2439 302 2500 nohis
322 2440 412 2515 liunt,
442 2441 493 2502 sed
514 2441 550 2500 ad
575 2385 813 2535 pronolendm
827 2385 947 2521 qulsquc
966 2450 1098 2500 nostram
1116 2438 1194 2501 salu·

74 2520 122 2571 tem
139 2516 260 2576 multum
280 2518 411 2578 allerunt
428 2519 597 2578 adiumenti.

136 2597 162 2655 ‘d
201 2593 287 2653 Adde
307 2595 387 2673 quod
407 2596 552 2655 Dominus
582 2606 685 2655 noster
714 2614 830 2656 crucem
861 2594 1012 2655 furendam
1042 2594 1194 2673 suscipere

75 2662 132 2724 nihil
149 2688 268 2730 necesse
288 2671 398 2747 hahuit,
418 2673 472 2732 nisi
494 2672 529 2730 ad
542 2672 702 2732 testandam
720 2671 997 2751 approbandamque
1010 2670 1091 2730 Patri
1109 2691 1191 2730 suam

74 2738 271 2806 obedientiam:
301 2748 387 2808 nohis
406 2768 478 2809 vero
497 2749 596 2809 multis
620 2749 784 2809 rationibus
804 2767 922 2807 necesse
942 2759 986 2808 est.
1004 2748 1059 2807 suh
1078 2747 1191 2807 assidua

74 2834 145 2879 truce
163 2824 250 2883 vitam
272 2825 388 2906 degere.
435 2826 583 2900 Primum,
607 2837 641 2884 ut
664 2837 766 2884 natura
786 2823 909 2882 nimium
930 2822 1071 2958 propensi
1089 2844 1189 2883 sumus
1233 2884 1236 2889 ,

73 2890 102 2949 tl
118 2901 210 2961 omnia
230 2902 309 2960 carni
335 2915 456 2963 nostrae
476 2901 647 2975 tribuenda,
679 2902 734 2960 nisi
765 2899 852 2961 nohis
879 2900 984 2959 imbesi
997 2900 1061 2959 litas
1087 2910 1190 2959 nostra

72 2966 138 3031 velut
154 2976 242 3036 oculo
263 2978 460 3040 demonstrata
479 2978 584 3053 suerit,
610 2977 695 3037 facile
714 2979 852 3037 virtutem
876 2988 1005 3037 nostram
1031 2997 1118 3057 supra
1143 2976 1188 3034 iu·

72 3051 134 3107 num
150 3054 269 3115 modum
289 3056 483 3129 aestimamus,
503 3077 558 3116 nec
579 3055 755 3126 dubitamus,
776 3052 913 3133 quicquid
935 3053 1061 3128 eveniat,
1081 3064 1187 3111 eontra

71 3134 158 3188 omncs
177 3130 362 3193 difficultates
387 3133 540 3192 infractam
559 3132 624 3192 sore
650 3143 679 3191 et
702 3131 848 3190 invictam.
888 3128 976 3188 Unde
1000 3133 1030 3189 iu
1050 3127 1186 3189 stolidam

71 3198 220 3266 elinancm
240 3210 335 3269 carnis
355 3209 564 3270 confidentiam
585 3208 749 3268 evehimur:
780 3228 836 3286 qua
857 3206 943 3282 sceti,
970 3207 1186 3265 contumaciter

69 3264 160 3341 deinde
181 3286 366 3364 superbimus
394 3288 426 3345 in
445 3286 543 3344 Deum
568 3287 577 3345 i
599 3306 678 3360 sum,
708 3284 832 3364 perinde
856 3285 913 3342 acsi
939 3282 1077 3363 propriae
1095 3281 1185 3342 nobis

10 3386 13 3394 .
68 3340 203 3421 faentina:
223 3362 295 3422 citra
316 3364 376 3423 eius
395 3363 517 3445 gratiam
536 3308 715 3422 sutlicerent.
760 3362 845 3420 llans
864 3360 1060 3439 arrogantiam
1080 3357 1184 3419 melius

10 3481 12 3491 .
69 3434 210 3497 madere
236 3458 298 3498 non
352 3451 439 3513 otest,
465 3460 551 3530 quam
571 3441 639 3498 dum
661 3437 861 3518 experimento
887 3437 973 3497 nohis
997 3434 1209 3514 comprobat,.

10 3552 13 3576 i
68 3516 160 3589 quanta
178 3535 240 3574 non
265 3537 314 3576 mo
337 3536 355 3576 o
376 3515 591 3589 imbecillitate,
621 3515 672 3576 sed
699 3514 786 3575 etiam
818 3513 976 3595 fragilitate
1005 3511 1182 3572 laboremus.

10 3642 13 3653 .
67 3574 133 3675 lfgo
152 3590 199 3651 rel
220 3594 399 3673 ignominia,
423 3591 469 3651 vel
509 3603 676 3672 aupertate,
699 3591 745 3650 rel
766 3589 908 3666 orbitate,
926 3590 973 3649 vel
992 3588 1116 3661 morbo,
1134 3587 1181 3647 vel

10 3718 13 3735 ,
66 3654 117 3723 alna
138 3667 348 3730 calamitatibus
374 3690 428 3729 nos
453 3614 569 3750 aflligit:
601 3669 705 3749 quibus
724 3667 901 3756 sustinrpdis
929 3665 1181 3758 l⁰¹¹sse‚l¹‚¹ll’‚²l²⁸s

65 3754 187 3813 quantum
207 3748 244 3806 ad
265 3768 319 3807 nos
339 3747 456 3823 attinet,
474 3767 542 3805 mox-
556 3745 778 3805 succumbimus.
817 3744 868 3803 Sic
889 3743 1030 3802 humiliati
1042 3742 1178 3802 discimus

61 3811 186 3880 iuvocare
205 3825 267 3884 eius
286 3824 439 3883 virtutem:
466 3841 544 3901 quae
559 3821 621 3882 sola
640 3822 695 3881 sub
714 3821 848 3902 pondere
866 3820 1061 3879 afflictionum
1070 3817 1176 3907 ‘cousin

59 3902 199 3959 steresios
218 3900 296 3961 iacit.
336 3901 418 3974 Quin
438 3901 524 3959 etiam
544 3898 732 3973 sanctissimi,
757 3910 907 3977 utcunque
926 3896 983 3956 Dei
1003 3906 1095 3976 gratia
1115 3913 1178 3965 pota

55 3975 173 4053 propriis
191 3977 304 4037 viribus
322 3987 438 4037 starese
450 3976 599 4051 noverint,
618 3975 656 4035 de
674 3996 726 4036 sua
743 3986 843 4035 tamen
864 3973 1037 4035 fortitudine
1057 3982 1087 4031 et
1105 3988 1180 4061 uoq:

51 4052 149 4110 stantia
168 4052 233 4132 plus
253 4053 329 4113 iusto
349 4056 444 4114 securi
463 4065 548 4129 sunt,
578 4052 633 4112 nisi
653 4074 705 4113 eos
724 4057 818 4112 crucis
841 4051 1021 4133 probatione
1040 4049 1070 4106 in
1091 4067 1179 4136 pens·

49 4123 150 4186 tiorem
170 4130 216 4190 sui
234 4129 371 4189 notitiam
379 4129 515 4191 abducat.
552 4130 634 4189 llaec
650 4129 784 4189 socordia
795 4130 898 4190 Davidi
912 4145 1032 4208 quoque
1045 4125 1178 4202 obreput

43 4201 106 4282 (Po
125 4208 181 4280 3⁰,
199 4211 264 4282 7.):‚
286 4208 375 4289 „Ego
396 4207 452 4267 diri
471 4209 501 4267 in
522 4208 621 4287 quiete
643 4226 723 4280 mea,
752 4206 822 4265 Nou
848 4206 1003 4268 movebor!
1018 4212 1174 4283 perpetuo.

39 4276 205 4361 „lehorah,
224 4282 386 4347 stabilieras
406 4283 437 4345 io
456 4284 645 4365 beneplacito
663 4288 832 4349 tuo'monti
846 4288 1033 4364 -meorohu'r,
1049 4286 1176 4348 abscou-
