2700 4732
450 270 453 279 ’
525 258 601 319 tut.
620 256 662 319 11.
701 258 792 320 CAP.
811 258 878 319 XV.
1199 266 1261 365 3:23

106 404 199 467 enim
218 400 340 463 dubium
359 413 405 465 est
445 402 495 463 nin
514 401 575 463 illic
593 401 852 483 promittatDeus,
869 422 902 463 se
920 423 975 482 per
993 423 1112 463 manuni
1124 403 1193 465 Filii
1211 405 1257 466 sui

104 492 271 543 aeternum
290 479 358 541 fore
385 422 527 540 echiesiae
550 479 714 560 praesidem
738 499 772 539 ae
797 479 993 540 defensorem.
1042 481 1147 560 Neque
1178 481 1258 543 enim

107 556 194 621 alihi'
210 577 297 637 qnam
316 557 348 616 iu
368 554 489 617 Christo
514 559 681 636 reperietur
704 555 836 615 vaticinii
863 556 946 616 huius
971 555 1092 626 veritas,
1123 559 1258 637 quaudo·

108 633 237 717 quidem
262 633 361 694 statim
386 645 456 712 post
480 644 609 693 mortem
635 631 804 693 Salomonis
827 632 959 693 concidit
983 632 1088 693 maiori
1114 654 1148 693 ex
1172 647 1257 714 parte

109 710 206 802 regni
223 708 365 791 dignitas,
391 720 508 770 etcum
532 709 695 792 ignominia
719 708 847 800 familiqe
859 708 1031 800 ‘Dauidicqe
1049 709 1086 770 ad
1112 711 1256 789 privatum

110 784 1255 953 ‘aaaamztaammaainamma:tatastat:

110 940 168 1001 illa
189 939 298 1000 lesaiae
318 939 489 999 exclamatio
510 939 580 1016 (les.
600 944 648 1012 53,
668 944 727 1014 8·),
748 936 980 998 Generationem
1002 959 1063 999 eius
1083 960 1148 1017 quis
1168 959 1255 1000 enar·

110 1015 217 1077 rahit't’
253 1016 328 1075 Nam
341 1014 492 1075 Christum
518 1016 558 1081 ita
577 1036 593 1074 a
612 1026 710 1077 morte
727 1036 761 1075 su
783 1015 914 1075 erstitem
934 1014 1000 1074 sore
1020 1016 1204 1094 pronuntiat,
1223 1026 1257 1077 ut

111 1112 186 1155 enin
210 1092 372 1173 coniungat
395 1114 460 1152 enm
486 1092 545 1152 suis
570 1090 718 1152 memhris.
759 1037 842 1173 hrgo
862 1090 978 1170 quoties
997 1092 1130 1151 audimus
1148 1092 1257 1169 armari

114 1168 270 1233 Christum
288 1181 407 1229 aeterna
426 1179 590 1260 potestate,
609 1168 826 1227 meminerimus
847 1167 904 1257 hoq
923 1168 1068 1257 praesidio
1090 1168 1186 1259 fulciri
1206 1189 1256 1229 ee-

111 1246 223 1308 clesiae
241 1246 483 1325 perpetuitatem:
503 1256 538 1304 ut
556 1256 634 1304 inter
653 1243 836 1305 turbulentas
855 1256 1039 1324 agitationes,
1060 1245 1166 1324 quihus
1185 1244 1260 1305 assi.

112 1322 178 1384 dne
199 1334 337 1395 vexatur,
366 1322 447 1382 inter
469 1341 571 1402 graves
596 1333 626 1381 et
650 1320 850 1381 formidabiles
868 1331 983 1410 motus,
1030 1322 1060 1381 iii
1086 1322 1279 1383 innumeras-

111 1398 214 1461 tlades
232 1397 397 1472 minantur,
416 1396 493 1457 salva
513 1409 610 1457 tamen
630 1408 756 1456 maneat.
801 1397 921 1457 Sicubi
941 1342 1035 1457 David
1056 1397 1187 1458 hostiurn¹
1203 1419 1255 1459 an-

112 1474 230 1537 datiam
248 1475 327 1534 ridet
345 1475 583 1555 (Ps.2,2-a.),
603 1475 653 1553 qui
672 1473 772 1555 iugum
792 1472 851 1533 Dei
872 1485 903 1533 et
923 1473 1035 1535 Christi
1054 1476 1116 1535 eins
1134 1475 1254 1535 abrum-

111 1570 190 1634 pere
209 1561 369 1625 conantur,
394 1551 523 1630 dicitque
543 1570 629 1631 reges
648 1563 679 1609 et
698 1548 825 1629 populos
846 1549 953 1610 frustra
972 1550 1157 1626 tumultuari,
1184 1551 1254 1631 quia

111 1628 154 1689 ad
174 1627 353 1708 frangendos
372 1647 476 1687 eorum
495 1628 621 1707 impetus
640 1627 708 1687 satis
728 1626 813 1687 sortis
832 1638 887 1700 est,
898 1627 949 1705 qui
960 1627 990 1686 in
1012 1628 1103 1688 coelis
1124 1627 1252 1689 habitata

113 1704 155 1765 de
174 1724 229 1785 per
249 1715 316 1764 etna
327 1703 469 1764 eeclesiae
479 1704 704 1763 conservatione
724 1704 790 1783 pios
802 1703 944 1765 certiores
963 1702 1100 1778 reddens,
1119 1704 1155 1763 ad
1176 1704 1254 1765 liene

111 1802 128 1843 a
151 1724 292 1841 cranium
304 1781 423 1855 animat,
436 1782 550 1858 quoties
570 1778 649 1839 illam
662 1779 789 1860 opprimi
809 1779 889 1839 couti
913 1782 977 1839 erit.
1017 1780 1067 1840 Sic
1080 1779 1151 1839 alibi
1164 1801 1254 1859 quum

135 1857 190 1917 icit
208 1857 240 1917 in
259 1877 384 1937 persona
403 1857 461 1915 Dei
481 1857 544 1933 (Pr.
563 1863 633 1930 110,
653 1861 711 1933 1.):
732 1856 835 1932 „Sede
854 1877 870 1915 a
891 1799 1008 1931 iextris,
1028 1856 1124 1916 donec
1143 1877 1253 1937 ponam

111 1933 253 1994 inimicos
274 1945 343 1993 tuos
366 1932 524 1994 scabellum
554 1934 662 2012 pedum
681 1938 835 1993 tuorum:“
861 1932 1016 2007 admonet,
1044 1943 1193 2012 uteunque
1217 1933 1253 1993 ad

112 2010 345 2091 oppugnandam
365 2010 518 2070 eeclesiam
538 2010 622 2068 multi
643 2021 673 2069 et
690 2008 777 2069 validi
798 2008 896 2069 hostes
915 2010 1102 2089 conspirent,
1126 2030 1189 2069 non
1207 2020 1254 2070 ta·

113 2085 1254 2224 ttttdttssttllti'lta,tlt,tlt‘ttrlttt‘ttdlll“tt“tt

113 2239 207 2300 Unde
225 2184 358 2320 seqiiitur
376 2239 439 2299 heri
458 2185 521 2298 iiiiii
543 2260 645 2320 posse,
675 2251 709 2299 ut
735 2238 869 2300 diabolus
893 2260 959 2300 cuin
985 2250 1052 2299 toto
1077 2182 1253 2331 mundiq-

112 2328 220 2455 paratu
246 2316 398 2377 ecclesiam
428 2336 555 2395 unquam
584 2315 695 2387 deleat,
724 2335 799 2395 quae
830 2315 862 2374 in
892 2328 1015 2376 aeterno
1035 2314 1148 2375 Christi
1175 2316 1253 2377 solio

129 2392 239 2454 nudata
257 2402 312 2453 est.
349 2390 411 2451 Iani
425 2391 504 2471 quod
524 2391 559 2451 ad
579 2392 735 2471 specialem
746 2391 887 2484 cuiusque
905 2414 990 2451 usum
1009 2403 1131 2472 spectat,
1151 2391 1253 2451 eadem

112 2469 165 2532 illa
195 2468 353 2530 aeternitas
384 2470 415 2527 in
445 2489 526 2549 spem
558 2469 662 2528 heatae
692 2469 916 2529 immortalitatis
935 2470 1050 2550 erigere
1075 2490 1130 2529 nos
1155 2469 1254 2529 dehet.

115 2546 272 2627 Quicquid
292 2546 370 2604 euim
389 2557 540 2604 terrenum
567 2557 625 2620 est,
655 2558 743 2625 atque
764 2564 797 2604 eii
823 2545 949 2620 mundo,
980 2546 1160 2625 temporale,
1191 2545 1254 2609 imo

114 2625 205 2685 etiam
225 2621 368 2683 caducum
389 2641 450 2681 esse
471 2624 624 2682 cernimus.
668 2624 750 2703 Ergo
771 2621 904 2683 Christus
931 2635 965 2682 ut
988 2641 1069 2703 spem
1095 2624 1124 2681 in
1152 2621 1254 2683 coelos

114 2712 248 2760 nostram
267 2698 395 2769 attollat,
413 2718 537 2780 regnum
558 2720 641 2758 suum
661 2700 833 2777 pronuntiat
852 2719 922 2757 non.
936 2719 996 2758 esse
1018 2718 1050 2756 ex
1069 2699 1181 2758 mundo
1194 2698 1254 2776 (lo.

119 2782 170 2848 18,
187 2778 262 2849 36.)
298 2774 436 2854 Denique
462 2774 513 2833 uhi
533 2776 656 2864 quisque
677 2777 810 2834 nostrilm
831 2775 979 2855 spirituale
1000 2774 1110 2833 Christi
1129 2796 1255 2855 reguum

120 2870 186 2911 esse
206 2849 300 2925 audit,
326 2850 379 2911 hac
399 2871 471 2910 voce
493 2864 628 2911 excitatus
650 2863 787 2931 penetret
806 2852 841 2910 ad
861 2870 943 2930 spem
963 2848 1092 2909 melioris
1112 2850 1203 2910 vitae:
1224 2862 1256 2910 et

121 2926 203 3007 quod
221 2947 298 2989 nnnc
318 2928 486 3009 protegitur
507 2928 616 2988 Christi
634 2949 733 3003 uranii,
752 2927 872 3007 plenum
893 2927 976 2987 huius
996 2926 1107 3007 gratiae
1127 2926 1254 2988 fructum

120 3005 152 3064 in
172 3004 271 3064 futuro
291 3005 408 3063 saeculo
430 3016 587 3084 exspectet.

193 3087 223 3144 4.
263 3079 356 3152 Quod
376 3080 496 3141 diximus
515 3082 572 3140 vini
598 3092 627 3139 et
653 3080 810 3141 utilitatem
836 3079 921 3162 regni
942 3078 1054 3140 Christi
1080 3100 1142 3140 non
1168 3099 1256 3160 posse

116 3158 203 3218 aliter
220 3178 239 3216 a
258 3156 347 3216 nohis
367 3158 489 3239 percipi,
510 3178 595 3237 quain
622 3156 690 3216 dum
714 3156 864 3236 spirituale
885 3177 947 3217 esse
967 3157 1189 3293 cognoscimus,
1208 3155 1255 3218 vel

116 3234 187 3295 hinc
207 3235 278 3295 satis
297 3233 399 3313 liquet,
420 3234 499 3312 quod
521 3235 589 3292 duni
609 3245 675 3294 toto
687 3234 763 3293 vitae
784 3255 869 3294 cursu
888 3233 1000 3293 militari
1025 3256 1072 3293 iim
1092 3233 1146 3293 suli
1167 3253 1255 3294 cruce

115 3311 205 3372 nohis
226 3321 282 3384 est,
301 3330 402 3389 aspera
423 3323 454 3369 et
472 3310 575 3370 misera
596 3322 640 3370 est
659 3323 757 3370 nostra
771 3311 915 3371 conditio.
956 3310 1040 3385 Quid
1060 3310 1150 3393 igitur
1168 3310 1256 3371 nohis

115 3388 292 3468 prodesset,
324 3385 464 3446 collectos
485 3407 547 3447 esse
567 3387 621 3447 suh
641 3387 718 3469 regis
739 3386 874 3448 coelestis
899 3387 1069 3521 imperium,
1095 3388 1150 3447 nisi
1177 3398 1257 3448 extra

115 3477 257 3524 terrenae
276 3463 353 3523 vitae
378 3476 484 3523 statum
510 3475 660 3524 constaret
684 3464 746 3523 eius
772 3463 901 3523 fructus?
963 3464 1079 3544 deoque
1104 3464 1255 3525 sciendum

119 3553 175 3615 est,
195 3540 335 3620 quicquid
355 3540 442 3599 nobis
453 3540 597 3600 felicitatis
617 3540 649 3599 in
664 3540 783 3600 Christo
804 3540 996 3620 promittitur,
1016 3561 1077 3600 non
1098 3541 1256 3601 subsistere
1275 3602 1278 3607 ,

119 3617 151 3676 iu
171 3621 296 3677 externis
317 3616 489 3690 commodis,
509 3628 541 3676 ut
561 3616 665 3676 laetam
687 3628 718 3675 et
736 3615 922 3696 tranquillam
944 3617 1031 3677 vitam
1051 3637 1180 3699 agamus,
1198 3616 1257 3676 llo·

119 3714 235 3753 reamus
254 3692 379 3773 opibus,
408 3693 504 3753 securi
529 3693 617 3752 simus
637 3692 673 3752 ah
694 3695 775 3752 omni
795 3714 885 3767 nora,
914 3704 946 3753 et
969 3692 1079 3753 deliciis
1104 3693 1257 3753 affluamus

119 3791 192 3850 quas
207 3782 351 3849 expetere
370 3772 447 3830 solet
467 3790 552 3829 caro:
573 3769 624 3830 sed
645 3769 780 3829 coelestis
790 3770 866 3831 vitae
886 3789 949 3829 esse
969 3770 1132 3850 proprium.
1173 3769 1258 3828 Sicut

119 3858 219 3906 autem
237 3849 270 3906 iii
289 3846 402 3906 mundo
423 3866 548 3926 prosper
573 3857 604 3905 et
627 3845 767 3926 optabilis
791 3845 896 3926 populi
915 3857 1007 3906 status
1030 3845 1136 3936 partim
1157 3844 1259 3904 hono·

118 3945 185 3983 rum
220 3922 352 3983 omnium
380 3924 465 4002 copia
496 3935 526 3983 et
553 3922 712 3983 domestica
742 3941 830 4002 pace,
860 3924 966 4002 partim
986 3921 1088 3983 validis
1107 3921 1258 4001 praesidiis

119 3999 307 4073 continetur,
339 3999 444 4078 quihus
472 4011 551 4059 tutus
577 3999 616 4059 sit
646 4009 750 4058 contra
781 4010 928 4058 externam
947 3998 1134 4059 violentiam:
1165 3998 1260 4059 itaet

120 4076 257 4136 Christus
275 4096 344 4135 suos
364 4076 500 4136 omnihus
525 4075 561 4134 ad
587 4082 734 4136 aeternam
759 4075 921 4135 animarum
946 4073 1069 4135 salutem
1089 4074 1259 4135 necessariis

120 4151 190 4212 locu
212 4152 294 4226 letat,
313 4164 345 4213 et
364 4153 472 4212 virtute
484 4152 590 4227 munit,
610 4173 667 4231 qua
680 4163 760 4211 stent
779 4151 884 4231 inerpu
908 4150 1019 4211 nabiles
1031 4162 1135 4211 contra
1147 4151 1258 4230 quosli-

120 4227 175 4287 het
192 4174 326 4290 hostium
352 4228 547 4311 spiritualium
571 4229 609 4287 iin
632 4242 704 4289 ctus.
749 4228 838 4288 Unde
861 4172 1026 4310 cingimus
1049 4227 1145 4307 ipsum
1169 4226 1258 4290 nohis

121 4305 215 4398 magis
233 4325 356 4389 regnare
377 4327 463 4386 quam
484 4306 555 4381 sihi,
588 4306 598 4364 i
621 4326 678 4385 que
703 4304 781 4365 intus
808 4317 838 4365 et
864 4315 958 4365 extra:
990 4315 1024 4365 iit
1041 4303 1153 4365 scilicet
1172 4303 1259 4365 donis

122 4380 264 4461 Spintns,
289 4382 396 4463 quihus
416 4382 588 4445 naturaliter
606 4382 689 4449 vacui
706 4403 821 4458 sumus,
839 4380 997 4522 'qiqapepus
1021 4380 1168 4463 expedire
1177 4380 1263 4447 norit
1321 4450 1326 4469 Ι
