2700 4732
530 203 684 266 tte-111.
723 202 813 271 CAP.
825 202 857 279 ,1.
1192 210 1252 275 3⁶1

113 351 204 414 coelo
225 349 265 411 ita
283 349 424 425 vivificat,
456 361 490 412 ut
513 350 587 410 certi
609 350 699 411 simus
717 348 770 409 sub
797 349 875 411 lideli
895 349 953 410 Dei
977 349 1109 413 custodia
1127 348 1251 413 salutem

112 440 247 489 nostram
267 428 298 487 in
318 439 384 487 tuto
405 446 483 488 esse:
506 426 586 486 unde
611 438 643 487 et
660 426 721 486 sita
747 447 809 486 esse
830 427 936 488 dicitur
960 440 1084 509 propter
1103 427 1251 489 iustitiam.

113 505 270 580 Quoniam
288 526 360 573 vero
387 525 492 564 arcana
515 525 566 563 sua
592 503 765 585 irrigatione
791 503 827 577 ad
847 506 981 584 germina·
1003 504 1129 565 iustitiae
1170 505 1252 566 role-

111 581 207 641 renda
219 602 275 641 nos
285 581 453 653 l'oecuudat,
464 591 584 640 vocatur
593 580 816 660 saepiusAqun,
832 593 865 640 ut
877 581 953 676 apud
966 579 1102 641 lesaiam:
1114 625 1134 655 „
1165 601 1250 644 mnes

110 658 247 719 sitientes
258 659 358 718 venite
378 657 414 716 ad
430 661 550 736 aquas.“
590 658 679 716 Item:
698 657 878 730 „Effundam
891 659 1033 737 Spiritum
1054 677 1150 717 meum
1162 678 1251 737 super

111 734 273 807 sitientem,
293 747 323 794 et
341 734 461 793 llumina
481 753 569 811 super
588 731 725 793 aridam.“
748 734 863 808 Quibus
879 735 1040 813 respondet
1052 733 1161 796 Christi
1181 754 1250 794 sen·

110 812 219 883 tentia,
241 832 324 889 quam
346 830 440 889 nuper
460 809 579 868 adduxi:
600 809 657 884 „Si
677 810 740 888 quis
759 810 836 884 sitit,
855 812 953 871 veniat
971 811 1006 869 ad
1027 816 1103 869 me.“
1143 810 1250 885 Quan-

110 907 203 967 quam
227 888 374 948 interdum
395 908 410 945 a
432 887 574 967 purgandi
600 887 819 966 mundandique
844 890 962 969 energia
987 887 1028 947 sic
1053 899 1251 969 nuncupatur,

109 976 149 1025 art
168 964 245 1044 apud
265 962 468 1034 Ezechielem,
493 975 524 1020 ut
542 963 688 1025 Dominus
708 986 723 1023 a
746 984 795 1022 uas
814 965 936 1024 mundas
956 963 1117 1043 promittit,
1143 963 1250 1042 quibus
1315 960 1319 978 '

110 1040 258 1121 populum
276 1062 360 1100 suum
381 1062 395 1099 a
415 1039 550 1099 sontibus
570 1039 678 1098 abluet.
764 1041 880 1099 uoniam
901 1062 971 1099 vero
991 1040 1101 1123 gratiae
1120 1060 1190 1099 suae
1211 1040 1249 1099 li-

111 1137 211 1197 qnore
237 1117 371 1196 perlusos
395 1116 425 1175 in
447 1121 521 1175 ritae
547 1116 677 1197 vigorem
703 1117 829 1176 restituit
854 1138 887 1177 ac
916 1117 1010 1191 louet,
1043 1116 1113 1175 inde
1138 1136 1251 1177 nomen

111 1192 309 1253 obtinetOlsi
320 1206 350 1253 et
359 1195 510 1252 unctionis.
540 1192 665 1251 Rursum
686 1193 752 1271 quia
773 1193 1029 1273 concupiscentiae
1050 1193 1250 1255 nostraevitia

111 1270 229 1331 assidue
248 1269 440 1348 excoquendo
462 1280 492 1329 et
511 1269 670 1340 exurendo,
691 1269 780 1329 corda
800 1283 898 1330 nostra
920 1270 1050 1328 intrudit
1070 1289 1170 1328 amore
1189 1269 1250 1330 Dei

111 1359 146 1406 et
164 1346 262 1407 studio
284 1347 414 1427 pietatis,
442 1346 479 1405 ab
501 1344 557 1407 hoc
578 1366 697 1424 quoque
718 1346 826 1405 ellectu
846 1346 952 1406 merito
972 1332 1057 1420 Ignis
1077 1345 1249 1425 appellatur.

110 1424 253 1502 Denique
273 1424 358 1483 nobis
379 1422 553 1482 describitur
574 1424 655 1500 quasi
667 1421 764 1497 Forts,
784 1423 863 1482 unde
882 1424 917 1483 ad
938 1444 993 1483 nos
1013 1433 1132 1482 manant
1149 1422 1249 1482 coele-

110 1513 173 1561 stes
194 1519 296 1560 omncs
317 1500 450 1569 divitiae,
469 1498 517 1556 vel
537 1497 598 1555 Dei
615 1521 732 1573 neruus,
758 1520 813 1578 qua
832 1521 912 1559 suam
933 1501 1095 1579 potentiam
1117 1512 1249 1561 exercet:

111 1578 182 1657 quia
201 1577 315 1635 virtutis
334 1597 402 1635 suae
423 1576 524 1634 alllatu
545 1575 671 1634 diviuam
693 1575 777 1635 nobis
797 1577 885 1635 vitam
905 1576 945 1636 sic
965 1575 1106 1655 inspirat,
1134 1586 1165 1633 ut
1185 1597 1247 1636 non

109 1656 170 1714 iarn
191 1674 310 1733 agamur
330 1653 385 1732 ipsi
406 1674 421 1711 u
443 1652 547 1725 nubis,
571 1652 622 1711 sed
649 1652 709 1711 eius
737 1652 853 1711 actione
877 1673 910 1713 ac
929 1664 1013 1710 motu
1038 1671 1187 1731 regamura
1215 1665 1249 1712 ut

110 1730 137 1792 si
158 1752 215 1809 qna
235 1732 351 1789 suntin
373 1729 458 1788 nobis
479 1727 568 1799 bona,
591 1728 701 1788 fruetus
721 1730 778 1788 siut
794 1729 903 1808 gratiae
923 1729 1025 1807 ipsius:
1047 1741 1165 1786 nostrae
1175 1750 1247 1788 vero

110 1808 177 1869 sine
197 1806 261 1886 ipso
283 1805 383 1879 dotes,
409 1807 514 1864 mentis
538 1806 596 1864 siut
617 1806 755 1865 tenebrae
775 1805 929 1884 cordisque
950 1804 1132 1885 perversitas.
1181 1806 1248 1867 Hoc

110 1883 233 1963 quidem
252 1882 309 1941 iam
330 1882 406 1942 clare
427 1882 589 1960 expositum
610 1893 668 1955 est,
693 1882 788 1941 donec
807 1882 939 1941 intentae
967 1880 1027 1941 sint
1051 1880 1082 1940 in
1103 1880 1248 1960 Spiritum

110 1972 230 2019 mentes
250 1971 383 2032 nostrae,
403 1959 552 2018 Christum
573 1960 667 2018 iacere
687 1958 904 2037 quodammodo
931 1958 1073 2017 otiosum:
1100 1959 1167 2037 quia
1194 1958 1247 2017 lri-

109 2036 182 2117 gide
202 2054 269 2095 eum
290 2048 368 2095 extra
389 2056 459 2109 uos,
479 2035 611 2115 adeoque
633 2033 736 2127 procul
756 2056 770 2093 a
791 2034 877 2094 nobis
896 2033 1087 2114 speculamur.
1133 2033 1251 2103 Scimus

109 2124 226 2185 autem,
251 2133 313 2172 non
333 2112 395 2171 aliis
417 2112 571 2191 prodesse,
593 2111 645 2169 nisr
667 2132 790 2191 quorum
813 2124 856 2169 est
876 2122 1013 2190 caputet
1054 2111 1247 2190 rimogenitus

108 2188 365 2268 iuterlratres,qui
378 2188 576 2278 ‹leuiqueemn
589 2187 824 2267 indueruut[vid.
833 2209 861 2246 n.
870 2186 998 2267 p.3t9.].
1045 2187 1247 2249 acitsolabaec

111 2266 297 2339 coniunctio,
317 2287 354 2324 ne
366 2264 517 2337 inutiliter,
539 2264 636 2344 quoad
654 2287 718 2338 tros,
740 2287 803 2324 curn
817 2264 973 2324 Sale-alosis
995 2265 1114 2324 nomine
1124 2266 1247 2324 venerit.

112 2343 188 2416 Quo
207 2354 321 2423 spectat
339 2364 452 2402 sacrum
473 2340 545 2400 illud
566 2341 750 2422 coniugium,
770 2362 828 2420 quo
850 2341 992 2400 efficimur
1012 2361 1080 2400 caro
1101 2341 1137 2400 de
1158 2360 1248 2401 carne

111 2420 186 2493 eius,
207 2429 238 2479 et
257 2439 320 2479 osse
342 2439 375 2477 ex
396 2418 523 2489 ossibus,
543 2418 675 2496 adeoque
696 2439 785 2477 unum
807 2440 872 2478 cum
893 2418 955 2496 ipso
968 2416 1099 2496 (Ephes.
1118 2425 1148 2491 5,
1166 2418 1246 2497 30.):

108 2494 176 2559 solo
196 2508 294 2555 autem
316 2495 427 2575 Spiritu
453 2495 517 2553 unit
540 2515 570 2552 se
595 2495 755 2555 nobiscum.
799 2494 936 2554 Eiusdem
957 2495 1083 2574 Spiritus
1103 2496 1197 2586 gratia
1217 2506 1249 2555 et

108 2574 221 2633 virtute
234 2571 378 2631 efficimur
396 2571 473 2631 illius
490 2571 630 2646 membra,
650 2584 683 2631 ut
702 2593 757 2632 nos
773 2572 826 2632 sub
839 2592 869 2632 se
882 2572 1043 2651 contineat,
1061 2571 1255 2652 vicissimque·

108 2649 192 2710 illum
214 2650 421 2729 possideamus.

188 2733 218 2788 4.
250 2726 359 2784 Verum
380 2725 447 2803 quia
467 2723 537 2783 sides
558 2723 746 2815 praecipuum
767 2735 811 2783 est
830 2724 892 2782 eius
912 2744 998 2804 opus,
1017 2723 1127 2784 adeam
1142 2745 1247 2806 magna

114 2814 249 2881 exparte
270 2801 453 2874 reseruntur,
486 2823 559 2879 quae
584 2802 618 2859 ad
640 2824 697 2859 vnn
719 2803 779 2860 eius
804 2812 834 2860 et
854 2800 1056 2879 operationem
1084 2806 1248 2880 exprimen-

112 2878 181 2938 dam
202 2878 304 2958 passim
327 2890 500 2937 occurrunt:
521 2878 587 2956 quia
608 2878 723 2937 nonnisi
745 2897 879 2956 peream
901 2897 954 2935 nos
974 2877 1004 2935 in
1025 2877 1180 2957 Evangelii
1200 2876 1246 2936 lu-

112 2975 180 3015 men
200 2954 333 3029 adducit,
353 2955 436 3012 sicuti
456 2955 543 3013 docet
563 2954 690 3013 loannes
710 2954 858 3031 Baptista,
884 2952 978 3011 datum
1005 2973 1067 3013 esse
1088 2973 1246 3035 praeroga-

111 3034 200 3091 tivam
220 3032 408 3091 credentibus
429 3032 456 3089 in
479 3031 638 3103 Christum,
659 3042 690 3088 ut
709 3030 767 3088 sint
786 3029 836 3089 filii
856 3029 932 3103 Dei,
952 3030 1002 3119 qui
1022 3049 1083 3088 non
1104 3048 1138 3088 ex
1157 3048 1246 3090 carne

113 3119 144 3169 et
162 3108 315 3188 sanguiue,
335 3108 384 3167 sed
406 3128 439 3165 cx
453 3109 518 3166 Deo
541 3110 599 3165 nati
619 3119 687 3166 sunt
706 3106 898 3183 (Io.1,12.):
919 3107 971 3166 ubr
983 3107 1079 3166 Deum
1090 3126 1247 3186 opponens

112 3184 193 3245 carui
205 3196 235 3243 et
252 3184 397 3264 sanguini,
417 3183 635 3275 supernaturale
649 3204 709 3243 esse
730 3184 840 3243 donum
861 3184 973 3255 asserit,
992 3184 1072 3261 quod
1092 3182 1150 3244 fide
1169 3182 1247 3243 reci-

114 3263 198 3341 piant
218 3262 384 3329 Christum,
415 3283 463 3339 qm
496 3261 606 3350 alioqui
637 3281 704 3319 suae
736 3259 935 3319 incredulitati
960 3259 1052 3320 dediti
1082 3270 1245 3320 manerent.

116 3336 173 3397 Cui
193 3337 285 3398 simile
306 3349 350 3397 est
369 3337 440 3395 illud
464 3337 572 3396 Christi
594 3356 764 3415 responsum
785 3337 1069 3415 (llattb.16,17.):
1091 3336 1194 3413 „Caro
1215 3347 1247 3396 et
1319 3386 1325 3401 .

112 3414 231 3493 sanguis
256 3436 318 3472 uon
345 3414 483 3472 revelavit
508 3412 576 3486 tibi,
607 3415 656 3473 sed
679 3413 766 3472 Pater
788 3435 886 3490 meus,
919 3417 970 3493 qui
996 3418 1027 3473 iu
1054 3414 1144 3473 coelis
1165 3417 1245 3472 est:“

111 3509 189 3569 quae
208 3511 284 3550 nunc
308 3491 436 3549 breviter
456 3491 586 3582 attingo,
612 3490 679 3568 quia
705 3491 761 3549 iam
787 3490 856 3550 alibi
880 3491 1002 3570 copiose
1026 3489 1173 3550 tractavi.'
1197 3489 1246 3549 Si·

108 3568 180 3625 mile
200 3566 285 3627 etiarn
308 3580 351 3626 est
373 3567 443 3625 illud
465 3567 554 3640 Pauli,
577 3566 757 3648 Obsignatos
778 3568 864 3628 luisse
885 3567 1027 3647 Ephesios
1042 3567 1155 3646 Spiritu
1175 3588 1246 3646 pro·

108 3643 254 3704 missionis
274 3655 375 3703 sancto
396 3642 487 3723 (pr.
508 3650 536 3718 t,
555 3644 626 3719 ld).
678 3643 818 3703 Ostendit
837 3645 915 3702 euim
935 3657 1087 3703 aeternum
1108 3663 1169 3701 esse
1190 3642 1245 3701 do-

108 3731 240 3791 ctorem,
266 3721 347 3780 cuius
369 3741 459 3798 opera
485 3720 515 3779 in
536 3732 649 3779 mentes
670 3733 783 3780 nostras
803 3732 938 3800 penetrat
957 3721 1056 3780 salutis
1075 3719 1245 3800 promissio,

108 3817 184 3875 quae
208 3797 319 3876 alioqui
345 3802 442 3855 nerem
464 3797 600 3856 duntaxat
624 3795 669 3854 vel
695 3817 779 3856 aures
803 3810 917 3856 nostras
941 3796 1053 3856 feriret.
1104 3792 1247 3856 Similiter

106 3872 159 3931 ubi
180 3872 460 3933 Thessalonicenses
482 3873 567 3943 dicit,
593 3874 702 3933 eleetos
722 3894 739 3933 a
758 3874 826 3933 Deo
852 3874 881 3932 in
901 3871 1129 3934 sanctificatione
1150 3872 1246 3950 Spiri-

106 3960 154 4008 tus
176 3961 207 4008 et
227 3950 285 4008 lide
304 3951 436 4009 veritatis
456 3949 512 4026 (11.
533 3950 635 4009 Thess.
654 3956 682 4012 2.
702 3956 777 4022 13.):
803 3970 862 4030 qun
884 3961 1022 4010 contextu
1044 3949 1175 4008 breviter
1194 3948 1245 4008 ad-

106 4037 227 4098 monet,
252 4025 338 4084 fidem
360 4027 450 4104 ipsam
471 4048 532 4085 uon
553 4027 669 4085 aliunde
694 4028 814 4105 prodire
835 4048 922 4107 quam
942 4048 958 4086 a
978 4025 1102 4107 Spiritu.
1152 4024 1245 4099 Quod

107 4102 238 4180 apertius
271 4103 393 4182 explicat
418 4103 544 4161 loannes
563 4102 603 4179 (l.
624 4102 668 4163 lo.
688 4110 723 4175 3,
741 4110 788 4166 24.
810 4115 840 4162 et
864 4111 899 4176 t,
920 4105 998 4178 tim:
1030 4101 1113 4176 „Nos
1139 4103 1245 4161 scimus

108 4178 188 4255 quod
210 4191 309 4237 manet
328 4180 358 4237 in
380 4178 466 4239 nobis
486 4179 638 4259 eSpiritu,
658 4198 745 4259 quem
758 4179 966 4240 nobisdedit.“
1004 4177 1094 4237 ltem:
1108 4178 1177 4251 „Ex
1189 4177 1246 4246 boc

109 4254 314 4335 cognoscimus
334 4255 365 4315 in
383 4274 419 4314 eo
440 4277 494 4316 nos
505 4276 635 4329 manere,
656 4269 687 4315 et
705 4255 714 4315 i
737 4278 799 4315 sum
819 4256 850 4316 in
868 4255 968 4330 nobis,
988 4253 1068 4335 quod
1089 4254 1171 4315 dedit
1189 4276 1246 4314 no·
1330 4303 1334 4313 .

110 4327 155 4390 bis
174 4350 207 4391 ex
227 4332 341 4412 Spiritu
360 4336 448 4393 ruo.“
485 4332 591 4414 ltaque
611 4276 757 4414 discipuiis
776 4332 846 4412 suis,
864 4344 899 4394 ut
911 4350 1038 4415 ¹capaces
1058 4342 1155 4394 esseut
1174 4351 1245 4397 coe-
