2596 4726
113 226 156 291 ‘lb
478 216 555 281 LlB.
575 214 633 281 111.
672 215 762 280 cat.
780 212 895 277 xvnt.
998 256 1003 265 .

119 370 246 427 constat.
285 360 388 435 Quum
408 361 486 423 enim
498 361 576 425 dona
595 361 646 424 illa
659 380 737 443 quae
755 370 908 421 enumerat
918 356 1038 434 Paulus,
1056 355 1128 419 fidei
1146 368 1178 419 et
1194 358 1253 439 spei

120 439 343 523 quodammodo
361 438 486 519 subsint,
507 440 575 518 quia
593 440 630 501 ad
649 460 685 502 co
729 437 851 527 itionem
865 434 924 496 Dei
941 446 1088 517 spectant,
1106 453 1143 495 ea
1161 436 1256 497 omnia

121 516 181 577 aad
200 518 447 590 ἀνακεφαλαίωσιν
462 517 517 577 sub
538 517 660 576 nomine
700 514 749 576 dei
768 525 799 574 et
816 514 879 593 spei
891 512 1114 592 complectitur:
1134 512 1194 571 acsi
1213 512 1256 571 di·

124 600 218 666 ceret,
235 590 276 649 Et
288 590 467 671 d’rophctia,
487 604 517 653 et
535 593 664 677 linguae,
684 603 714 652 et
732 588 944 671 interpretandi
964 588 1069 671 gratis,
1088 600 1121 649 et
1139 588 1258 650 scientia

123 664 205 727 hunc
223 664 335 728 habent
352 688 485 749 scopum,
503 681 536 729 ut
556 691 610 731 nos
629 669 666 728 ad
685 667 888 761 cognitionem
898 665 957 724 Dei
976 663 1133 725 deducant.
1163 663 1258 724 Deum

124 752 225 803 autem
243 744 363 803 nonnisi
389 764 443 825 per
462 766 543 827 spem
564 757 595 805 et
613 744 701 805 fidem
720 766 751 804 m
763 744 826 803 -bac
844 745 905 803 sita
925 742 1120 823 agnoscimus.
1159 740 1258 815 Quom

126 836 201 879 ero
231 819 318 879 fidem
340 832 370 880 et
398 842 480 900 spcm
510 822 650 899 nomino,
681 824 752 880 baec
783 820 883 879 omnia
912 816 998 879 simul
1027 816 1259 899 comprehendo.

125 838 273 973 „blanent
282 898 380 976 itaque
390 896 461 959 haee
471 898 538 973 tria,
557 898 643 977 Spes,
662 898 761 973 Fides,
784 897 933 958 Caritas:“
952 894 1066 955 bocest
1100 905 1260 955 uantacnn·

126 974 243 1053 querit
262 973 409 1034 donorum
420 974 555 1049 varietas,
577 975 634 1033 buc
654 973 752 1035 omnia
764 973 940 1033 referuntur.
961 969 1065 1047 „luter
1078 916 1158 1031 laec
1177 990 1259 1051 prae-

126 1049 214 1129 cipua
234 1059 279 1109 est
298 1052 422 1110 caritas“
442 1062 499 1113 etc.
519 1088 558 1101 ·-
594 1052 637 1110 Ex
654 1051 744 1110 tertio
765 1049 834 1111 loco
853 1050 997 1122 inferunt,
1016 1046 1049 1106 Si
1068 1046 1259 1127 perfectionis

123 1123 275 1185 vinculum
295 1137 339 1185 est
358 1126 477 1188 caritas:
503 1146 576 1209 ergo
598 1139 629 1187 et
647 1126 791 1199 iustitiae,
815 1145 892 1205 quae
915 1124 989 1184 nibil
1011 1123 1091 1183 aliud
1112 1134 1158 1185 est
1176 1144 1260 1203 quam

125 1200 285 1281 perfectio.
322 1202 435 1277 Primo,
454 1217 488 1263 ut
507 1205 674 1265 omittamus
694 1203 910 1284 perfectionem
929 1200 988 1261 illic
1007 1220 1023 1260 a
1040 1199 1135 1259 Paulo
1153 1198 1260 1272 vocari,

127 1276 198 1337 dum
218 1276 315 1356 probe
335 1280 513 1340 constitutae
533 1280 673 1341 ecclesiae
692 1279 824 1339 membra
843 1280 922 1338 inter
941 1296 974 1337 se
993 1276 1070 1337 bene
1090 1275 1261 1349 cohaerent,

125 1370 162 1413 ac
181 1351 327 1414 fateamur
345 1356 466 1415 caritate
485 1376 539 1417 nos
559 1377 662 1417 coram
680 1356 748 1418 Deo
767 1354 883 1436 perfici:
930 1353 979 1413 uid
1003 1364 1104 1413 tomen
1128 1351 1200 1414 novi
1219 1351 1261 1411 al·

124 1426 247 1489 ferunt?
283 1430 350 1513 Ego
371 1433 448 1491 enim
468 1452 585 1513 semper
604 1443 707 1493 eontra
727 1432 875 1514 excipiam,
895 1374 930 1490 ad
945 1429 1162 1510 perfectionem
1181 1429 1261 1489 istam

125 1523 280 1585 nunquam
299 1528 355 1568 nos
375 1510 538 1587 pervenire,
557 1508 612 1569 nisi
621 1510 751 1570 caritatis
770 1526 908 1569 numeros
927 1505 1115 1585 impleamuss
1136 1504 1262 1585 indeque

127 1578 270 1659 inferam,
294 1604 383 1663 quom
412 1604 514 1645 omnes
533 1606 551 1645 a
570 1586 699 1645 caritatis
730 1584 949 1666 complemento
976 1583 1036 1645 sint
1065 1582 1263 1658 remotissimi,

127 1676 211 1735 spem
232 1679 351 1719 omnem
370 1659 426 1719 illis
445 1660 636 1741 perfectionis
655 1660 808 1722 abscissam
829 1680 900 1721 esse.

206 1738 236 1798 9.
273 1735 353 1796 Nolo
373 1737 487 1829 singula
507 1738 659 1817 persequi,
688 1757 764 1818 quae
789 1737 877 1798 hodie
901 1735 983 1797 stulti
1003 1732 1201 1795 Sorhonistae
1219 1756 1263 1795 ar·

130 1819 215 1890 repta
235 1828 269 1869 ex
289 1811 449 1893 Scripturrs
471 1824 584 1873 temere
609 1818 658 1893 (ut
676 1815 815 1895 quodque
838 1813 965 1892 primum
991 1812 1114 1872 obvium
1131 1829 1165 1871 se
1184 1810 1263 1887 tulit)

130 1886 299 1948 testimonia
318 1889 470 1951 adversum
490 1911 544 1951 nos
563 1891 736 1951 iaculantur.
776 1891 853 1951 Sunt
872 1890 951 1949 enim
971 1888 1114 1969 quaedam
1133 1888 1177 1947 ita
1195 1888 1263 1947 ridi·

132 1960 215 2039 cola,
239 1973 273 2024 ut
291 1986 348 2025 nec
366 1986 597 2027 commemorare
617 1968 680 2047 ipse
722 1967 825 2041 ossim,
848 1966 905 2026 nisi
923 1966 1010 2026 velim
1034 1963 1138 2025 baberi
1157 1963 1261 2023 merito

130 2038 259 2117 ineptus.
298 2039 401 2121 ltaque
426 2042 515 2102 linem
539 2043 660 2118 faciam,
684 1989 737 2103 ulit
762 2044 871 2105 Christi
895 2041 1070 2103 sententiam
1095 2039 1263 2121 explicuero

131 2114 253 2195 (Matth-
271 2110 423 2197 19,⁸17.)‚
453 2140 510 2199 qua
528 2121 636 2181 mimm
655 2121 685 2179 in
705 2120 825 2179 modum
845 2119 900 2180 sibi
919 2118 1045 2199 placent.
1093 2116 1264 2199 Respondet

131 2192 213 2251 enim
237 2192 464 2273 Legisconsulto
490 2218 524 2258 ro
547 2198 624 2273 anti,
655 2196 725 2277 quid
751 2208 827 2257 esset
850 2195 885 2255 ad
909 2196 1029 2255 salutem
1054 2195 1263 2255 necessarium:

132 2267 190 2345 „Si
208 2269 250 2330 vis
270 2271 306 2329 ad
325 2270 413 2332 vitam
432 2215 563 2366 ingredi,
588 2294 673 2335 serra
692 2274 856 2333 mandata.“
904 2271 986 2345 Quid
1006 2270 1099 2345 ultra,
1117 2270 1264 2351 inquiunt,

130 2343 282 2422 volumus,
308 2368 397 2427 quum
418 2347 454 2409 ab
475 2373 539 2431 ipso
558 2352 669 2432 gratiae
693 2360 814 2410 auctore
834 2368 888 2429 per
906 2348 1111 2409 mandatorum
1129 2347 1264 2409 observa·

130 2421 245 2480 tionem
265 2426 416 2516 acquirere
436 2426 589 2488 iubeamur
607 2447 731 2507 regnum
750 2426 828 2487 Dei?
867 2423 960 2499 Quasi
977 2444 1049 2485 uero
1070 2444 1133 2485 non
1154 2432 1264 2485 constet

134 2496 287 2559 Christum
307 2504 341 2561 ris
360 2522 406 2562 rcs
429 2524 501 2564 onsa
520 2525 570 2564 sua
591 2512 813 2582 attemperasse,
832 2503 1003 2583 quibuscum
1031 2500 1188 2583 negotium
1208 2518 1263 2560 esse

133 2573 192 2635 sibi
211 2576 336 2637 videbat.
386 2525 442 2641 llic
462 2600 478 2640 a
497 2581 586 2661 Legis
615 2579 740 2638 doctore
764 2578 965 2661 interrogatur
988 2578 1024 2637 de
1049 2581 1169 2637 ratione
1190 2576 1262 2637 obti-

131 2650 249 2711 nendae
275 2653 475 2717 beatitudinis:
506 2674 604 2735 neque
628 2656 658 2713 id
684 2653 869 2735 simpliciter,
898 2656 950 2715 sed
973 2654 1044 2734 quid
1069 2653 1208 2714 faciendo
1231 2650 1262 2713 ad

132 2726 227 2807 ipsam
247 2733 420 2807 perveniant
440 2733 583 2794 homines.
627 2732 666 2790 Et
689 2732 838 2811 loquentis
862 2752 989 2812 persona
1008 2743 1039 2790 et
1058 2730 1120 2810 ipsa
1140 2731 1264 2790 interro·

132 2805 215 2885 gatio
227 2805 388 2868 Dominum
401 2808 570 2887 inducebat,
591 2820 624 2869 ut
641 2808 682 2868 sic
702 2810 904 2887 responderet.
942 2807 997 2866 llle
1017 2806 1208 2887 persuasione
1227 2806 1264 2865 le·

132 2881 206 2963 galis
225 2881 351 2944 iustitiae
371 2887 498 2945 imbutus
517 2886 547 2945 in
570 2905 693 2965 operum
713 2886 816 2945 fiducia
837 2884 1029 2946 coecuticbat.
1067 2883 1190 2943 Deinde
1209 2902 1264 2944 nou

134 2957 213 3016 aliud
234 2962 402 3040 quaerebat,
423 2962 478 3021 nisi
498 2983 574 3043 quac
594 2974 691 3023 essent
711 2984 728 3023 o
752 2983 801 3021 era
821 2964 947 3023 iustitiae
967 2961 1072 3041 quibus
1091 2959 1170 3021 salus
1189 2980 1264 3021 conr-

131 3046 263 3127 parctur.
302 3038 383 3120 Ergo
404 3040 511 3098 merito
532 3041 692 3099 remittitur
711 2984 748 3099 ad
766 3042 892 3123 Legem,
912 3041 943 3098 in
964 3060 1020 3117 qua
1039 3048 1084 3097 est
1102 3036 1264 3096 absolutum

133 3112 294 3173 rustitiaes
318 3114 441 3173 eculum.
481 3117 544 3176 Nos
589 3136 688 3195 unque
711 3116 787 3177 clara
806 3136 879 3177 voce
904 3115 1104 3195 praedicamus
1127 3112 1263 3173 servanda

134 3208 198 3247 esse
217 3136 369 3266 mandata,
398 3191 470 3252 siin
491 3136 629 3271 operilsus
649 3193 707 3251 vita
726 3194 884 3272 quaeritur.
923 3193 1022 3269 Atque
1042 3190 1115 3249 haec
1135 3190 1264 3249 doctrina

134 3266 258 3344 cognitu
290 3269 450 3329 neccssaria
480 3280 525 3328 est
550 3268 737 3330 Christianis:
769 3270 921 3349 quomodo
954 3268 1032 3327 enim
1056 3267 1093 3325 ad
1119 3264 1264 3327 Christum

134 3340 345 3423 confugerent,
365 3344 421 3404 nisi
440 3365 472 3405 se
490 3356 685 3426 agnoscerent
704 3366 720 3404 a
739 3346 784 3406 via
796 3347 873 3407 vitae
893 3347 923 3405 in
943 3344 1046 3404 mortis
1087 3342 1264 3422 raecipitium

134 3417 292 3478 excidisse?
331 3420 495 3493 Quomodo
515 3433 611 3481 autem
632 3421 850 3501 intelligerent,
870 3442 956 3501 quam
973 3363 1085 3515 procul
1106 3418 1265 3479 aberrarint

134 3513 153 3554 a
171 3495 218 3555 via
235 3494 324 3568 vitae,
344 3495 399 3554 nisi
417 3499 497 3575 prius
511 3498 602 3576 qualis
620 3499 659 3557 sit
677 3498 726 3557 illa
746 3498 929 3580 intelligant?
954 3498 1031 3555 'lum
1051 3496 1144 3577 igitur
1155 3496 1265 3556 demum

133 3571 356 3651 recuperandae
374 3571 473 3634 salutis
492 3574 602 3655 asylum
621 3575 652 3633 in
666 3574 784 3633 Christo
806 3596 868 3635 csse
887 3574 1096 3648 admonentur,
1115 3572 1186 3631 dum
1207 3591 1266 3633 cer-

133 3659 212 3706 nunt
231 3658 371 3728 quantum
391 3649 429 3708 sit
447 3653 529 3712 vitae·
542 3670 612 3711 suae
631 3672 698 3711 cum
718 3651 813 3711 diuina
832 3653 952 3727 iustitia,
971 3669 1046 3730 quae
1058 3648 1148 3730 Legis
1169 3647 1267 3709 obser·

134 3725 256 3785 vatione
275 3725 457 3802 continetur,
478 3726 636 3787 dissidium.
655 3761 693 3773 -
731 3728 850 3788 Summa
870 3728 943 3788 lraee
962 3738 1016 3797 cst,
1035 3725 1058 3784 si
1079 3725 1110 3784 in
1132 3724 1267 3805 operibus

134 3798 211 3859 salus
231 3800 391 3879 quaeritur,
410 3805 550 3865 servanda
570 3823 631 3865 esse
650 3804 799 3879 mandata,
820 3804 925 3883 quibus
947 3802 1130 3863 instituimur
1149 3802 1186 3863 ad
1206 3820 1268 3881 per·

134 3875 243 3937 sectam
263 3878 412 3938 iustitiam.
451 3880 510 3939 Scd
523 3892 641 3941 nonest
660 3880 707 3939 bic
727 3882 914 3955 haerendum,
934 3880 988 3939 nisi
999 3878 1121 3939 velimus
1131 3878 1165 3937 in
1176 3878 1268 3938 medio

136 3973 225 4013 cursu
251 3953 392 4013 delicere:
424 3975 512 4016 nemo
536 3959 613 4016 enim
644 3967 776 4017 nostrum
804 3957 949 4019 servandis
972 3955 1115 4014 mandatis
1140 3976 1197 4033 par
1221 3962 1268 4015 est

138 4028 291 4102 Quoniam
318 4049 390 4113 ergo
410 4033 498 4116 Legis
522 4033 630 4094 iustitia
650 4035 843 4110 excludimur,
867 4035 903 4093 ad
929 4032 1006 4091 aliud
1031 4031 1194 4091 subsidium
1219 4050 1268 4091 not

136 4106 324 4168 conferamus
344 4128 463 4169 neccsse
484 4122 542 4171 est:
568 4131 675 4191 nempe
694 4112 730 4170 ad
749 4112 836 4171 fidem
857 4110 976 4171 Christi.
1016 4108 1222 4183 Quamobrem
1240 4116 1270 4166 ut

137 4180 353 4260 bicDominus‚
373 4206 460 4264 quem
480 4209 552 4248 vana
572 4208 696 4268 operum
716 4189 894 4249 confidentia
913 4199 1033 4267 turgere
1052 4182 1270 4266 noveratLegis

135 4256 291 4321 doctorem
311 4261 349 4321 ad
367 4262 479 4347 Legem
499 4276 636 4339 reuocat,
654 4265 733 4324 unde
753 4266 844 4326 discat
861 4285 894 4327 se
914 4283 976 4325 esse
995 4273 1197 4342 peccatorem,
1214 4274 1271 4321 tre·

135 4335 244 4399 mendo
269 4350 408 4403 aeternae
434 4342 539 4406 mortis
561 4340 673 4405 iudicio
692 4343 869 4405 obnoxium:
893 4341 935 4405 sic
960 4339 1033 4405 alios
1057 4339 1110 4422 qui
1129 4335 1271 4403 eiusmodi
