2700 4732
464 224 537 287 [ΑΒ.
558 226 599 286 11.
641 228 728 289 cat).
750 228 818 290 Vll.
924 174 929 183 ·

456 531 714 604 CAPUT
754 532 841 603 Vll.

84 729 219 811 Legem
238 725 353 785 luisse
373 722 510 799 datam,
539 744 613 784 non
634 744 726 804 quae
745 727 923 807 populum
943 738 1107 787 veterem

122 821 326 894 retineret,
345 817 405 879 sed
426 836 519 898 quae
539 816 689 879 foveret
707 839 798 899 spem
817 817 950 897 salutis
967 820 1006 879 iu
1027 817 1103 880 Chr

405 931 520 990 usque
540 911 583 972 ad
603 909 681 971 eius
701 911 906 972 adventum.

153 1090 262 1143 Summa
271 1085 500 1159 etpartesCapitir:
518 1087 606 1156 1)Lex
621 1089 728 1142 moralia
739 1104 764 1141 et
774 1088 952 1141 ceremonialia
960 1091 1108 1158 paedagoge

34 1206 42 1227 ι
86 1174 227 1235 Christum,
243 1185 303 1225 rect·
321 1173 336 1225 l
352 1187 376 1224 et
393 1173 419 1230 ².
437 1201 470 1212 -
503 1171 535 1242 2)
560 1172 670 1227 Moralia
686 1174 840 1244 praecipue,
865 1171 936 1225 cuius
954 1173 1108 1227 conditione

85 1258 219 1315 missiones
236 1255 337 1329 optima
354 1259 388 1311 de
405 1277 481 1311 eausa
499 1258 575 1311 datae
590 1256 661 1310 aunt':
687 1261 749 1311 item
772 1258 909 1328 quomodo
933 1257 995 1322 legis
1012 1257 1108 1311 morali

86 1332 156 1406 ¹ratio
171 1341 336 1412 impossibilia
354 1360 408 1397 case
425 1343 540 1405 dicatur,
561 1355 623 1394 sect.
638 1342 717 1396 3-5.
736 1373 766 1383 -
801 1342 834 1411 3)
858 1341 901 1393 De
921 1341 1016 1413 triplici
1039 1343 1102 1405 legia

87 1429 176 1481 ollieio
194 1440 220 1479 et
235 1448 298 1490 usu,
313 1439 373 1479 sect.
390 1427 493 1488 6-12,
517 1425 631 1479 refutatis
648 1426 810 1491 Antinomia,
832 1440 891 1481 sect.
909 1429 950 1484 13.
970 1456 1003 1467 -
1037 1424 1108 1495 OQ

86 1512 169 1579 Legis,
183 1524 239 1563 uam
256 1509 373 1574 moralia,
389 1526 445 1564 tum
462 1509 650 1572 ceremonialia,
668 1510 811 1576 abrogatis,
827 1525 887 1565 sect.
905 1512 1013 1565 14-17.

86 1714 90 1721 ·
155 1687 184 1744 1.
223 1678 265 1737 Ex
284 1675 425 1739 continua
442 1676 503 1751 illa,
523 1676 792 1755 quamretulimus,
811 1679 896 1753 serie,
916 1676 1057 1759 colligere
1069 1678 1107 1739 lie

88 1773 156 1892 qen
176 1776 238 1815 non
251 1755 326 1815 ideo
348 1764 415 1833 post
433 1765 559 1813 mortem
579 1752 717 1814 Abrabae
742 1755 964 1836 quadringentis
995 1755 1108 1815 circiter

103 1832 180 1893 uisse
192 1831 419 1913 superadditam,
431 1842 464 1889 ut
476 1830 602 1890 electum
614 1830 756 1910 populum
768 1853 783 1891 a
799 1832 919 1891 Christo
930 1830 1108 1892 abduceret:

88 1926 245 1989 suspensos
263 1918 381 1968 teneret
399 1907 512 1968 animos
531 1926 623 1987 usque
643 1907 678 1966 ad
691 1908 752 1967 eius
764 1909 931 1982 adventum,
951 1908 1108 1968 accendere

89 1986 152 2045 eius
172 1985 363 2059 desiderium,
383 1995 414 2075 et
431 1984 463 2044 in
484 1984 700 2118 exspectationp
720 1983 911 2070 ¹confirmaret
928 2004 967 2043 ne
986 1983 1107 2072 longior

88 2061 1108 2275 latitat?trallttgtt'lttttttlt,lttsslqtssisstltn‘t

112 2217 189 2277 ionis
231 2234 264 2274 er
284 2236 400 2273 manum
438 2215 511 2274 losis
530 2235 547 2274 a
566 2213 634 2274 Deo
653 2214 799 2274 traditam.
881 2234 956 2292 eque
979 2214 1059 2274 enim
1079 2213 1108 2273 da

126 2313 191 2353 oses
208 2236 374 2372 legislator,
406 2291 457 2371 qui
485 2289 727 2351 benedictionem
757 2292 861 2371 generi
891 2290 1029 2351 Abrahae
1053 2310 1108 2368 pro

90 2368 240 2431 aboleret:
260 2367 470 2429 iuro-videmus
489 2378 522 2427 ut
542 2367 648 2446 passim
668 2379 789 2427 revocet
806 2368 836 2426 iu
849 2369 1021 2427 memoriam
1031 2367 1105 2428 luda

91 2446 200 2508 tuitum
219 2444 292 2504 illud
313 2444 417 2505 foedus
437 2465 503 2505 cuns
523 2442 654 2523 patribus
674 2463 778 2504 eorum
803 2464 988 2524 percussum,
1018 2443 1101 2503 cuius

93 2524 145 2584 des
165 2532 265 2582 erant:
299 2521 358 2581 acsi
377 2521 413 2581 ad
433 2520 503 2580 illud
524 2521 723 2580 renovandum
743 2521 845 2582 missus
867 2522 955 2582 soret.
1014 2519 1050 2579 ld
1070 2520 1108 2581 cla

94 2620 129 2661 ex
149 2598 325 2660 ceremoniis
344 2599 521 2677 patefactum
543 2597 607 2656 l'uit.
647 2597 729 2671 Quid
749 2599 826 2656 enim
847 2598 936 2679 magis
961 2597 1049 2657 inane
1069 2617 1105 2657 au

93 2677 153 2737 lum
173 2695 260 2754 quam
280 2673 430 2748 homines,
455 2685 489 2734 ut
506 2693 539 2734 se
557 2674 626 2733 Deo
645 2675 855 2749 reconcilient,
875 2674 1019 2736 loetidum
1040 2673 1108 2749 nido

94 2753 179 2833 adipe
198 2750 346 2833 pecudum
366 2750 492 2812 offerre:
524 2762 558 2810 ut
575 2750 676 2810 sordes
696 2770 760 2811 suas
780 2750 895 2823 eluant,
927 2751 1108 2830 adaquaret

89 2830 190 2913 guinis
209 2827 408 2909 aspersionem
427 2825 609 2909 confugere?
628 2826 768 2905 Denique
785 2839 866 2888 totus
887 2826 986 2909 legalis
1006 2826 1101 2888 cultus

93 2927 125 2969 ae
143 2916 317 2985 reputetur,
347 2924 403 2964 nec
423 2904 576 2965 contineat
596 2902 712 2964 umbras
733 2914 763 2962 et
782 2904 898 2985 figuras,
924 2902 1029 2982 quibus
1051 2922 1108 2982 req

90 2982 214 3059 veritas)
232 3000 279 3042 res
300 2979 356 3041 erit
374 3001 495 3060 prorsus
514 2980 631 3040 lusoria.
671 2980 771 3054 Quare
790 3002 852 3041 non
872 2980 922 3040 abs
943 3000 975 3039 re
995 2991 1026 3039 et
1039 2980 1108 3040 incr

94 3057 240 3139 Stephani
259 3058 340 3136 (Act
359 3064 389 3131 7,
406 3058 481 3133 dd),
501 3069 531 3116 et
550 3057 579 3115 in
601 3076 617 3114 e
639 3054 723 3116 istola
744 3057 780 3116 ad
800 3056 953 3117 Hebraeos
973 3057 1017 3132 (8,
1027 3058 1073 3135 ὅ.)
1092 3066 1108 3115 t

95 3146 202 3219 genter
220 3132 396 3213 expenditur
414 3133 497 3193 loeus
516 3132 577 3205 ille,
597 3076 648 3192 nii
667 3133 864 3193 Deuslllosen
875 3132 958 3193 iubet
976 3133 1108 3210 (Exodi

93 3214 288 3291 quaecunque
317 3209 354 3271 ad
385 3208 606 3270 tabernaculum
626 3209 782 3300 pertinent
806 3210 936 3270 formare
952 3207 1108 3270 seeundum

95 3287 169 3368 plar,
211 3284 270 3346 uod
281 3298 430 3347 ostensum
448 3285 491 3345 illi
510 3286 606 3346 luerat
625 3307 656 3345 ιιι
675 3297 786 3346 monte.
830 3286 893 3347 Nisi
912 3278 991 3344 edim
1009 3285 1055 3376 spi
1073 3285 1108 3344 'tu

94 3362 167 3443 quid
186 3304 289 3423 Fuisset
305 3362 502 3454 propositum,
521 3383 582 3443 quo
601 3362 773 3453 tenderent,
792 3384 855 3424 non
880 3382 964 3423 secus
981 3362 1012 3421 in
1031 3306 1090 3423 allis

96 3439 233 3501 lusissent
249 3437 351 3499 ludaei
370 3450 459 3519 atque
479 3437 594 3523 Gentes
613 3460 643 3497 ιιι
664 3460 723 3499 sura
744 3441 839 3521 ungis.
870 3438 995 3498 Prolani
1015 3437 1108 3499 homir

94 3514 1108 3654 tttttttstltdtrltl'ltttll'll‘ttlf‘ttatttrtl’t

95 3688 149 3731 our
168 3668 250 3729 Deus
269 3679 399 3730 veterem
419 3668 562 3760 populum
586 3614 752 3751 fatigaverit
771 3638 850 3729 tanta
869 3614 1102 3729 ciremoniarum

89 3745 151 3819 ⁴rle,
168 3743 221 3804 sed
240 3742 407 3823 despiciunt
423 3743 486 3805 illas
505 3767 538 3805 ac
558 3744 656 3805 rident
673 3758 813 3825 tanquam
832 3743 959 3825 pueriles
978 3744 1068 3805 lusus.

95 3819 165 3915 quiq
184 3820 219 3914 ad
239 3820 328 3879 finem
347 3839 409 3912 non
428 3821 598 3897 attendunt,
627 3842 643 3881 a
668 3843 728 3914 quo
748 3822 772 3881 si
791 3821 899 3914 legales
919 3822 1031 3913 figupae
1049 3838 1108 3902 sep:

95 3895 600 4049 {dt'tzlttttllttttifit
617 3896 1040 4055 ,llttzttttl‘ttttll’
1057 3897 1108 4033 ii‘

95 4049 491 4188 sesnandum
509 4051 865 4188 ²¹⁶ss¹futf0fs
885 4048 1108 4187 stante

95 4200 156 4263 alio
176 4210 263 4283 quam
282 4149 425 4295 spiritirqali
445 4148 726 4294 duddndblertiiluri
746 4149 1010 4264 qqqtqnqursphoc
1030 4149 1108 4263 quq!

60 4356 66 4361 ,
93 4288 192 4365 terum
211 4289 390 4363 sententiae,
410 4280 515 4362 quibus
534 4281 658 4344 ludaeos
678 4280 831 4344 socordiae
850 4290 995 4363 arguunt,
1025 4276 1106 4358 quod
