2700 4732
486 182 563 245 sm.
583 184 637 245 tv.
677 184 766 247 ose.
787 186 840 247 vc
1016 220 1020 227 -
1059 150 1083 185 ⁵
1167 174 1239 257 'aar

175 337 206 395 9.
246 326 358 388 Verum
377 327 416 389 sit
434 347 520 402 saue,
539 338 573 388 ut
592 328 711 404 volunt,
731 310 843 390 bobum
863 341 953 409 atque
972 327 1170 391 utile'orlsem
1188 342 1237 392 to·

96 421 164 469 tum
184 404 354 465 monarchia
374 405 521 466 contineri
540 405 635 483 (qood
656 417 700 466 est
726 417 823 466 tamea
848 405 1098 475 absurdissimum:
1122 406 1237 471 sedita

95 484 167 562 sit):
188 494 357 544 nontamen
391 494 526 562 ropterea
539 482 711 558 concedam,
732 483 866 563 idipsum
887 484 918 542 in
934 481 1235 565 ecclesiaegoherna-
1314 522 1318 529 ·

94 561 183 621 tione
203 558 309 618 valere.
361 502 459 619 llabet
479 558 558 619 enim
577 557 625 618 illa
646 559 798 620 Christum
818 560 935 621 unicum
954 581 1039 621 suum
1059 570 1160 639 caput,
1178 560 1234 623 sah

96 636 218 773 illisi
221 636 366 772 {lilim
381 655 488 770 tlt?
504 635 662 772 illast
672 635 1234 775 tlt‘it'tattltltm13:³²¹ss

95 790 197 868 itaque
222 733 496 848 iniuriampChristo
518 732 758 868 faciunt,qqoum
773 735 816 849 ho
841 732 997 869 lilaeuxttl
1013 788 1118 851 volout
1136 733 1234 855 Comi·

95 886 168 926 nem
188 884 277 924 onum
297 884 431 943 praeesse
451 862 591 925 ecclesiae
622 864 789 940 uniuersae,
821 864 890 946 quia
913 863 986 927 baec
1011 866 1107 945 capite
1122 879 1233 927 carere

95 962 161 1003 non
181 940 280 1019 possit.
318 940 473 1015 „Christus
493 941 571 1000 enim
591 953 680 1021 caput
697 953 752 1016 est,
772 962 806 1004 ex
825 961 885 1022 quo
905 944 1002 1002 totum
1022 962 1130 1022 corpus
1148 961 1232 1003 cora-

93 1029 239 1098 „pactum
266 1028 295 1076 et
324 1038 486 1076 connexum
519 1037 577 1106 per,
603 1037 722 1078 omnem
750 1018 914 1078 iuncturam
942 1017 1232 1096 subministrationis,

93 1092 277 1170 ,secundum
298 1094 502 1183 operationem
521 1115 551 1152 ro
572 1113 707 1156 mensura
727 1095 866 1184 cuiusque
885 1094 1020 1170 membri,
1039 1102 1231 1176 angmemum

93 1171 252 1250 „corporis
273 1169 362 1229 lacst“
387 1169 477 1248 (Eph.
496 1177 531 1242 d,
550 1177 598 1236 15.
619 1182 650 1229 et
667 1171 739 1306 ffiz.
791 1171 882 1233 Vides
905 1182 938 1230 ut
962 1191 1065 1231 omnes
1090 1170 1231 1233 mortales

93 1249 160 1307 sine
180 1245 352 1324 exceptione
371 1245 401 1305 io
422 1266 548 1326 corpore
560 1245 699 1320 collocet,
740 1267 864 1307 onorem
884 1259 915 1307 et
933 1267 1042 1307 nomen
1060 1246 1164 1327 capitis
1183 1267 1231 1313 ror

93 1324 211 1402 linquat
240 1321 290 1381 uni
316 1321 454 1382 Christo?
506 1323 594 1384 Vides
619 1335 652 1384 ut
675 1326 719 1384 sin
743 1325 797 1384 olis
823 1323 961 1385 membris
984 1323 1095 1385 tribuat
1117 1328 1229 1383 certain

91 1418 280 1471 mensuram,
306 1410 337 1458 et
357 1398 468 1459 finitam
488 1418 521 1459 ac
542 1399 695 1460 limitatam
719 1343 917 1461 hunctionem:
949 1421 1009 1480 quo
1036 1411 1097 1460 tum
1116 1400 1228 1481 gratiae

92 1474 256 1558 perfectio,
281 1487 343 1533 tum
369 1496 479 1535 somma
520 1475 683 1536 obernandi
708 1489 838 1558 potestas
856 1496 945 1558 penes
965 1477 1116 1538 Christum
1137 1498 1228 1537 unum
1295 1490 1297 1497 '

91 1552 232 1613 resideat.
250 1585 289 1599 -
326 1551 390 1641 llec
420 1573 466 1610 me
498 1495 568 1613 latet
588 1551 656 1632 quid
683 1553 809 1614 cavillari
838 1553 954 1616 soleant
979 1574 1069 1633 quum
1093 1553 1150 1614 hoc
1170 1552 1227 1615 illis

91 1627 247 1701 obiicitur,
268 1627 416 1688 Christum
436 1626 550 1689 scilicet
570 1650 624 1709 pro
649 1626 690 1689 rie
709 1630 809 1691 uocari
828 1629 947 1691 unicum
967 1641 1069 1709 caput,
1089 1631 1157 1709 quia
1175 1650 1228 1691 sus

92 1705 269 1765 auctoritate
299 1725 413 1783 suoque
443 1705 563 1764 nomine
588 1650 668 1765 sohte
694 1719 813 1786 regnet:
843 1707 894 1766 sed
919 1707 995 1766 istud
1016 1704 1088 1765 nihil
1107 1706 1228 1767 obstare

90 1781 250 1861 quominus
274 1781 327 1841 sub
350 1781 414 1860 ipso
446 1781 484 1840 sit
509 1781 632 1841 alterum
658 1795 745 1862 caput
765 1782 953 1843 ministeriale
971 1785 1020 1862 (ut
1039 1782 1227 1861 loquuntur),
1287 1818 1290 1823 -

90 1857 180 1939 qood¹
195 1857 257 1918 eius
276 1858 352 1918 vices
372 1858 402 1916 iu
422 1858 507 1918 terris
518 1870 609 1939 gerat
649 1859 759 1919 Verum
779 1858 835 1920 hoc
848 1860 951 1921 cavillo
972 1857 1045 1918 nibil
1058 1857 1227 1937 proliciunt,

89 1933 149 1994 nisi
171 1934 250 2012 prius
280 1934 479 2007 ostenderint,
500 1935 556 1994 hoc
576 1935 768 1995 ministerium
789 1957 805 1996 a
827 1933 945 1997 Christo
966 1955 1027 1995 esse
1048 1934 1225 2005 ordinatum.

89 2009 254 2090 Apostolus
285 2009 363 2070 enim
396 2021 489 2070 totam
517 2010 818 2073 subministrationem
850 2032 904 2092 per
933 2012 1064 2090 membra
1087 2009 1226 2081 diffusam

89 2106 156 2148 esse
176 2088 274 2161 docet,
293 2089 429 2147 uirtutem
449 2087 486 2146 ab
507 2108 567 2146 uno
588 2087 640 2146 illo
662 2089 783 2148 coelesti
804 2091 900 2168 capite
920 2087 1067 2166 lluere*).
1104 2087 1226 2162 Aut,si

89 2161 1226 2315 tt‘lull'tl2zt‘t‘il⁸ml”lhtlt²“‘;0l⁸ltti⁶ll⁸lttm⁶tiattlt

431 2316 439 2330 a
531 2317 538 2330 a
592 2316 599 2330 1
658 2282 668 2316 ,
855 2320 862 2333 ι
1019 2318 1026 2331 Ι

87 2316 492 2481 ariarathirensis
511 2317 914 2461 utitatissimum
933 2315 1225 2475 litasset?

167 2475 214 2535 10.
252 2469 417 2549 Aliquotres
438 2471 529 2530 vivam
550 2469 688 2530 ecclesiae
709 2470 972 2554 imaginemnobis
992 2470 1099 2537 Paulus
1119 2469 1224 2552 depin-

89 2548 145 2632 git.
194 2547 242 2605 lle
262 2567 323 2605 uno
344 2548 438 2625 capite
460 2547 537 2607 nulla
557 2546 617 2606 illic
636 2549 757 2608 mentio.
808 2549 890 2623 Quin
916 2548 1014 2627 potius
1035 2569 1069 2607 ex
1089 2547 1150 2607 eius
1172 2547 1223 2606 de-

89 2624 252 2702 scriptione
278 2622 418 2704 colligere
439 2623 523 2697 licet,
547 2644 562 2682 a
589 2622 699 2684 Christi
726 2625 912 2686 institutione
942 2624 972 2684 id
999 2644 1062 2684 esse
1085 2621 1222 2688 alienum.

89 2701 227 2762 Christus
259 2721 380 2760 ascensu
410 2721 463 2760 suo
496 2699 637 2760 visibilem
673 2701 718 2762 sui
751 2703 943 2782 praesentiam
977 2700 1062 2762 uobis
1092 2699 1223 2775 abstulit,
1310 2704 1321 2719 ³

89 2775 222 2837 asceadit
240 2787 337 2835 umen
359 2789 391 2835 ot
410 2775 544 2855 impleret
564 2777 676 2837 omnia:
698 2799 776 2837 nunc
796 2779 886 2860 igitur
902 2778 1000 2857 ,ipsum
1021 2775 1116 2836 adbuc
1136 2794 1222 2856 pram

89 2862 205 2915 sentem
224 2851 313 2911 babet
333 2853 469 2927 ecclesia,
495 2865 525 2911 et
543 2872 658 2931 semper
678 2852 812 2913 habitura
833 2865 885 2913 est.
937 2852 1094 2919 Rationem
1115 2872 1223 2932 quase

89 2927 211 2990 exhibet
241 2929 308 2988 dum
338 2929 402 2988 vult
421 2929 528 2989 Paulus
553 2929 725 3002 ostendere,
756 2931 791 2989 ad
822 2929 980 2991 ministeria
1000 2927 1105 3006 quibus
1130 2928 1224 2989 utitur

89 3027 146 3066 nos
166 3018 295 3065 revocat.
334 3006 392 3080 „In
414 3005 549 3066 omnibus
569 3005 665 3080 nobis,
685 3007 857 3098 inquiat),
877 3018 922 3066 est
939 3005 1103 3078 Dominus,
1118 3025 1223 3069 secuu-
1305 3028 1311 3044 ‘

89 3083 178 3159 „dom
199 3102 363 3141 mensuram
384 3086 505 3164 gratiae,
525 3104 610 3162 quam
637 3082 794 3161 uuicuique
817 3081 1108 3142 membrocontulit.
1147 3081 1222 3142 Itleo
1301 3154 1303 3158 λ

89 3158 264 3238 „constituit
282 3159 354 3218 alios
374 3159 488 3237 quidem
502 3157 672 3238 Apostolos,
692 3159 764 3220 alios
784 3180 854 3220 vero
867 3161 1013 3232 l'astorcs,
1031 3158 1105 3220 alios
1123 3157 1223 3217 Euan·
1268 3206 1271 3211 .

89 3234 242 3317 „gelistsm
268 3234 340 3295 alios
360 3236 529 3295 Doctores“
549 3247 605 3295 etc.
658 3235 720 3296 Cur
749 3258 811 3297 non
843 3236 932 3309 dicit,
959 3257 1050 3295 unum
1081 3233 1218 3297 omnibus

108 3311 262 3372 raelecisse
282 3313 332 3391 qui
351 3312 427 3372 vices
451 3333 516 3371 suas
535 3311 669 3392 gereret?
708 3313 742 3371 ld
768 3312 845 3373 enim
870 3313 950 3372 locus
974 3312 1096 3373 maxime
1116 3323 1219 3392 postu-

89 3335 184 3462 labat,
203 3408 257 3449 nec
278 3388 339 3449 ullo
360 3388 449 3448 modo
471 3388 574 3449 debuit
594 3389 690 3450 omitti
708 3391 731 3450 si
752 3412 851 3449 verum
872 3402 957 3450 esset.
1002 3387 1136 3449 Christus
1154 3387 1217 3466 (in-

89 3464 172 3547 quit)
193 3465 279 3525 nobis
304 3466 394 3525 adest.
446 3465 626 3537 Quomodo?
664 3467 723 3525 Per
741 3466 934 3526 ministerium
956 3465 1123 3537 hominnm,
1144 3484 1218 3543 quos

89 3542 297 3625 gubernandae
318 3542 456 3602 ecclesiae
476 3542 626 3621 praefecit
673 3543 734 3602 Cur
755 3564 815 3603 uon
837 3543 934 3623 potius
954 3562 1007 3622 per
1027 3554 1115 3619 caput
1133 3540 1219 3599 mini·

89 3617 218 3690 steriale,
239 3618 285 3677 cui
307 3620 383 3679 vices
402 3641 466 3679 suas
487 3618 651 3679 mandavit?
690 3619 839 3679 Unitatem
860 3619 1007 3679 nominat:
1028 3619 1078 3677 sed
1098 3617 1128 3675 in
1148 3617 1216 3677 Deo

89 3708 118 3755 et
136 3696 168 3754 iu
187 3694 300 3756 Christi
320 3695 387 3753 lide.
427 3695 604 3755 Hominibus
625 3695 696 3754 nihil
713 3696 817 3755 tribuit
838 3695 892 3755 nisi
912 3716 1068 3755 commuue
1088 3693 1219 3753 ruiniste·

89 3773 178 3845 rium,
199 3783 228 3830 et
248 3771 406 3850 unicuique
426 3773 544 3831 modum
566 3772 778 3851 particularem.
830 3773 891 3832 Cor
910 3773 939 3831 iu
962 3770 1009 3830 illa
1029 3769 1219 3829 cominenda-

89 3851 170 3910 ·.ione
197 3849 331 3922 unitatis,
351 3861 505 3928 postquam
529 3848 640 3909 dixerat
663 3871 773 3922 „unum
801 3870 922 3926 corpus,
951 3870 1041 3907 ortissu
1066 3846 1220 3924 Spiritum,

89 3947 176 3985 ruam
196 3945 283 4003 spem·
299 3939 471 3998 vocationis,
493 3947 580 3984 unum
601 3927 708 3998 Deum,
727 3948 814 3984 uuam
835 3926 932 3997 hilum,
952 3922 1218 4059 onuurllaBtisrna“

89 4002 177 4082 [pr.
198 4009 227 4076 t,
246 4004 301 4076 d),
322 4024 385 4062 uon
405 4004 492 4062 ctiam
513 4003 654 4063 contiuuo
675 4002 801 4077 addidit,
821 4024 909 4061 unum
930 4022 1073 4060 summurn
1118 3998 1218 4058 nutili-

90 4168 94 4172 .
112 4166 128 4171 .-
138 4164 215 4172 u——u-
230 4164 283 4170 .----
294 4156 353 4170 .-'—0
362 4164 371 4168 -
381 4163 424 4169 ..--

156 4250 183 4318 ’>
203 4252 244 4331 Cl-
262 4251 330 4320 Eut·
351 4255 374 4312 1.
390 4256 432 4306 22.
445 4267 476 4332 ,o
492 4256 517 4312 s.
534 4256 574 4306 15.
592 4268 617 4304 o
632 4257 658 4316 s.
672 4257 715 4310 m.
749 4255 814 4308 siem
832 4254 890 4306 co.
908 4259 932 4316 1.
951 4258 991 4310 ss.
1009 4268 1033 4306 o
1049 4255 1076 4314 u,
1094 4254 1134 4307 ιο.

147 4321 188 4388 “)
208 4321 274 4390 tpu
293 4323 317 4383 t,
336 4325 375 4377 m
412 4321 481 4377 turo.
497 4323 523 4386 t,
540 4323 564 4376 t.
582 4336 606 4375 ec
624 4328 664 4379 11.
1106 4344 1114 4351 .
1200 4342 1204 4349 .
