2700 4732
182 175 193 210 ‘
499 193 864 262 mmmm
1182 198 1242 283 m

105 339 213 403 siosius
231 339 461 422 argumentabor
478 341 509 401 iu
529 340 608 402 bunc
627 340 765 413 modum,
790 341 826 401 In
846 351 972 402 extrem
991 336 1095 422 populi
1114 337 1242 400 necessi-
1280 412 1283 417 Ι

105 428 171 479 tate
181 418 281 479 Moses
300 439 361 478 uon
381 417 596 492 intercedebat,
615 419 653 478 de
673 440 732 509 quo
745 418 863 493 dicitur,
879 421 907 477 si
923 419 1120 477 intercesserit.
1157 416 1240 497 Ergo

106 493 259 555 neminem
288 493 378 554 alium·
400 494 585 555 intercedere
609 495 763 555 verisimile
794 494 843 569 fit,
876 501 965 573 quum
990 514 1094 554 omnes
1113 513 1128 552 a
1148 492 1241 553 blosis

107 569 306 644 humanitate,
338 571 469 631 bonitate
499 582 530 631 et
561 583 683 653 paterna
714 570 913 635 sollicitudine
958 569 1041 630 rocul
1062 569 1165 651 absint.
1203 568 1241 628 ld

108 648 224 709 scilicet
243 646 407 708 cavillando
427 661 663 726 consequuntur,
683 659 715 708 ut
738 648 773 708 iis
792 647 879 708 armis
903 591 1113 719 vulnerentur,
1133 644 1239 724 quibus

109 742 144 785 ae
168 722 270 805 pulcre
294 725 422 784 munitos
447 724 599 803 putabant.
647 725 689 784 m
712 744 783 784 vero
814 723 975 804 simplicem
999 723 1174 784 sententiam
1198 721 1241 783 sic

109 803 304 879 contorqueri
321 800 404 860 valde
424 800 578 859 ridiculum
600 811 659 860 est:
681 801 748 881 quia
768 811 883 860 tautum
904 800 1076 879 pronuntiat
1094 798 1241 859 Dominus

108 877 214 970 populi
232 875 348 958 flagitiis
367 896 399 937 se
419 898 479 937 non
501 877 695 956 parciturum,
720 877 832 936 etiamsi
852 876 950 937 Moses
973 876 1079 955 aliquis
1098 887 1241 954 patronus
1317 912 1321 919 ·

109 951 167 1013 rllis
186 953 384 1034 contingeret,
403 965 452 1013 aut
466 952 597 1026 Samuel,
617 975 742 1033 quorum
761 952 896 1033 precibus
915 972 947 1013 se
965 965 1125 1032 tantopere
1144 949 1242 1009 indul·

109 1039 230 1111 gentem
250 1030 444 1110 praestiterat
484 1030 546 1104 Qui
565 1050 666 1091 sensus
686 1028 826 1103 exstanti
847 1029 1009 1089 Ezechielis
1033 1027 1101 1088 loco
1122 1026 1241 1087 lucidis·

108 1108 183 1167 aime
202 1105 318 1166 elicitur
337 1110 400 1184 (tt,
420 1108 492 1180 lb).
542 1105 597 1178 „si
617 1106 742 1185 luerint,
763 1105 858 1186 inquit
876 1106 1037 1181 Dominus,
1060 1105 1109 1165 isti
1129 1117 1188 1165 tres
1208 1103 1240 1164 in

108 1182 248 1259 „civitate
266 1182 336 1254 riri,
356 1182 452 1255 Noab,
473 1182 598 1257 Daniel,
618 1197 648 1244 et
667 1182 736 1259 Iob,
756 1182 829 1243 lilios
850 1194 881 1243 et
899 1183 970 1244 blias
991 1205 1051 1244 non
1072 1180 1242 1241 liberabunt

107 1258 164 1337 „in
183 1280 235 1318 sua
253 1259 375 1319 iustitia:
395 1259 446 1318 sed
467 1261 574 1319 animas
593 1272 707 1320 tantum
726 1280 791 1320 suas
811 1259 1007 1320 liberabunt.“
1046 1259 1108 1318 Ubi
1120 1258 1241 1318 dubium

107 1355 174 1395 non
194 1347 240 1395 est
258 1336 328 1416 quin
348 1335 477 1395 indicare
497 1335 640 1410 voluerit,
659 1341 682 1396 si
703 1336 876 1398 reviviscere
895 1336 969 1397 duos
991 1358 1024 1397 ex
1044 1336 1099 1396 illis
1120 1336 1240 1395 contiu-

106 1423 175 1496 gat:
196 1433 263 1472 uam
282 1411 387 1473 tertius
407 1431 444 1471 eo
463 1424 598 1493 tempore
616 1424 763 1494 superstes
784 1425 861 1489 erat,
880 1413 987 1473 Daniel
1006 1414 1132 1486 scilicet,
1152 1432 1240 1491 quem

106 1502 172 1551 tum
197 1499 312 1550 constat
336 1489 366 1547 in
392 1491 489 1569 primo
513 1491 731 1552 adolescentiae
751 1491 836 1551 ssore
868 1489 1096 1570 incomparabile
1127 1488 1241 1548 dedisse

107 1566 227 1649 pietatis
245 1566 405 1646 specimen.
443 1568 503 1628 Eos
519 1569 610 1648 igitur
628 1570 806 1639 omittamus,
826 1588 900 1647 quos
920 1569 1071 1648 Scriptura
1092 1566 1168 1626 clare
1190 1565 1242 1625 de·

106 1654 254 1705 monstrat
273 1664 388 1703 cursum
406 1664 490 1703 suum
510 1665 734 1706 consummasse.
782 1644 856 1706 Ideo
875 1642 993 1719 Paulus,
1013 1665 1101 1724 quum
1122 1645 1158 1702 de
1177 1641 1242 1703 Da-

107 1720 176 1781 vide
195 1720 343 1800 loquitur,
363 1740 424 1780 nou
445 1721 534 1781 docet
552 1722 687 1801 precibus
708 1723 801 1802 ipsum
822 1720 922 1780 iuvare
941 1721 1161 1801 posteritatem,
1188 1719 1241 1781 sed

109 1794 249 1858 duntaxat
267 1796 357 1856 aetati
375 1817 444 1856 suae
464 1797 629 1858 inserviisse
649 1801 730 1878 (sce.
750 1804 798 1871 13,
816 1798 890 1873 ab).

185 1880 233 1938 24.
270 1872 428 1953 Excipiunt
447 1894 577 1950 rursum,
596 1875 678 1956 Ergo
699 1895 749 1935 eos
769 1875 850 1935 omui
869 1873 985 1953 pietatis
1003 1885 1075 1935 voto
1094 1891 1242 1948 exuemus,

106 1949 161 2031 qui
180 1948 253 2010 nibil
271 1961 339 2010 toto
358 1949 433 2009 vitae
453 1951 576 2012 decursu
596 1973 681 2030 quam
713 1951 852 2032 pietatem
877 1962 908 2010 et
929 1950 1159 2011 misericordiam
1179 1950 1264 2028 rpi-¹

106 2026 230 2089 rerunt?
280 2026 440 2106 Equidem,
471 2040 504 2087 ut
528 2027 670 2088 curiosius
697 2039 832 2088 excutere
858 2026 949 2087 nolim
970 2028 1038 2118 quid
1059 2038 1161 2110 agant,
1190 2039 1242 2087 aut

105 2103 181 2196 quid
199 2103 393 2178 meditentur,
424 2104 464 2163 ita
484 2122 668 2183 nequaquam
689 2116 734 2167 est
750 2104 913 2241 probabile
931 2105 1015 2165 variis
1035 2115 1065 2164 et
1084 2103 1240 2185 particula-

105 2179 190 2241 ribus
209 2180 284 2240 votis
313 2180 369 2240 huc
395 2179 466 2240 illuc
491 2181 688 2255 circumferri,
717 2201 748 2242 se
813 2185 891 2242 otius
915 2192 988 2242 stata
1012 2192 1100 2259 atque
1119 2184 1241 2240 immota

89 2257 262 2321 -volnntate
281 2255 312 2315 in
332 2257 390 2316 Dei
410 2276 534 2337 reguum
554 2259 696 2338 aspirare:
722 2202 811 2338 quod
822 2278 884 2318 non
903 2257 998 2318 miuus
1017 2257 1174 2338 impiorum
1194 2258 1242 2318 iu·

105 2335 198 2396 teritu
222 2354 310 2413 quam
334 2333 463 2393 bdelium
483 2333 576 2394 salute
596 2346 719 2395 constat
759 2335 851 2409 Quod
873 2334 898 2395 si
921 2355 1022 2395 rerum
1048 2345 1108 2409 est,
1138 2353 1241 2395 corum

107 2430 229 2491 quoque
247 2411 405 2471 caritatem
432 2411 462 2469 in
490 2411 701 2471 communione
731 2432 784 2472 cor
805 2411 864 2473 oris
890 2409 1000 2473 Cbristi
1030 2431 1092 2471 uon
1119 2410 1240 2471 dubium

107 2500 154 2548 est
173 2487 336 2560 contineri,
360 2509 415 2547 nec
437 2487 520 2548 latius
542 2500 642 2566 patere
662 2509 748 2568 quam
776 2434 835 2549 ders
857 2489 1072 2549 communionis
1092 2487 1169 2548 illius
1189 2508 1242 2548 na·

106 2577 185 2626 tura.
222 2564 285 2624 lam
306 2584 376 2624 vero
397 2564 511 2624 tametsi
537 2567 568 2625 iu
600 2564 678 2624 bunc
697 2565 818 2625 modum
845 2586 899 2645 pro
919 2565 1005 2626 nobis
1026 2584 1112 2625 orare
1132 2585 1242 2626 couce-

108 2641 192 2715 dam,
220 2640 283 2702 bon
307 2653 407 2700 tamen
427 2641 494 2701 ideo
516 2661 532 2700 a
551 2662 602 2702 sua
622 2641 720 2721 quiete
741 2641 911 2718 discedunt,
934 2655 967 2702 ut
990 2640 1186 2701 distrahantur
1210 2641 1241 2700 in

108 2730 241 2778 terrenas
263 2738 359 2777 curas:
392 2738 425 2778 ac
455 2716 548 2778 multo
580 2718 677 2779 minus
702 2741 717 2778 a
738 2719 823 2778 nobis
843 2719 911 2778 ideo
931 2718 1066 2799 protinus
1085 2716 1242 2776 invocandi

109 2806 208 2854 eruut.
244 2794 349 2873 Neque
369 2794 397 2852 id
423 2795 568 2874 agendum
590 2814 681 2855 exeo
706 2795 915 2874 consequitur,
935 2794 1017 2872 quud
1058 2793 1086 2852 ui
1106 2794 1135 2852 in
1156 2794 1242 2853 terris

109 2871 225 2952 degunt
241 2869 387 2944 homines,
406 2871 528 2930 vicissim
547 2870 597 2929 alii
616 2871 739 2930 alibrum
760 2869 895 2949 precibus
909 2816 1114 2930 conuenisse
1129 2889 1161 2928 se
1172 2890 1243 2949 pos-

108 2959 190 3008 sunt.
220 2948 296 3008 linc
316 2950 395 3006 enim
414 2947 535 3008 alendae
555 2948 585 3005 in
606 2948 673 3025 ipsis
693 2944 949 3007 caritatiolbcium
969 2945 1071 3021 servit,
1092 2946 1161 3003 dum
1177 2967 1243 3006 suas

108 3025 191 3085 inter
208 3044 239 3086 se
259 3025 443 3083 necessitates
462 3023 553 3082 veluti
571 3023 749 3104 partiuntur,
769 3035 799 3083 ct
817 3035 920 3083 mutuo
939 3022 1109 3101 suscipiunt.
1142 3021 1244 3101 Atque

106 3102 139 3163 id
160 3101 278 3180 quidem
300 3100 410 3159 faciunt
429 3122 464 3160 ex
482 3099 604 3160 Domini
625 3111 802 3181 praecepto,
823 3120 919 3180 neque
939 3098 1136 3179 promissione
1155 3100 1244 3159 desti·

106 3189 248 3238 tuantur:
270 3197 344 3256 quae
365 3177 424 3236 duo
444 3197 558 3255 semper
578 3177 608 3235 in
623 3176 759 3238 oratione
779 3177 885 3257 primas
903 3187 1016 3236 tenent.
1042 3173 1154 3236 Omnes
1166 3175 1244 3236 eius·

106 3254 193 3314 modi
212 3254 341 3312 rationes
361 3274 377 3312 a
399 3254 521 3313 mortuis
542 3253 663 3314 absunt:
690 3275 763 3333 quos
788 3277 804 3315 a
826 3266 929 3314 nostro
955 3251 1153 3314 coutubernio
1174 3252 1243 3312 dum

108 3330 246 3391 subduxit
269 3328 432 3404 Dominus,
464 3329 575 3388 nullum
607 3330 695 3391 uobis
720 3352 785 3389 cum
810 3331 865 3391 illis
890 3329 1010 3410 reliquit
1034 3329 1243 3388 commercium

107 3405 277 3483 (liedes-9,
293 3413 321 3469 5.
339 3418 367 3465 el
380 3410 433 3482 6.),
453 3428 487 3466 ac
507 3426 546 3465 ne
566 3405 622 3466 illis
643 3407 759 3486 quidem
781 3406 946 3482 nobiscum,
968 3417 1108 3486 quantum
1128 3406 1244 3484 assequi

107 3483 181 3543 licet
199 3482 385 3542 coniecturis.
426 3484 541 3556 Quodsi
562 3486 626 3562 quis
646 3495 790 3558 caucetum,
810 3484 873 3543 fieri
894 3504 955 3542 non
977 3501 1063 3561 posse
1083 3481 1154 3559 quin
1175 3501 1244 3541 ean-

110 3561 178 3619 dem
199 3579 268 3640 erga
289 3579 344 3617 uos
364 3560 513 3618 caritatem
535 3562 692 3633 retineant,
711 3572 744 3618 ut
763 3571 831 3620 sunt
850 3580 908 3619 uua
929 3559 1081 3618 nobiscum
1101 3557 1158 3615 fide
1170 3578 1245 3617 con·

109 3637 218 3695 iuncti:
249 3635 313 3713 quis
333 3646 431 3694 tamen
453 3657 582 3715 eousque
603 3635 704 3717 longas
728 3635 785 3697 illis
805 3656 867 3696 esse
887 3656 970 3695 aures
995 3632 1143 3706 revelavit,
1169 3653 1245 3712 quae

109 3712 147 3774 ad
172 3732 259 3772 voces
286 3724 400 3770 nostras
424 3712 504 3790 porri
528 3711 630 3772 antur?
660 3710 763 3773 oculos
789 3714 873 3773 etiam
899 3723 957 3771 tam
978 3711 1170 3790 perspicaces,
1195 3710 1245 3788 qui

109 3786 333 3849 necessitatibus
354 3789 460 3846 nostris
479 3732 656 3867 silvigilcnt?
694 3791 849 3868 Negantur
869 3789 986 3867 quidem
1007 3787 1036 3845 in
1057 3787 1115 3845 suis
1134 3785 1245 3845 umbris

108 3868 211 3927 nescio
232 3865 301 3945 quid
322 3864 358 3922 de
379 3863 495 3944 fulgore
516 3865 605 3923 divini
625 3865 720 3926 vultus
740 3868 817 3945 ipsos
837 3865 1011 3936 irradiante,
1037 3863 1067 3922 iu
1088 3883 1164 3940 quo,
1190 3881 1245 3921 ceu

109 3945 142 4004 in
162 3943 300 4022 speculo,
328 3960 374 4000 res
405 3942 554 4000 leominum
575 3961 609 3999 ex
633 3942 692 4001 alto
715 3942 888 4021 despiciant:
920 3961 1020 4000 uerum
1041 3938 1069 3998 id
1089 3938 1246 4013 affirmare,

111 4039 169 4098 qua
190 4018 359 4098 praesertim
381 4018 557 4077 confidentia
578 4018 619 4076 illi
640 4018 759 4092 audent,
781 4019 851 4097 quid
872 4029 916 4077 est
936 4017 990 4075 uisi
1011 4036 1064 4095 per
1083 4014 1246 4093 temulenta

111 4096 228 4155 cerebri
253 4096 346 4153 nostri
370 4094 483 4156 somnia
504 4094 578 4153 velle
598 4095 627 4153 in
650 4095 746 4155 abdita
766 4095 823 4154 Dei
842 4092 964 4166 iudicia,
987 4091 1052 4155 sine
1071 4091 1132 4151 eius
1152 4089 1246 4151 verbo

110 4182 269 4251 penetrare
289 4181 319 4229 et
341 4190 548 4249 perrumpere,
575 4192 610 4234 ae
630 4172 810 4250 Scriptorum
834 4169 1028 4232 conculcare?
1058 4187 1135 4248 quae
1157 4166 1248 4230 toties

112 4248 208 4312 earnis
226 4258 346 4311 nostrae
366 4246 567 4328 prudentiam,
596 4248 756 4332 sapientiae
774 4247 833 4311 Dei
857 4246 1006 4312 inimicam
1025 4263 1089 4310 esse
1111 4264 1248 4329 pronun.
