2700 4732
153 192 212 259 tte
531 186 609 249 utu.
627 187 653 249 l.
691 188 783 253 CAP.
801 187 916 251 xvttt

155 336 293 411 verterit,
326 354 361 395 ac
384 330 497 415 perfide
516 332 672 395 desciverit
690 354 707 395 a
725 330 836 394 familia
854 332 991 408 Daridis,
1011 345 1042 394 et
1060 344 1162 395 tamen
1180 332 1248 395 scitu

154 411 280 473 voluisse
298 409 385 492 ungi:
410 408 490 469 uude
514 422 545 470 et
567 413 599 471 iu
622 409 720 473 verbis
745 410 862 477 Roseae
882 412 926 486 (8,
946 418 1028 481 tet
1047 416 1096 485 13,
1113 410 1180 483 11.)
1222 430 1248 469 ut

156 482 222 548 da'm
241 500 361 568 apparet
384 488 597 567 repugnantiae
615 486 744 567 species,
769 485 850 566 quod
875 487 926 547 ubi
946 498 1125 567 conquestus
1143 496 1191 547 est
1199 430 1248 545 br

156 582 281 646 reguum
300 562 372 623 illud
391 582 423 622 se
442 562 592 623 nesciente
612 574 643 622 et
661 563 784 623 nolente
803 562 892 623 luisse
911 576 1058 635 erectum,
1082 560 1153 623 alibi
1157 582 1248 699 dprae:

157 652 205 701 cat
234 660 266 701 se
291 639 404 699 dedisse
434 658 535 719 regem
553 638 709 701 larobeaur
734 638 767 699 iu
791 638 892 699 lurore
916 662 980 700 suo.
1031 639 1155 714 Quomo
1177 636 1198 699 o'
1219 636 1248 699 bt

157 715 352 791 convenient,
381 715 534 775 Iarobeam
560 736 623 775 nou
643 735 677 775 er
695 715 764 775 Deo
783 736 817 776 re
838 735 938 791 nasse,
970 726 1000 774 et
1017 715 1054 776 ab
1076 715 1181 775 eode'm
1202 714 1248 775 fui

156 790 336 873 praelectum
357 789 476 873 regem?
513 792 627 870 Nemp'e
647 791 716 871 quia
741 810 798 851 uec
816 735 977 852 desciscere
1003 813 1018 851 a
1040 790 1149 851 lumilia‘
1168 790 1248 849 Davi-

156 870 255 947 potuit
278 868 419 948 populus,
447 866 519 947 quin
545 868 644 949 iugum
672 866 728 927 sibi
758 866 895 927 divinitus
926 867 1094 948 impositum
1124 878 1248 928 excuser

157 963 254 1024 neque
280 957 374 1003 tamen
406 943 523 1003 libertas
553 944 609 1024 ipsi
631 944 699 1003 lleo
719 956 820 1023 erepta
849 943 919 1018 luit,
966 945 1100 1005 uotuiuus
1120 944 1248 1003 Seleuco:

157 1020 397 1102 iugratitudinem
417 1020 456 1079 ita
476 1019 603 1099 puniret.
641 1020 781 1080 Videmus
802 1039 874 1101 ergo
896 1032 928 1079 ut
979 1040 1039 1094 eus,
1059 1019 1212 1101 perlidiam
1233 1040 1248 1081 tt

158 1096 267 1170 leudo,
286 1096 482 1157 delectionem
503 1107 598 1156 tamen
618 1094 675 1155 alio
701 1096 760 1155 line
779 1097 854 1155 iuste
873 1095 960 1156 velit:
984 1097 1063 1157 unde
1083 1108 1113 1154 et
1132 1093 1248 1156 larober

157 1185 275 1252 praeter
293 1194 374 1251 spem
393 1193 474 1233 sacra
494 1172 635 1233 unctione
659 1171 820 1253 impellitur
842 1173 878 1232 ad
902 1180 1052 1255 regnum.¹
1082 1174 1149 1232 llac
1174 1172 1249 1231 ratio

159 1248 231 1309 dicit
254 1269 334 1310 sacca
361 1247 479 1308 historia
499 1248 538 1325 (l.
558 1248 633 1330 Reg.
654 1256 701 1322 11,
720 1250 793 1327 td),
813 1247 901 1308 luisse
920 1271 936 1311 a
956 1250 1024 1307 Deo
1044 1247 1214 1310 suscitatum
1234 1246 1248 1305 b

158 1336 243 1399 stem,
262 1325 312 1404 qui
325 1323 495 1384 Salomonis
513 1323 602 1384 filium
624 1337 742 1384 exueret
762 1326 845 1405 regui
886 1336 956 1385 arte.
995 1325 1163 1407 Diligenter
1174 1335 1248 1383 utrur

160 1422 219 1480 que
240 1401 406 1479 expendant
431 1399 573 1477 lectores,
602 1401 669 1479 qnia
694 1400 843 1479 placuerat
862 1347 929 1461 lieo
948 1402 1002 1461 sub
1023 1422 1110 1461 manu
1132 1400 1217 1460 unius
1241 1420 1248 1457 ι

159 1478 204 1613 gis
225 1477 381 1559 gubernari
400 1477 557 1557 populum:
582 1477 632 1536 ubi
657 1476 688 1535 in
709 1478 779 1537 dues
800 1490 894 1554 partes
915 1478 1071 1551 scinditur,
1096 1477 1161 1535 beri
1185 1486 1248 1536 cont

159 1554 237 1614 alius
257 1552 452 1614 voluntatem:
483 1563 513 1611 et
539 1564 636 1613 tamen
662 1552 698 1611 ab
724 1554 852 1613 eiusdem
877 1554 1029 1615 voluntate
1054 1553 1173 1613 initium
1203 1552 1248 1611 luis

160 1628 289 1690 divortii.
326 1630 402 1689 Nam
428 1640 509 1688 certe
535 1630 615 1707 quod
638 1628 807 1705 Iarobeam,
827 1629 900 1688 nibil
920 1630 977 1689 tale
998 1630 1193 1712 cogitantem,
1212 1628 1248 1686 Pr

182 1706 249 1766 beta
269 1718 299 1765 et
316 1725 392 1765 voce
411 1718 442 1765 et
460 1704 608 1765 unctionis
627 1715 735 1765 tessera
759 1707 795 1765 ad
819 1728 901 1787 spem
929 1708 1012 1788 regni
1044 1706 1199 1777 sollicitat,
1226 1726 1244 1761 n

160 1730 195 1843 bt
213 1782 271 1843 boc
290 1782 336 1842 vel
355 1783 466 1855 nescio,
485 1781 530 1841 vel
550 1780 643 1841 incito
656 1780 735 1855 Deo,
755 1783 805 1861 qui
825 1786 865 1843 ita
885 1783 947 1841 fieri
967 1783 1127 1841 mandarit:
1149 1792 1248 1861 ettam

160 1860 226 1919 iure
252 1859 405 1917 damnatur
428 1856 532 1938 populi
555 1856 698 1932 rebellio,
730 1859 809 1937 quod
830 1858 909 1919 velut
934 1860 1026 1920 inrito
1046 1860 1114 1919 Deo
1135 1879 1151 1918 a
1170 1854 1248 1915 bart

160 1936 285 2017 posteris·
306 1933 467 1995 desciverit.
513 1935 577 1993 Hae
600 1934 713 1994 ratione
738 1935 824 1994 etiam
850 1935 1004 1995 subiicitur
1031 1946 1132 2014 postea
1157 1932 1197 2011 (Ι.
1215 1930 1248 1990 tt«

160 2014 308 2090 12,15.),
333 2011 413 2090 quod
434 2010 601 2069 Rebabeam
627 2010 753 2090 superbe
774 2011 904 2091 despexit
923 2009 1024 2090 populi
1046 2030 1165 2089 preces,
1197 2008 1248 2067 boc

160 2088 229 2148 Deo
255 2087 361 2147 lactum
388 2105 466 2162 esse,
494 2099 527 2145 ut
550 2085 693 2146 stabiliret
711 2087 851 2163 verbum,
873 2089 951 2166 quod
974 2086 1248 2165 pronuntiaveratp

160 2184 279 2224 manum
298 2162 412 2222 Abibae
435 2164 511 2223 servi
535 2163 589 2222 sui.
639 2162 718 2223 Ecce
748 2175 782 2222 ut
811 2163 932 2225 uolente
951 2164 1019 2223 Deo
1043 2163 1189 2223 laceretur
1210 2180 1248 2221 sar

161 2239 273 2313 unitas,
304 2250 335 2297 et
361 2252 460 2299 tamen
484 2250 517 2298 ut
541 2237 646 2297 eodem
665 2239 785 2299 volente
811 2240 975 2299 alienentur
999 2261 1015 2299 a
1039 2239 1100 2298 filio
1121 2238 1249 2297 Salomon

162 2316 263 2375 decem
283 2314 384 2374 tribus.
428 2314 557 2374 Accedat
582 2312 676 2373 simile
700 2336 819 2395 quoque
845 2315 922 2375 aliud
943 2314 1121 2388 exemrlum,
1146 2314 1197 2373 ubi
1216 2332 1248 2372 co

161 2390 307 2451 sentiente
328 2389 453 2470 populo,
473 2391 532 2449 iuro
553 2412 653 2451 manus
673 2412 737 2452 suas
757 2392 932 2471 praebente,
952 2338 1121 2471 iugulantur
1143 2390 1194 2450 tilii
1212 2408 1248 2467 rep

161 2465 282 2540 Achab,
312 2478 341 2525 et
368 2466 576 2526 exterminatur
599 2478 662 2526 tota
687 2469 844 2547 progenies
868 2467 1163 2549 (ll.Reg.10,7.).
1212 2464 1248 2521 b't

162 2542 280 2622 quidem
300 2541 393 2602 refert
411 2542 503 2616 lebu,
521 2543 592 2602 nibil
613 2543 643 2602 in
669 2555 776 2603 terram
801 2546 937 2605 cecidisse
965 2567 999 2603 ex
1018 2545 1075 2603 Dei
1095 2540 1248 2604 serrunuibt

162 2619 213 2679 sed
238 2619 330 2698 ipsum
355 2618 456 2679 secisse
481 2619 619 2698 quicquid
646 2619 784 2699 loquutus
809 2620 905 2680 luerat
928 2642 982 2713 per
1005 2642 1124 2681 nreuum
1148 2619 1248 2679 serris

161 2693 253 2754 Eliae.
303 2695 343 2753 Et
372 2708 469 2755 tamen
502 2717 563 2755 non
587 2696 637 2756 abs
668 2716 701 2754 re
727 2700 801 2756 cives
828 2698 972 2757 Samariae
997 2698 1182 2787 perstringit,
1212 2712 1246 2773 qu

163 2792 283 2850 operam
302 2792 382 2832 suam
402 2773 644 2831 commodassent
676 2773 809 2847 „iustine
829 2777 908 2848 estis,
927 2774 1040 2853 iuquit?
1071 2773 1104 2832 Si
1125 2792 1197 2852 ergo
1217 2788 1248 2829 co

160 2846 253 2906 iurari
273 2859 375 2909 contra
396 2846 545 2907 dominum
566 2870 672 2921 meum,
693 2850 757 2928 quis
777 2850 830 2909 bos
851 2870 951 2908 omues
973 2848 1119 2910 occidit?“
1139 2848 1202 2907 lum
1221 2866 1248 2906 au

162 2922 285 3003 liquido,
305 2922 361 2983 nisi
380 2922 477 2997 lallor,
497 2924 630 3005 explicui,
642 2926 793 3004 quomodo
813 2926 842 2985 in
856 2927 959 2985 eodem
981 2944 1071 3004 opere
1093 2938 1151 2984 tam
1171 2944 1202 2983 se
1221 2942 1248 3001 pr

163 3000 213 3060 dat
233 3000 357 3061 bominis
376 3000 503 3076 crimen,
550 3023 614 3061 uam
640 3001 786 3094 refulgeat
804 3002 862 3060 Dei
883 3003 1003 3061 iustitia:
1032 3015 1062 3060 et
1086 2998 1248 3061 modestisi

163 3075 259 3209 geniis
289 3095 404 3137 semer
433 3075 503 3137 baec
566 3077 732 3158 ugustinr
764 3079 916 3156 responsio
949 3078 1076 3139 sufficiet
1108 3078 1167 3156 [ep.
1186 3080 1233 3139 48·

192 3097 384 3287 incentiumffz
415 3152 542 3227 „Quum
560 3154 650 3213 Pater
670 3153 820 3213 tradiderit
838 3155 960 3225 Filium,
987 3166 1016 3213 ct
1036 3154 1169 3214 Christus
1188 3170 1248 3229 corp

163 3250 280 3306 „suum,
300 3240 331 3286 et
366 3228 435 3289 udas
453 3229 632 3303 Dominum,
652 3252 704 3289 eur
723 3232 752 3289 iu
774 3230 827 3290 bae
847 3231 1004 3289 traditione
1023 3231 1103 3290 Deus
1125 3230 1169 3289 est
1193 3228 1247 3287 iust

164 3316 217 3380 „et
235 3303 327 3364 bomo
352 3326 435 3381 reus,
466 3305 521 3365 uisi
548 3308 614 3385 quia
639 3305 670 3363 iu
695 3325 726 3364 re
754 3327 826 3379 runa,
848 3329 932 3385 quam
955 3308 1106 3379 lecerunt,
1126 3322 1247 3367 causan

164 3400 243 3458 „una
269 3390 329 3454 est,
354 3378 393 3439 ob
415 3403 501 3460 quam
520 3381 699 3441 lecerunti'“
739 3383 771 3440 Si
800 3404 873 3461 quos
905 3396 1001 3442 autcru
1032 3382 1123 3464 magis
1154 3378 1248 3461 imped

165 3456 245 3535 quod
266 3476 344 3516 nuuc
365 3456 502 3532 dicimus,
522 3457 632 3517 nullum
654 3478 716 3518 esse
736 3458 792 3517 Dei
814 3481 878 3518 cum
899 3459 1018 3519 bomine
1038 3476 1248 3532 consensum,t

164 3530 213 3593 ltic
231 3531 308 3592 iusto
334 3529 412 3592 illius
435 3533 562 3613 impulsu
585 3535 646 3615 agit
666 3534 745 3625 quod
769 3534 906 3595 sibinen
934 3536 1014 3595 licet:
1048 3544 1198 3595 succurrat
1216 3552 1248 3611 qu

165 3605 235 3669 alibi
260 3608 399 3668 admouet
424 3608 502 3669 idem
522 3610 748 3691 Augustanus
779 3610 831 3690 [de
858 3612 949 3691 gratia
970 3624 1000 3671 ct
1024 3610 1076 3669 lib.
1096 3611 1160 3671 arb.
1181 3608 1248 3669 adl

164 3682 236 3745 lent.
256 3705 319 3763 cap.
339 3684 419 3763 20.]:
450 3686 554 3761 „Quis
580 3707 641 3746 non
665 3687 701 3745 ad
722 3686 775 3745 ista
793 3688 899 3747 iudicia
920 3688 1141 3762 contremiscat,
1164 3686 1247 3745 ubia

165 3760 268 3836 „Deus
293 3760 380 3819 etiam
405 3763 435 3819 in
456 3762 595 3823 cordibus
615 3762 756 3822 malorum
781 3764 918 3849 quicquid
938 3764 1015 3837 vult,
1039 3761 1165 3822 reddens
1190 3760 1229 3821 eis

178 3855 255 3911 ,tuen
275 3836 434 3896 secuudum
455 3857 557 3897 eorum
578 3838 725 3898 nrcritai“
773 3840 815 3898 bt
838 3851 918 3900 certe
944 3840 973 3899 in
995 3839 1085 3899 Iudae
1109 3837 1248 3918 perfidia}

165 3879 229 3972 bilo
256 3912 347 3994 magis
379 3913 420 3973 las
447 3914 518 3987 erit,
544 3914 659 3994 culpam
685 3914 802 3975 sceleris
828 3914 894 3976 Deo
914 3915 1072 3989 ascribere,
1105 3914 1172 3995 quia
1191 3908 1248 3972 Fili

166 4008 249 4049 suum
269 3999 300 4048 et
318 3987 392 4049 tradi
410 3988 504 4052 noluit
521 3989 592 4069 ipse,
614 4003 644 4049 et
662 3992 783 4051 tradidit
800 3991 831 4051 iu
848 4004 990 4052 mortem:
1011 4012 1097 4071 quam
1117 3989 1248 4079 redempt

165 4064 212 4129 nie
230 4062 345 4124 laudem
365 4066 400 4125 ad
419 4064 522 4125 ludam
541 4068 712 4127 transferre.
756 4068 860 4146 ltaque
880 4088 949 4127 vere
974 4067 1044 4129 alibi
1067 4067 1145 4126 idem
1170 4068 1248 4143 scrtpl

166 4138 315 4213 admonet,
333 4138 363 4199 iu
384 4142 441 4201 buc
461 4142 591 4201 examine
602 4143 699 4203 Deum
719 4164 781 4203 nou
800 4143 964 4222 inquirere,
979 4142 1049 4224 quid
1070 4134 1248 4221 potuerintl

166 4212 276 4290 mines,
300 4214 345 4276 rel
369 4218 439 4296 quid
464 4218 604 4294 iecerint,
626 4221 677 4279 sed
698 4221 768 4300 quid
787 4218 950 4297 voluerint,
975 4234 1007 4280 ut
1033 4220 1063 4278 iu
1085 4219 1248 4279 rationetut
