2596 4726
467 203 607 269 ΠΙΗΙ.
644 200 814 271 citant
1157 203 1218 269 ωδ

75 350 218 425 melones,
235 346 431 425 infirmitates,
448 347 584 409 voluntas
595 347 657 429 ipse
667 344 1021 426 succumberet,ideoqne
1029 360 1218 428 perseverare

76 448 140 489 non
162 439 295 508 possent.
309 462 318 481 ι
333 425 517 486 subventum
536 436 582 485 est
600 444 674 507 ergo
694 423 856 484 infirmitati
886 421 1044 484 voluntatis
1063 421 1217 498 bumanae,

76 515 111 563 ut
129 505 224 585 gratia
244 503 340 563 divina
358 500 604 563 indeclinabiliter
623 513 654 561 et
671 499 905 580 inseparabiliter
922 511 1069 581 ageretur,
1088 498 1217 578 ideoque

77 580 266 660 quantumvis
286 577 402 638 inbrinii
421 599 484 639 non
505 576 654 639 deficeret.
693 576 815 636 Tractat
834 574 939 636 deinde
959 574 1106 654 copiosius
1129 573 1215 654 (ibid.

77 656 235 737 tap.1⁴.),
253 654 406 735 quomodo
426 653 515 715 corda
535 664 636 714 nostra
655 653 713 713 Dei
733 651 887 712 afficientis
907 650 1071 712 necessario
1090 672 1217 731 sequan-

78 745 129 793 tur
148 744 278 792 motum:
309 730 441 799 a'cdicit
465 729 583 810 quidem
602 730 764 789 Dominum
790 728 923 789 homines
941 727 999 788 suis
1018 726 1216 788 voluntatibus

79 807 208 881 trabere,
225 807 278 869 sed
298 827 369 887 quas
387 810 452 887 ipae
471 818 609 885 operatus
629 817 683 865 est.
722 805 873 867 Habentur
891 825 971 863 nunc
990 802 1147 885 Augustini
1163 820 1217 864 ore

79 896 220 945 testatum
244 882 325 964 qnod
349 883 490 964 imprimis
511 882 649 943 obtinere
667 880 816 956 volumus,
847 901 908 941 non
935 880 1039 940 offerri
1063 891 1217 940 tantuma

79 960 215 1021 Domino
233 959 369 1051 gratiam,
387 979 462 1040 quae
482 958 574 1019 libera
595 960 735 1038 cuiusque
755 954 902 1017 electione
919 957 1147 1048 autrecipiat'ur,
1166 966 1217 1015 ant

80 1031 1218 1193 {ttrittttlttttstt’distilletttl‘t‘ss‘zttffitlttlt}

79 1191 169 1269 ipsius
188 1210 224 1249 ac
244 1188 384 1249 ellectus:
411 1208 465 1249 nec
485 1186 571 1247 aliam
592 1187 698 1253 babeat
717 1187 773 1247 sibi
793 1186 1007 1266 obsequentem
1023 1186 1216 1261 voluntatem,

80 1266 134 1326 iiiii
153 1286 243 1345 qnam
263 1264 353 1324 lecit·
381 1263 460 1325 Sunt
479 1267 556 1323 enim
577 1263 639 1324 eiiis
659 1284 778 1344 quoque
797 1263 886 1324 verba
907 1283 941 1321 es
959 1262 1017 1322 alio
1032 1262 1100 1323 loro
1116 1262 1217 1344 (epist.

79 1342 176 1421 timi
197 1340 320 1416 „Omne
339 1338 451 1400 bonum
470 1340 500 1398 in
522 1339 608 1400 nobis
627 1360 702 1420 opus
723 1340 842 1399 nonnisi
862 1338 984 1420 gratiam
1005 1339 1133 1399 lacere.“

153 1422 204 1481 14.
244 1416 337 1491 Quod
356 1429 453 1476 autem
472 1415 541 1476 alibi
562 1415 647 1490 dicit,
667 1437 728 1475 non
749 1416 815 1476 tolli
835 1415 929 1497 gratia
947 1416 1145 1489 voluntatem,
1163 1413 1216 1477 sed

80 1513 110 1553 ex
127 1492 209 1554 anila
228 1492 338 1553 mutari
356 1492 387 1551 in
407 1492 532 1568 bonam,
558 1503 589 1551 et
609 1514 698 1571 quum
718 1492 797 1555 bona
818 1491 917 1567 luerit,
935 1491 1077 1553 adiuvari:
1102 1493 1217 1572 signib-

80 1581 123 1629 cat
141 1568 446 1642 tantnm„bominem
467 1588 528 1630 non
548 1567 587 1627 ita
606 1568 682 1629 trabi
702 1580 734 1628 ut
753 1569 817 1629 sine
836 1580 920 1628 motu
940 1568 1047 1643 cordis,
1067 1572 1147 1648 qnasi
1166 1588 1217 1628 ex-

80 1655 182 1705 traneo
203 1644 331 1724 impulsu
351 1646 476 1704 feratur:
496 1644 546 1705 sed
567 1646 645 1705 intus
664 1645 803 1720 sicalfici,
822 1657 855 1704 ut
875 1665 909 1704 ex
924 1645 1015 1705 corde
1028 1644 1218 1722 obsequatur.

80 1719 258 1799 specialiter
275 1721 463 1801 gratuitoque
484 1720 584 1781 electis
605 1720 676 1795 dari,
694 1721 725 1780 in
747 1721 824 1781 bunc
844 1720 964 1780 modurn
986 1721 1021 1780 ad
1032 1722 1217 1781 Bonifatium

80 1796 182 1857 scribit
200 1796 310 1877 (Epist.
330 1799 426 1872 lffil²
466 1797 607 1871 „Scimus
630 1818 692 1857 non
719 1797 855 1858 omnibus
882 1796 1049 1857 bominibus
1075 1796 1138 1857 dari
1157 1796 1218 1859 liei

79 1871 239 1953 „gratia-r
274 1884 304 1932 et
327 1872 432 1952 quibus
453 1873 553 1947 datur,
585 1892 683 1952 neque
701 1874 859 1933 secundnm
879 1874 982 1932 merita
1001 1893 1125 1953 operum
1146 1872 1219 1950 dari,

79 1968 198 2029 „neque
217 1948 379 2009 secundum
399 1952 502 2010 merita
521 1949 689 2022 voluntatis,
708 1950 758 2008 sed
777 1949 1017 2041 gratuitagratia:
1038 1950 1218 2029 quibusnori

78 2026 198 2100 „datur,
217 2023 325 2085 scimus
343 2027 421 2084 iusto
440 2025 499 2085 Dei
517 2025 627 2084 indicio
648 2046 710 2084 nnn
731 2025 825 2086 dari.“
854 2026 899 2085 Ac
918 2027 948 2086 in
969 2028 1072 2086 eadem
1093 2027 1218 2106 epistole

79 2102 198 2161 sortiter
218 2119 282 2161 eam
303 2101 474 2180 opinionem
499 2102 667 2182 impugnat,
698 2121 773 2181 qnae
801 2100 954 2175 bominum
979 2102 1217 2179 meritislsubse-

97 2188 219 2237 nentem
240 2178 361 2258 gratiam
382 2178 465 2239 reddi
484 2189 583 2270 putat:
634 2179 680 2237 nia
704 2179 824 2269 primam
850 2182 972 2268 gratiam
992 2200 1053 2239 non
1074 2198 1218 2258 respuen·

78 2197 133 2326 io,
152 2272 184 2313 se
202 2253 308 2334 dignos
328 2256 536 2337 praestiterint
575 2201 648 2313 Viilt
667 2275 744 2314 enim
764 2255 915 2337 Pelagium
936 2256 1035 2331 lateri,
1052 2256 1140 2316 nobis
1148 2276 1217 2339 gra-

78 2330 154 2389 tiani
171 2329 363 2390 neeessariam
384 2349 447 2389 esse
466 2331 502 2391 ad
520 2328 648 2411 singulas
672 2333 817 2407 actiones,
845 2353 942 2411 neque
966 2332 1106 2413 operibus
1130 2333 1217 2393 retri-

80 2406 145 2479 bui,
162 2425 222 2485 quo
240 2404 279 2466 iit
297 2426 367 2466 vere
386 2405 490 2487 gratia.
549 2408 608 2467 Sed
640 2406 775 2469 breviore
801 2430 909 2468 sumnia
934 2409 1143 2489 mimprebeia'i
1168 2429 1216 2469 res

79 2503 142 2542 non
164 2492 280 2562 potest,
313 2503 400 2561 quarn
421 2503 455 2541 eir
475 2495 579 2544 octavo
600 2485 695 2619 capite
716 2483 782 2543 libri
801 2486 838 2545 ad
858 2485 1063 2560 Valentinum,
1094 2486 1216 2546 decos·-

77 2562 208 2633 repiioiie
226 2571 253 2617 rt
267 2562 385 2633 mein:
408 2560 460 2618 ubi
480 2561 604 2640 primum
647 2574 729 2636 oret,
749 2559 840 2634 Quod
861 2562 985 2639 bumana
1006 2563 1140 2622 voluntas
1153 2583 1216 2623 nori

78 2636 217 2697 libertate
247 2636 387 2715 gratiam,
417 2636 467 2695 sed
494 2637 586 2719 gratia
612 2649 808 2717 consequatur
836 2638 1017 2699 libertatem:
1056 2640 1135 2717 quod
1162 2658 1216 2719 per

78 2712 203 2772 eandem
218 2712 339 2793 gratiam
353 2712 493 2791 impresso
507 2713 709 2774 delectationis
718 2713 837 2790 aflectu,
858 2717 892 2775 ad
905 2716 1129 2796 perpetuitatem
1141 2736 1215 2776 con·

79 2788 240 2848 formetur:
274 2788 352 2866 quod
374 2789 562 2868 insuperabili
581 2791 756 2851 fortitudine
776 2791 945 2850 roboretur.
987 2792 1078 2866 Quod
1098 2793 1144 2850 illa
1161 2813 1215 2874 gu·

77 2864 242 2936 bernante,
271 2885 420 2955 nunquam
442 2866 568 2925 excidat:
599 2867 763 2941 deserente,
783 2870 916 2947 protinus
937 2880 1063 2927 corruat.
1123 2867 1215 2943 Quod

76 2941 208 3024 gratuita
227 2940 351 3000 Domini
370 2941 585 3014 misericordia,
614 2956 643 3002 et
667 2945 701 3003 ad
729 2944 839 3004 bonum
861 2956 1059 3004 convertatur:
1093 2956 1124 3002 et
1143 2964 1216 3004 con·

77 3038 177 3090 versa,
198 3017 230 3075 in
252 3018 316 3095 ipso
338 3031 515 3097 perseveret.
573 3021 664 3093 Quod
688 3021 847 3080 voluntatis
874 3021 1014 3081 humanae
1039 3021 1164 3080 directio
1182 3022 1215 3081 in

77 3094 204 3166 bonum,
224 3105 255 3152 ct
275 3106 342 3174 post
362 3094 554 3155 directionem
575 3097 747 3169 constantia,
768 3119 801 3156 ex
820 3099 882 3157 sola
901 3097 960 3155 Dei
979 3097 1128 3156 voluntate
1142 3117 1215 3177 pen·

79 3171 162 3243 deat,
193 3169 346 3235 nonullo
373 3191 426 3230 suo
447 3172 563 3231 merito.
621 3174 664 3233 lta
686 3174 797 3234 homini
817 3175 875 3233 tale
894 3174 1071 3252 relinquitur
1090 3174 1215 3234 liberum

76 3246 234 3306 arbitrium
255 3246 299 3321 (si
318 3246 465 3326 appellare
485 3250 524 3307 ita
546 3248 655 3325 libet),
681 3251 765 3329 quale
793 3250 862 3310 alibi
886 3251 990 3311 scribit
1020 3252 1121 3330 (epist.
1141 3254 1215 3328 tn),

78 3324 160 3401 qnod
181 3344 239 3383 nec
259 3325 294 3381 ad
315 3324 411 3382 Deum
432 3327 574 3398 converti,
594 3348 649 3386 ricc
669 3326 699 3384 in
720 3327 787 3387 Deo
810 3328 982 3409 persistere,
1002 3328 1056 3391 iiisi
1075 3348 1129 3410 per
1148 3347 1215 3412 gra·

77 3404 161 3479 dam,
180 3401 291 3481 possiti
312 3402 440 3484 agritia
459 3401 552 3464 valeat
571 3401 711 3485 quicquid
731 3404 816 3464 valet.

464 3656 720 3731 CAPUT
769 3655 831 3730 IV.

134 3831 333 3907 Quomodo
354 3846 529 3912 operetur
547 3833 647 3895 Deus
666 3831 702 3893 in
723 3832 896 3897 cordibus
916 3833 1094 3896 bominum
1114 3834 1158 3911 ⁶).

149 4009 215 4062 'rm
232 4024 293 4063 erint
310 4007 386 4062 liuius
404 4007 501 4079 Capitis
518 4010 674 4081 praecipuae
691 4025 786 4081 partes:
814 4015 844 4081 1)
864 4015 903 4064 An
921 4012 1019 4082 aliquid
1037 4010 1063 4064 in
1081 4009 1155 4062 milii
1166 3990 1216 4063 ‘ac-

79 4094 197 4145 tionibus
215 4109 239 4145 et
256 4109 382 4163 quantum
395 4094 454 4150 Deo
472 4096 638 4148 tribuendum
657 4097 696 4158 iit,
714 4097 821 4149 diabolo
838 4097 898 4148 iterii
909 4112 934 4149 et
947 4096 1055 4157 bomini,
1070 4109 1129 4148 sect
1142 4098 1215 4149 1-5.

466 4208 1001 4220 .—.————-v·—-—-—-———---—-n
1007 4209 1036 4215 --·
1045 4208 1050 4215 ¹
1154 4205 1190 4215 ⁸⁸-

151 4260 181 4330 ⁸)
206 4261 267 4313 lilio
286 4277 402 4332 respectu
428 4263 491 4316 baec
507 4263 623 4316 tractarit
652 4263 697 4319 lib.
715 4266 737 4319 l.
756 4286 778 4326 c.
797 4267 837 4321 18.
853 4286 872 4319 i.
888 4267 914 4319 2
936 4290 970 4304 -
1005 4261 1063 4314 vid.
1082 4261 1152 4313 Celv·
1170 4262 1222 4315 eda.

85 4348 170 4382 ieritis
187 4328 334 4383 Libertinos
351 4351 373 4385 c.
390 4334 430 4389 15.
448 4347 473 4384 et
490 4330 530 4389 16.
