2700 4732
449 260 526 323 tm.
545 260 602 323 111.
644 262 732 326 esu.
752 260 860 325 xxiv.
995 220 1001 229 ¹
1167 270 1225 336 ies

90 404 159 466 binc
177 425 233 465 uos
254 362 365 466 discere
385 404 479 466 voluit
498 375 647 480 Christus,
675 405 730 467 nisi
750 418 783 467 ut
801 389 981 468 confidamus
1000 386 1145 487 perpetuo
1165 430 1221 473 not

89 482 158 544 lore
178 481 281 557 salvos,
301 483 368 562 quia
387 482 462 543 illius
480 482 571 544 semel
593 482 661 543 lacti
679 480 796 543 snmus?

168 565 195 622 7.
234 559 274 618 At
293 559 424 638 quotidie
444 557 558 634 accidit,
578 571 612 619 ut
630 560 680 639 qui
698 558 871 619 videbantur
890 579 953 620 esse
963 556 1084 635 Christi,
1103 582 1217 623 rursum

90 631 229 693 deficiant
248 628 288 694 ab
307 655 353 708 cn,
373 647 404 695 et
422 647 571 695 corruant.
610 634 674 693 lmo
694 654 730 695 eo
752 636 761 694 i
783 655 816 696 so
836 634 915 710 loco,
934 634 985 696 ubi
1004 635 1105 696 asserit
1126 639 1217 698 nemi·
1316 680 1319 686 -

89 729 159 769 neni
185 711 303 790 periisse
323 731 356 770 ex
382 712 426 786 iis,
447 712 497 791 qui
524 711 579 771 sibi
608 711 731 770 al‘atie
771 712 810 770 ati
831 711 961 786 lucrant,
993 709 1100 791 excipit
1117 724 1216 774 tamen

89 784 180 846 filium
201 787 384 865 perditionis.
403 822 441 834 -
480 789 590 846 Verum
611 800 654 848 est
673 786 701 847 iil
714 787 845 866 quidem:
866 787 1027 879 sedatque
1047 788 1132 848 etiam
1154 810 1218 850 cer·

89 872 163 933 tum,
184 882 331 942 nunquam
352 884 385 923 ea
406 863 502 924 cordis
522 863 626 923 fiducia
647 862 717 923 tales
731 862 849 925 Cbristo
869 863 1040 938 adhaesisse,
1060 886 1115 956 qua
1129 865 1216 929 nobis

89 936 243 998 *lectionis
276 939 479 999 certitudinem
504 939 625 999 stabiliri
657 939 734 999 dico.
781 940 945 1015 „Exierunt
964 960 980 999 e
1000 938 1087 1001 nobis
1106 942 1218 1022 (inquit

88 1012 216 1074 loannes
235 1015 259 1073 l.
280 1036 324 1096 ep.
344 1015 535 1093 2,19.),sed
556 1035 572 1074 e
592 1014 677 1075 nobis
696 1036 757 1074 nnn
777 1027 870 1076 erant
909 1016 942 1075 Si
962 1015 1083 1079 luissent
1102 1018 1178 1077 enim
1199 1039 1217 1079 e

89 1090 189 1161 nobis,
209 1092 430 1169 permansissent
450 1093 550 1172 ntique
570 1091 755 1153 nobiscum.‘⁴
792 1092 855 1151 Nec
873 1091 989 1153 inficior
1000 1091 1070 1171 quin
1091 1092 1218 1156 babeant

88 1166 251 1227 vocationis
282 1169 385 1228 similia
411 1190 475 1227 cum
501 1168 600 1228 electis
625 1166 722 1248 signa:
756 1167 806 1228 sed
838 1164 908 1227 illud
933 1179 1044 1228 certum
1064 1166 1216 1233 electionis

89 1241 335 1318 stabilimentum,
360 1245 439 1324 quod
464 1245 563 1304 fideles
583 1266 599 1304 a
618 1243 712 1303 verbo
732 1242 884 1326 Evangelii
924 1257 1005 1304 etere
1026 1243 1134 1321 iubeo,
1157 1245 1214 1309 illis

89 1318 211 1377 mininie
230 1320 372 1380 concedo.
424 1319 624 1395 Quamobrem
646 1320 786 1383 eiusmodi
807 1266 934 1399 exempla
959 1341 1140 1413 nequaquam
1160 1343 1215 1385 nos

112 1408 294 1487 ermoveant,
314 1397 467 1476 quominus
488 1397 516 1455 in
538 1394 660 1455 Domini
674 1396 907 1531 promissionem
928 1395 1076 1476 tranquilli
1100 1418 1216 1459 recum-

110 1491 209 1544 amus,
241 1471 291 1531 ubi
320 1474 492 1552 pronuntiat
521 1494 537 1533 a
562 1472 648 1531 Patre
693 1484 757 1533 atos
782 1492 843 1533 esse
868 1472 923 1531 sibi
944 1492 1056 1545 omnes,
1074 1494 1090 1533 a
1110 1474 1215 1553 quibus

89 1566 160 1606 vera
180 1546 237 1606 fide
257 1548 407 1631 recipitur:
434 1570 557 1629 quorum
579 1568 682 1618 nemo,
703 1568 734 1608 se
755 1547 875 1608 custode
896 1570 930 1607 ac
949 1559 1081 1628 pastore,
1100 1552 1214 1628 peritu-

89 1643 138 1682 rus
158 1622 195 1682 sit
215 1624 274 1702 (10.
294 1630 314 1688 3
334 1629 380 1689 16.
399 1636 430 1684 et
448 1632 476 1698 6,
486 1626 557 1702 39)
596 1624 642 1682 De
662 1625 733 1683 Iuda
755 1647 820 1685 mox
840 1624 1042 1700 dicetur(sect.
1053 1627 1106 1702 9.).
1135 1625 1214 1687 Pau-

88 1697 135 1758 lus
155 1719 215 1757 non
241 1667 401 1779 simplicem
424 1701 608 1761 securitatem
629 1699 800 1760 Christianis
820 1700 979 1775 dissuadet,
1006 1700 1056 1760 sed
1081 1702 1213 1791 supinam

89 1795 124 1835 ac
143 1773 265 1835 solutam
286 1779 380 1836 carnis
399 1777 599 1853 securitatem,
627 1798 700 1867 quae
722 1777 839 1849 lastum,
859 1776 1068 1857 arrogantiam,
1089 1775 1213 1840 aliorum

89 1862 291 1931 contemptum
312 1874 409 1912 secum
428 1854 538 1927 trahat,
562 1852 751 1912 humilitatem
773 1853 861 1913 exstin
887 1864 949 1927 nat,
968 1872 1001 1912 ac
1021 1853 1213 1915 reverentiam
1309 1917 1313 1928 ,

89 1927 160 2002 Dei,
179 1939 372 2008 acceptaeque
391 1931 500 2010 gratiae
520 1927 697 1988 oblivionem
719 1930 836 1988 inducat
854 1872 955 2008 (llum.
967 1934 1014 2001 11,
1024 1927 1097 2007 to).
1128 1928 1213 1989 Gen-

89 2002 156 2074 tiles
175 2007 252 2063 euim
271 2004 329 2064 allo
352 2005 439 2077 uitiir,
460 2026 532 2084 quos
553 2005 656 2077 docet,
683 2026 742 2065 non
764 2026 825 2065 esse
841 2005 956 2065 ludaeis
973 2004 1099 2085 superbe
1119 2018 1150 2064 et
1167 2006 1213 2066 in-

89 2080 256 2140 bnmaniter
273 2026 483 2156 insultandum,
510 2080 576 2139 ideo
598 2085 664 2159 quia
689 2081 757 2160 ipsis
783 2080 922 2142 abdicatis
942 2081 971 2139 in
992 2100 1093 2140 eorum
1114 2079 1210 2142 locum

89 2155 238 2217 substituti
258 2169 363 2217 essent.
410 2158 560 2217 Timorem
582 2177 700 2236 quoque
720 2157 851 2235 requirit,
872 2178 931 2216 non
953 2177 1011 2236 quo
1032 2159 1212 2218 consternati

89 2231 243 2307 vacilleut,
268 2233 318 2292 sed
339 2233 388 2313 qui
413 2234 447 2292 ad
476 2233 685 2312 suspiciendam
706 2232 855 2292 humiliter
875 2234 931 2292 Dei
973 2232 1070 2292 ratiam
1092 2255 1145 2293 nos
1165 2238 1213 2293 iii-
1281 2302 1286 2313 ‚

89 2310 222 2376 stitutus,
242 2309 312 2368 nibil
333 2329 366 2368 ex
386 2310 447 2370 eius
468 2309 571 2368 fiducia
591 2309 746 2368 diminuat:
768 2253 1009 2387 quemadmodum
1022 2308 1212 2373 alibidictum

89 2396 142 2445 est.
181 2385 265 2445 Adde
285 2385 363 2477 quod
384 2407 443 2444 non
464 2384 607 2466 singulos,
633 2385 682 2465 sed
704 2385 864 2465 generatim
884 2399 975 2447 sectas
996 2387 1004 2444 i
1025 2406 1068 2445 sas
1088 2385 1145 2447 allo
1169 2388 1212 2447 ui-

89 2475 138 2523 tur
156 2461 210 2539 (cl'.
233 2461 255 2520 1.
277 2463 503 2536 bor.10,12.).
543 2463 615 2520 Nam
637 2481 724 2541 quum
747 2461 834 2521 divisa
854 2474 930 2521 esset
954 2406 1072 2522 ecclesia
1094 2462 1123 2520 in
1144 2408 1212 2524 duas

89 2552 202 2620 partes,
233 2552 262 2598 et
286 2539 440 2600 aemulatio
466 2539 610 2598 dissidium
631 2550 761 2617 pareret,
782 2538 921 2598 admonet
938 2537 1045 2599 Paulus
1066 2537 1211 2616 Gentiles,

89 2615 170 2696 quod
189 2614 341 2695 subrogati
360 2627 427 2674 sunt
448 2614 593 2673 inlocum
615 2615 766 2694 peculiaris
787 2626 817 2673 et
839 2616 931 2674 sancti
956 2611 1075 2695 populi,
1099 2616 1211 2675 timoris

89 2704 119 2753 et
139 2691 297 2751 modestiae
317 2692 425 2750 debere
445 2691 499 2749 illis
520 2711 716 2751 essecausam.
756 2690 846 2768 Atqui
868 2691 1006 2749 intereos
1025 2689 1108 2748 multi
1128 2703 1213 2750 erant

89 2770 213 2838 ventosi,
233 2789 356 2847 quorum
376 2767 446 2826 utile
469 2767 523 2825 luit
540 2767 654 2825 inanem
676 2767 836 2825 iactantiam
857 2768 1021 2825 retundere.
1054 2765 1211 2824 Caeterum

89 2844 299 2916 alibividimus,
318 2865 398 2924 spem
419 2855 546 2902 nostram
568 2845 597 2900 iii
620 2842 746 2900 futurum
768 2854 880 2920 tempus
891 2842 1017 2912 extendi,
1037 2841 1122 2899 etiam
1137 2840 1212 2901 ultra

89 2932 229 2993 mortem,
250 2941 302 2979 nec
328 2923 482 2999 quicquam
504 2921 591 3000 magis
611 2918 787 2977 contrarium
808 2937 869 2977 esse
889 2919 949 2978 eins
970 2930 1102 2988 naturae,
1122 2938 1209 2997 quani

89 2997 236 3079 ambigere
257 2996 326 3075 quid
348 2998 382 3056 de
403 2996 488 3055 nobis
510 2995 636 3054 loturum
657 2997 703 3054 sit.

164 3080 191 3138 tt
231 3073 284 3132 llla
305 3073 413 3133 Christi
434 3073 577 3131 sententia
597 3070 713 3147 (tisiih.
733 3072 869 3146 22,1d.)
900 3067 936 3129 de
967 3067 1064 3129 multis
1090 3069 1210 3147 vocatis,

89 3152 186 3233 paucis
205 3162 302 3209 autem
323 3150 432 3225 electis,
452 3148 575 3226 pessime
596 3148 624 3206 in
647 3167 712 3205 eum
732 3147 849 3207 modum
869 3145 1009 3225 accipitur
1027 3144 1096 3223 [vid.
1116 3144 1164 3205 lib.
1181 3151 1209 3212 3.

89 3250 113 3288 c.
133 3233 161 3289 2.
180 3248 202 3285 s.
221 3232 268 3291 11.
290 3238 320 3285 et
339 3227 406 3317 12.].
444 3223 523 3283 Nihil
544 3226 599 3282 erit
622 3223 788 3305 ambiguum
813 3223 836 3283 si
858 3234 1000 3296 tenemus,
1020 3222 1098 3301 quod
1120 3222 1209 3282 debet

89 3325 123 3363 ex
148 3302 344 3394 superioribus
374 3302 501 3379 liquere,
534 3298 678 3379 duplicem
709 3318 770 3359 esse
801 3297 960 3359 vocationis
985 3297 1120 3378 speciem..
1158 3298 1211 3359 Est

89 3378 167 3440 enini
188 3377 354 3439 universalis
373 3378 502 3468 vocatio,
526 3397 582 3467 qua
606 3395 659 3510 ppt
685 3388 830 3435 externam
856 3374 938 3434 verbi
963 3370 1211 3454 praedicationem

89 3474 192 3518 omnes
220 3456 331 3534 pariter
361 3455 395 3514 ad
426 3475 456 3514 se
482 3463 583 3512 invitat
638 3472 701 3511 eus:
733 3452 819 3513 etiam
839 3450 943 3530 quibiis
968 3470 1030 3510 eam
1057 3451 1086 3509 in
1108 3452 1209 3511 mortis

89 3532 229 3608 odorein,
257 3543 286 3591 et
305 3529 446 3612 gravioris
464 3527 716 3590 condemnationis
736 3528 884 3587 materiam
911 3528 1059 3606 proponit.
1097 3526 1150 3586 Est
1168 3526 1209 3586 al·

89 3621 150 3668 tera
169 3607 311 3700 specialis,
332 3628 388 3686 qua
408 3604 595 3699 utplurimum
614 3604 693 3664 solos
712 3602 810 3663 fideles
824 3603 972 3683 dignatur:
994 3602 1061 3663 dum
1074 3602 1209 3663 interiori
1230 3590 1235 3609 ⁸

89 3683 133 3746 sui
147 3682 271 3765 Spiritus
291 3682 504 3743 illuminatione
524 3680 623 3755 efficit,
638 3693 669 3739 ut
681 3679 799 3739 verbum
816 3674 1011 3758 praedicatum
1021 3698 1122 3737 eorum
1142 3698 1209 3737 cor·

89 3761 170 3822 dibus
191 3761 322 3820 insideat.
362 3759 511 3818 interdurn
531 3769 628 3816 tamen
650 3776 700 3816 eos
720 3776 836 3836 quoque
857 3755 925 3815 facit
949 3754 1114 3845 participes,
1135 3775 1208 3833 quos

89 3837 121 3899 td
141 3850 256 3917 tempus
281 3836 420 3895 duntaxat
450 3834 607 3894 illuminat:
640 3832 744 3893 deinde
771 3845 839 3893 sua'e
863 3829 1078 3912 ingratitudinis
1101 3829 1208 3891 merito

89 3914 209 3985 deserit,
235 3925 266 3971 et
286 3913 387 3971 maiori
407 3912 533 3992 percutit
551 3910 702 3970 coecitate.
744 3908 807 3969 lam
826 3929 915 3987 quum
934 3906 1046 3966 videret
1064 3906 1209 3968 Dominus

89 3989 279 4077 Evangeliqm
297 3989 355 4049 late
374 3989 521 4071 longeque
542 3984 693 4066 publicari,
711 4006 728 4047 a
746 3984 877 4065 piuriniis
898 3982 1079 4062 contemptui
1098 3981 1209 4059 baberi,

89 4065 163 4146 apud
205 4086 293 4124 aucos
319 4068 393 4124 iusto
415 4067 445 4123 in
466 4064 561 4144 pretio
582 4083 660 4123 esse:
686 4062 782 4121 Deum
802 4060 855 4121 sub
880 4058 956 4142 regis
976 4079 1101 4137 persona
1122 4057 1208 4125 nobis

89 4086 227 4202 describit
246 4142 365 4220 (ttaiitr.
385 4147 433 4216 22,
452 4140 512 4216 2),
531 4141 580 4218 qui
601 4137 763 4199 convivium
782 4136 915 4197 sollenne
935 4135 1103 4210 instituens,
1122 4155 1207 4201 voca·

89 4234 167 4280 tores
186 4239 253 4278 suns
274 4219 497 4296 circumquaque
516 4219 622 4291 mittat,
642 4214 678 4274 ad
696 4234 829 4295 magnam
848 4210 963 4273 turbam
983 4209 1174 4285 inritandam,
1191 4230 1208 4271 a
1289 4284 1295 4291 ι

89 4292 264 4376 paucissimis
289 4305 386 4354 tamen
411 4294 567 4372 impetrare
592 4303 693 4371 queat,
725 4290 791 4381 quia
810 4310 865 4370 pro
891 4309 921 4351 se
941 4286 1063 4368 quisque
1085 4285 1209 4377 impedi-

89 4380 183 4433 nenta
212 4381 360 4433 causetur:
393 4381 427 4430 ut
456 4370 572 4431 tandein
602 4365 800 4430 recusantibus
831 4364 1042 4508 il1li1s·cogatnr
1072 4383 1090 4423 e
1117 4364 1211 4422 trimis
