2700 4732
126 226 184 295 aet
221 229 224 237 '
506 224 580 283 Llll.
601 225 654 282 IV.
695 225 783 287 cite.
804 224 885 284 xvi.
907 259 911 270 ·

188 369 249 445 Ι19·
288 364 436 447 Atfides,
469 368 622 447 inquiunt,
646 390 705 444 per
728 367 870 440 nuditum,
902 367 983 427 cuius
1015 365 1154 424 nondum
1186 387 1269 423 usum

127 436 225 521 adepti
244 454 326 517 sunt,
356 465 411 504 nec
430 444 497 503 Deo
519 445 728 536 cognoscendo
749 467 831 524 pares
852 466 913 503 esse
934 454 1062 521 queunt,
1120 462 1179 498 uos
1198 440 1269 499 boni

125 515 211 577 simul
232 518 349 596 etmali
367 520 472 579 notitia
493 521 649 589 destitutos
669 523 756 580 docet
776 524 873 580 Moses
892 519 996 598 (Dent.
1010 525 1040 591 1,
1050 464 1129 594 :iel
1157 517 1268 575 Verum

126 614 190 654 non
209 595 443 656 animadvertunt
464 596 650 676 Apostolum,
670 620 759 676 quum
780 598 910 655 auditum
933 595 999 653 fidei
1018 595 1207 672 principium
1229 593 1269 651 fa-

127 668 178 743 cit,
198 670 372 733 ordinariam
393 685 505 734 tantuin
526 676 582 733 Dei
608 674 811 734 oeconomiam
834 686 864 732 et
884 671 1154 750 dispensationem,
1181 691 1269 750 quam

124 757 228 806 tenere
247 748 277 806 in
297 750 436 809 vocandis
454 752 511 810 suis
531 750 616 820 solet,
637 751 819 809 describere:
841 770 900 808 non
921 761 1017 807 autem
1039 759 1224 826 perpetuam
1244 746 1268 803 ei

125 824 257 959 reg'ulam
268 829 469 904 praestituere,
490 847 526 885 ne
538 827 593 886 alia
605 829 648 885 nti
664 827 779 886 ratione
801 826 899 906 possit.
933 824 1003 897 Quo
1016 823 1112 881 modo
1136 835 1222 881 certe
1241 822 1267 879 in

123 911 284 979 mutorum
305 905 460 963 vocatione
481 926 545 964 usiis
568 914 625 975 est,
655 924 728 982 quos
747 904 889 963 interiore
909 902 1017 976 niodo,
1044 898 1183 978 Spiritus
1205 898 1266 958 illu·

125 975 303 1053 minatione,
334 979 413 1039 nulla
443 980 646 1039 intercedente
671 979 903 1058 praedicatione,
931 998 995 1036 vera
1020 975 1066 1036 sni
1089 975 1266 1057 cognitione

126 1052 256 1115 donavit.
296 1055 446 1129 Quoniam
466 1068 562 1116 antem
589 1056 672 1116 valde
692 1056 848 1116 absurdum
870 1055 934 1113 fore
955 1065 1077 1143 putant,
1099 1052 1125 1111 si
1147 1051 1266 1110 infanti·

125 1127 179 1191 bus
199 1130 343 1190 tribuatur
362 1131 562 1215 ullacognitio
575 1133 642 1205 Dei,
663 1153 736 1211 quos
758 1133 829 1192 boni
850 1142 881 1189 et
900 1131 966 1189 mali
986 1128 1190 1209 intelligentia
1203 1129 1266 1187 ito-

125 1226 170 1265 ses
194 1207 302 1285 privat:
330 1208 526 1289 respondeant
551 1229 657 1288 quaeso
684 1209 769 1280 milii,
795 1208 863 1287 quid
889 1206 1014 1287 periculi
1033 1206 1072 1264 sit
1092 1204 1119 1264 si
1141 1204 1265 1283 aliquam

125 1281 186 1341 eius
204 1283 313 1364 gratiae
337 1297 450 1367 partem
475 1307 554 1345 nunc
573 1287 707 1364 accipere
727 1286 877 1356 dicantur,
908 1283 987 1341 cuins
1013 1282 1104 1361 plena
1131 1280 1266 1362 largitate

124 1357 212 1437 patilo
238 1372 305 1439 post
337 1362 542 1442 perfruentur?
591 1363 664 1421 Nain
695 1363 718 1421 si
748 1363 825 1420 vitae
856 1358 1008 1439 plenitudo
1042 1356 1183 1436 perfecta
1211 1355 1264 1414 Dei

124 1435 296 1516 cognitione
316 1451 444 1499 constat:
471 1461 559 1518 quum
586 1459 687 1497 eorum
710 1439 860 1509 nonnulli,
887 1456 961 1515 quos
979 1435 1076 1514 prima
1100 1437 1203 1492 statim
1224 1434 1265 1490 in-

124 1509 215 1571 fantia
235 1511 303 1574 binc
327 1535 407 1575 mors
431 1515 554 1594 abripit,
586 1517 615 1574 in
637 1514 722 1574 vitam
748 1526 898 1573 aeternam
925 1522 1094 1579 transcant,
1130 1510 1168 1568 ad
1199 1530 1267 1569 con·

124 1589 321 1669 templandam
346 1603 427 1650 certe
446 1592 502 1651 Dei
531 1592 631 1651 facicm
680 1592 918 1650 raesentissimam
945 1586 1143 1679 recipiuntur.
1183 1587 1269 1659 Quos

124 1683 197 1746 ergo
218 1664 306 1745 pleno
327 1665 398 1727 lucis
417 1689 484 1727 snae
505 1667 621 1749 fulgore
648 1612 841 1727 illustraturus
863 1678 906 1724 est
924 1665 1091 1736 Dominus,
1126 1684 1183 1723 cur
1209 1682 1268 1721 non

123 1739 157 1803 iis
178 1760 297 1822 quoque
317 1744 347 1802 in
370 1765 521 1825 praesens,
552 1746 575 1804 si
595 1745 634 1803 ita
655 1743 788 1816 libuerit,
821 1743 921 1833 exigua
941 1739 1069 1800 scintilla
1099 1739 1270 1799 irradiaret:

123 1818 293 1896 praesertim
313 1821 337 1879 si
359 1843 417 1880 non
440 1834 507 1880 aute
528 1822 605 1881 exuit
624 1823 701 1898 ipsos
723 1821 904 1901 ignorantia,
925 1839 1011 1895 quam
1033 1816 1130 1893 eripit
1150 1837 1187 1875 ex
1208 1836 1269 1874 ear·

123 1897 169 1956 nis
188 1895 353 1976 ergastulo?
392 1899 459 1956 Non
482 1899 560 1976 quod
586 1900 687 1956 eadem
713 1917 774 1956 esse
795 1896 852 1953 fide
878 1893 1028 1974 praeditos
1047 1903 1171 1951 temere
1194 1892 1271 1951 affir-

122 1971 311 2044 marevelim,
330 1995 413 2051 quain
435 1975 465 2032 in
487 1974 572 2034 nobis
594 1974 766 2052 experimur,
788 1970 972 2031 automnino
993 1968 1110 2028 liabere
1133 1969 1271 2028 notitiam

122 2046 192 2108 fidei
210 2047 332 2108 similem
357 2051 451 2128 (quod
475 2050 505 2108 in
526 2071 666 2129 suspenso
688 2049 854 2127 relinquere
874 2046 983 2120 malo):
1011 2065 1120 2105 seium
1143 2058 1181 2105 ut
1203 2046 1272 2105 isto-

122 2145 187 2185 rum
207 2124 342 2184 stolidam
362 2127 557 2207 arrogantiam
580 2124 725 2204 paululum
746 2145 914 2198 coerceam,
947 2123 1012 2199 qui,
1044 2133 1143 2200 prout
1170 2122 1273 2182 inflata

96 2220 99 2224 ’
122 2199 179 2275 illis
198 2201 291 2262 bucca
313 2201 411 2278 fuerit,
430 2223 532 2262 secure
552 2203 664 2282 quidvis
685 2214 734 2261 aut
754 2213 864 2282 negant
883 2211 933 2258 aut
952 2208 1100 2257 asserunt.
1201 2202 1207 2217 “

136 2280 139 2287 '
198 2284 245 2340 20.
287 2278 396 2338 Verum
410 2300 469 2357 quo
483 2279 576 2339 adbuc
589 2279 708 2340 validius
730 2279 782 2338 liae
802 2289 884 2356 parte
906 2275 1052 2350 insistant,
1075 2275 1274 2349 subnectunt,

121 2352 300 2432 Baptismnm
327 2355 528 2433 poenitentiae
553 2378 586 2415 ac
613 2357 681 2415 fidei
704 2365 915 2415 sacramentnm
943 2371 1020 2410 esse:
1055 2372 1158 2430 quare
1184 2374 1273 2432 quani

124 2440 234 2506 neutra,
253 2429 284 2501 iii
311 2431 446 2492 tenellam
474 2432 625 2491 infantiam
647 2433 745 2506 cadat,
771 2430 929 2490 carendum
950 2447 1004 2501 ne,
1024 2428 1049 2486 si
1072 2429 1107 2486 in
1131 2428 1173 2487 Ba
1198 2430 1273 2489 tismi

123 2505 361 2565 communionem
387 2509 572 2582 admittatur,
599 2509 693 2567 inanis
719 2521 749 2568 et
769 2506 888 2564 evanida
917 2503 1059 2562 reddatur
1080 2505 1163 2586 signi
1185 2506 1272 2563 catio.

124 2578 165 2641 At
190 2581 266 2640 enim
291 2581 362 2643 baec
387 2584 442 2643 tela
471 2589 499 2644 in
521 2585 617 2643 Deum
643 2585 733 2665 magis
759 2604 844 2661 quam
872 2583 900 2639 in
923 2602 976 2639 nos
998 2580 1180 2660 diriguntur.
1220 2579 1269 2637 Si·

125 2657 242 2738 quidem
264 2670 293 2716 et
312 2660 562 2723 circumcisionem
584 2661 672 2721 fuisse
692 2658 893 2740 poenitentiae
914 2659 1042 2737 signum,
1066 2657 1166 2716 multis
1186 2655 1270 2713 Scri-

125 2747 231 2814 ptiirae
253 2736 427 2801 testimoniis
454 2740 715 2829 compertissimum
743 2749 785 2795 est
805 2736 877 2809 (ler.
898 2742 925 2796 t.
946 2745 976 2791 ct
996 2733 1099 2809 alibi).
1153 2733 1272 2792 lleinde

126 2833 142 2870 a
169 2810 260 2871 Paulo
287 2828 473 2894 nuncupatur
492 2815 636 2896 „sigillum
662 2813 787 2875 iustitiae
815 2812 901 2871 fidei‘
922 2810 1025 2885 (Rom.
1045 2819 1077 2883 l,
1102 2815 1177 2883 11.).
1228 2809 1273 2868 Ab

125 2887 190 2967 ipso
217 2888 318 2968 itaque
334 2889 401 2951 Deo
426 2892 501 2952 ratio
528 2895 667 2973 erigatur,
688 2913 739 2952 cur
760 2911 821 2948 eam
843 2888 995 2945 infantium
1020 2889 1211 2965 corporibus
1231 2887 1273 2946 iii·

125 2963 215 3024 scribi
235 2964 359 3037 iusserit.
403 2968 476 3028 Post
499 2990 561 3027 uam
583 2970 659 3027 enim
681 2969 709 3026 in
731 2968 830 3025 eadem
851 2976 918 3022 sunt
939 2984 1023 3021 causa
1045 2963 1227 3042 Baptismus
1246 2975 1275 3021 et

128 3040 336 3118 Circumcisio,
366 3032 431 3104 h'uic
457 2989 528 3104 nibil
554 3045 622 3103 dare
668 3056 769 3104 assunt
789 3042 867 3119 qnod
891 3062 949 3098 non
976 3039 1064 3096 alteri
1088 3040 1183 3099 simul
1207 3061 1275 3099 con·

126 3117 240 3189 cedant.
285 3119 322 3177 si.
343 3119 379 3178 ad
398 3120 515 3182 solitum
536 3067 701 3180 cunieufiim
722 3130 903 3198 respectant,
929 3116 1071 3195 figuratos
1096 3130 1165 3175 tum
1190 3117 1274 3176 fuisse

127 3212 180 3274 pei·
207 3193 347 3256 infantiae
373 3210 497 3257 aetatem
517 3196 679 3278 spirituales
708 3197 848 3266 infantes,
882 3195 937 3252 iam
959 3191 1119 3252 obstructa
1148 3206 1196 3253 est
1223 3193 1275 3253 illis

127 3270 181 3331 iia.
229 3270 359 3332 Dicimus
385 3294 473 3355 ergo,
505 3296 592 3353 quum
620 3272 879 3333 circumcisionem
906 3269 1116 3348 poenitentiae
1147 3271 1273 3349 fideique

127 3359 336 3408 sacramentum
363 3349 523 3410 infantibus
545 3351 624 3410 Deus
645 3348 882 3421 communicarit,
909 3366 967 3404 nou
989 3345 1085 3403 videri
1110 3347 1273 3406 absurdum

126 3424 151 3485 si
171 3445 249 3483 nunc
268 3423 406 3503 Baptismi
426 3427 584 3506 participes
603 3426 688 3486 liant:
713 3425 768 3483 nisi
815 3422 887 3481 alain
913 3425 940 3479 in
963 3421 1019 3478 llei
1042 3423 1272 3484 institutionem

127 3499 299 3561 debacchari
319 3501 424 3579 placet.
449 3504 560 3563 Verum
580 3525 644 3563 cum
666 3506 696 3560 in
717 3502 772 3560 Dei
793 3447 875 3558 larris
896 3497 1049 3570 omnibus,
1072 3512 1140 3558 tuni
1164 3502 1197 3559 in
1221 3501 1273 3559 boc

127 3578 333 3667 quoque-ipso
356 3579 424 3638 satis
449 3580 628 3658 sapientiae,
652 3579 793 3649 iustitiae,
819 3577 853 3634 ad
879 3574 1077 3633 retundendas
1107 3577 1272 3654 impiorum

127 3652 358 3714 obtrectationes
386 3656 508 3715 relucet.
553 3658 624 3716 Nam
645 3656 698 3714 etsi
723 3653 863 3723 infantes,
889 3672 946 3785 ipio
975 3652 1273 3713 circumcidebantur

127 3742 294 3804 momento,
319 3730 389 3809 quid
414 3732 470 3792 sibi
491 3733 578 3791 vellet
597 3733 711 3813 signum
732 3730 802 3789 illud
829 3729 897 3788 intel
912 3727 1021 3808 igentia
1042 3729 1109 3785 non'
1135 3748 1273 3809 compre·

127 3806 312 3869 hendebmtt:
332 3826 400 3868 iere
418 3820 515 3868 tamen
532 3807 815 3868 circumcidebantur
835 3807 864 3864 in
886 3817 1002 3862 naturae
1022 3823 1096 3862 suae
1112 3818 1272 3885 corruptae

39 3914 43 3923 «
128 3904 162 3942 ac
181 3884 395 3944 contaminatae
416 3885 681 3958 mortificationem,
701 3905 785 3964 quain
807 3882 895 3940 adulti
916 3892 1017 3958 postea
1040 3881 1271 3941 meditarentur.

127 3958 367 4039 Deoiqsenaiillo
388 3961 511 4042 negotio
530 3961 607 4021 solii·
623 3972 720 4039 potest
740 3959 869 4018 obiectio
890 3957 977 4028 liaec,
996 3956 1156 4045 Baptieari
1179 3959 1211 4016 in
1229 3958 1270 4017 fu·

130 4049 224 4099 turam
246 4039 455 4117 poenitentiam
476 4050 506 4096 et
529 4036 630 4098 fidem:
654 4056 727 4116 quae
753 4035 805 4094 etsi
832 4035 959 4093 nondum
985 4032 1014 4089 in
1041 4031 1101 4092 illis
1124 4034 1270 4094 formatae
1302 4070 1306 4083 ·

130 4126 329 4188 suun-arcana
348 4112 446 4175 mincii
466 4113 592 4192 Spiritus
613 4113 785 4192 operatione
805 4112 954 4200 utriusque
975 4127 1074 4167 semen
1096 4109 1129 4167 in
1152 4109 1213 4169 illis
1234 4109 1269 4169 la·
1299 4109 1302 4126 '

105 4190 285 4288 1tet-..linc
304 4192 496 4283 responsione
516 4188 606 4249 semel
624 4189 776 4262 evertitur,
796 4186 932 4267 quicquid
951 4185 1105 4244 adversum
1127 4205 1189 4245 nos
1211 4198 1269 4246 tor·

124 4255 225 4362 ζεστῆ-
241 4265 408 4346 aBaptuiiii
426 4265 451 4339 si
492 4265 640 4327 ibertione
659 4265 792 4345 petitum.
833 4261 929 4335 Quale
949 4272 993 4321 est
999 4259 1149 4351 elogium,
1171 4283 1236 4341 qno
1253 4279 1268 4319 a

104 4320 123 4380 Ρ
175 4337 224 4401 nlo
243 4341 416 4423 insignitur,
434 4282 490 4405 ubl
504 4352 591 4406 vocat
609 4342 772 4420 „lavacrum
792 4336 1023 4422 regenerationis
1042 4347 1073 4397 et
1092 4330 1266 4415 reseratio·
