2700 4732
468 172 862 275 mmmm
1181 210 1239 278 sn

101 357 249 418 mordicus
268 354 403 435 arreptis:
424 353 535 428 „Oculi
554 357 611 415 Dei
631 355 741 428 vident,
759 354 901 416 Ascendit
919 352 956 414 ad
975 351 1037 415 eins
1056 371 1150 429 eum,
1169 351 1235 414 bla-

101 456 157 493 nus
178 434 238 494 eins
258 444 384 504 extenta,
404 430 498 491 Terra
517 430 676 493 scabellum
697 429 805 510 pedum
819 431 917 491 eius:“
937 428 1136 502 clamitabant,
1157 426 1234 510 eripi
1330 430 1336 449 “

101 511 170 570 Deo
191 530 298 589 corpus
317 530 411 582 suum,
431 507 511 586 quod
533 510 560 567 ei
580 508 733 587 Scriptura
752 510 885 588 assignat
926 506 993 595 liae
1017 506 1084 588 lege
1103 517 1234 586 recepta,
1293 522 1304 535 ⁸

102 585 236 647 immanis
256 583 404 645 barbaries
425 595 515 643 totam
535 585 603 643 fidei
624 583 718 643 lucem
739 583 854 643 obruet.
895 583 981 718 quae
1001 582 1078 643 enim
1098 582 1233 655 absurdi-

104 675 197 722 tatum
217 673 345 721 monstra
366 659 496 720 fanaticis
515 659 684 720 bominibus
705 658 812 724 elicere
832 680 894 719 non
925 659 1027 735 icebit,
1045 658 1069 719 si
1088 656 1143 718 illis
1165 678 1232 737 per·
1301 728 1304 733 ¹

102 738 241 810 mittitur,
260 734 390 818 singulos
402 739 499 814 apices
517 735 697 797 stabiliendis
716 734 773 795 suis
814 735 904 795 lacitis
915 735 1064 796 obiicere?
1083 768 1122 783 ·-
1142 732 1237 808 Quod

103 811 265 888 obiiciunt,
289 833 349 870 non
371 830 433 871 esse
452 812 623 884 verisimile,
654 833 743 891 quum
765 757 898 895 Christus
917 807 1068 891 Apostolis
1086 808 1235 893 singulare

101 902 220 968 pararet
239 889 268 948 in
289 888 377 949 rebus
397 888 522 949 adversis
536 888 684 961 solatium,
702 887 894 968 aenigmatice
919 887 1075 978 loquutum
1099 906 1167 961 osse
1188 885 1237 949 rel

104 966 240 1040 obscure,
260 986 315 1044 pro
336 964 421 1024 nobis
442 964 518 1024 iacit
557 965 620 1025 Nisi
640 966 717 1024 enim
731 962 880 1043 hpostolis
901 975 1027 1024 venisset
1044 964 1076 1043 in
1094 974 1236 1039 mentem,

125 1063 209 1101 anem
229 1042 328 1101 vocari
347 1041 470 1121 figurate
490 1063 615 1121 eorpus,
634 1039 701 1120 quia
720 1039 886 1131 symbolum
906 1051 982 1101 esset
1000 1038 1153 1119 corporis,
1172 1051 1237 1099 tnr-

104 1064 166 1177 lari
186 1116 362 1177 hauddubie
382 1116 504 1176 inissent
523 1138 555 1176 re
576 1130 632 1177 tarn
654 1117 830 1197 prodrgiosa.
868 1116 982 1176 Eodem
1002 1116 1064 1175 lere
1083 1127 1236 1178 momento

104 1206 206 1272 narrat
223 1194 360 1268 loannes,
378 1193 409 1250 in
428 1193 555 1253 minimis
575 1194 679 1273 quihus
702 1213 739 1253 ue
751 1189 969 1252 difficultatibus
989 1191 1143 1272 perplexos
1163 1191 1235 1252 hae-

102 1271 171 1330 sisse
191 1268 308 1348 (Io.1l‚
324 1277 351 1334 5.
369 1282 400 1329 et
419 1275 448 1333 8.
462 1282 493 1328 et
508 1276 555 1343 16,
572 1271 644 1348 17.).
682 1214 745 1345 bui
764 1288 862 1329 secum
882 1268 1062 1348 disceptant,
1083 1264 1235 1348 quomodo

102 1347 196 1406 iturus
216 1347 253 1405 rit
273 1345 405 1407 Christus
430 1346 466 1405 ad
485 1346 618 1417 Patrem,
648 1356 677 1404 et
697 1344 897 1424 quaestionem
921 1356 1056 1418 movent,
1080 1344 1234 1425 quomodo

102 1421 233 1483 abiturus
252 1423 289 1481 sit
310 1442 326 1480 e
345 1422 467 1493 mundo,
487 1422 536 1501 qui
556 1423 592 1481 dc
613 1421 699 1480 Patre
719 1420 840 1481 coelesti
861 1420 933 1479 nihil
961 1441 1075 1496 corum,
1116 1442 1168 1482 uae
1189 1420 1235 1480 di·

103 1510 221 1571 cuntur,
241 1497 423 1579 intelligunt,
444 1498 538 1558 donec
559 1519 624 1557 enm
635 1497 772 1557 viderint:
793 1496 944 1576 quomodo
963 1509 1023 1557 tam
1043 1444 1142 1558 faciles
1161 1495 1236 1558 luis·

102 1588 169 1635 sent
188 1575 224 1634 ad
245 1574 433 1648 credendum,
453 1574 532 1653 quod
552 1573 688 1654 repudiat
706 1575 800 1633 omniu
821 1574 912 1648 ratio,
938 1573 1087 1634 Christum
1107 1572 1234 1634 discum-

102 1651 175 1710 bere
196 1651 226 1708 in
246 1670 345 1710 mensa
364 1649 417 1709 sub
444 1664 603 1729 conspectu
621 1669 674 1710 suo
695 1662 726 1710 et
743 1649 920 1710 invisibilem
939 1649 1049 1710 includi
1066 1648 1120 1710 sub
1140 1649 1237 1730 pane?

105 1727 197 1801 Quod
218 1747 248 1784 er
272 1747 289 1785 o
311 1746 414 1805 panem
439 1724 501 1785 sine
527 1727 713 1787 dubitatione
739 1726 854 1786 edendo
879 1746 1052 1787 consensum
1078 1748 1161 1787 snum
1187 1739 1235 1786 te-

102 1814 228 1875 stantur,
249 1747 315 1861 hinc
335 1813 457 1881 apparet
469 1802 584 1879 eodem,
597 1822 656 1882 quo
677 1823 741 1877 nos,
760 1823 847 1864 sensu
860 1801 1003 1895 accepisse
1016 1801 1126 1864 Christi
1135 1801 1236 1880 verba,

105 1880 172 1956 quia
192 1877 247 1938 illis
260 1880 398 1953 occurrit,
411 1878 491 1957 quod
511 1879 542 1938 in
562 1879 705 1959 mysteriis
725 1899 786 1938 non
800 1879 890 1940 dehet
908 1879 1000 1940 videri
1019 1878 1159 1954 insolens,
1178 1894 1235 1938 no*

104 1975 172 2012 men
198 1954 242 2013 rei
265 1955 394 2034 signatae
417 1955 502 2037 signo
527 1955 692 2016 transcribi.
743 1955 832 2016 Certa
863 1955 952 2036 igitur
977 1967 1007 2015 et
1031 1954 1155 2016 dilucida
1179 1954 1236 2016 luit

105 2029 175 2089 disci
199 2031 251 2091 ulis
272 2030 449 2103 consolatio,
470 2043 503 2090 ut
522 2032 607 2091 nohis
628 2042 687 2112 cst,
708 2030 788 2091 nullo
809 2033 974 2112 aenigmate
993 2031 1150 2112 implicita:
1178 2050 1235 2093 nec

104 2053 195 2166 aliud
201 2128 301 2167 causae
322 2119 375 2179 est,
396 2129 448 2166 cur
467 2129 483 2167 a
503 2121 601 2169 nostra
622 2107 865 2186 interpretatione
885 2108 1000 2188 quidam
1020 2107 1160 2183 resiliant,
1180 2107 1236 2169 nisi

104 2183 185 2260 quod
205 2205 256 2243 cos
277 2182 442 2247 excoecavit
461 2183 580 2244 Diaboli
599 2185 777 2260 incantatio,
797 2205 902 2264 nempe
922 2197 955 2244 ut
973 2185 1169 2266 aenigmatum
1189 2194 1236 2244 te-

103 2259 210 2329 nebras
229 2258 283 2319 sihi
303 2258 425 2340 lingant,
444 2260 495 2319 ubi
515 2260 603 2320 obvia
622 2272 666 2319 est
680 2261 841 2321 concinnae
851 2261 960 2342 figurae
972 2261 1238 2341 interpretatio.-

104 2335 260 2395 Praeterca
279 2336 302 2395 si
322 2357 352 2394 m
373 2336 467 2397 verbis
491 2338 620 2415 praecise
645 2337 803 2410 insistitur,
848 2358 981 2417 erperam
1007 2336 1084 2398 aliud
1103 2357 1237 2399 seorsum

105 2411 142 2469 de
164 2432 238 2492 pane
257 2412 439 2492 praedicaret
459 2413 603 2488 Christus,
631 2434 717 2492 quam
742 2414 778 2473 de
799 2359 895 2474 calice.
933 2414 1043 2474 Panem
1063 2425 1148 2476 vocat
1169 2434 1236 2475 cor·

104 2508 175 2565 pus,
196 2489 293 2547 vinum
313 2500 398 2549 vocat
415 2488 602 2571 sanguinem:
629 2501 680 2549 aut
704 2489 825 2552 confusa
845 2491 901 2551 erit
920 2488 1085 2573 battologia
1110 2500 1161 2550 aut
1179 2490 1237 2550 erit

103 2565 236 2641 partitio,
256 2585 330 2643 quae
350 2586 455 2645 corpus
475 2588 491 2626 a
510 2566 652 2647 sanguine
662 2566 777 2627 dividat.
815 2567 880 2627 Imo
902 2578 961 2626 tem
980 2588 1051 2628 rere
1072 2565 1185 2626 dicetur
1198 2565 1236 2625 de

103 2641 211 2715 calice,
242 2641 309 2701 Hoc
329 2654 373 2701 est
393 2664 498 2720 corpus
517 2664 631 2718 meum,
651 2664 738 2721 quam
759 2643 795 2703 de
815 2663 890 2723 pane
911 2644 988 2722 ipso:
1022 2656 1053 2704 et
1071 2641 1235 2723 praedicari

102 2716 228 2776 vicissim
247 2719 373 2795 poterit,
392 2739 497 2797 panem
518 2739 579 2779 esse
598 2721 778 2799 sanguinem.
823 2720 855 2778 Si
875 2719 1082 2798 respondeant,
1101 2729 1236 2798 speetan·
1328 2782 1331 2789 ,

106 2791 175 2850 dum
197 2813 275 2866 esse,
294 2792 325 2850 in
343 2815 431 2927 poem
457 2795 543 2852 linem
564 2794 609 2852 vel
636 2817 719 2854 usum
744 2795 874 2853 instituta
897 2796 955 2854 sint
974 2793 1121 2873 symbola,
1140 2793 1237 2854 fateor
1325 2834 1329 2847 ·

104 2867 136 2926 id
157 2868 289 2946 quidem:
310 2889 340 2926 se
380 2870 491 2928 interea
511 2870 632 2928 minime
643 2871 807 2949 expedient,
826 2869 896 2949 quin
909 2890 1010 2931 corum
1031 2891 1115 2931 error
1134 2870 1237 2930 absur-

105 2943 174 3002 dum
197 2945 253 3003 hoc
272 2963 369 3003 secum
390 2945 500 3017 trahat,
527 2947 636 3004 Panem
658 2966 719 3005 esse
743 2952 914 3027 sanguinem
942 2959 972 3008 et
996 2944 1094 3006 vinum
1120 2967 1171 3006 cor
1194 2967 1236 3007 us.

101 3020 168 3079 Iam
189 3019 259 3100 quid
280 3019 336 3079 hoc
356 3019 411 3080 sibi
432 3020 511 3094 velit,
532 3021 648 3094 neseio,
667 3043 756 3101 quum
776 3044 822 3082 res
843 3021 969 3083 diversas
990 3042 1052 3084 esse
1072 2967 1237 3084 concedant

126 3117 209 3156 anem
231 3110 260 3154 et
271 3118 386 3175 corpus,
406 3116 534 3155 asserere
554 3109 661 3172 tamen,
681 3096 802 3159 alterum
817 3099 852 3158 de
868 3099 961 3159 altero
982 3099 1103 3192 proprie
1123 3112 1153 3159 et
1172 3098 1237 3160 sine

103 3120 197 3256 dgnra
217 3173 391 3252 praedicari:
412 3173 469 3232 acsi
491 3174 552 3253 quis
573 3173 812 3246 dieerehvestem
832 3176 950 3254 quidem
963 3176 1103 3237 dreersam
1116 3195 1178 3238 esee
1198 3175 1236 3236 eh

104 3252 225 3311 homine
246 3262 276 3309 et
301 3262 397 3309 tamen
422 3251 543 3329 proprie
563 3252 662 3309 vocari
684 3249 840 3311 hominem.
879 3253 996 3313 Interea
1016 3252 1096 3332 qnasi
1115 3253 1147 3312 in
1167 3274 1237 3332 per-

104 3328 211 3387 tinacia
232 3339 262 3386 et
282 3326 422 3387 conviciis
442 3325 562 3384 victoria
583 3325 639 3386 illis
658 3326 712 3386 sita
733 3340 818 3401 esset,
839 3328 987 3390 Christum
1007 3328 1134 3389 accusari
1153 3350 1238 3390 men·

106 3404 180 3462 dacii
200 3403 315 3477 dicunt,
340 3404 363 3462 si
384 3402 713 3482 quaeriturverbornm
738 3403 952 3484 interpretatio.
994 3404 1055 3465 Iam
1076 3405 1238 3466 lectoribus

105 3479 235 3536 indicare
255 3493 423 3557 promptum
444 3481 515 3552 erit,
541 3499 624 3558 quam
645 3478 781 3540 iniustam
801 3481 888 3541 nobis
907 3479 1041 3540 iniuriam
1062 3481 1170 3559 saciant
1188 3481 1237 3541 isti

104 3554 281 3634 syllabarum
300 3577 371 3614 aucu
396 3576 440 3628 es,
466 3555 533 3614 dnm
558 3555 702 3634 simplices
727 3556 863 3617 imbuunt
888 3556 940 3618 hac
966 3557 1125 3647 opinione,
1149 3556 1236 3617 iidem

105 3652 161 3690 nos
189 3630 340 3689 detrahere
368 3578 479 3691 dhrisci
506 3631 617 3702 verbis,
649 3652 724 3710 quae
755 3632 866 3693 furiose
896 3632 934 3693 ab
959 3633 1017 3693 illrs
1048 3635 1176 3713 perverti
1202 3655 1238 3695 ac

105 3705 265 3797 conlundi,
290 3727 306 3766 a
330 3706 416 3767 nobis
441 3719 538 3767 autem
563 3706 688 3766 fideliter
712 3729 745 3768 ac
771 3709 871 3770 dextre
898 3709 1032 3791 explicari
1053 3710 1238 3772 demonstra·

103 3806 209 3844 vrrnus.

182 3866 229 3922 24.
269 3858 327 3918 Sed
352 3881 413 3920 non
439 3872 537 3939 potest
556 3859 651 3921 huius.
663 3860 807 3934 mendacii
826 3861 944 3923 infamia
965 3864 1079 3942 penitus
1098 3862 1239 3947 abstergi,

104 3936 162 3996 nisi
183 3937 277 3994 diluto
298 3937 390 3996 altero
412 3939 548 3996 crimine:
572 3959 627 3997 nos
647 3937 725 3995 enim
751 3939 856 3998 rationi
882 3940 1023 3999 humanae
1042 3939 1085 3999 ita
1104 3939 1237 4004 addictos

104 4034 168 4072 esse
188 4013 306 4087 iactant,
327 4026 358 4072 ut
378 4013 468 4072 nihilo
490 4014 553 4094 plus
571 4013 731 4074 tribuamus
749 4013 807 4074 Dei
827 4017 990 4095 potentiae,
1010 4036 1096 4094 quam
1116 4027 1236 4077 naturae

106 4089 182 4150 ordo
203 4090 314 4167 patitur
335 4102 364 4148 et
382 4090 470 4148 dictat
487 4091 647 4150 communis
659 4111 769 4150 sensus.
809 4091 836 4150 lt
855 4103 913 4151 tam
934 4091 1074 4172 improbis
1087 4091 1238 4165 calumniis

105 4186 238 4245 provoco
270 4166 305 4226 ad
338 4167 428 4225 isam
448 4166 626 4240 doctrinam,
646 4188 731 4258 guam
758 4166 878 4227 tradidi:
908 4187 982 4247 quae
1013 4168 1079 4228 satis
1111 4162 1239 4229 dilucide

106 4242 250 4317 ostendit,
276 4262 323 4301 me
348 4188 404 4302 hoc
429 4243 597 4324 mysterium
617 4245 735 4303 minime
757 4243 879 4306 rationis
902 4243 1046 4304 humanae
1064 4244 1155 4311 modo
1174 4263 1249 4317 ψει,

104 4319 156 4377 tiri
180 4317 225 4376 vel
244 4332 365 4397 naturae
385 4318 500 4402 legibus
525 4318 677 4386 subiicere.
723 4318 874 4399 Obsecro,
898 4341 936 4384 an
955 4340 989 4383 ex
1014 4318 1145 4404 physicis
1159 4318 1237 4383 didi·

133 4417 353 4465 &triumuirum
371 4420 402 4467 n.
438 4408 450 4433 ⁴
994 4400 1034 4466 27
