2596 4726
404 199 417 209 ’
441 209 517 271 ΗΒ.
536 208 580 271 11.
606 208 709 273 etta.
729 208 786 271 111.
1117 212 1174 276 tut

38 366 83 417 est
101 354 166 416 eius
186 354 283 431 sedes,
303 354 471 416 arctissimis
482 354 604 419 vinculis
617 354 779 435 constringi
799 372 918 413 neeesse
937 364 990 415 est
1027 353 1091 414 Nee
1103 372 1195 415 vero.

38 434 127 493 aliter
143 444 298 492 constaret
322 431 393 492 illud
413 432 512 506 Pauli,
538 432 634 490 Deum
655 452 717 491 esse
739 433 787 510 qui
808 430 882 490 velle
907 431 938 489 in
963 430 1049 492 nobis
1069 432 1176 512 opera·

38 522 98 585 tur,
117 507 143 569 ai
164 509 368 588 quavolnutas
410 508 578 568 raeeeder‘et
592 508 719 586 Spiritus
730 510 850 589 gratiam
868 506 996 584 (Philo,
1008 510 1079 585 ta).
1117 509 1175 569 Fa·

40 596 135 647 cusat
152 584 245 665 igitur
255 530 406 665 quicquid
413 586 450 644 de
470 585 693 664 praeparatione
713 584 794 643 nrulti
813 582 914 664 nugati
934 597 1013 644 suut:
1034 585 1101 665 quia
1122 585 1177 646 etsi

41 661 190 723 interdum
217 673 324 740 petunt
348 661 445 721 fideles
465 683 518 721 cor
542 661 596 719 sibi
622 661 741 719 formari
757 661 796 720 sd
817 660 904 741 Legis
924 660 980 719 Dei
1001 661 1176 741 obsequium

41 739 103 817 (es
122 746 173 811 st,
193 744 243 801 12
262 737 347 797 sicuti
367 738 460 797 David
482 737 613 817 pluribus
634 736 730 812 locis),
746 739 906 796 notandum
927 749 1023 797 tamen
1045 752 1098 813 est,
1118 739 1177 799 hoe

62 833 161 896 noque
183 814 324 893 precandi
345 814 518 873 desiderium
540 835 554 872 a
576 812 641 872 Deo
663 834 738 873 esse:
760 815 839 892 quud
861 834 894 870 ex
915 815 975 871 eius
996 814 1092 875 verbis
1111 815 1177 875 eol·

54 911 134 975 igere
154 888 237 949 lieet.
280 890 353 949 ttan
381 912 469 968 quum
490 900 574 969 optet
598 891 629 948 in
656 910 687 949 se
712 908 765 949 eor
789 889 929 948 muudum
955 890 1062 965 crea‘ri,
1096 902 1177 951 certe

44 967 200 1030 creationis
221 966 337 1026 initium
357 966 411 1027 sibi
432 988 492 1025 non
519 977 645 1047 arrogat
690 967 762 1024 ldeo
782 966 858 1046 apud
884 985 939 1025 uos
965 967 1063 1044 potios
1083 969 1178 1028 valeat

44 1044 111 1103 illud
130 1043 295 1123 Augustini
315 1043 369 1123 [de
389 1043 484 1102 verbis
505 1042 606 1121 Apost.
626 1052 714 1102 se'rm.
734 1042 811 1122 to.]:
832 1042 1027 1116 „Praeveniet
1047 1055 1077 1103 te
1095 1044 1177 1105 Deus

46 1122 93 1194 „io
116 1122 274 1179 omnibus:
307 1121 444 1198 praeveni
470 1131 500 1179 et
532 1133 562 1178 tu
593 1119 630 1178 ali
654 1119 749 1179 uaddo
776 1121 838 1177 eius
862 1119 942 1177 iram.
994 1118 1177 1193 Quomodo?

46 1198 221 1273 „Confitere
242 1197 296 1256 ista
316 1197 446 1256 omnies
469 1196 534 1255 Deo
555 1207 584 1254 te
603 1141 725 1254 halese:
752 1194 889 1274 quiequid
906 1195 986 1254 ltoni
1006 1196 1094 1256 habes
1115 1216 1178 1257 esse

46 1273 96 1347 „ab
115 1274 200 1354 ipso:
229 1293 245 1333 a
272 1285 317 1346 te,
341 1273 479 1351 quicquid
505 1284 558 1332 est·
574 1273 675 1332 mali.“
725 1270 763 1331 Et
787 1270 875 1351 paulo
901 1282 984 1352 post:
1016 1275 1178 1350 „Nostrum

10 1432 12 1457 Ι
47 1349 110 1409 ailril
129 1351 189 1412 nisi
210 1354 395 1430 peccatum.“

415 1701 689 1773 ,CAPUT
738 1706 798 1776 111.

78 1896 125 1958 ει
156 1904 343 1977 corrupta
361 1868 533 1957 'hominis
565 1908 698 1958 natura
723 1897 818 1958 otuu
844 1895 1142 1958 autumnoue

534 1991 698 2070 prodire.

105 2166 197 2223 fluioa
223 2165 323 2237 Capitis
346 2180 429 2237 partes
452 2167 624 2237 praecipuae:
649 2167 680 2236 1)
694 2157 945 2239 ’‘iruxeqltlolmoss
965 2166 1060 2237 prioris
1084 2166 1180 2237 capitia,

50 2252 371 2317 buitu'aintelligentiam
384 2264 409 2303 et
421 2252 579 2303 voluntatem
595 2253 745 2305 testimoniis
757 2274 776 2306 a.
789 2244 939 2322 scripturae
953 2255 1019 2305 adeo
1031 2267 1180 2322 corruptam

50 2339 234 2413 stephana,
246 2349 276 2388 ut
284 2335 312 2387 in
324 2335 398 2387 nullo
406 2335 457 2388 iam
468 2336 576 2390 inveniri
585 2339 674 2406 possit,
683 2353 728 2389 aut
735 2336 871 2402 integritas,
881 2350 925 2387 aut
935 2336 1032 2398 notitia,
1049 2350 1094 2388 aut
1102 2336 1182 2389 timor

50 2422 104 2486 nd,
118 2436 181 2477 sect.
199 2422 225 2475 1.
243 2434 270 2473 et
284 2421 310 2473 ‘l-
328 2448 360 2461 -
394 2421 426 2489 2)
444 2421 570 2474 Adversus
591 2422 751 2490 superiorem
770 2421 929 2482 doctrinam,
951 2422 1128 2473 obiectionum
1147 2422 1181 2475 de

48 2506 196 2569 virtuu‘bna,
218 2522 288 2575 quae
310 2506 338 2557 in
359 2504 492 2556 nonnullis
511 2503 625 2558 Etltuieis
642 2508 789 2567 eluxerunt,
816 2505 923 2567 dilutio,
945 2518 1004 2557 sect.
1020 2507 1045 2560 ἃ
1063 2520 1089 2558 et
1104 2506 1129 2558 4.
1147 2500 1180 2547 2—

46 2592 76 2659 ³)
91 2591 189 2661 Qualia
205 2590 234 2643 iat
253 2589 375 2650 homine,
392 2589 490 2658 peccati
507 2609 596 2650 servo,
613 2591 730 2640 voluntas
748 2603 864 2650 maneat,
880 2602 939 2641 sect
956 2593 993 2651 5..
1015 2590 1181 2660 eiusdemque

46 2676 192 2730 remedium
211 2688 236 2726 et
252 2675 354 2736 sanitas,
368 2689 429 2727 sest.
447 2673 470 2727 6.
486 2701 521 2712 -
538 2672 718 2743 sophistarum
728 2673 982 2743 Neopelsgianorum
1000 2676 1033 2727 de
1051 2676 1181 2728 humanae

10 2774 12 2789 ¹
45 2761 186 2813 volutantia
203 2760 402 2829 praeparatione
418 2772 444 2810 et
460 2758 583 2821 efficatia,
598 2758 658 2810 item
677 2760 709 2810 de
727 2759 928 2827 perseverantiae
946 2771 971 2810 et
986 2758 1065 2824 gratia
1083 2779 1182 2828 ooope-

45 2858 133 2909 rante,
157 2844 297 2914 opiniones
318 2845 470 2896 refelluntur
492 2855 547 2894 tum
570 2841 726 2902 rationibus,
746 2855 802 2893 tum
819 2863 839 2895 s.
856 2843 1007 2912 Scripturas
1022 2843 1182 2905 testimoniis,

43 2944 105 2985 aeet-
121 2930 140 2984 7
155 2928 232 2982 -12
249 2956 282 2969 -·
298 2926 331 2993 ὅ)
348 2926 466 2978 Tandem
482 2927 655 2991 subiiciuntur
662 2926 798 2992 Augustini
815 2926 892 2989 dieta,
909 2946 975 2997 quae
993 2927 1067 2980 huius
1085 2927 1181 2981 doari-

45 3034 96 3068 ιη
111 3014 248 3067 veritatem
265 3010 429 3073 confirmant,
445 3025 504 3063 sest.
522 3012 562 3065 ta
580 3025 605 3065 et
622 3011 663 3064 14.

123 3185 155 3247 1.
194 3177 256 3239 Sed
287 3175 391 3238 melius
419 3175 509 3236 homo
541 3188 662 3255 utraque
693 3179 805 3238 animae
832 3189 917 3258 parte
946 3176 1087 3258 cognosci
1118 3196 1181 3237 non

47 3268 165 3395 meat,
195 3275 283 3336 quam
307 3255 416 3313 sicum
442 3255 499 3313 suis
525 3254 630 3334 elogiis
656 3255 686 3313 in
712 3256 841 3314 medium
888 3254 1008 3328 rorleat,
1060 3253 1181 3315 uibusa

105 3335 205 3415 'ptura
224 3330 390 3411 insignitur.
442 3330 474 3388 Si
499 3341 579 3389 totus
605 3332 774 3412 depingitur
800 3329 843 3391 luis
864 3277 974 3391 l‘hristi
997 3275 1094 3390 vellis
1120 3331 1180 3407 (Io.

45 3414 152 3491 M),
171 3408 266 3484 Quod
285 3417 385 3466 natum
405 3416 450 3465 est
469 3426 502 3464 ex
521 3426 620 3483 earne,
640 3428 708 3466 caro
721 3419 773 3481 est,
792 3410 840 3485 (ut
858 3408 992 3465 evincere
1011 3419 1180 3499 promptum

47 3490 107 3562 est)
125 3485 213 3549 valde
232 3484 368 3544 miserum
389 3501 450 3542 esse
468 3482 575 3541 animal
595 3485 787 3543 convincitur.
823 3484 956 3543 Allectus
977 3503 1055 3543 eorm
1076 3486 1181 3558 carnis,

48 3574 123 3623 teate
149 3561 299 3642 Apostolo
325 3559 425 3638 (Rom.
444 3563 478 3631 8,
497 3563 557 3634 6.),
582 3581 660 3619 mors
685 3571 741 3619 est:
768 3560 1005 3640 quandoquidem
1030 3560 1180 3620 inimicitia

50 3650 93 3701 est
110 3638 248 3701 adversus
261 3637 368 3709 Deum,
387 3654 483 3713 eoque
495 3636 567 3716 Legi
579 3637 635 3694 Dei
656 3657 710 3695 nec
729 3637 874 3710 subditur,
894 3656 949 3695 ner
968 3635 1052 3696 subdi
1094 3646 1180 3694 otest.

50 3715 134 3776 ltaoe
152 3726 200 3775 eat
219 3732 355 3794 perversa
375 3733 461 3784 caro,
490 3724 524 3770 ut
548 3724 614 3772 toto
641 3734 694 3772 suo
721 3712 830 3772 allecto
849 3713 1023 3789 simultatem
1044 3732 1059 3771 a
1082 3733 1180 3771 versus

15 3836 19 3843 -
51 3791 145 3853 Deum
164 3788 320 3851 exerceat?
337 3799 370 3847 ut
389 3809 454 3847 curn
475 3788 563 3868 Legis
583 3789 698 3849 divinae
719 3790 826 3848 iustitia
846 3789 1014 3848 consentire
1035 3788 1180 3866 nequeat?

50 3881 82 3929 ttt
98 3868 172 3929 nihil
193 3868 323 3945 denique
341 3881 444 3955 parere
464 3878 561 3943 queat,
580 3863 635 3925 nisi
655 3865 757 3924 mortis
775 3865 942 3925 materiam?
979 3865 1065 3922 Nunc
1087 3865 1130 3923 fao
1149 3863 1180 3922 in

51 3944 176 4006 bominis
197 3957 301 4003 natura
322 3942 394 4000 nuit
416 3961 477 4000 esse
497 3941 552 4000 nisi
571 3961 704 4001 carnem:
726 3952 756 3999 et
774 3941 842 4001 inde
861 3941 1022 4020 quippiam,
1042 3941 1064 3999 si
1084 3951 1181 4020 potes,

53 4020 121 4082 loni
140 4021 244 4082 uice„
264 4021 305 4077 At
326 4017 430 4076 tlaruis
449 4018 624 4077 vocobulum
650 4020 684 4077 ad
714 4018 888 4077 sensualem·
901 4017 1031 4095 pertinet
1055 4027 1181 4090 tautum,

53 4118 109 4159 aon
127 4100 164 4159 ad
188 4094 374 4187 superiorem
400 4092 511 4152 animae
537 4105 658 4172 partem.
704 4094 739 4152 Id
758 4114 829 4153 vero
850 4112 882 4152 ex
902 4092 998 4151 verbis
1018 4104 1048 4151 et
1067 4092 1180 4152 Chris'll

54 4184 81 4235 et
96 4173 235 4269 Apostoli
252 4171 372 4231 abunde
392 4170 542 4236 refellitur.
582 4171 795 4252 Argumentum
815 4182 859 4229 est
877 4167 1014 4240 Domini,
1039 4178 1181 4247 oportere

54 4248 194 4313 bominem
215 4247 345 4309 renasci:
377 4247 444 4324 quia
464 4267 533 4305 coro
553 4259 605 4305 est.
662 4248 730 4305 Non
755 4247 912 4305 seeundum
941 4264 1046 4324 eorpus
1067 4245 1180 4304 renasci

53 4326 196 4412 praecipit.
235 4324 350 4387 Animo
369 4335 466 4385 autem
485 4343 547 4383 oon
572 4323 750 4399 renascitur,
773 4323 798 4383 si
818 4323 982 4402 corrigatur
1004 4321 1099 4402 aliqua
1118 4325 1179 4383 eius
