2700 4732
102 194 172 281 ω’
497 208 577 273 sas.
597 209 656 273 ru.
695 211 786 274 cae.
805 212 843 272 s.

103 353 366 426 redeuntiumque
381 352 488 409 additur
504 357 539 411 ed
555 358 620 411 duas
630 354 800 423 obiectiones,
815 374 882 428 quae
898 356 970 411 hunc
986 374 1104 413 errorem
1120 356 1246 424 fnlclnnt,

44 440 47 446 ’
103 442 250 515 responsio,
265 454 326 493 sect.
341 441 367 494 3.
384 454 411 493 et
425 440 451 494 4.
466 472 504 498 -,
535 442 701 513 Papae-item
717 442 746 495 in
761 456 836 512 parte
851 444 965 513 prosam
979 442 1065 513 turpis
1080 444 1149 497 lucri
1167 443 1246 516 cupi·

104 527 178 591 ditas,
194 536 220 579 et
236 524 457 589 indulgentiarum
473 526 556 592 origo,
572 526 699 592 detegitur
714 538 775 581 sect.
791 530 816 583 ὅ.
834 558 867 568 -
906 526 940 594 3)
957 524 1106 592 Purgaturii
1121 526 1247 600 papistiei

23 614 26 621 '
104 630 211 664 examen
227 606 410 672 necessarium,
425 607 544 683 impietas
559 610 701 675 horrenda,
717 624 776 665 sect
792 614 817 668 6,
836 641 869 653 -
902 610 1049 681 Explicatio
1067 611 1186 683 quinque
1200 614 1246 665 lo·

104 716 198 751 corum
220 692 383 764 Scriptum,
410 693 504 763 quibus
530 694 662 747 somnium
680 695 745 747 iliud
769 694 908 765 sophistae
933 698 1091 749 confirmare
1115 697 1248 757 nituntur,

103 794 166 834 acet.
183 778 268 834 7-8.
303 776 408 829 Deinde
433 777 498 849 quid
524 792 619 833 veteres
644 778 776 845 Theologi
801 782 834 833 de
858 778 911 833 boc
936 782 1088 851 purgatorio
1109 780 1248 843 senserint,

103 862 235 921 d'nserinsr
250 876 312 915 sect.
325 864 366 917 1⁰.

179 1056 208 1127 1.
246 1046 290 1107 Ex
315 1046 370 1107 hac
396 1066 488 1128 porro
511 1044 717 1109 satisfactionis
735 1047 871 1109 doctrina
896 1050 1059 1108 scaturiunt
1081 1046 1246 1141 indulgen-

104 1126 172 1188 tiae.
209 1124 284 1185 Nam
305 1123 386 1203 quod
406 1124 442 1185 ad
462 1122 696 1184 satisfaciendum
718 1122 904 1185 facultatibus
929 1126 1036 1185 nostris
1056 1124 1155 1197 deest,
1180 1124 1245 1187 ratis

104 1202 200 1266 suffici
225 1214 390 1295 nuganturs
417 1211 506 1279 atque
532 1220 569 1261 eo
595 1200 753 1278 prosiliunt
772 1202 919 1273 insaniae,
940 1213 972 1260 nt
990 1201 1245 1281 dispensationem

104 1300 168 1340 esse
193 1278 334 1339 deiurant
358 1278 531 1337 meritorum
558 1276 669 1337 Christi
695 1289 725 1336 et
748 1280 926 1369 Martyrum,
958 1298 1045 1357 quam
1069 1278 1151 1370 Papa
1182 1276 1247 1339 auis

105 1354 192 1417 bullis
212 1354 346 1435 partitur.
384 1352 448 1412 Etsi
467 1365 565 1412 autem
579 1352 733 1413 helleboro
753 1374 845 1435 magis
858 1374 945 1433 quam
964 1365 1146 1435 argumentis
1159 1352 1190 1414 di

104 1443 172 1494 sunt
224 1442 258 1489 ut
283 1451 346 1490 non
370 1449 507 1511 magnum
534 1446 645 1510 operae
667 1431 794 1509 pretium
819 1429 856 1491 'sit
878 1441 939 1490 tarn
959 1428 1159 1491 frivoliserro
1178 1430 1248 1507 'us

104 1474 274 1571 refellendis
292 1505 475 1579 incumbere,
495 1505 545 1597 qui
564 1504 661 1567 multis
673 1505 812 1567 arietibus
830 1506 961 1601 percussi
980 1514 1033 1567 s'ua
1049 1518 1158 1586 sponte
1169 1526 1248 1570 con·

104 1602 259 1648 senescere
279 1595 309 1643 et
327 1583 364 1642 ad
384 1581 604 1643 inclinationem
622 1595 756 1663 spectare
779 1583 938 1661 incipiunt:
971 1583 1039 1662 quia
1063 1596 1164 1643 tamen
1186 1584 1248 1645 ina·

125 1662 207 1724 eritis
226 1658 401 1740 quibusdam
425 1657 505 1719 utilis
531 1661 588 1719 erit
618 1659 714 1719 brevis
738 1660 895 1731 refutatio,
926 1679 988 1720 eam
1015 1680 1076 1720 non
1096 1660 1248 1721 omittam.

104 1684 145 1799 hs
163 1758 234 1799 sane
254 1736 335 1816 quod
364 1735 477 1796 tamdiu
500 1734 596 1797 salvae
627 1735 815 1796 constiterint
838 1734 1041 1817 indulgentiae
1066 1757 1100 1796 ac
1125 1738 1156 1795 in
1181 1748 1247 1799 sam

104 1814 264 1896 impotenti
283 1824 316 1874 et
334 1812 444 1873 furiosa
464 1810 578 1873 lascivia
602 1823 664 1883 tam
688 1812 856 1873 diuturnam
881 1812 1085 1892 impunitatem
1111 1814 1249 1875 retinue-

104 1894 174 1966 rint,
194 1891 223 1951 id
242 1910 314 1951 sero
335 1890 514 1950 documento
535 1908 597 1949 esse
616 1900 725 1969 potest,
744 1910 829 1968 quam
845 1888 903 1949 alta
923 1910 1057 1949 errorum
1075 1900 1168 1951 nocte
1184 1890 1248 1951 im·

105 1968 194 2029 mersi
219 1966 331 2027 fuerint
361 1965 475 2046 aliquot
504 1965 626 2026 saeculis
658 1964 801 2026 homines.
850 1964 1001 2025 Videbant
1023 1986 1055 2026 se
1074 1986 1091 2025 a
1108 1964 1193 2048 Papa
1214 1978 1249 2029 et

105 2042 164 2107 iuis
188 2042 372 2126 bulligerulis
402 2042 496 2122 palam
522 2062 578 2102 nec
603 2041 818 2103 dissimulanter
842 2041 970 2102 ludibrio
1004 2041 1116 2102 baberi:
1149 2062 1248 2123 quae·

104 2135 218 2184 stuosas
237 2120 468 2180 nundinationes
488 2117 525 2178 de
544 2119 705 2179 animarum
724 2140 839 2179 suarum
859 2119 953 2179 salute
973 2118 1112 2194 exerceri,
1132 2140 1247 2201 paucu-

105 2200 140 2260 lis
166 2197 289 2258 nummis
314 2194 414 2257 salutis
459 2196 566 2254 retium
592 2196 697 2270 taran,
729 2194 805 2255 nihil
828 2196 987 2276 gratuitum
1008 2207 1157 2275 prostare:
1186 2194 1247 2259 hae

104 2274 204 2356 specie
224 2273 344 2355 emungi
355 2292 387 2333 se
399 2216 612 2344 oblationibus,
632 2292 707 2352 quae
726 2274 757 2332 in
776 2284 884 2346 scorta,
903 2272 934 2331 iu
955 2272 1088 2346 lenones,
1106 2273 1139 2333 iu
1159 2292 1248 2335 coru·

104 2350 296 2411 messationes
306 2348 680 2429 turpiterabsumerentur:
692 2369 820 2408 summos
840 2348 1087 2429 indulgentiarum
1102 2349 1251 2413 buccina·

104 2440 203 2500 tores,
227 2446 357 2485 summos
377 2446 439 2485 esse
458 2436 695 2506 contemptores:
716 2437 879 2486 monstrum
905 2425 983 2483 istud
1002 2426 1107 2484 maiori
1128 2427 1160 2485 in
1180 2428 1250 2489 dies

104 2503 222 2564 licentia
242 2501 366 2583 grassari
387 2523 421 2561 ac
440 2501 587 2575 luxuriari,
608 2520 663 2561 nec
683 2502 771 2561 linem
791 2500 880 2559 ullum
901 2501 976 2575 fieri,
995 2501 1148 2579 plumbum
1168 2522 1251 2565 sem·

105 2600 161 2663 per
175 2601 283 2641 novum
297 2578 409 2653 afferri,
435 2598 528 2637 novos
545 2598 680 2637 nummos
696 2578 770 2637 elici.
808 2577 1001 2657 Exeipiebaut
1018 2591 1118 2637 tamen
1131 2600 1251 2643 summa

104 2656 298 2719 veneratione
317 2654 526 2737 indulgentias,
545 2654 723 2726 adorabant,
743 2654 940 2713 redimebant:
961 2666 990 2713 et
1010 2655 1060 2734 qui
1080 2656 1251 2719 cernebant

105 2736 184 2795 inter
202 2732 277 2793 alios
301 2734 427 2806 acutius,
456 2730 655 2791 existimabant
678 2744 774 2791 tamen
799 2733 860 2810 pias
887 2750 950 2790 esse
975 2730 1106 2804 fraudes,
1138 2734 1251 2812 quibua

106 2833 174 2874 cum
199 2810 296 2869 fructu
322 2808 420 2888 alique
446 2806 506 2867 falli
532 2819 662 2889 possent.
713 2807 848 2867 Tandem
879 2808 928 2867 ubi
954 2808 1034 2868 orbis
1059 2807 1249 2888 aliquantum

105 2888 162 2949 sibi
181 2905 285 2967 sapere
303 2885 446 2966 permisit,
466 2884 577 2966 frigent
595 2884 809 2967 indulgentiae,
829 2896 860 2945 et
880 2883 1017 2964 paulatim
1029 2884 1117 2945 etiam
1130 2906 1251 2971 conge-

106 2966 229 3040 lascunt,
247 2963 344 3023 donec
364 2962 452 3043 plane
472 2973 655 3022 evanescant

181 3046 220 3104 2.-
252 3042 362 3099 Verum
382 3039 521 3119 quoniam
541 3036 668 3118 plurimi,
688 3039 737 3117 qui
750 3037 862 3112 sordes,
881 3038 1068 3118 imposturas,
1086 3037 1178 3115 furta,
1198 3060 1251 3103 ra·

106 3118 249 3199 paritates
280 3116 403 3196 (quibus
434 3115 565 3175 luserunt
586 3116 740 3188 hactenus,
772 3126 802 3173 et
821 3136 874 3175 nos
896 3115 1034 3175 ludificati
1054 3127 1123 3175 sunt
1145 3116 1249 3177 indui·
1282 3128 1285 3141 '

106 3193 256 3276 gentiarii)
275 3194 391 3266 vident,
412 3191 527 3251 fontem
546 3193 640 3271 ipsum
660 3191 817 3272 impietatis
837 3212 899 3251 non
914 3191 1113 3271 conspiciunt:
1134 3212 1251 3272 operae

106 3272 233 3352 pretium
254 3274 299 3329 est
322 3270 469 3342 indicare,
500 3287 561 3328 non
591 3268 687 3328 solum
718 3268 817 3348 quales
849 3268 1066 3349 indulgentiae,
1094 3267 1147 3328 sed
1171 3272 1249 3349 quid

105 3346 229 3408 omnino
249 3346 309 3405 sint
327 3345 407 3405 omni
427 3344 539 3405 macula
559 3344 715 3406 abstersae.
762 3342 945 3404 Thesaurum
968 3345 1103 3406 ecclesiae
1126 3358 1250 3425 vocant,

108 3423 219 3486 Christi
248 3433 279 3481 et
303 3433 472 3482 sanctorum
497 3421 711 3500 Apostolorum
731 3422 953 3504 Martyrumque
983 3428 1096 3483 merita.
1148 3423 1249 3487 tinius

105 3500 207 3560 horrei
232 3498 388 3559 radicalem
414 3499 573 3558 custodiam
595 3502 643 3578 (ut
662 3499 760 3580 attigi)
780 3498 916 3559 Romano
936 3499 1085 3580 Episcopo
1106 3498 1248 3564 traditam

107 3577 232 3659 fingunt,
273 3595 342 3635 enes
362 3594 450 3654 quem
468 3575 507 3634 sit
524 3585 674 3635 tantorum
696 3575 844 3635 bonorum
865 3576 1060 3656 dispensatio,
1079 3587 1112 3635 ut
1133 3576 1249 3659 etipse

248 3596 347 3735 hegiri
374 3652 466 3742 possit
493 3663 523 3710 et
548 3652 710 3742 elargiensli
740 3653 974 3712 iurisdictionem
1005 3654 1067 3712 aliis
1096 3651 1248 3735 delegare.

104 3672 289 3791 ilihcsenirnc
314 3728 465 3819 plenariae
488 3727 691 3819 indulgentiae
715 3729 845 3809 aPapa‚
870 3750 949 3821 nupc
974 3742 1123 3821 certorum
1148 3749 1249 3821 anno-

105 3820 187 3947 ‘dh‘
203 3804 1249 3963 ,asfaltitis’,tsstlltdltlt'sntalgtfttthtttl‘ttlt:

106 3962 201 4035 natio,
220 3960 405 4038 satanaeque
426 3957 594 4038 ludibrium,
614 3980 672 4038 quo
689 3958 885 4020 Christianum
900 3959 1040 4039 populum
1061 3980 1077 4019 a
1097 3959 1156 4019 Dei
1174 3979 1249 4040 gra-

105 4038 157 4111 tia,
173 4059 192 4097 a
212 4038 273 4096 vita
294 4055 368 4115 quae
388 4046 432 4095 est
450 4035 481 4093 in
495 4034 614 4095 Christo
633 4035 791 4109 abducant,
812 4048 841 4095 et
861 4057 876 4094 a
897 4057 966 4095 vera
986 4037 1085 4095 salutis
1096 4037 1141 4095 via
1160 4056 1248 4096 aver-

104 4125 179 4175 tant.
219 4113 282 4188 Qui
308 4112 387 4170 enim
414 4122 534 4191 poterat
558 4111 673 4171 foedius
694 4112 843 4192 profanari
866 4113 977 4172 Christi
996 4112 1130 4194 sanguis,
1155 4134 1247 4191 quarn

106 4190 174 4250 dum
195 4200 321 4271 negatur
346 4187 481 4247 sufficere
505 4187 542 4247 ad
562 4200 749 4267 peccatorum
770 4190 988 4260 remissionem,
1013 4191 1049 4247 ad
1069 4189 1248 4251 reconcilia-

105 4268 231 4338 tionem,
251 4266 286 4324 ad
305 4263 546 4336 satisfactionem,
567 4265 622 4324 nisi
642 4265 726 4324 velut
745 4267 903 4326 arescentis
915 4278 944 4325 et
961 4265 1090 4325 exhausti
1111 4265 1249 4329 delectus

105 4342 225 4404 aliunde
243 4340 415 4423 suppleatur
432 4352 465 4405 et
481 4340 663 4405 sufficiatur?
681 4340 825 4420 „Christo
838 4342 897 4404 Les
910 4355 941 4404 et
951 4341 1120 4424 Prophetae
1141 4362 1249 4407 ornnes
