2700 4732
472 194 547 267 u'te.
567 208 606 267 11.
647 210 737 271 erte.
759 210 841 271 vm.
934 198 945 231 '·
1159 220 1218 283 uos

119 348 217 409 iliume
234 352 288 410 rita
309 350 408 431 abripi
426 354 522 431 (quod
543 372 604 413 uon
625 374 693 413 raro
713 356 873 433 cernitur),
893 354 1082 419 nibilominus
1099 359 1130 417 in
1148 378 1219 421 suae

115 427 896 568 Petilli„itdtt‘tlstlt‘t‘ttl⁰m⁵¹¹¹²³
920 446 1101 570 ‘'²¹⁸‘'“i’
1130 456 1218 570 ‘'li-'²

114 578 171 639 ctu
185 591 249 641 erat.
286 582 401 673 'ljotum
417 583 448 640 in
467 526 525 643 luogo
543 583 631 675 situm
651 532 705 660 eli,
721 530 1109 677 ptuiipdrlldabilllsnloligmb
1127 532 1217 649 idatii

114 659 608 817 Q'Jttttduttttff'gtlt
621 659 1219 821 lit‘l'tltntltl‘t‘ltt’ttttt

114 822 211 898 prsrnm
238 810 356 871 infinito
386 810 507 873 uberius
536 824 568 873 et
596 812 719 876 solidius
748 817 839 876 servis
865 819 923 875 suis
942 814 1116 877 testificatur
1135 828 1165 878 et
1183 836 1218 879 re

114 906 160 965 rpsa
174 886 357 949 demonstrat.
705 928 711 937 ·

112 962 673 1130 pollieadlarplililiifcduihllltrellldeessebb':
696 977 788 1103 didit
802 967 1041 1104 bdbldeddiallidribn
1053 968 1219 1105 cblillllliii⁸

110 1114 178 1204 umal
192 1128 300 1187 munst,
317 1116 456 1177 omuibus
474 1117 672 1201 immorigeris
690 1140 725 1179 ac
742 1118 1008 1199 inobsequentibus
1028 1119 1217 1181 certissimam

110 1194 235 1253 mniuere
253 1190 506 1253 maledictionem:
537 1195 584 1254 cui
603 1214 642 1254 ne
662 1195 737 1259 desit
756 1198 918 1271 exsecutio,
949 1216 1001 1256 eos
1027 1217 1081 1277 per
1105 1197 1218 1288 Legem

108 1288 171 1329 nan
193 1268 294 1331 mortis
312 1270 422 1330 indicio
442 1270 589 1331 obnoxios
629 1270 796 1347 renuntiat,
827 1293 861 1332 ac
889 1271 1065 1353 supplicium
1091 1273 1217 1351 deipsis

106 1344 304 1435 tpimandat.
362 1344 398 1405 Si
416 1346 592 1407 iudiciume
620 1349 734 1428 ugiunt,
763 1349 828 1429 ipse
848 1348 989 1408 ultionem
1012 1349 1121 1428 expetit
1139 1368 1217 1429 quo·

108 1440 140 1479 ns
152 1420 244 1482 modo.
284 1420 426 1481 Videmus
446 1423 535 1499 enim,
554 1436 680 1515 quantus
700 1444 838 1484 uumerus
858 1445 891 1483 es
912 1425 969 1485 boc
990 1425 1143 1484 hominum
1161 1444 1215 1506 ge-

106 1514 162 1557 rere
175 1496 220 1559 rel
236 1498 268 1557 in
288 1496 408 1579 proeliis
427 1498 474 1558 rel
493 1499 525 1557 in
544 1500 611 1560 ruis
631 1500 730 1559 cadat:
750 1500 800 1559 alii
818 1501 943 1561 insolitis
961 1502 1056 1560 nodis
1075 1500 1216 1581 affligun-

71 1594 75 1599 ·
107 1580 154 1635 tr:
179 1594 280 1635 omnes
302 1594 401 1655 prope
425 1575 684 1635 comminationem
710 1576 785 1635 baur
816 1598 879 1637 non
909 1597 972 1637 esse
998 1597 1101 1635 vanam
1126 1596 1215 1657 argu-

80 1660 185 1711 ·mo
202 1662 280 1713 sunt.
340 1650 459 1725 Quodsi
480 1652 531 1729 qui
550 1652 676 1712 evadunt
702 1652 739 1711 ad
764 1652 895 1712 ultimam
921 1664 1117 1713 senectutem:
1147 1652 1215 1732 quia

108 1722 189 1789 'abac
203 1726 274 1803 rita,
292 1726 352 1787 Dei
371 1726 579 1787 benedictione
598 1728 715 1807 privati,
734 1728 808 1788 nibil
826 1727 905 1788 aliud
925 1749 1012 1807 quam
1031 1728 1137 1788 misere
1149 1729 1215 1788 lan-

109 1812 165 1883 μ
202 1814 233 1865 et
249 1802 412 1863 maioribus
433 1803 463 1861 in
505 1815 633 1864 osterum
654 1806 758 1895 poenis
779 1817 976 1877 reservantur,
995 1804 1119 1863 multum
1132 1804 1217 1863 abest

108 1878 159 1967 ᾖ
193 1878 388 1941 uedietionis
407 1880 461 1960 piis
481 1824 547 1940 litis
568 1900 725 1959 promissae
746 1882 816 1939 fiant
835 1881 999 1959 participes.
1057 1880 1119 1939 Sed
1137 1878 1215 1939 istud

108 1954 286 2041 flu-obiter
302 1954 522 2046 annotandum,
552 1957 632 2036 quud
657 1957 714 2017 illis
739 1957 861 2017 obedire
886 1957 1006 2017 nonnisi
1030 1955 1061 2014 in
1081 1956 1214 2016 Domino

107 2026 230 2119 qinon:
247 2052 348 2113 neque
366 2032 396 2091 rd
416 2032 575 2093 obscurum
594 2044 640 2093 est
657 2054 691 2093 ex
710 2034 787 2093 iacto
806 2034 888 2167 ppius
900 2032 1107 2093 fundamento:
1129 2052 1216 2111 prae-

107 2104 275 2169 nleetenim
295 2130 333 2171 eo
354 2107 434 2184 loco,
452 2109 482 2167 in
504 2128 591 2188 quem
612 2110 706 2170 erexit
731 2130 782 2169 eos
837 2110 968 2183 ominus,
999 2109 1215 2170 communicata

108 2198 161 2243 tn
173 2184 235 2265 ipsis
253 2184 377 2245 bonoris
395 2185 440 2245 sui
460 2187 612 2265 portione.
652 2186 738 2260 Quae
759 2205 831 2265 ergo
852 2185 1006 2245 submissio
1026 2186 1083 2245 illis
1095 2183 1215 2243 exlribe-

109 2264 160 2335 ttr,
181 2260 214 2321 atl
240 2284 289 2323 sus
310 2261 458 2322 iciendum
488 2284 632 2323 summum
655 2262 737 2322 illurn
761 2262 879 2321 Patrem
905 2263 1011 2343 gradus
1032 2282 1094 2321 esse
1114 2260 1213 2321 debet.

112 2328 191 2405 Quare
206 2338 229 2399 si
244 2338 275 2399 in
339 2338 383 2477 pis
401 2340 664 2419 transgressionem
685 2359 739 2399 nos
759 2339 914 2428 instigant,
935 2339 1041 2398 merito
1061 2349 1123 2396 tum
1150 2357 1213 2396 non

114 2412 322 2485 manubia
361 2414 470 2475 abendi
487 2427 572 2487 suut,
603 2416 655 2475 sed
681 2428 827 2486 extranei,
859 2418 908 2492 qui
930 2435 983 2475 nos
1003 2436 1019 2474 a
1039 2415 1100 2474 veri
1120 2413 1214 2473 Patris

117 2482 249 2575 tlplltntia
266 2490 432 2553 subducere
450 2503 604 2550 conantur.
650 2492 701 2551 Sic
721 2492 757 2551 de
778 2493 976 2571 principibus,
1008 2491 1152 2560 dominis,
1183 2500 1214 2548 et

115 2576 220 2625 merso
234 2569 417 2646 superiorem
436 2586 545 2648 genere
566 2567 742 2628 habendum.
799 2568 957 2649 Indignum
977 2568 1054 2626 enirn
1076 2580 1107 2626 et
1126 2566 1212 2626 abso·

98 2650 227 2717 ἸΙειί1
252 2656 285 2703 ut
314 2646 353 2704 ad
378 2643 598 2722 deprimendam
624 2645 682 2703 Dei
708 2644 909 2703 celsitudinem
931 2665 1032 2703 eorum
1054 2641 1211 2702 eminentia

120 2708 295 2801 Quare
314 2720 403 2783 ut-ab
422 2718 472 2781 illa
492 2719 611 2800 pendet,
629 2721 669 2783 ita
688 2720 720 2782 in
740 2720 817 2780 illam
838 2721 984 2780 deducere
1003 2739 1058 2780 nos
1079 2719 1176 2779 debet.

328 2963 708 3027 eltuttcttPTUnt
746 2966 973 3027 sEthJtt.

481 3112 483 3116 ’
511 3110 591 3171 Non
624 3109 785 3171 occides.

82 3324 85 3329 ,
169 3256 207 3319 ω.
242 3255 326 3317 Finis
344 3257 492 3346 praecepti
525 3266 584 3314 ests
615 3256 767 3329 Quoniam
799 3254 951 3314 bominum
982 3274 1074 3335 genus
1101 3254 1213 3312 unitate

116 3326 209 3401 quen
224 3332 370 3392 Dominus
393 3332 535 3407 decurrit,
567 3330 797 3391 incolumitatem
822 3332 951 3390 omnium
976 3331 1135 3409 uuicuique
1159 3329 1213 3388 ‹le-

115 3396 167 3493 ,l‘ft
178 3426 234 3471 tate
251 3408 494 3471 commendatam.
543 3408 579 3467 ln
599 3429 710 3468 summa
729 3428 817 3488 ergo,
843 3407 982 3467 violentia
1001 3408 1096 3467 omnis
1116 3417 1144 3465 et
1165 3406 1212 3463 in-

113 3494 172 3555 me,
186 3505 217 3547 ac
234 3486 360 3547 omnino
400 3487 498 3546 uaeris
519 3505 609 3557 noxa,
635 3506 693 3563 qua
714 3483 835 3563 proximi
857 3505 963 3563 eorpus
983 3484 1132 3558 laedatur,
1154 3502 1211 3541 no-

113 3548 339 3623 liuurdieisur.
377 3507 422 3623 bc
441 3562 568 3642 proinde
590 3560 741 3633 iubemur,
760 3563 784 3621 si
825 3560 873 3618 uid
893 3562 924 3619 iu
944 3580 1034 3639 opera
1053 3572 1154 3620 nostra
1174 3556 1211 3616 ad

111 3636 216 3699 l'filiam
234 3640 437 3721 proximorum
457 3640 544 3697 vitam
563 3637 684 3697 subsidii
705 3651 765 3710 est,
785 3582 909 3695 fideliter
929 3636 1112 3716 impendere:
1134 3652 1210 3714 quae

111 3706 236 3777 ileorum
255 3715 498 3795 tranquillitatem
520 3714 641 3786 iaciunt,
660 3734 832 3793 procurare:
859 3713 1039 3794 depellendis
1060 3711 1140 3771 nouis
1159 3729 1210 3768 ex·

110 3784 203 3852 t*lares
222 3794 245 3855 si
267 3814 330 3873 quo
350 3793 380 3852 in
399 3791 566 3853 discrimine
585 3803 663 3864 sunt,
684 3790 827 3870 praebere
847 3811 964 3850 manum
983 3788 1156 3865 auxiliarem.
1176 3784 1211 3845 Si

108 3854 179 3927 lleun
195 3869 409 4007 Lepislatorem
430 3870 471 3928 sic
490 3866 573 3947 loqui
598 3866 778 3938 recordaris,
810 3866 893 3927 simul
925 3866 1023 3958 cogita
1053 3863 1127 3922 velle
1155 3881 1210 3953 per

174 3968 205 4006 re
227 3972 244 4005 u
257 3968 304 4008 aa
323 3947 436 4006 animae
456 3956 523 4005 tuae
542 3943 698 4003 moderari.
736 3943 902 4004 Ridiculum
927 3964 1006 4004 emm
1028 3940 1116 4014 loret,
1135 3950 1168 3998 ut
1186 3958 1212 3998 rs

109 4016 205 4089 ltleor
225 4026 249 4084 is
269 4023 465 4107 cogitationes
483 4020 664 4101 speculatur,
695 4020 788 4098 iisque
807 4020 964 4100 praecipue
982 4022 1166 4089 immoratur,
1174 4011 1211 4074 ad

69 4154 78 4169 ,
108 4106 179 4158 'bam
195 4100 336 4161 iustitiam
356 4098 428 4157 nibil
469 4119 535 4157 uam
559 4118 664 4175 corpus
684 4097 822 4156 erudiret.
870 4098 951 4179 Ergo
971 4106 1002 4155 et
1019 4089 1212 4153 homicidium

109 4172 179 4236 ‘trib
196 4176 251 4239 bac
269 4176 354 4267 Lege
372 4173 449 4256 prob
483 4187 564 4249 etur,
596 4186 627 4233 et
650 4172 827 4253 praecipitur
851 4172 977 4232 interior
994 4170 1118 4231 allectus
1138 4182 1212 4229 con·

62 4316 68 4331 .,
110 4252 236 4317 ‘mendae
253 4250 355 4315 [raim
371 4252 461 4315 uitae.
505 4251 610 4311 blauus
630 4249 747 4330 quidem
768 4248 956 4310 homicidium
969 4248 1061 4341 parit,
1079 4243 1131 4308 sed
1150 4240 1211 4304 ani·

53 4306 83 4443 ξ,
110 4330 306 4413 numadptt,
325 4328 394 4393 dnm
413 4328 459 4389 ira
478 4326 598 4391 studio
617 4326 756 4389 inficitur.
805 4327 882 4388 Vide
905 4347 943 4389 an
968 4325 1054 4389 irasci
1077 4321 1214 4387 adversus
