2596 4726
44 128 51 149 ·
118 184 180 251 Μ
516 182 593 248 unt.
612 182 669 245 tv.
708 182 798 247 Chl‘.
816 182 875 245 Vl.
1068 202 1078 221 ⁸

125 346 209 405 cem,
228 326 279 408 qui
298 326 451 390 ecclesiam
474 328 506 390 in
529 329 645 390 unitate
669 326 839 389 contineat?
884 324 969 389 Nihil
992 326 1073 389 enim
1092 326 1189 411 aptiae
1206 326 1256 391 diei

126 414 262 497 poterat,
292 406 435 485 siquidem
459 406 499 466 ita
523 426 570 466 res
596 404 728 465 haberet.
776 403 967 497 Expendatur
989 403 1154 541 dilipeuter
1180 406 1255 467 locus

127 480 195 555 alle,
220 503 282 542 nou
303 481 424 543 dubium
449 482 521 563 quin
546 492 768 562 repraesentare
787 480 847 540 illic
866 480 983 561 penitus
1000 482 1134 543 nouerit
1151 502 1256 543 uerum

128 568 160 617 et
178 557 327 637 spirituale
347 554 487 621 ecclesiae
506 559 655 640 regimen,
675 557 755 638 qnod
775 558 888 637 posteri
908 557 1104 618 hierarchiam
1123 558 1255 619 dixerunt.

126 632 329 694 Monarchiam
348 634 427 695 inter
444 636 594 695 ministros
614 656 674 693 non
695 635 785 694 modo
802 633 910 693 nullam
932 634 1028 715 ponit,
1047 634 1200 695 sedetiam
1216 636 1256 695 in·

127 710 207 787 dicat
226 709 335 770 nullam
355 731 426 773 esse.
465 712 534 772 Non
548 711 666 770 dubium
688 722 733 769 est
742 710 841 783 etiam,
873 711 924 769 nin
944 710 1066 769 modum
1079 712 1256 772 coniunctio-

130 786 177 845 nis
196 787 356 865 exprimere
375 787 518 861 voluerit,
544 808 604 867 quo
630 786 729 848 fideles
749 808 815 847 cnm
836 786 862 847 C
886 787 957 846 risto
978 788 1075 867 capite
1096 788 1255 849 cohaereat.

131 860 278 923 lllic·non
299 864 388 925 modo
410 863 520 923 nullum
537 862 725 921 ministeriale
746 874 834 942 caput
853 875 1079 937 commemorat,
1097 864 1255 945 sedopera-

129 938 244 997 tionem
264 940 308 999 sin
333 941 385 1001 ulis
405 940 542 999 membris
562 939 765 1019 particularem
784 940 933 1013 attribuit,
958 959 1014 1017 pro
1041 940 1135 1000 modo
1156 942 1255 1023 gratiae

131 1015 292 1094 unicuique
312 960 492 1077 distributae.
531 1016 594 1074 Nec
614 1015 756 1105 estquod
778 1015 815 1073 de
834 1016 1055 1094 comparatione
1076 1016 1213 1077 coelestis
1229 1029 1256 1077 et

72 1130 76 1139 ·
129 1101 269 1151 terrenae
288 1091 468 1152 hierarchiae
487 1091 634 1151 subtiliter
649 1091 903 1172 philosophentur.
928 1093 1001 1151 Nam
1024 1112 1080 1153 nec
1092 1093 1130 1151 de
1150 1092 1198 1152 illa
1216 1106 1256 1153 tu-

132 1177 196 1226 tum
221 1180 265 1227 est
288 1169 364 1229 ultra
388 1168 509 1228 modum
533 1186 651 1248 sapere:
678 1180 708 1226 et
732 1168 762 1227 in
788 1168 841 1227 hac
866 1169 1072 1228 constituenda
1100 1189 1161 1230 non
1181 1168 1258 1229 aliana

131 1253 234 1325 typum
254 1263 285 1303 se
308 1245 337 1303 ui
356 1257 488 1325 oportet,
508 1266 592 1324 quam
613 1245 756 1304 Dominus
775 1244 837 1323 ipse
856 1264 910 1304 suo
931 1242 1024 1304 rerho
1045 1244 1213 1305 delineavit.

210 1326 258 1381 ll.
287 1265 357 1380 lans
383 1333 416 1379 ut
441 1321 564 1381 alterum
586 1320 641 1380 illis
667 1320 789 1401 largiar,
814 1320 893 1399 quod
914 1341 1063 1399 nunquam
1084 1323 1163 1401 apurl
1182 1340 1260 1381 unus

132 1392 269 1473 homiues
291 1397 488 1472 obtinebunt,
510 1399 550 1457 sie
570 1396 759 1457 constitutum
780 1398 810 1455 in
829 1395 921 1455 Petro
942 1397 1082 1458 ecclesiae
1102 1400 1260 1478 primatum,

132 1481 168 1530 ut
192 1485 335 1551 perpetua·
358 1478 542 1535 successione
567 1493 682 1552 semper
708 1486 854 1532 maneret:
885 1474 964 1532 unde
995 1486 1096 1533 tamen
1122 1475 1260 1547 evincent,

133 1546 233 1606 sedc'm
254 1549 367 1610 llomae
387 1551 426 1609 ita
446 1550 634 1623 collocatam,
660 1562 693 1609 ut
712 1550 878 1628 quicunque
898 1550 934 1609 sit
954 1548 1034 1609 urhis
1054 1550 1134 1610 illius
1153 1551 1260 1642 episco-

132 1642 205 1701 pus,
237 1626 305 1685 orlsi
328 1626 464 1687 universo
489 1626 669 1707 praesideat?
709 1626 780 1699 Quo
811 1628 875 1685 inre
903 1626 976 1685 hanc
1001 1626 1071 1687 loco
1097 1628 1258 1709 dignitatem

133 1697 266 1781 alligant,
279 1723 354 1782 qnae
373 1703 436 1763 sinc
449 1703 507 1764 loci
521 1704 671 1762 mentione
684 1701 747 1761 data
762 1704 823 1762 esti
854 1701 969 1775 Petrus,
989 1703 1138 1781 inquiunt,
1157 1704 1259 1763 llomae

135 1774 219 1851 vixit,
249 1790 278 1839 et
298 1791 430 1839 mortuns
451 1792 503 1840 est.
555 1778 635 1855 Quid
656 1778 789 1837 illiristus
820 1777 898 1857 ipsel
932 1800 1033 1838 rionne
1053 1780 1258 1860 Hierosolymis

135 1851 253 1913 iunctus
279 1867 323 1915 est
348 1856 519 1948 episcopatu
545 1857 613 1915 duni
633 1855 719 1929 visit,
750 1867 780 1913 et
804 1854 959 1915 moriendo
985 1856 1145 1917 sacerdotii
1164 1876 1256 1915 munus

135 1927 288 2010 implevit?
325 1933 465 2012 Princeps
491 1946 654 2014 pastorum,
679 1952 805 1990 summus
824 1932 995 2011 episcopus,
1021 1944 1112 2025 eaput
1130 1932 1255 1993 ecclesiae

131 2022 198 2065 non
221 2009 318 2087 potuit
343 2010 487 2069 honorem
513 2012 580 2070 loco
606 2009 773 2087 acquirere:
806 2007 911 2067 Petrus
934 2008 1025 2089 longe
1051 2029 1116 2088 ipso
1143 2009 1254 2069 inferior

160 2085 254 2145 otuit?
278 2106 379 2147 nonne
399 2100 466 2147 sunt
486 2088 613 2165 ineptiae
640 2086 712 2144 istac
731 2084 821 2161 magis
843 2105 929 2163 quarn
949 2084 1096 2163 puerilesl
1135 2084 1261 2147 Christis*

136 2102 283 2222 honorem
309 2164 447 2243 primatus
468 2164 593 2223 contulit
612 2162 717 2222 Petro:
743 2162 848 2220 Petrus
868 2161 980 2220 Rornae
998 2162 1091 2223 sedit:
1118 2182 1188 2243 ergo
1205 2160 1251 2219 illic

136 2236 293 2299 collocavit
309 2240 408 2298 sedem
429 2241 575 2319 primatus.
625 2240 740 2317 Nempe
772 2237 824 2297 hac
856 2239 973 2297 ratione
1003 2238 1105 2298 sedem
1130 2242 1249 2319 primatus

136 2312 304 2373 debuerunt
324 2316 394 2375 olim
414 2316 564 2375 Israelitae
584 2317 763 2375 constituere
785 2318 812 2373 in
834 2314 970 2388 deserto,
992 2314 1045 2374 uhi
1073 2316 1170 2376 Moses
1187 2334 1248 2375 sura·

136 2409 200 2447 mus
220 2390 328 2451 doctor
353 2404 384 2450 et
406 2394 544 2473 princeps
564 2392 779 2471 Prophetarum
804 2392 1040 2453 ministeriosus
1061 2391 1177 2453 functus
1194 2398 1248 2461 eni,

138 2476 170 2525 et
188 2477 330 2526 mortuus.

213 2549 259 2608 1⁶2.
299 2544 455 2603 Videamus
475 2557 573 2604 tamen
588 2566 671 2623 quam
693 2544 845 2624 eleganter
866 2545 1064 2604 ratiocinatur.
1088 2546 1198 2615 Petrus,
1212 2542 1246 2599 in·

137 2618 259 2698 quiunt,
282 2621 478 2711 principatum
500 2622 600 2680 hahuit
620 2624 697 2678 inter
717 2622 893 2699 Apostolos:
929 2643 999 2703 ergo
1021 2622 1142 2681 ecclesia
1162 2622 1188 2679 in
1205 2636 1244 2696 qua

136 2695 223 2768 sedit,
241 2695 299 2756 hoc
320 2699 464 2779 privilegii
486 2698 593 2756 habcrc
614 2698 711 2756 debet.
753 2699 811 2755 tt'ui
833 2711 927 2756 antem
950 2702 1074 2777 priumm
1094 2697 1183 2759 sedit?
1199 2694 1245 2754 hu·

135 2772 280 2847 tiochiae,
306 2775 451 2853 inquiunt.
496 2776 576 2853 llrgo
596 2774 781 2834 Antiocheae
811 2774 929 2833 ecclesia
958 2776 1112 2853 primatum
1132 2774 1183 2834 sihi
1198 2774 1245 2831 inre

135 2848 273 2910 vindicat.
312 2851 455 2911 Fatentnr
475 2853 561 2913 luisse
575 2853 643 2911 olim
656 2853 791 2931 primam:
812 2852 862 2909 scd
875 2852 1005 2923 l’ctrnnr,
1026 2852 1095 2910 inde
1108 2848 1244 2935 migrando,

136 2924 262 2985 Romam
282 2930 477 2999 transtulisse,
520 2953 583 2987 ncm
606 2952 703 2988 serum
724 2929 866 2987 honorem
888 2927 1034 2986 attulerat.
1074 2929 1170 2986 Exstat
1186 2942 1243 2983 earu

137 3003 191 3061 suls
213 3006 333 3063 nomine
353 3006 484 3064 lilarcelli
498 2952 618 3085 l'apae,
643 3007 677 3064 ad
700 3007 890 3084 presbyteros
911 3004 1116 3063 Antiochenos
1136 2999 1243 3089 epislole

137 3078 188 3136 ubi
208 3079 250 3139 sic
269 3080 412 3159 loquitur:
433 3084 535 3157 „Petri
551 3083 632 3141 sedes
652 3082 735 3140 initio
755 3082 830 3170 apud
844 3102 894 3139 vos
916 3080 980 3152 luit,
1001 3101 1075 3159 quae
1093 3094 1199 3213 postea,
1213 3095 1245 3133 nt·

136 3153 228 3211 hente
248 3155 396 3231 Domino,
417 3158 473 3217 huc
493 3158 629 3215 translata
650 3164 723 3216 est.“
763 3160 811 3215 bic
833 3158 1017 3215 hutiocliena
1039 3180 1089 3216 ccc
1104 3157 1172 3228 csia,
1189 3168 1246 3231 quae

138 3228 208 3288 olim
231 3234 322 3307 prima
336 3234 569 3306 erat,llouianac
591 3235 675 3292 cessit
694 3234 765 3292 scili.
807 3236 915 3292 Verum
937 3254 996 3312 qno
1017 3233 1139 3292 oraculo
1158 3232 1246 3291 lalus-

136 3316 182 3365 rat
208 3304 304 3365 bonus
331 3310 379 3368 ille
406 3311 463 3382 vir,
489 3309 649 3368 Dominum
675 3312 716 3369 sic
742 3310 874 3369 iussisse?
893 3342 931 3352 —-
970 3310 1043 3369 Nanv
1069 3311 1094 3369 si
1115 3315 1174 3369 iure
1192 3302 1247 3365 defi·

136 3380 246 3440 nienda
265 3382 303 3442 sit
323 3385 393 3444 hacc
407 3407 500 3457 causa,
522 3407 639 3445 necesse
655 3399 698 3444 cst
717 3387 923 3464 respondeant,
942 3386 1072 3445 velintne
1087 3384 1247 3467 privilegium

137 3457 196 3518 hoc
216 3461 370 3538 personale
391 3482 468 3537 esse,
489 3484 524 3520 an
547 3463 638 3536 reale,
659 3484 694 3521 au
716 3465 844 3521 mixtum.
884 3464 983 3521 [triam
1005 3464 1082 3521 cuim
1102 3479 1136 3522 ea
1155 3464 1193 3521 his
1209 3457 1248 3516 tri·

138 3536 193 3595 hus
213 3556 276 3594 csse
296 3550 426 3615 oportet.
478 3540 510 3597 Si
533 3539 657 3597 dixerint
687 3540 856 3620 personale,
889 3539 960 3597 nihil
987 3541 1075 3618 igitur
1095 3542 1132 3599 ad
1156 3542 1248 3598 locunt:

137 3612 182 3672 sin
204 3612 300 3686 reale,
320 3634 392 3693 ergo
414 3614 464 3673 nbi
485 3617 575 3674 semel
601 3617 697 3673 datum
725 3628 768 3674 cst
787 3617 870 3688 loco,
898 3637 958 3674 non
985 3616 1124 3675 adimitur
1148 3622 1249 3697 propter

138 3709 284 3769 personae
302 3689 347 3749 vel
366 3704 508 3765 mortem,
534 3692 578 3750 vel
604 3693 767 3751 discessum.
811 3694 952 3773 Superest
977 3693 1068 3772 igitur
1094 3705 1127 3751 ut
1149 3692 1249 3774 nriatufq

139 3786 202 3825 csse
223 3766 343 3825 ducant:
376 3779 445 3826 tunc
474 3780 571 3826 sutcm
593 3790 652 3827 non
674 3769 793 3847 simplex
814 3772 870 3827 erit
890 3769 947 3827 loci
968 3770 1182 3842 consideratio,
1208 3779 1250 3822 ¹¹¹⁵!

162 3862 266 3902 ersona
285 3843 369 3902 simul
389 3846 574 3923 respondeat·
619 3844 737 3923 Eligant
763 3846 900 3923 quicquid
929 3845 1045 3920 volent,
1068 3840 1250 3936 provisuris:

138 3863 249 3993 leram,
283 3932 313 3978 et
337 3919 423 3979 facile
448 3922 593 3996 evincam,
625 3920 748 3980 llumam
781 3923 862 3983 nulla
886 3922 1000 3982 ratione
1031 3937 1183 4002 primatum
1206 3914 1250 3978 sibt

140 4015 207 4055 arro
231 4016 288 4054 are.

210 4016 263 4135 llil.
301 4072 373 4132 Esto
394 4082 507 4133 tamen:
528 4073 684 4133 translatus
704 4072 791 4132 luerit
812 4077 859 4151 (ut
874 4077 1036 4155 erigantur)
1057 4075 1191 4155 primatus
1202 4069 1251 4129 hn-

139 4146 248 4209 tiochia
268 4147 399 4208 Romam.
445 4150 506 4210 Cur
532 4163 627 4209 umen
649 4168 710 4206 vion
730 4152 851 4210 retinuit
870 4152 1027 4211 Antiochia
1047 4151 1201 4211 secundum
1218 4144 1252 4201 lo·

140 4224 225 4285 euni?
262 4224 338 4285 Nam
358 4225 382 4285 si
401 4224 469 4285 ideo
490 4227 596 4303 primas
622 4223 712 4283 habet
731 4227 842 4303 lluma,
872 4229 951 4305 qnod
978 4229 1038 4288 illic
1058 4246 1147 4306 usque
1166 4224 1198 4283 ad
1216 4238 1252 4303 εἰς

139 4310 266 4362 tremum
285 4300 362 4363 vitae
380 4300 456 4366 sedit
466 4301 586 4364 Petrus:
607 4299 654 4361 cui
673 4304 817 4365 secundae
836 4305 935 4383 potius
947 4305 1196 4384 debuutus,quam
1212 4293 1252 4359 ab!
