2700 4732
452 261 466 284 .
512 212 664 277 unns.
687 198 840 280 ‘CARS

520 501 913 608 canori.¹

123 708 230 782 Quae
262 709 303 768 de
335 709 485 772 Christo
517 712 614 774 dicta
641 727 743 790 snut,
773 715 881 778 nobis
912 715 1090 799 prodesse
1123 739 1254 783 arcana

478 807 700 886 operatione
725 809 898 890 Spiritus.

119 950 228 1073 Partes
255 1006 352 1078 Capitis
378 1022 442 1060 tres:
478 1000 509 1076 i)
530 1009 645 1063 Arcana·
655 1010 699 1063 ilia
727 1010 837 1079 Spiritus
867 1010 894 1065 S.
917 1012 1027 1066 salutem
1054 1027 1171 1068 nostram
1201 1016 1254 1068 ob-

116 1091 239 1154 signantis
256 1095 382 1163 operatio,
401 1094 428 1145 in
445 1093 591 1145 Mediatore
606 1093 709 1148 Christo
727 1096 849 1165 primunr,
869 1098 990 1165 tanquam
1008 1098 1036 1149 in
1053 1112 1143 1150 nostro
1161 1100 1254 1170 capite,
1306 1130 1311 1139 ι

118 1178 323 1241 consideranda,
346 1192 407 1231 sect·
431 1182 454 1233 1.
473 1180 537 1230 et2
556 1209 587 1220 -
621 1181 654 1248 2)
671 1180 761 1244 Elegia
785 1180 894 1249 Spiritui
913 1181 939 1232 S.
962 1181 1059 1233 tributa
1085 1185 1180 1235 docent
1202 1205 1254 1239 nna

116 1264 237 1314 membra
249 1261 344 1315 Christi
362 1262 417 1314 sieri
436 1263 549 1314 eiusdem
560 1258 669 1332 Spiritus
686 1264 765 1327 gratia
783 1278 808 1316 et
823 1263 922 1326 uirtute,
939 1279 997 1316 sect
1008 1266 1032 1319 3.
1049 1293 1084 1305 -
1108 1266 1141 1333 3)
1149 1267 1193 1321 Vis
1206 1288 1253 1321 au-

96 1362 172 1409 ,tem
188 1348 330 1417 praecipua
347 1347 456 1416 Spiritus
471 1347 497 1398 S.
516 1368 595 1416 quum
613 1349 640 1401 in
658 1347 721 1399 fidei
738 1348 814 1401 donis
831 1347 938 1410 eluceat,
954 1349 1047 1401 merito
1066 1348 1141 1403 buius
1158 1364 1253 1409 nacta-

60 1424 71 1439 *
115 1432 218 1484 tionem
236 1431 388 1497 aggreditur,
404 1445 429 1484 et
446 1432 513 1485 viam
530 1433 579 1486 sibi
596 1434 679 1487 munit
695 1433 728 1484 ad
746 1451 801 1502 cap.
819 1434 932 1496 secund..
948 1447 1007 1487 sect
1024 1435 1049 1487 4.

194 1638 224 1697 1.
260 1632 347 1691 Nunc
366 1631 538 1705 videndum,
558 1631 710 1712 quomodo
729 1632 766 1693 ad
786 1653 840 1694 uos
860 1633 1046 1713 perveniant,
1066 1655 1141 1715 quae
1160 1634 1274 1698 Pater·

116 1707 198 1769 Filio
219 1708 372 1789 unigenito
392 1708 518 1768 contulit
537 1708 631 1785 bona,
658 1730 718 1770 non
739 1711 768 1768 in
789 1711 932 1790 privatum
953 1732 1053 1785 usum,
1077 1711 1128 1771 sed
1149 1724 1183 1771 ut
1203 1712 1251 1773 in-

116 1806 193 1866 opes
211 1805 380 1866 egenosque
399 1785 600 1864 locupletaret.
648 1785 693 1846 Ac
713 1788 808 1866 primo
835 1786 1000 1846 habendum
1022 1798 1080 1861 est,
1110 1788 1253 1879 quamdiu

116 1875 200 1923 extra
218 1882 273 1922 uos
293 1873 338 1921 est
358 1861 507 1936 Christus,
528 1873 557 1920 et
577 1861 613 1920 ab
635 1882 671 1921 eo
691 1884 788 1922 sumus
808 1863 942 1942 separati,
961 1862 1100 1942 quiequid
1120 1887 1150 1923 ru
1171 1865 1252 1926 salu-

115 1952 178 2007 tem
199 1937 316 1998 humaui
337 1937 454 2020 generis
476 1960 572 2017 passus
594 1949 637 1998 est
657 1959 690 1998 ac
710 1938 796 2012 fecit,
816 1938 901 1998 nobis
922 1958 983 1998 esse
1003 1941 1106 2000 inutile
1126 1941 1252 2000 nullius·
1333 1986 1337 2004 .

115 2036 177 2095 que
196 2018 346 2075 momenti.
385 2014 467 2105 Ergo
487 2027 520 2072 ut
539 2013 692 2074 nobiscum
733 2035 787 2073 uae
807 2034 823 2073 a
843 2016 931 2073 Patre
951 2035 1020 2075 acce
1036 2018 1065 2082 ‚it
1084 2016 1252 2095 commuui7

115 2103 181 2165 cet,
208 2103 342 2151 nostrum
368 2090 436 2171 'herr
462 2102 492 2150 et
516 2091 546 2149 in
571 2090 656 2150 nobis
681 2036 811 2156 hahitare
833 2101 964 2170 oportet.
1002 2035 1077 2151 Ideo
1098 2105 1129 2151 et
1151 2094 1251 2186 Caput
1335 2130 1337 2135 ·

114 2178 249 2229 nostrum
262 2167 441 2244 vocatur*),
460 2181 491 2226 et
510 2167 724 2248 primogenitus
743 2168 821 2226 inter
836 2166 943 2226 multos
955 2166 1072 2228 fratres:
1094 2190 1147 2229 nos
1160 2181 1250 2229 ettam

112 2244 240 2306 vicissim
261 2242 384 2303 dicimur
402 2245 432 2301 in
459 2245 551 2323 ipsum
572 2244 684 2316 inseri,
709 2254 738 2301 et
762 2263 827 2303 eum
853 2243 990 2302 induere:
1025 2245 1092 2323 quia
1119 2245 1192 2305 nihii
1213 2245 1250 2305 ad

114 2342 174 2381 nos
204 2322 251 2400 (ut
276 2319 365 2398 disi),
397 2340 588 2411 quaecunque
617 2319 761 2399 possidet,
791 2320 887 2380 donee
914 2341 979 2378 curn
1005 2319 1070 2401 ipso
1095 2321 1126 2380 in
1156 2343 1249 2383 unum
1308 2334 1320 2385 ’.

113 2397 314 2458 ooalescimus.
353 2397 415 2455 Etsr
435 2409 530 2455 autem
543 2416 643 2454 verum
658 2407 710 2467 est,
731 2397 787 2456 boc
807 2396 863 2455 fide
883 2416 937 2454 nos
950 2397 1107 2475 consequi:
1128 2398 1249 2478 quando
1284 2406 1300 2423 ''

113 2486 214 2535 tamen
234 2472 383 2546 videmus,
410 2494 470 2531 non
491 2493 592 2532 omnes
612 2474 778 2563 promiscue
798 2469 934 2551 amplecti
955 2472 1064 2533 Christi
1084 2475 1249 2536 communi-

113 2551 280 2624 cationem,
313 2568 387 2628 quae
406 2568 459 2628 per
479 2548 673 2629 Evangehunr
693 2550 832 2607 offertur:
861 2548 947 2608 altius
967 2551 1166 2610 conscendere
1185 2551 1250 2631 ipsa

113 2629 189 2687 ratio
211 2647 265 2686 nos
279 2626 390 2692 docet,
421 2647 454 2685 ac
476 2626 511 2683 de
531 2645 635 2685 areana
655 2626 675 2683 S
699 2626 782 2684 iritus
803 2624 929 2686 efficacia
949 2625 1115 2705 inquirere,
1139 2649 1194 2706 qua
1215 2627 1249 2688 fir

115 2716 151 2764 ut
175 2702 296 2763 Christo
328 2702 472 2778 bonisque
503 2703 564 2760 eius
594 2647 730 2775 omnibus
762 2703 899 2759 fruamur.
948 2703 1081 2762 Disserui
1110 2715 1179 2762 ante
1211 2704 1250 2767 de

118 2791 236 2838 aeterna
256 2779 382 2858 Spiritus
404 2779 510 2836 deitate
530 2791 559 2835 et
580 2779 703 2837 essentia
724 2776 790 2854 (iib.
811 2785 837 2841 1.
858 2799 884 2836 e.
899 2781 946 2840 13.
967 2800 989 2836 s.
1000 2784 1048 2841 14·
1068 2781 1146 2854 15.):
1167 2800 1249 2841 nnnc
1331 2846 1336 2855 ¹

116 2850 235 2936 speciali
255 2854 313 2916 boe
325 2854 418 2933 capite
430 2855 562 2913 contenti
582 2854 680 2927 simus,
701 2856 847 2915 Christum
869 2853 907 2911 ita
927 2855 957 2911 in
977 2874 1051 2933 aqua
1064 2856 1249 2936 etsanguioe
1319 2848 1327 2865 '

114 2931 239 3003 venisse,
259 2943 292 2990 nt
312 2932 349 2989 de
370 2952 405 2989 eo
426 2931 598 2989 testificetur
613 2931 747 3007 Spiritus,
768 2950 805 2987 ne
825 2928 900 2988 saius
919 2950 973 3008 per
993 2929 1070 2990 hunc
1090 2943 1170 3008 parta
1188 2952 1248 2990 no-

113 3009 159 3069 bis
185 3007 295 3067 effluat.
347 3007 602 3080 Quemadmodum
634 3009 710 3065 enirn
743 3019 801 3064 tres
833 3006 960 3065 citantur
988 3005 1019 3065 in
1046 3006 1132 3065 coeio
1157 3019 1247 3068 testea

113 3085 153 3163 (1.
173 3084 218 3142 10.
237 3091 268 3156 5,
287 3090 316 3149 7.
336 3084 390 3159 8.),
414 3085 508 3157 Pater,
529 3084 634 3141 Sermo
656 3094 684 3141 et
702 3083 722 3141 S
747 3081 842 3141 iritus:
862 3082 901 3140 ita
922 3084 1006 3142 etiarn
1026 3094 1086 3155 tres
1107 3082 1136 3141 in
1156 3095 1251 3160 terre,¹

113 3183 203 3240 aqua‚
226 3161 342 3241 sanguis
362 3170 393 3217 et
413 3159 548 3238 Spiritus.
599 3161 642 3217 Nc
666 3179 701 3218 ue
722 3105 828 3217 diustra
852 3158 997 3249 repetitur
1018 3158 1144 3239 Spiritus
1162 3161 1247 3221 testi·

114 3238 264 3309 monium,
294 3237 374 3315 qnod
406 3237 545 3294 sentimus
571 3182 708 3295 cordibus
735 3234 841 3294 nostris
866 3256 889 3294 sr
913 3235 953 3293 itti
978 3235 1042 3295 vice
1066 3235 1246 3317 insculptum

114 3334 185 3373 esse
221 3312 309 3372 Unde
329 3314 361 3371 fit
381 3325 413 3371 ut
432 3311 611 3370 ablutionem
635 3324 665 3370 et
684 3311 854 3370 sacrificium
869 3254 979 3371 Christi
999 3310 1145 3394 obsignet.
1176 3312 1270 3388 Qua'

113 3391 231 3449 ratione
249 3392 345 3449 etiam.
363 3389 432 3448 dicit
452 3388 572 3461 Petrus,
603 3387 703 3447 fideles
731 3386 843 3446 eleetos
869 3407 930 3447 esse
957 3388 986 3447 in
1012 3388 1245 3449 sanctificatione

112 3466 250 3546 Spiritus,
269 3467 299 3524 io
321 3465 518 3525 obedientiam
541 3477 570 3522 et
589 3465 784 3544 aspersionem
805 3464 953 3558 sanguinis
974 3462 1083 3525 Christi
1102 3466 1143 3543 (Ι.
1163 3466 1244 3527 Petr.

110 3551 139 3615 1,
157 3543 213 3617 2,).
254 3542 370 3617 Quibus
391 3541 485 3600 verbis
506 3541 661 3614 admonet,
692 3561 729 3598 ne
749 3540 831 3600 irrita
850 3552 888 3600 srt
905 3541 981 3600 sacri
1000 3539 1076 3600 iliius
1095 3542 1244 3624 sauguinis

110 3620 227 3692 effusio,
248 3640 353 3679 arcana
368 3617 494 3696 Spiritus
515 3617 683 3698 irrigatione
704 3616 811 3674 animas
833 3627 945 3675 nostras
957 3637 993 3675 eo
1013 3639 1069 3696 pur
1090 3618 1141 3676 ari.
1175 3618 1245 3692 Qua

109 3697 226 3758 ratione
247 3695 333 3755 etiarn
354 3691 460 3752 l'auhrs
481 3693 517 3752 de
538 3693 713 3773 purgatione
734 3704 763 3750 et
788 3693 995 3752 iustificatione
1014 3637 1104 3752 verCa
1123 3692 1243 3766 faciens,

108 3773 179 3832 dicit
205 3793 262 3831 nos
294 3771 357 3829 fieri
388 3771 538 3847 utriusque
570 3781 723 3847 compotes
750 3769 780 3826 in
801 3769 920 3828 nomine
939 3766 1025 3827 Iesu
1047 3769 1190 3830 Christi
1212 3783 1244 3829 et

108 3847 221 3927 Spiritu
241 3846 300 3906 Dei
321 3847 415 3905 nostri
436 3845 476 3921 (I.
498 3846 569 3905 Cor.
590 3847 717 3921 6,11.).
751 3845 817 3904 Huc
837 3866 947 3905 summa
974 3844 1065 3919 redit,
1098 3844 1119 3902 S
1143 3846 1243 3907 iritum

106 3937 238 3985 sanctum
260 3922 406 3982 vinculum
429 3940 506 3996 esse,
534 3942 593 4000 quo
621 3943 675 3980 nos
695 3920 751 3980 sibi
771 3921 931 3981 efficaciter
951 3920 1080 3981 devincit
1100 3867 1243 3982 Christus.

108 4000 179 4073 Quo
201 4000 288 4059 etiarn
309 3999 476 4079 pertinent,
501 4018 576 4077 quae
600 3998 735 4079 proximo
761 3997 839 4057 libro
866 3998 903 4056 de
930 3997 992 4057 eius
1021 3999 1163 4058 unctione
1188 3999 1243 4060 do·

108 4098 229 4136 Culmus.

174 4331 200 4398 ν)
216 4331 311 4401 spic..
327 4331 352 4393 r,
371 4332 411 4386 rs.
448 4329 526 4383 som.
543 4330 569 4392 o,
585 4333 609 4386 a.
644 4329 709 4383 uu.
727 4330 768 4392 11.
785 4309 826 4384 ri.
859 4328 927 4384 nn
943 4332 970 4394 u.
985 4329 1027 4384 es.
1061 4328 1120 4384 eu
1136 4330 1163 4396 ,a
1179 4331 1222 4385 rr.
