2700 4732
67 205 106 265 ta
456 198 535 262 LlB.
554 198 613 261 lll.
652 201 742 262 cst.
762 200 815 262 x1.

2 422 4 427 Ι
66 341 244 423 „iustificati
263 341 356 404 Certo
376 341 456 402 enim
476 364 714 426 persuasnssum,
733 343 815 425 quod
834 343 906 405 nibil
929 363 984 406 nos
1003 344 1154 425 separabit
1170 344 1208 406 ah

5 432 10 441 “
68 440 190 498 „rmore
210 420 274 483 eins
292 419 323 479 in
336 417 479 481 Christo“
513 421 601 482 Rom.
615 426 786 502 &dh-33).
806 421 949 482 Iustitiam
969 422 1025 482 sihi
1044 441 1109 483 esse
1129 420 1209 483 clare

68 496 230 581 praedicat,
248 495 395 577 quaerela
415 496 452 556 ad
471 509 593 558 sautem
614 499 645 558 in
666 498 790 559 solidum
810 499 935 559 sufficiat
953 519 1052 559 coram
1071 498 1157 573 Deo,
1176 509 1210 559 nt

68 573 217 657 gloriandi
235 570 357 633 fiduciae
377 593 438 633 non
451 574 586 656 deroget,
605 596 638 637 ac
658 575 731 634 nihil
749 595 884 636 remorae
904 576 1016 649 iniiciat
1035 576 1142 635 misera
1159 575 1208 635 illa

68 651 202 724 ses-situs,
221 651 302 711 cuius
320 646 377 709 sihi
396 651 529 710 conscius
548 662 659 711 sortem
679 674 758 713 suam
779 651 867 731 paulo
887 663 955 711 ante
967 651 1106 712 dellebat.
1126 652 1209 721 llaec

29 730 33 756 '
69 727 220 788 diversitas
240 726 308 786 satis
327 737 399 785 nota
412 736 465 801 est,
485 726 618 806 adeoque
639 727 785 791 familiaris
805 729 909 789 sanctis
922 728 1070 803 omnibus,
1091 726 1207 807 quisub

70 822 163 863 onere
182 803 366 882 iniquitatum
383 814 516 881 gemunt,
537 806 688 864 etintcrea
701 804 820 864 victrice
833 804 937 864 fiducia
950 816 1107 885 emergunt
1122 824 1208 883 supra

71 899 174 943 omnes
184 891 287 940 metus.
298 912 336 923 -
363 878 456 952 Quod
470 891 568 938 autem
583 880 877 955 obiectatOsiander,
890 881 1107 941 dissentaneum
1118 900 1206 941 essea

72 957 250 1029 naturallei,
260 954 491 1045 ineumrqcidit:
504 977 569 1015 nam
578 957 632 1016 etsi
640 956 863 1048 dupliciiustitia
872 956 1118 1036 tanquampellita
1128 968 1207 1018 veste

71 1045 188 1095 sanctos
201 1032 296 1105 vestit,
315 1031 401 1091 saterr
412 1043 509 1091 tamen
523 1033 651 1114 cogitur,
670 1054 734 1093 mne
753 1045 941 1113 peccatorum
960 1034 1136 1093 remissione
1155 1051 1208 1092 ne·

70 1112 179 1170 minem
200 1108 316 1188 placere
335 1106 414 1167 Deo.
455 1108 547 1182 Quod
566 1110 590 1168 si
608 1129 711 1169 verum
732 1123 785 1184 est,
805 1108 906 1170 saltem
928 1110 1083 1184 concedat,
1101 1122 1207 1170 meun-

71 1187 141 1248 dum
161 1197 252 1245 ratam
273 1194 385 1264 partem
405 1184 605 1264 imputationis
631 1188 681 1263 (ut
701 1185 877 1265 loquuntur)
896 1185 988 1246 iustos
1009 1186 1136 1261 censeri,
1156 1184 1206 1277 qui

71 1264 184 1342 reipsa
205 1281 266 1321 non
286 1270 363 1320 sunt.
403 1260 568 1340 Quousque
592 1272 689 1321 autem
715 1263 852 1321 extendet
872 1274 1009 1351 peccator
1027 1274 1208 1342 acceptatio·

70 1358 140 1399 nem
160 1337 235 1397 hanc
254 1334 423 1419 gratuitam,
442 1336 707 1419 quactubrogntur
723 1338 860 1398 inlocum
874 1339 1014 1398 iustitiae:
1036 1358 1070 1398 ex
1082 1340 1207 1412 deunce,

71 1437 110 1476 an
131 1434 165 1474 ex
184 1413 288 1479 uncia?
318 1411 482 1494 Ambiguus
506 1414 643 1495 prolecto
669 1426 700 1475 et
724 1414 860 1476 vacillans
886 1416 914 1473 in
937 1415 1010 1475 bane
1030 1426 1061 1476 et
1080 1415 1112 1475 in
1133 1414 1207 1475 hanc

73 1502 187 1572 partem
211 1489 368 1570 pendebit:
422 1490 468 1550 uia
487 1510 550 1549 non
570 1489 687 1566 licebit,
705 1503 844 1570 quantum
863 1491 899 1551 ad
918 1492 1053 1551 fiduciam
1074 1510 1208 1552 necessa·

71 1569 150 1629 rium
170 1568 226 1626 erit
244 1566 372 1627 iustitiae
390 1587 414 1626 ss
437 1566 447 1625 i
465 1586 591 1627 sumere.
644 1567 727 1627 Bene
751 1580 795 1627 est
814 1567 895 1647 quod
915 1567 1000 1627 huiu's
1014 1588 1124 1629 'causae
1143 1588 1206 1627 non

1 1718 2 1721 Ἴ
72 1656 117 1706 εει
135 1643 261 1717 arbiter,
307 1641 336 1701 ui
355 1641 423 1701 Deo
449 1641 544 1724 legem
568 1642 657 1703 vellet
680 1643 888 1724 praescribere.
951 1643 1112 1704 Caeterum
1134 1642 1208 1704 illud

71 1722 161 1783 stabit
179 1719 266 1779 fixum
285 1664 377 1796 dl'sal.
396 1724 446 1793 51,
463 1722 521 1798 6.):
560 1720 625 1794 „Ut
648 1720 812 1781 iustificeris
831 1721 860 1779 in
881 1720 1066 1781 sermonibus
1084 1724 1159 1797 tuis,
1177 1730 1208 1779 et

71 1798 184 1871 vincas,
204 1817 294 1876 quum
312 1794 481 1855 indicaris.“
521 1794 657 1870 Quantae
677 1809 772 1857 autem
794 1799 980 1931 arrogantiae
1005 1810 1049 1857 est
1068 1797 1207 1857 damnare

71 1894 215 1936 summum
236 1871 373 1947 iudicem,
413 1892 482 1931 uum
523 1872 590 1933 ratis
609 1873 751 1949 abtolrit,
771 1894 809 1932 ne
827 1894 861 1933 va
876 1885 923 1933 eat
940 1872 1012 1933 illud
1032 1892 1206 1953 responsum

71 1951 347 2029 (Exod.33,19.)=
380 1991 401 2024 „
435 1949 509 2008 isere
533 1969 578 2024 or,
597 1949 679 2010 cuius
698 1949 900 2010 miserebort“
928 1950 967 2009 Et
992 1962 1091 2009 tamen
1116 1950 1206 2009 lttosts

70 2026 258 2100 intercessio,
278 2046 364 2105 quam
384 2025 438 2085 hac
457 2046 530 2086 voce
549 2027 730 2107 compescuit
749 2027 844 2101 Deus,
865 2047 924 2086 non
946 2047 982 2086 eo
996 2025 1149 2101 tendebat,
1168 2044 1205 2084 ne

71 2104 120 2165 eui
139 2112 288 2183 parceret,
307 2100 358 2162 sed
378 2113 411 2160 ut
431 2123 533 2163 omnes
552 2104 678 2181 pariter,
697 2103 811 2164 abolito
830 2115 923 2178 reatu,
943 2104 1074 2182 quamvis
1086 2100 1205 2163 obnoxii

24 2182 28 2201 ¹
71 2180 175 2261 culpae
195 2190 308 2251 essent,
336 2175 511 2237 absolveret.
560 2180 602 2239 Ac
631 2200 686 2239 nos
707 2181 825 2259 quidem
846 2179 978 2254 dicimus,
997 2180 1065 2240 ideo
1086 2176 1204 2268 sepultis

54 2255 199 2394 ¹peccatis
216 2254 365 2314 iustificari
384 2275 482 2314 coram
501 2255 569 2315 Deo
588 2256 733 2335 perditos:
753 2257 821 2336 quia
838 2257 888 2391 qut
908 2267 1059 2335 peceatum
1071 2255 1142 2315 odso
1156 2254 1205 2315 ha·

97 2334 142 2410 et)
162 2351 223 2390 non
237 2342 336 2411 potest
347 2349 462 2403 amare,
479 2331 534 2390 nisi
545 2353 618 2412 quos
632 2332 774 2392 iustificat.
795 2333 834 2397 Se
867 2334 938 2392 haec
951 2344 994 2391 est
1005 2330 1149 2391 mirabilis
1160 2330 1205 2391 iu·

70 2407 214 2469 stificandi
233 2408 320 2480 ratio,
339 2418 373 2465 ut
392 2406 502 2468 Christi
516 2408 705 2469 iustitiatecti
717 2431 778 2468 non
789 2409 963 2469 exhorreant
974 2408 1126 2483 iudicium,
1145 2426 1204 2487 qno

72 2485 155 2567 digni
175 2495 258 2560 sunt,
289 2495 320 2543 et
345 2483 414 2542 dum
439 2504 471 2543 se
490 2483 570 2564 ipsos
588 2484 695 2544 merito
716 2485 869 2561 damnant,
896 2485 964 2545 iusti
984 2496 1064 2545 extra
1082 2503 1115 2544 se
1135 2502 1204 2545 cen·

71 2573 202 2623 scantur.

150 2642 198 2702 12.
237 2633 382 2695 lilonendl
400 2646 498 2696 tamen
519 2648 587 2696 sunt
607 2636 749 2710 lectores,
768 2647 802 2696 ut
820 2637 856 2697 ad
875 2637 1053 2717 mysterium,
1073 2636 1156 2717 quod
1173 2654 1203 2697 re

71 2714 140 2775 illos
160 2712 256 2773 celare
275 2711 357 2773 nolle
377 2713 474 2787 iactat,
493 2712 595 2773 sedulo
616 2713 776 2773 advertant.
815 2714 974 2793 Postquam
1001 2717 1079 2773 enim
1106 2713 1155 2773 diu
1175 2724 1203 2773 et

72 2789 186 2872 prolixe
206 2788 372 2862 contendit,
393 2811 454 2848 non
474 2789 537 2849 sola
556 2790 750 2882 imputatione
770 2791 896 2849 iustitiae
917 2790 1026 2849 Christi
1048 2812 1102 2851 uos
1124 2790 1204 2851 lavo·

71 2889 134 2928 rem
154 2865 296 2945 consequi
315 2865 392 2946 apud
410 2866 524 2940 Deum,
558 2887 625 2945 qura
650 2865 707 2925 hoc
728 2867 753 2924 ei
774 2866 952 2945 impossihile
973 2878 1064 2940 esset,
1097 2866 1205 2927 babere

70 2965 127 3025 pro
141 2944 232 3018 iustis,
253 2943 303 3021 qui
323 2963 384 3002 non
403 2955 473 3003 sunt
491 2946 572 3018 (ntor
591 2944 652 3002 eius
665 2941 790 3018 verbis):
809 2943 926 3002 tandem
938 2941 1099 3018 concludit,
1119 2942 1205 3004 Chri·

71 3023 149 3082 stum
169 3041 230 3079 non
250 3018 393 3078 humanae
414 3031 546 3094 naturae,
566 3019 616 3078 sed
638 3018 753 3077 diuinae
766 3031 900 3098 respectu
920 3020 1015 3078 datum
1037 3021 1123 3080 nobis
1144 3038 1204 3081 esse

71 3097 103 3156 in
123 3097 277 3155 iustitiam:
298 3106 329 3154 et
353 3096 481 3176 quamvis
501 3095 573 3155 haec
592 3094 711 3154 nonnisi
730 3099 760 3154 iu
801 3117 905 3155 ersona
928 3096 1098 3157 Mediatoris
1118 3115 1205 3177 repe·

72 3173 125 3233 riri
144 3184 242 3251 queat,
262 3191 324 3232 esse
343 3184 441 3232 tamen
462 3192 523 3231 non
544 3171 679 3244 hominis,
697 3171 747 3230 sed
768 3118 824 3241 Ilei
845 3172 1042 3236 iustitiam-
1060 3174 1130 3233 Non
1143 3172 1207 3233 col-

72 3249 145 3329 ligat
164 3269 242 3307 nunc
261 3269 345 3307 suum
365 3247 527 3307 funiculum
548 3267 582 3306 ex
601 3248 712 3307 duabus
741 3248 871 3321 iustitiis,
904 3249 954 3308 sed
985 3249 1072 3327 plane
1103 3249 1206 3309 iustifi-

72 3325 159 3386 candi
178 3323 308 3384 olficium
327 3323 429 3385 adimit
459 3323 601 3384 humanae
633 3323 744 3384 Christi
765 3337 894 3383 naturae.
934 3322 1054 3403 Operae
1078 3328 1205 3406 pretium

72 3413 169 3463 autem
191 3413 246 3476 est,
266 3411 369 3460 tenere
389 3421 445 3479 qua
465 3402 579 3460 ratione
599 3412 720 3482 pugnet.
759 3400 876 3460 Dicitur
890 3403 995 3459 codem
1016 3402 1096 3476 loeo,
1117 3402 1206 3463 Chri·

71 3489 133 3539 stus
153 3477 246 3536 sactus
265 3477 297 3535 in
314 3479 486 3552 supinatione
505 3478 545 3555 (Ι.
566 3477 637 3538 Cor.
658 3485 687 3551 1,
707 3479 784 3553 30.):
810 3478 888 3556 quod
910 3498 970 3536 uon
991 3479 1206 3540 convenit⁴niai

71 3565 194 3615 aeterno
216 3553 362 3612 Sermoni.
401 3553 482 3634 Ergo
510 3573 564 3613 nec
586 3553 719 3614 Christus
740 3553 829 3613 bomo
849 3554 957 3614 iustitia
978 3568 1030 3614 est.
1068 3555 1206 3636 Respon-

72 3630 146 3705 deo,
175 3628 359 3711 unigenitum
379 3629 443 3688 ‘Dei
468 3628 556 3688 filium
583 3642 731 3690 aeternam
757 3631 875 3710 quidem
901 3630 987 3691 luisse
1008 3632 1069 3692 eius
1088 3632 1205 3714 sapien·

70 3707 153 3782 tiam,
171 3704 223 3766 sed
243 3704 358 3766 diverso
378 3706 469 3766 modo
490 3725 598 3764 nomen
619 3705 676 3766 hoc
697 3708 723 3765 ei
743 3707 864 3765 attribui
891 3709 967 3788 apud
988 3707 1112 3768 Paulum
1159 3709 1205 3769 uia

71 3783 201 3864 „inipso
220 3781 367 3842 reconditi
384 3793 453 3841 sunt
473 3802 575 3841 omnes
594 3782 723 3842 thesauri
738 3783 895 3861 sapientiae
910 3796 940 3842 et
950 3784 1111 3844 scientiae“
1121 3730 1205 3864 (bot.

71 3866 108 3934 2,
133 3860 188 3938 3.).
235 3858 327 3933 Quod
354 3878 426 3940 ergo
454 3857 530 3938 apud
559 3857 676 3918 Patrem
706 3858 850 3935 habebat,
879 3860 965 3920 nobis
995 3860 1207 3922 manifestavits

71 3935 161 3997 etita
181 3955 242 3996 non
262 3934 298 3994 ad
319 3936 472 3996 essentiam
492 3932 559 3994 Filii
577 3935 652 4007 Dei,
683 3935 734 3994 sed
753 3936 788 3995 ad
809 3958 893 3996 usum
912 3948 1045 3996 nostrum
1064 3939 1207 4015 refertur,

71 4010 152 4092 quod
171 4011 243 4072 dicit
262 4009 385 4087 Paulus,
418 4023 449 4072 et
467 4008 611 4070 humanae
631 4009 740 4072 Christi
760 4024 881 4072 naturae
900 4013 957 4072 rite
976 4024 1106 4092 aptatur:
1136 4017 1206 4094 quia

71 4088 125 4148 etsi
145 4087 193 4147 lux
212 4087 242 4147 in
261 4087 392 4148 tenebris
412 4086 540 4162 lucebat,
560 4100 715 4165 antequam
736 4109 853 4149 earnem
869 4090 1013 4163 indueret,
1034 4102 1208 4153 erattamen

71 4162 119 4224 lux
144 4164 331 4240 abscondita,
362 4164 458 4225 donec
487 4163 600 4243 prodiit
628 4165 705 4224 idem
731 4166 865 4227 Christus
890 4167 920 4226 ln
945 4178 1048 4226 natura
1069 4165 1209 4243 hominis,

70 4239 128 4301 sot
142 4243 283 4305 ιἐειίεἰαεε
313 4241 366 4323 qui
389 4262 421 4303 se
445 4239 515 4302 ideo
539 4239 631 4303 locem
647 4241 748 4303 mundi
766 4244 903 4326 appellat.
922 4277 959 4291 -
998 4242 1098 4305 Stulte
1118 4245 1208 4307 etiam
