2700 4732
1 155 2 165 '
71 182 136 251 aas·
450 178 529 243 tra.
547 179 590 242 ιι
629 179 720 244 css.
740 178 822 242 xrs.
932 182 935 189 ’

72 332 150 416 esset
167 322 268 400 Pater,
284 323 309 386 si
327 344 430 397 suurn
448 337 494 387 est
510 324 584 386 illud
595 320 679 385 Pauli
697 274 781 417 (Col.¹
792 329 822 400 1,
834 322 911 401 tn),
931 320 1207 416 rempefctutsugn

73 401 162 463 [unse
186 412 288 483 caput,
320 413 350 462 et
375 402 604 485 primogenitum
628 422 724 463 omnus
737 413 909 475 creaturae,
938 412 972 461 ut
997 411 1150 479 primatum
1176 420 1207 460 ιιι

74 477 219 539 omnibus
232 488 362 538 teneret:
394 479 449 539 rite
473 479 543 539 mihi
568 478 710 559 colligere
734 478 851 554 videor,
881 477 990 536 filium
1010 496 1129 580 qnoque
1149 475 1209 537 Dei

9 568 13 577 ·
74 552 163 615 fuisse
181 567 249 615 ante
269 555 370 614 mundi
391 555 581 615 creationem.

150 636 178 695 6·
208 631 336 705 ‘Quodsi
360 631 533 711 principium
559 630 662 690 habuit
681 630 865 706 eiusfftiliatio
885 632 933 706 (ut
952 631 994 690 ita
1016 629 1147 708 loquar),
1174 648 1209 690 ex

75 726 135 785 quo
155 707 186 767 in
206 728 294 766 carne
312 707 475 788 patefactus
495 720 555 781 est,
577 707 710 785 sequitur
727 707 836 781 Filium
854 707 995 767 humanae
1016 725 1135 798 quoque
1156 728 1210 766 na·

74 793 158 843 turae
177 795 312 864 respectu
332 782 429 843 luisse.
471 784 582 844 Volunt
601 783 741 844 Servetur
761 796 791 842 et
809 783 915 844 similes
936 782 1098 862 phrenetici
1120 782 1210 843 Chri·

73 871 167 933 sturn,
192 859 243 950 qui
263 860 293 918 in
313 880 400 950 carno
420 859 571 950 apparuit,
593 880 654 921 erse
672 859 730 919 Dei
750 859 872 919 Filium:
904 860 971 940 qnia
992 871 1070 951 extra
1090 879 1208 919 carnem

75 948 388 1092 tthtt‘⁰h25.3¹;:2¹
409 935 1209 1091 1111115·11111111111111ιι

76 1088 194 1225 puidam
210 1088 362 1169 garriunt:
382 1088 433 1147 sed
454 1089 543 1169 longa
564 1088 650 1148 aliter
669 1088 757 1148 docet
777 1088 892 1149 Paulus.
931 1089 1069 1148 Faternur
1089 1087 1208 1168 quidem

106 1163 228 1225 hristum
247 1164 278 1224 in
299 1182 387 1224 carne
408 1165 533 1225 humana
551 1164 658 1224 Filium
678 1164 750 1239 dici,
775 1185 837 1224 non
856 1176 890 1224 ut
908 1164 1023 1239 fideles,
1047 1164 1210 1245 adoptione

76 1241 214 1300 duntaxat
232 1251 262 1301 et
281 1240 387 1322 gratia,
411 1242 463 1301 sed
483 1253 583 1300 verum
604 1253 634 1302 et
653 1240 830 1317 naturalem,
862 1241 1143 1321 ideoqoeunicnm:
1175 1251 1209 1300 ιιι

76 1316 130 1377 hac
150 1329 222 1377 uota
248 1317 428 1378 discernatur
452 1317 488 1377 ah
509 1316 644 1380 omnihus
669 1316 740 1378 aliis.
790 1317 852 1378 Nos
872 1317 950 1376 enim
971 1318 1020 1398 qni
1046 1319 1076 1377 in
1101 1338 1208 1378 noram

76 1393 162 1454 ritem
182 1414 279 1454 sumus
298 1392 441 1488 regeniti,
459 1393 541 1454 Dens
561 1394 686 1454 liliorum
708 1394 827 1454 nomine
847 1395 998 1474 dignatur:
1019 1415 1127 1455 nornen
1146 1393 1209 1454 reri

75 1469 341 1608 tlttit‘tlttt
362 1469 815 1607 llil‘iol‘siiltu‘llli'id
835 1470 1209 1607 tlt‘wlt'tl'attt

76 1621 158 1682 mus?
192 1619 293 1702 Atque
320 1589 397 1683 hrlnc
417 1568 562 1682 ludherem
581 1568 761 1683 ertenllimus
780 1569 928 1683 adqtotam
948 1624 1117 1683 lllediatoris
1158 1568 1207 1681 il·

75 1719 189 1773 sonam,
209 1710 241 1761 ιιι
260 1718 328 1759 vere
347 1712 378 1758 et
397 1700 517 1777 proprie
536 1699 575 1759 sit
594 1699 684 1760 Filius
705 1700 776 1774 Dei,
797 1699 847 1779 qni
867 1711 898 1759 et
917 1712 1001 1759 natus
1021 1712 1065 1760 est
1085 1719 1119 1759 ex
1136 1645 1208 1759 lir-

77 1772 162 1856 gine,
193 1787 224 1836 et
247 1796 278 1837 se
298 1775 441 1836 victimam
462 1775 544 1835 Patri
575 1776 604 1835 io
635 1796 721 1837 cruce
742 1776 862 1837 obtulit:
895 1776 945 1837 sed
965 1776 1090 1837 Deitatis
1109 1788 1208 1836 tamen

76 1863 226 1932 respectu,
251 1851 335 1912 sicuti
354 1851 461 1913 Paulus
481 1853 688 1931 docet‘fflom.
708 1859 881 1927 1,1-3.),
913 1852 981 1911 duro
1001 1873 1031 1912 se
1051 1852 1092 1912 ait
1109 1871 1211 1934 segre·

77 1941 177 2010 gatum
198 1929 229 1987 in
249 1928 438 2010 Evangelinm
458 1927 526 2002 Dei,
546 1929 626 2006 qnod
645 1941 713 1990 aute
733 1929 906 2009 promiserat
925 1929 961 1988 de
979 1929 1055 1990 Filio
1074 1950 1139 2002 sno,
1159 1928 1211 2021 qui

99 2005 193 2064 enitns
213 2016 257 2064 est
276 2026 311 2064 ex
334 2005 445 2066 semine
466 2004 557 2065 David
583 2006 743 2065 secundnm
775 2026 908 2080 carnem,
938 2005 1100 2067 declaratus
1118 2004 1210 2066 Filius

77 2025 136 2142 hei
156 2083 186 2140 iu
205 2081 323 2141 virtute.
367 2080 431 2141 Cur
453 2081 613 2141 secundum
639 2103 755 2142 carnem
782 2082 918 2142 distincte
943 2082 1096 2143 nominans
1115 2081 1208 2142 hlium

77 2157 214 2233 Danielis,
243 2178 375 2218 seorsum
402 2159 513 2218 diceret
537 2157 714 2218 declaratum
736 2178 797 2219 esse
816 2159 872 2217 Dei
892 2158 1015 2231 Filium,
1046 2159 1102 2220 nisi
1121 2159 1211 2228 vellet

77 2237 201 2295 innuere
221 2233 338 2294 aliunde
360 2233 416 2293 hoc
435 2234 565 2314 pendere
585 2255 670 2314 quam
690 2256 706 2294 a
723 2255 810 2295 carne
829 2233 910 2313 ipsa?
949 2236 1024 2295 Nam
1042 2257 1103 2315 qno
1122 2255 1210 2296 sensu

78 2310 148 2372 alibi
168 2310 239 2370 dicit
257 2309 314 2388 (ll.
335 2309 409 2370 Cor·
426 2315 474 2381 13,
493 2311 538 2386 4.)
558 2332 670 2391 passum
690 2311 777 2370 fuisse
798 2331 830 2370 ex
850 2311 1017 2372 infirmitate
1038 2311 1142 2385 cunis,
1160 2333 1211 2370 re-

77 2386 233 2459 surresisse
254 2407 287 2444 er
307 2387 413 2446 virtute
433 2386 576 2466 Spiritus,
601 2387 640 2447 ita
664 2409 742 2448 nunc
762 2388 919 2447 discrimen
938 2388 1041 2448 statuit
1058 2388 1210 2478 utriusque

79 2476 206 2524 naturae.
246 2461 338 2522 Certe
349 2465 514 2523 concedant
534 2484 652 2524 necesse
665 2475 719 2537 est,
737 2464 823 2524 sicuti
843 2485 858 2524 a
879 2476 971 2524 matre
984 2465 1106 2543 accepit,
1127 2484 1208 2524 curus

79 2561 162 2601 cansa
181 2538 255 2598 lilius
275 2539 393 2600 Davidis
412 2553 543 2614 vocatur,
561 2540 600 2599 ita
620 2561 636 2600 a
655 2541 743 2600 Patre
763 2539 881 2612 hahere,
900 2542 980 2601 cuius
999 2560 1085 2600 causa
1104 2539 1141 2600 sit
1156 2539 1208 2599 Fi-

78 2617 133 2677 lius
147 2614 215 2691 Dei,
234 2615 324 2694 idque
343 2616 379 2676 ah
400 2614 524 2676 humana
544 2629 648 2675 natura
667 2616 743 2676 alind
764 2636 825 2677 esse
845 2638 879 2678 ac
896 2616 1049 2676 diversum.
1088 2615 1208 2696 Duplici

79 2692 202 2755 nomine
221 2712 287 2754 enm
307 2692 427 2773 insignit
439 2692 602 2772 Scriptura,
623 2694 724 2773 passim
743 2715 854 2753 vocans
875 2713 952 2752 nnnc
964 2690 1131 2765 Dei,·nunc
1152 2693 1209 2751 ho-

79 2771 167 2829 minis
179 2769 202 2828 F
204 2767 294 2829 ilium.
333 2769 380 2828 Dc
391 2771 521 2830 secundo
543 2769 576 2829 lis
595 2771 706 2829 moveri
727 2790 786 2828 non
807 2781 915 2850 potest,
926 2767 996 2849 quin
1016 2768 1211 2828 excommnni

79 2846 196 2927 linguae
217 2845 369 2907 hebraicae
389 2868 442 2907 usu
463 2845 589 2906 hominis
608 2845 721 2905 dicatur
742 2846 843 2920 Filius,
863 2848 930 2926 qnia
950 2857 994 2906 est
1013 2865 1046 2904 er
1066 2846 1211 2927 progenie

78 2924 171 2983 Adae.
210 2922 252 2980 Er
272 2944 310 3016 op
334 2923 411 2983 osito
422 2922 584 2996 contendo,
595 2923 708 2982 deitatis
728 2935 925 3002 aeternaeque
942 2924 1083 2982 essentiae
1094 2922 1213 2982 ratione

79 3000 180 3061 vocari
199 2998 257 3058 Dei
279 2943 401 3060 lilium:
448 2999 494 3060 uia
514 3019 575 3059 non
600 2999 693 3088 miuus
714 3010 942 3059 consentaneum
964 2999 1064 3058 estad
1085 2998 1212 3058 divinam

78 3089 212 3136 naturam
232 3075 348 3151 referri,
367 3021 447 3155 quod
467 3088 587 3137 vocatur
597 3075 654 3135 Der
666 3075 690 3133 F
692 3074 767 3150 ilius,
787 3096 871 3154 qnam
891 3075 926 3134 ad
947 3073 1110 3146 humanam,
1130 3075 1212 3153 quod

79 3165 200 3215 vocatur
219 3152 243 3210 F
246 3152 310 3212 ilius
329 3151 465 3212 hominis.
511 3152 649 3231 Denique
669 3172 705 3211 co
727 3172 813 3231 quem
834 3151 918 3211 citavi
939 3151 1024 3223 loco,
1044 3170 1104 3208 non
1126 3152 1213 3210 aliter

79 3227 218 3309 intelligit
236 3227 354 3300 Paulus,
374 3248 440 3288 eum
461 3227 512 3308 qui
531 3228 690 3288 secuudum
710 3248 826 3287 carnem
845 3225 963 3306 genitus
982 3238 1027 3286 cst
1047 3245 1079 3283 er
1099 3228 1212 3288 semine

79 3305 213 3377 Davidis,
241 3303 419 3365 declaratum
440 3305 551 3365 esseio
571 3304 680 3363 virtute
700 3304 805 3363 Filium
824 3303 900 3378 Dei,
925 3324 1012 3382 qnam
1033 3301 1102 3361 alihi
1123 3303 1213 3364 docet

80 3383 182 3460 (Rom.
193 3387 222 3453 9,
234 3385 286 3458 5.),
307 3381 456 3442 Christum
476 3381 526 3473 qui
547 3400 581 3439 er
600 3380 715 3441 ludaeis
734 3379 883 3440 descendit
902 3380 1062 3439 secundum
1083 3400 1213 3458 carnem,

81 3477 144 3519 esse
163 3458 259 3517 Deum
280 3457 467 3518 benedictum
487 3480 517 3517 m
537 3456 660 3518 saecula.
705 3456 822 3532 Quodsi
842 3468 968 3536 utroque
989 3456 1056 3516 loco
1076 3458 1213 3534 geminae

80 3545 203 3595 naturae
228 3534 376 3595 distinctio
402 3545 541 3609 notatur,
564 3554 624 3612 quo
649 3534 713 3592 inre
739 3533 908 3614 negabunt,
934 3533 1039 3592 Filium
1065 3533 1124 3592 Dei
1149 3552 1213 3593 esse

81 3611 340 3747 :²²⁰525,dlvl⁰²⁰
364 3622 515 3691 respectu,
540 3610 590 3691 qui
615 3609 776 3669 secundum
800 3630 916 3670 carnem
941 3610 1031 3669 Filius
1061 3609 1146 3669 etiam
1168 3621 1213 3671 est

102 3709 218 3749 omrms.

158 3770 187 3829 7.
226 3762 421 3825 Tumultnose
445 3761 563 3843 quidem
592 3762 635 3823 illi
660 3762 768 3822 erroris
799 3763 843 3823 sni
868 3761 1064 3842 patrocinium
1095 3773 1215 3843 urgent,

82 3841 164 3922 quod
185 3839 383 3899 diciturlleus
403 3840 525 3920 proprio
536 3838 612 3898 Filio
634 3860 695 3899 non
713 3840 888 3918 pepercisse,
907 3840 987 3917 quod
1007 3840 1088 3898 illum
1108 3840 1215 3919 ipsum,

102 3918 131 3978 ui
152 3938 169 3976 e
189 3917 311 3997 Virgine
331 3929 508 3988 nasceretur,
528 3915 634 3975 l'ilium
647 3915 785 3975 Altissimi
806 3917 901 3975 vocari
913 3915 1045 3996 Angelus
1066 3916 1216 3995 praecepit

80 3941 182 4073 dilom.
200 3999 230 4066 8,
249 3999 298 4058 32.
324 3993 395 4052 Luc.
415 4000 444 4067 1,
461 3992 535 4068 sn).
578 3993 688 4051 Verum
714 3995 767 4071 (ne
793 4004 851 4051 tam
878 3991 953 4050 sutili
975 3992 1145 4051 obiectione
1164 4013 1216 4050 sn·

102 4070 230 4143 erhiant)
251 4069 415 4150 expendant
434 4069 579 4161 paulisper
598 4067 761 4141 nobiscnm,
781 4090 868 4147 quam
879 4068 973 4129 valide
992 4068 1216 4128 ratiocinentnr.

80 4091 115 4206 li
134 4147 212 4206 enim
232 4148 289 4206 rite
308 4145 504 4219 concluditur,
522 4164 540 4205 a
559 4145 754 4225 conceptione
775 4148 905 4224 coepisse
924 4144 982 4205 Dei
999 4145 1022 4203 F
1024 4144 1116 4218 ilium,
1136 4144 1216 4278 spuis,

80 4222 132 4303 qni
152 4235 313 4302 conceptus
333 4234 393 4297 est,
413 4221 502 4282 Filius
521 4233 657 4282 vocatur:
677 4233 827 4299 sequetur,
847 4241 909 4282 essc
930 4222 1061 4302 coepisse
1081 4223 1142 4280 Ver
1166 4241 1215 4280 urn

29 4374 34 4385 ἱ
76 4318 100 4360 ι
116 4319 167 4360 ana
190 4299 429 4363 manifestatione
450 4299 482 4359 in
503 4318 612 4376 carne,
638 4297 707 4379 quia
727 4299 854 4361 loannes
878 4299 967 4361 tradit
984 4298 1025 4380 (Ι.
1045 4318 1092 4380 ep.
1111 4303 1142 4375 1,
1161 4298 1217 4377 1.),
