2700 4732
13 4036 18 4052 ·
116 4007 366 4089 appropinquasse
385 4007 546 4069 subiiciunt
564 4006 685 4085 (lllattb.
704 4014 734 4081 3,
753 4014 781 4072 2.
801 4016 836 4084 t,
855 4015 925 4080 17.).

73 162 161 273 ’ως
348 270 351 275 ,
495 198 572 260 um
591 198 651 261 ιιι.
691 197 780 261 cae.
798 196 857 259 111.

105 358 139 413 us
155 338 220 409 ιὀι.
240 344 302 407 ιιι.
320 341 520 407 massono
537 342 626 418 sm,
646 342 762 405 astus·
787 339 1055 425 spernamus„
1072 314 1152 403 sese
1174 350 1245 422 spe·

104 442 172 487 rare
187 422 354 485 audeamus.
391 420 463 481 Non
482 417 568 481 fallet
585 418 661 503 ipse,
679 419 731 502 qui
740 418 820 497 dixit,
839 416 1245 483 Secundumlidetntestrara

105 501 158 565 fiat
175 499 259 565 robis
278 494 399 579 (blattb.
419 504 451 574 9,
468 498 542 577 ta).

493 809 752 884 caPtJT
800 810 859 881 Ill.

246 1001 337 1065 Fide
360 1003 681 1086 norregcnerari:
705 1000 766 1064 nbi
791 1000 833 1063 de
856 982 1103 1085 poenitentia.

175 1185 265 1238 Partes
281 1179 380 1251 Capitis
397 1179 526 1251 quinque:
551 1180 583 1251 1)
599 1178 701 1236 Titulus
716 1172 820 1234 ridetur
836 1181 870 1233 de
885 1179 953 1235 Fide
966 1178 1148 1234 tractationem
1164 1177 1248 1250 pollii

109 1268 171 1332 mi,
185 1284 272 1323 tamea
289 1266 323 1318 de
340 1264 502 1317 Paenitentia
519 1279 634 1328 tantum,
649 1265 784 1318 individua
799 1263 863 1319 fidei
879 1265 983 1327 comite,
998 1284 1070 1318 nnnc
1086 1263 1177 1330 agitur.
1210 1263 1255 1316 Et.

108 1353 225 1426 primum
240 1348 327 1402 variae
343 1349 456 1411 aliorum
473 1351 507 1402 de
523 1349 683 1421 poenitentia
700 1350 847 1401 referuntur
864 1347 1010 1420 opiniones,
1025 1363 1086 1404 sect.
1104 1348 1193 1406 1-4.
1211 1374 1247 1390 ·-

107 1439 141 1509 2)
158 1436 329 1490 Orthodoxae
346 1433 480 1488 doctrinae
497 1434 531 1486 de
547 1431 709 1504 poenitentia
732 1433 872 1503 expositio,
886 1446 946 1487 teet.
961 1434 1047 1488 5-9.
1065 1462 1099 1475 -
1122 1431 1155 1501 8)
1172 1431 1248 1487 Cau·

107 1540 160 1585 sae,
175 1534 284 1591 propter
301 1538 364 1588 quas
378 1517 408 1571 in
424 1518 545 1570 ultimum
561 1537 644 1587 usque
659 1517 726 1570 vitae
742 1518 883 1571 terminum
902 1517 1061 1588 poenitentia
1078 1516 1182 1571 utendi
1198 1518 1249 1570 dc·

79 1628 86 1640 ·
108 1608 183 1669 beat,
207 1617 267 1659 sect.
284 1602 404 1658 tlt-ta
422 1628 455 1642 ·-
489 1599 522 1665 4)
539 1599 582 1651 De
606 1600 732 1654 fructibus
756 1600 945 1671 poenitentiae,
968 1603 1008 1655 vel
1027 1622 1152 1672 quorsum
1174 1614 1202 1655 et
1216 1601 1249 1655 ira

108 1708 189 1763 quem
205 1688 285 1740 finem
302 1686 400 1749 tendat,
415 1698 475 1740 sect.
492 1684 612 1740 15—20·
629 1711 664 1727 ···
688 1684 720 1756 b)
737 1683 816 1738 Unde
832 1686 990 1756 poenitentia
1007 1685 1085 1740 nobis
1100 1685 1252 1756 proveniat.

70 1763 71 1766 ¹
108 1787 171 1830 sect.
186 1771 311 1829 at-tt.
329 1785 355 1824 et
369 1784 430 1825 sect.
446 1771 504 1835 25..
525 1768 572 1825 nbi
597 1771 632 1823 de
657 1784 766 1843 peccato
789 1770 816 1824 in
834 1770 960 1843 Spiritum
978 1771 1005 1825 S.
1022 1784 1048 1823 et
1065 1772 1098 1823 dc
1114 1770 1250 1843 reprobo·

110 1879 171 1914 rum
188 1854 393 1928 impoenitentia.
996 1880 997 1884 =
1142 1866 1146 1891 ¹

187 2030 217 2091 1.
254 2022 319 2083 Etsi
344 2023 400 2084 iam
423 2019 520 2103 aliqua
543 2028 680 2103 exparte
700 2020 868 2097 docuimus,
891 2020 1043 2114 quomodo
1062 2020 1136 2083 fides
1154 2018 1249 2085 Cbri-

111 2112 190 2164 stnm
210 2099 367 2182 possideat,
387 2109 418 2159 et
437 2119 490 2179 per
508 2101 599 2179 ipsam
621 2098 821 2159 lrusmureius
841 2098 941 2159 bonis:
963 2098 1020 2160 boc
1038 2110 1136 2161 tamen
1150 2098 1249 2163 adbuc

113 2177 271 2239 obscurum
292 2187 380 2250 esset,
400 2174 454 2235 nisi
473 2174 634 2234 effectuum
655 2196 729 2254 quos
748 2175 887 2235 sentimus
907 2175 1060 2235 accederet
1079 2173 1247 2256 explicatio.

111 2254 182 2315 Non
203 2251 254 2313 abs
272 2270 305 2311 re
323 2272 435 2313 summa
444 2251 595 2333 Evangelii
615 2253 753 2311 statuitur
771 2251 802 2311 in
822 2251 1004 2332 poenitentia
1024 2263 1056 2312 ct
1074 2251 1248 2313 remissione

111 2339 311 2410 peccatorum.
348 2328 431 2410 Ergo
452 2327 567 2387 duobus
585 2326 641 2387 illis
661 2327 804 2407 capitibus
825 2328 953 2402 omissis,
979 2326 1075 2389 ieiuna
1094 2340 1126 2389 ct
1144 2327 1250 2391 mutila

113 2406 171 2466 crit
189 2405 325 2482 adeoque
344 2423 439 2494 prope
457 2403 569 2464 inutilis
581 2402 730 2494 quaelibet
750 2404 787 2477 dc
805 2403 862 2464 tide
875 2404 1044 2483 disputatio.
1080 2404 1143 2465 Iam
1155 2426 1249 2486 quum

111 2478 1251 2638 lllltllcttlllltllsslllllltsttlitmgltlltftlttttlt

113 2632 201 2695 cendi
219 2631 310 2692 series
329 2631 469 2711 postulat,
488 2644 521 2692 ut
540 2631 577 2691 de
600 2643 728 2711 utroque
753 2632 809 2693 boc
834 2631 903 2693 loco
930 2633 1072 2693 disserere
1096 2635 1248 2715 incipiam.

112 2709 267 2772 Proximus
287 2721 384 2767 autem
404 2729 421 2767 a
440 2706 499 2767 fide
517 2708 553 2767 ad
574 2708 786 2788 poenitentiam
807 2709 892 2769 nobis
912 2709 968 2768 erit
990 2710 1145 2771 transitus:
1177 2710 1249 2791 quia

113 2787 173 2848 boc
198 2786 293 2865 capite
318 2784 412 2878 probe
438 2786 577 2867 cognito,
602 2784 704 2845 melius
728 2784 841 2866 patebit
865 2786 1015 2865 quomodo
1045 2785 1108 2847 sola
1133 2786 1193 2849 bde
1217 2798 1250 2849 et

113 2882 196 2925 mera
215 2863 299 2923 venia
318 2860 491 2923 iustificetur
511 2861 611 2936 bomo,
631 2881 727 2941 neque
745 2873 843 2921 tamen
863 2884 879 2922 a
899 2863 1024 2943 gratuita
1042 2862 1171 2924 iustitiae
1189 2864 1250 2925 int-

113 2937 269 3022 putationc
292 2950 446 3019 separetur
467 2937 554 2998 realis
580 2940 628 3016 (ut
646 2937 685 2999 ita
704 2937 822 3017 loquar)
845 2940 921 2998 vitae
945 2937 1092 2999 sauctitas.
1135 2939 1276 3001 Poenia‘

113 3017 238 3077 tentiam
257 3035 328 3075 vero
348 3035 411 3074 non
430 3015 520 3075 modo
540 3013 627 3072 fidem
648 3013 790 3075 continuo
809 3015 957 3094 subsequi,
977 3014 1028 3076 sed
1049 3035 1083 3074 ex
1103 3036 1136 3077 ea
1155 3015 1249 3092 nasci,

116 3104 196 3152 extra
216 3092 446 3152 controversiam
460 3110 523 3151 esse
544 3089 634 3150 debet
653 3089 724 3171 [vid.
737 3089 817 3151 Calc.
829 3093 860 3151 in
879 3092 1104 3171 Ioann.1‚13.].
1144 3092 1249 3166 Quum

116 3169 194 3229 enim
213 3170 301 3228 venia
321 3180 351 3228 et
369 3166 501 3228 remissio
522 3186 576 3246 per
593 3166 744 3249 Evangelii
769 3169 1016 3248 praedicationem
1041 3169 1110 3228 ideo
1135 3170 1249 3230 ollera·

115 3257 175 3319 tur,
194 3255 261 3304 uta
280 3244 436 3324 tyrannide
456 3243 599 3319 Satanae,
620 3244 731 3322 peccati
750 3243 837 3325 iugo,
863 3258 894 3304 et
917 3245 1021 3304 misera
1045 3245 1186 3307 servitute
1204 3244 1250 3306 ri-

114 3321 226 3381 tiorum
245 3319 384 3381 liberatus
405 3331 545 3400 peccator
563 3319 594 3378 in
614 3338 737 3401 regnum
755 3319 815 3379 Dei
834 3332 974 3381 transeat:
997 3333 1076 3380 certe
1095 3318 1251 3404 Evangelii

114 3396 239 3478 gratiam
264 3417 351 3456 nemo
377 3394 514 3476 amplecti
537 3407 646 3475 potest,
665 3396 735 3474 quin
760 3416 794 3455 cx
817 3397 968 3457 erroribus
986 3397 1061 3458 vitae
1085 3396 1194 3478 prioris
1216 3397 1251 3459 in

115 3485 226 3532 rectam
245 3472 319 3532 riam
340 3492 371 3531 se
392 3473 531 3552 recipiat,
550 3482 705 3551 totumque
724 3494 807 3532 suum
826 3474 952 3532 studium
973 3473 1099 3553 applicet
1118 3475 1155 3535 ad
1176 3492 1251 3556 poe·
1281 3492 1284 3497 ·

115 3549 256 3609 nitentiae
276 3548 508 3614 meditationem.
551 3546 668 3622 Quibus
687 3561 784 3609 autem
804 3550 919 3609 videtur
937 3550 1024 3608 fidem
1044 3550 1143 3630 potius
1158 3569 1250 3631 'prae-

116 3625 224 3686 cedere
243 3626 441 3705 poenitentia,
474 3646 560 3704 quam
579 3623 616 3684 ab
642 3626 703 3703 ipsa
727 3630 844 3687 manire
868 3626 914 3686 vel
936 3627 1079 3706 proferri,
1110 3638 1250 3706 tanquam

116 3701 228 3763 fructus
249 3702 285 3761 ab
305 3701 427 3795 arbore,
452 3722 601 3792 nunquam
620 3701 663 3760 vis
683 3700 745 3761 eius
769 3702 825 3763 luit
843 3705 978 3786 cognita,
1003 3714 1034 3763 et
1052 3703 1174 3763 nimium
1192 3702 1253 3767 tevi

117 3778 400 3944 argupenpphlqptppl
413 3777 652 3945 ζιειιῗιίιιιῖιῗιῗὃωειη1
650 3789 788 3916 idddti'eli
800 3855 831 3914 in
857 3855 914 3916 suis
939 3854 1134 3916 concionibus
1175 3852 1253 3936 opn-

9 3996 15 4007 ,
115 3932 176 3993 lum
196 3931 232 3991 ad
252 3932 477 4011 resipiscentiam
496 3949 622 4009 primum
640 3931 808 3991 hortantur:
829 3931 936 3993 deinde
956 3953 1078 4069 rqgnum
1096 3875 1253 3993 coeiirrum

1000 4010 1044 4068 ale
1064 4008 1256 4088 praedicandi

115 4083 285 4151 mandatum
305 4084 454 4165 accipiunt
472 4083 623 4163 Apostoli:
648 4083 737 4144 talem
757 4086 891 4145 ordinem
910 4097 1050 4165 sequutus
1070 4096 1115 4146 cst
1134 4084 1256 4162 Paulus,

139 4160 364 4225 uernadrnodum
382 4161 477 4222 Lucas
497 4160 590 4219 rcl'ert
613 4160 695 4235 (Act.
715 4166 769 4237 20,
789 4166 862 4241 21.).
906 4160 999 4240 Atqui
1019 4161 1087 4220 dum
1112 4162 1143 4221 in
1163 4159 1257 4243 sylla·

116 4183 221 4299 darum
240 4249 381 4299 contextu
399 4236 599 4319 superstitiose
620 4235 753 4314 baereat,
774 4259 836 4297 non
847 4238 1080 4299 animadvertunt
1091 4258 1153 4377 quo
1164 4259 1256 4299 sensa

115 4313 196 4377 iuter
214 4333 246 4376 se
264 4313 356 4379 verba
379 4312 430 4377 illa
456 4314 643 4377 cohaereant.
685 4312 761 4395 Nam
782 4316 851 4375 dum
878 4315 910 4375 in
934 4314 1013 4376 bunc
1038 4335 1089 4376 mo
1112 4334 1161 4375 um
1180 4334 1256 4377 con·
