2700 4732
489 209 565 271 nm
586 209 641 270 iv.
683 208 771 271 cnr.
791 207 888 269 xvrr.
1141 156 1173 289 J
1202 209 1258 273 aas
1332 258 1335 264 .

125 353 265 489 colligere
284 374 346 414 nou
358 353 504 429 debuerit,
522 354 802 446 antequarn'pedem
814 362 957 413 moveret.
996 350 1074 411 Dum
1087 369 1157 410 vero
1169 348 1260 411 subli-

122 431 178 490 mis
212 442 293 490 ertur
311 430 342 490 in
362 435 460 490 adrem
487 443 527 506 et,
546 431 677 492 subrecta
697 428 787 501 nube,
807 450 838 490 se
861 426 985 507 amplius
1011 427 1043 485 in
1066 439 1144 488 terra
1165 447 1256 506 quae·

123 507 248 565 rendum
273 527 334 566 non
360 525 422 566 esse
453 506 556 580 docet,
587 518 651 566 tuto
672 504 848 588 colligimus,
869 502 1047 566 domicilium
1071 524 1150 563 nunc
1174 505 1201 562 ei
1225 503 1256 563 in

123 583 217 642 coelis
237 603 313 642 esse:
339 585 416 642 sieut
439 583 524 641 etiarn
551 583 654 642 asserit
672 581 779 642 Paulus
809 595 839 642 et
863 581 931 640 inde
951 600 966 640 a
987 579 1074 640 nobis
1094 579 1254 658 exspectari

122 656 206 717 iubet
216 656 306 736 (Phil.
318 663 347 732 3,
357 660 430 736 20.)
469 659 532 720 Hac
551 659 668 719 ratione
685 659 846 719 admonent
857 655 953 737 angeli
964 654 1131 735 discipulos,
1150 656 1254 715 frustra

122 753 175 794 eos
195 733 226 792 in
247 732 361 795 coelum
380 757 428 794 sus
450 735 542 794 icere:
564 735 630 815 quia
649 735 741 808 Iesus,
761 735 810 813 qui
834 743 995 868 assumptus
1015 744 1058 792 est
1077 731 1107 790 in
1128 732 1254 808 coelum,

122 812 165 870 sic
190 811 297 884 veniet,
321 756 564 889 quemadmodum
592 831 658 870 eum
682 811 817 871 viderant
836 829 921 869 ascen
944 828 1002 867 ere.
1051 807 1108 868 Hic
1133 827 1252 886 quoque

122 885 227 967 faceta,
247 899 280 947 ut
298 887 353 948 sibi
373 887 525 961 videntur,
554 887 797 978 tergiversatione
824 886 971 967 effugiunt
994 904 1082 944 sanae
1102 883 1253 943 doctrinae

119 960 286 1036 adversarii,
304 975 458 1023 venturum
478 972 548 1023 tunc
565 963 719 1036 visrbilem,
738 962 788 1041 qui
807 982 955 1040 nunquam
977 980 993 1020 e
1012 973 1091 1020 terra
1112 959 1252 1031 discessit,

121 1038 193 1117 quin
213 1041 290 1118 apud
309 1061 377 1100 suos
397 1037 545 1100 invisibilis
564 1052 686 1099 maneat.
727 1039 819 1112 Quasi
839 1058 908 1098 vero
929 1035 1026 1117 angeli
1045 1037 1190 1116 duplicem
1210 1034 1252 1095 illi

120 1117 315 1193 praesentiam
341 1116 490 1175 insinuent
514 1135 548 1175 ac
573 1135 634 1175 non
661 1114 831 1193 simpliciter
850 1112 1005 1192 discipulos
1025 1113 1133 1173 faciant
1153 1111 1251 1172 ocula·

119 1201 168 1249 tos
186 1201 274 1251 testes
294 1211 438 1266 ascensus,
458 1211 562 1270 nequa
582 1195 706 1269 supersit
719 1190 876 1251 dubitatio:
896 1189 1018 1268 perinde
1038 1190 1095 1250 acsi
1109 1188 1251 1263 dicerent,

119 1265 216 1327 Vobis
235 1266 399 1327 videntibus
419 1267 448 1327 in
469 1267 583 1328 coelum
604 1278 755 1345 receptus,
774 1265 902 1326 coeleste
922 1266 978 1325 sibi
998 1264 1151 1344 imperium
1172 1283 1247 1324 assc-

117 1338 192 1398 ruit:
212 1352 355 1419 superest,
375 1352 408 1400 ut
427 1342 573 1419 patienter
592 1343 775 1420 exspectetis,
793 1341 860 1400 dum
881 1363 979 1401 rursus
997 1341 1130 1400 adveniat
1148 1339 1250 1400 mundi

117 1414 220 1477 iudex:
240 1416 308 1495 quia
327 1437 406 1475 nunc
426 1416 542 1475 coelum
561 1416 706 1495 ingressus
727 1437 787 1475 non
809 1429 862 1492 est,
882 1416 1001 1476 utillud
1021 1417 1099 1478 solus
1112 1427 1248 1497 occupet,

116 1491 168 1552 sed
188 1502 221 1550 ut
239 1512 336 1552 secum
355 1511 407 1551 vos
427 1504 457 1550 et
476 1511 578 1551 omnes
598 1492 662 1570 pios
681 1492 809 1628 colligat

193 1572 241 1632 28.
281 1567 430 1640 Quoniam
449 1588 519 1627 vero
539 1579 680 1645 patronos
698 1567 755 1628 adu
768 1568 854 1628 terioi
875 1567 1019 1648 dogmatis
1038 1577 1168 1628 veterum
1187 1565 1247 1627 sui·

117 1641 217 1723 fragiis
248 1642 321 1702 nihil
350 1642 442 1722 pudet
470 1641 541 1701 illud
566 1662 673 1704 ornare
701 1665 736 1703 ac
764 1644 935 1725 praesertim
960 1643 1132 1725 Augustini:
1160 1663 1247 1733 quam

115 1738 256 1799 perverse
280 1718 309 1777 id
334 1729 493 1793 conentur,
518 1719 617 1798 paucis
643 1719 801 1800 expediam.
851 1721 926 1779 Nam
952 1740 1041 1798 quum
1065 1739 1082 1779 a
1102 1719 1197 1778 doetus
1216 1729 1248 1778 et

114 1795 170 1873 piis
182 1795 253 1854 viris
266 1792 389 1854 collecta
410 1794 519 1854 luerint
538 1815 642 1855 eorum
660 1796 838 1870 testimonia,
856 1794 929 1856 nolo
950 1815 1011 1855 rern
1031 1806 1122 1855 actam
1142 1813 1245 1874 agere:

116 1889 151 1930 ex
176 1890 278 1929 eorum
304 1870 554 1931 lucubrationibus
574 1883 672 1950 petat,
691 1875 742 1951 qui
765 1871 855 1932 volet.
904 1873 951 1932 Ne
977 1891 1010 1931 ex
1032 1870 1244 1951 Augustino

117 1947 237 2025 quidem
257 1967 427 2028 congeram,
447 1966 638 2027 quaecunque
657 1947 693 2007 ad
713 1968 775 2008 rem
795 1947 986 2025 iacerent*):
1015 1947 1066 2008 sed
1087 1956 1244 2007 contentus

116 2041 180 2096 ero,
200 2023 297 2101 paucis
308 2023 474 2098 ostendere,
493 2024 555 2082 sine
565 2024 766 2085 controversia
784 2035 880 2084 totum
900 2044 962 2085 esse
981 2036 1125 2085 nostrum.
1152 2020 1244 2097 Quod

113 2098 286 2173 adversarii,
311 2111 343 2158 ut
361 2118 428 2158 eum
448 2098 534 2159 nohis
555 2111 761 2178 extorqueant,
811 2110 977 2175 raetexunt,
1007 2100 1110 2180 passim
1130 2099 1160 2158 in
1181 2098 1244 2160 etur
1337 2127 1343 2141 =

114 2173 200 2236 libris
216 2194 382 2249 occurrere,
401 2195 518 2235 carnem
540 2188 570 2234 et
587 2177 757 2257 sanguinem
778 2121 888 2239 Christi
907 2176 1068 2256 dispensari
1086 2176 1115 2235 in
1129 2174 1232 2237 Coena

113 2270 222 2330 nempe
236 2252 381 2315 victimam
400 2251 490 2312 semel
509 2251 540 2310 in
560 2272 647 2312 errice
659 2251 800 2329 oblatam,
820 2252 958 2312 frivolum
971 2265 1030 2328 est,
1049 2271 1139 2332 quum
1158 2217 1244 2321 simul

111 2339 200 2389 vocet
218 2327 265 2389 vel
289 2326 488 2389 eucharistiam
508 2325 560 2389 ,rel
585 2340 794 2388 sacramentum
814 2331 956 2409 corporis.
1006 2329 1162 2394 Caeterum
1182 2345 1242 2407 quo

112 2425 200 2464 sensu
219 2424 306 2467 voces
322 2407 420 2463 cantis
440 2416 469 2464 et
491 2407 641 2480 sanguinis
660 2417 795 2485 usurpet,
816 2425 876 2464 non
896 2417 941 2465 est
961 2405 1040 2484 quod
1067 2405 1116 2465 lott
1140 2425 1158 2464 o
1184 2403 1242 2462 cir-

113 2481 193 2541 cuitu
214 2501 397 2561 quaeramus:
423 2481 541 2560 quando
568 2501 599 2541 se
620 2482 713 2572 ipsum
734 2482 856 2563 explicat
882 2480 1042 2560 [epist.23.
1063 2481 1098 2541 ad
1118 2424 1242 2560 honitJ,

112 2559 222 2633 dicens,
239 2570 419 2617 sacramenta
437 2577 471 2616 ex
490 2556 677 2618 similitudine
688 2577 798 2634 rerum,
818 2579 887 2638 quas
904 2561 1032 2639 signant,
1054 2560 1173 2616 nomina
1191 2576 1239 2616 ac·

111 2638 210 2715 cipere
234 2634 362 2713 ideoque
387 2633 545 2694 secundum
571 2635 714 2713 quendam
735 2636 854 2696 modurn
873 2645 1084 2695 sacramentum
1104 2631 1239 2711 corporis

111 2732 174 2773 esse
194 2732 309 2789 corpus.
360 2709 417 2770 Cui
441 2711 572 2770 concinit
594 2710 668 2770 alter
693 2711 777 2772 locus
794 2710 863 2770 satis
881 2710 1006 2790 vulgaris
1025 2712 1145 2787 (contra
1162 2708 1238 2767 Adi-

109 2798 199 2849 maut.
220 2786 347 2846 blanich.
367 2807 430 2864 cap.
451 2789 526 2864 12.):
546 2787 636 2858 „Non
656 2786 798 2846 dubitauit
815 2785 960 2846 Dominus
981 2785 1088 2857 dicere,
1107 2786 1174 2844 Hoc
1195 2794 1239 2843 est

111 2885 165 2926 cor
187 2884 219 2922 us
244 2881 356 2934 meum,
380 2881 469 2939 quum
493 2863 607 2941 signum
633 2861 742 2921 daret.“
792 2862 908 2921 Iterum
933 2861 1099 2936 obiectant,
1130 2860 1238 2919 diserte

110 2884 239 3002 scribere
264 2936 473 3017 Augustinum,
504 2958 610 3015 corpus
636 2937 746 2999 Christi
770 2937 874 2996 cadere
899 2936 1060 2996 interram
1091 2947 1122 2996 et
1146 2938 1237 3004 iu,os

110 3014 240 3097 ingredi:
261 3032 366 3090 nempe
379 3012 482 3071 eodem
495 3033 592 3086 sensu,
604 3034 661 3092 quo
683 3013 815 3074 consumi
835 3012 973 3075 affirmat:
994 3014 1061 3092 quia
1080 3023 1236 3091 utrumque

109 3092 196 3157 simul
217 3089 379 3169 coniungit.
416 3087 480 3148 Nec
499 3088 606 3164 obstat,
625 3090 704 3168 quod
725 3089 809 3163 dicit,
828 3101 947 3169 peracto
967 3089 1109 3168 mysterio
1128 3108 1237 3172 panem

109 3169 257 3232 consumi:
278 3165 344 3245 quia
364 3163 452 3245 paulo
472 3176 540 3225 ante
560 3166 669 3225 dixerat
680 3165 732 3245 (de
742 3166 887 3226 Trinitate
898 3165 948 3226 lib.
958 3172 985 3231 3.
998 3189 1021 3226 c.
1034 3167 1110 3242 10.):
1131 3166 1235 3242 „Quia

108 3245 276 3307 hominihus
298 3242 367 3301 haec
386 3253 456 3300 nota
475 3253 557 3315 sunt,
590 3241 707 3322 qnando
734 3263 787 3323 per
810 3242 944 3305 homines
968 3243 1059 3318 fiunt,
1089 3245 1234 3302 honorem

107 3337 246 3401 tanquam
266 3318 401 3399 religiosa
426 3330 551 3396 possunt
574 3318 697 3393 habere,
724 3330 860 3397 tanquam
885 3320 959 3379 mira
989 3339 1052 3378 non
1083 3318 1235 3398 possunt.“

106 3402 172 3460 Nec
191 3397 249 3455 ulio
261 3406 383 3475 spectat,
397 3393 476 3471 quod
495 3394 652 3455 adversarii
670 3393 754 3455 nimis
772 3395 988 3456 inconsiderate
1004 3395 1041 3455 ad
1056 3414 1088 3456 se
1106 3395 1236 3472 trahunt,

109 3473 257 3536 Christum
277 3490 307 3531 se
327 3471 544 3549 quodammodo
563 3482 695 3550 portasse
713 3471 923 3544 manibussuis,
939 3493 1028 3551 quum
1047 3492 1151 3551 panem
1171 3492 1235 3552 my-

107 3551 212 3612 sticum
233 3547 377 3626 discipulis
397 3549 570 3629 porrigeret.
607 3547 683 3606 Nam
693 3547 831 3608 adverbio
846 3547 1040 3608 similitudinis
1058 3547 1233 3628 interposito

107 3629 176 3688 satis
187 3624 325 3697 declarat,
343 3645 404 3683 non
416 3635 484 3683 vere
504 3644 559 3684 nec
578 3623 695 3684 realiter
714 3623 801 3684 luisse
819 3623 873 3684 sub
893 3644 969 3704 panc
987 3624 1140 3684 inclusum.
1169 3624 1233 3683 Nec

106 3703 227 3763 mirum:
258 3699 374 3779 quando
395 3700 464 3760 alibi
488 3712 589 3779 aperte
608 3700 762 3761 contendit
779 3702 825 3779 (iu
844 3701 1011 3778 habat),
1039 3719 1179 3779 corpora,
1209 3698 1235 3759 si

106 3779 164 3839 illis
183 3774 326 3838 tollantur
337 3776 428 3855 spatia
439 3776 584 3851 locorum,
603 3797 744 3866 nusquam
763 3776 839 3849 lore,
857 3788 887 3836 et
898 3777 966 3857 quia
981 3797 1123 3856 nusquam
1138 3786 1235 3851 erunt,

105 3855 224 3938 peniths
244 3872 305 3912 non
325 3852 399 3912 iore.
437 3852 542 3914 Ieiuna
559 3864 603 3915 est
622 3851 776 3929 cavillatio,
795 3853 854 3915 illie
873 3874 934 3935 non
954 3853 1002 3935 agi
1021 3853 1183 3925 deCoena,
1200 3850 1233 3910 in

175 4117 203 4185 ⁴)
220 4097 324 4181 Dogma
342 4117 482 4170 locantium
499 4138 594 4187 corpus
611 4116 708 4171 Christi
722 4119 750 4171 in
772 4139 841 4188 pane
864 4139 919 4170 non
940 4117 1022 4171 iuvari
1038 4115 1172 4182 Aegaeoni
1193 4128 1247 4166 te·.

107 4184 232 4240 :timoniis
249 4199 293 4237 aut
310 4186 460 4256 Scripturas
474 4185 639 4267 puctodtate,
680 4187 788 4266 robatur
804 4186 846 4240 hie
865 4201 889 4238 et
904 4201 963 4267 sept.
978 4187 1020 4239 29.
1034 4187 1076 4249 30.
1088 4184 1130 4238 31.
1163 4183 1231 4234 Nam

106 4253 664 4382 :tezot.::tdttttt⁶t¹n.
681 4255 909 4379 pgre.
925 4275 955 4310 ²¹¹
970 4253 1036 4308 M
1051 4253 1125 4310 Μ
1140 4250 1183 4306 ⁴⁶·
1197 4279 1232 4296 ··
