2700 4732
505 200 580 263 ΠΒ.
598 200 653 261 tv.
693 198 834 315 CAP.13
1184 205 1242 269 Nl

114 328 217 403 in'ira
241 341 442 425 dissipaverat:
473 343 646 419 „lllundabo
665 343 776 425 (iuquit
799 343 995 424 1ει.33,8.>
1023 361 1075 405 eos
1098 342 1134 405 ah
1158 344 1241 406 omui

115 419 270 511 iniquitate
290 442 344 512 qua
364 434 555 511 peccaverunt
574 423 674 480 mihi.“
726 420 826 493 Quare
851 421 882 480 in
908 419 1048 481 ecclesiae
1070 421 1241 514 societatem

114 494 275 556 ablutionis
293 518 378 577 signo
396 498 553 572 initiamur,
573 518 632 576 quo
652 497 810 558 doceamur
829 516 890 557 non
910 507 1009 577 patere
1029 496 1114 557 nohis
1132 519 1163 556 ιιι
1182 498 1242 558 Des

113 570 254 706 l'amitliam
278 573 397 650 aditum,
422 573 477 634 nisi
497 573 621 653 primum
642 575 702 634 eius
723 573 855 635 bonitate
873 573 975 635 sordes
993 583 1111 634 nostrae
1129 573 1242 636 abster-

137 667 175 705 an
189 668 231 706 ur.

113 665 140 814 g·
191 728 238 788 21.
258 726 379 859 dNeque
395 744 484 861 two·
501 728 555 860 pte}
568 736 764 861 tpeccatprtupp
787 723 987 859 remissioppm
1000 744 1067 859 eno:
1088 723 1123 860 ind
1145 710 1240 786 eccle-

112 817 400 1008 {iraipsihohsiiilal
419 821 579 938 dcccliiituer.
598 820 1035 997 c‘lilinisusrgneliiiiii’asttiudiert
1053 821 1172 937 :elphegi
1184 822 1240 938 :ps

111 950 1240 1120 ,rtl‘fslttttl:stallis5⁵⁸i‘tslttttstt‘2t'„firlssttt

112 1104 312 1183 unusquisque
344 1108 459 1185 piorum
484 1106 539 1165 sihi
565 1107 647 1166 testis
667 1117 724 1165 est:
757 1106 824 1185 quia
843 1123 930 1165 nemo
951 1126 1011 1165 non
1031 1104 1086 1164 sibr
1106 1107 1240 1169 conscius

113 1189 160 1237 est
178 1199 233 1257 per
250 1191 341 1241 totam
362 1183 448 1240 vitam
469 1182 622 1241 multarum
641 1181 851 1253 infirmitatum,
870 1202 944 1260 quae
963 1180 1021 1240 Dei
1040 1181 1240 1242 misericordia

111 1253 258 1347 indigent
309 1259 349 1317 Et
377 1278 446 1317 sane
477 1279 539 1317 non
563 1259 669 1317 frustra
692 1259 750 1318 suis
771 1257 937 1317 domesticis
961 1256 1147 1337 peculiariter
1165 1256 1240 1319 hanc

110 1343 236 1411 gratiam
255 1332 335 1393 Deus
354 1333 509 1409 promittit,
529 1355 585 1407 nec
603 1336 708 1394 trustra
727 1333 860 1413 quotidie
879 1333 1003 1393 eundem
1023 1333 1241 1396 reconciliatio·

109 1406 160 1469 nis
178 1411 311 1470 nuntium
330 1408 387 1470 illis
406 1410 515 1470 dclcrri
533 1410 625 1469 iubet.
663 1410 767 1488 Itaque
785 1421 819 1468 ut
837 1428 891 1489 per
909 1420 1001 1468 totam
1019 1409 1108 1469 vitam
1150 1411 1241 1472 eccati

110 1484 252 1576 reliquias
272 1485 510 1558 circumferimus,
529 1487 584 1546 nisi
603 1485 715 1546 assidua
733 1485 764 1544 in
783 1484 966 1576 remittendis
986 1483 1121 1578 delictis·
1148 1487 1240 1548 omini

142 1572 451 1700 „ltttlttlfflt's
469 1561 1241 1719 tzttll':'ts“lttmtt‘itltttt,tttg‘tli

109 1715 361 1793 peccatisveniam
380 1734 496 1794 semper
514 1726 643 1794 paratam
664 1734 725 1774 esse
736 1716 866 1795 cogitare
886 1713 1005 1774 dehent
1044 1713 1145 1789 Quare
1156 1727 1237 1776 certo

109 1792 314 1864 statuendum,
337 1791 434 1851 divina
458 1790 649 1867 liberalitate,
683 1790 885 1850 intercedente
905 1787 1014 1880 Christi
1038 1788 1160 1869 merito,
1185 1813 1239 1873 per

110 1864 242 1945 Spiritus
260 1867 529 1940 sanctificationem,
548 1879 735 1947 peccatorum
754 1866 876 1948 gratiam
896 1865 981 1925 nohss
1002 1865 1104 1926 laetam
1124 1887 1186 1929 esse
1203 1889 1238 1931 ac

110 1943 248 2021 quotidie
266 1944 340 2021 heri,
360 1944 458 2023 quiin
480 1943 618 2004 ecclesiae
637 1962 744 2022 corpus
764 1942 847 2002 asciti
867 1954 897 2001 et
915 1942 1016 2001 inserti
1035 1962 1142 2002 sumus.

188 2023 236 2083 22.
273 2019 321 2079 Ad
342 2021 398 2080 hoc
417 2019 528 2079 bonum
549 2019 635 2079 nohis
651 2017 874 2155 impartiendum
886 2016 980 2077 clares
999 2017 1140 2077 ecclesiae
1153 2018 1239 2080 datae

80 2105 182 2169 ‚sunt
199 2095 318 2173 (masth.
336 2101 375 2161 16
405 2103 448 2160 19.
468 2100 562 2169 et18,
582 2098 653 2173 18).
720 2115 759 2155 on
780 2093 857 2153 enim
877 2114 966 2174 quum
986 2091 1137 2174 Apostolis
1155 2117 1239 2156 man·

110 2170 210 2230 datum
241 2171 323 2232 dedit
348 2140 494 2245 Christus,
525 2182 555 2231 et
573 2182 749 2305 potestatem
773 2169 899 2231 contulit
917 2169 1086 2230 remittendi
1110 2185 1239 2249 peccata,

109 2245 301 2307 hortantum
313 2247 406 2308 roluit
425 2260 458 2308 ut
477 2268 527 2308 eos
546 2259 695 2308 soverent
713 2268 730 2306 a
750 2250 887 2326 peccatis,
905 2246 955 2325 qui
976 2246 1012 2305 ah
1032 2245 1182 2326 impietate
1201 2250 1239 2312 ad
1331 2284 1334 2293 ·

108 2320 222 2383 Christi
241 2324 327 2384 lidem
346 2334 602 2385 converterentur:
622 2323 673 2382 sed
692 2323 783 2404 magis
802 2334 836 2382 ut
855 2321 1025 2382 hocolficio
1045 2323 1239 2477 iungerentur

106 2418 168 2536 lin
187 2398 1238 2558 tlltgttttll‘lttndttllt'lttltflllllss’lrtdlttt'tt

108 2550 234 2625 nistros,
265 2573 325 2632 quo
354 2552 477 2612 subinde
500 2552 648 2631 populum·
667 2553 788 2612 nomine
807 2550 916 2610 Christi
941 2551 1130 2611 exhortentur
1151 2554 1237 2615 adse

107 2628 360 2687 reconciliandum
380 2628 456 2688 Deo.
494 2628 576 2709 Ergo
597 2629 626 2687 in
646 2641 812 2688 sanctorum
833 2629 1056 2700 communione,
1080 2628 1167 2707 ipsius
1187 2649 1237 2691 ec·

110 2700 217 2762 clesiae
237 2703 397 2763 ministerio
416 2702 502 2763 nohis
522 2704 633 2763 assidue
653 2705 842 2764 remittuntur
860 2715 989 2782 peccata,
1008 2724 1097 2782 quum
1108 2703 1236 2786 Preshy·

108 2777 169 2836 teri
188 2778 232 2837 sel
242 2780 390 2859 Episcopi,
410 2779 514 2859 quihus
534 2780 590 2839 hoc
609 2780 713 2839 munus
733 2779 916 2838 commissum
935 2791 989 2851 est,
1007 2779 1068 2855 pias
1085 2782 1237 2842 conscicn-

108 2853 165 2912 tias
184 2854 364 2936 Evangelicis
383 2855 623 2935 promissionibus
644 2855 673 2914 in
693 2875 744 2934 spe
763 2853 863 2914 venias
883 2865 913 2913 et
931 2854 1108 2914 remissionis
1127 2859 1237 2917 confir-

108 2941 206 2989 mant:
231 2931 318 3010 idque
336 2945 395 2991 tam
415 2931 531 3010 publice
551 2951 636 3009 quam
656 2929 799 3010 privatim,
818 2941 907 3009 prout
927 2929 1080 2990 necessitas
1121 2932 1236 2994 ustulat.

109 3004 188 3065 Sunt
210 3008 287 3066 enim
308 3008 454 3086 permulti,
474 3009 523 3085 qui
542 3029 596 3086 pro
616 3028 667 3066 sua
687 3006 865 3082 infirmitate,
883 3004 1022 3087 singulari
1035 3006 1097 3084 paci
1120 3009 1236 3072 catione

107 3080 261 3161 indigent:
283 3096 312 3142 et
325 3084 430 3143 Paulus
451 3095 633 3142 noutantum
653 3103 708 3162 pro
729 3082 876 3141 communi
897 3083 1059 3154 concione,
1077 3084 1128 3142 sed
1149 3086 1235 3146 etiarn

108 3176 166 3237 per
185 3159 290 3218 domos
308 3160 492 3220 testificatum
512 3179 543 3219 se
563 3160 654 3218 refert
673 3158 757 3217 fidem
778 3159 809 3216 in
827 3158 975 3220 Christum
995 3169 1026 3216 et
1045 3179 1238 3240 unumquem-

109 3252 170 3366 que
189 3234 336 3316 sigillatim
357 3236 539 3295 admonuisse
560 3235 596 3294 de
615 3235 714 3294 salutis
734 3234 867 3293 doctrina
886 3236 1035 3311 (hctrhll,
1053 3240 1100 3299 20.
1115 3249 1145 3297 et
1163 3242 1236 3313 22).

141 3308 184 3368 ria
202 3310 292 3391 igitur
311 3311 356 3372 hic
378 3312 462 3371 nobis
482 3312 662 3370 observanda
681 3322 758 3370 sunt.
783 3311 913 3370 Primum
930 3311 1112 3389 quantalibet
1129 3318 1236 3375 saucti-

108 3394 174 3444 cate
193 3386 322 3465 polleant
341 3387 393 3446 filii
409 3387 476 3460 Dei,
498 3388 549 3446 hac
569 3398 663 3445 tamen
685 3386 856 3446 conditione
873 3406 990 3467 semper
1008 3406 1081 3460 esse,
1100 3392 1237 3469 quamdiu

106 3461 141 3522 in
163 3463 278 3522 mortali
298 3482 425 3541 corpore
445 3462 589 3537 habitant,
613 3474 645 3521 ut
670 3463 733 3522 sine
757 3472 943 3541 peccatorum
968 3462 1139 3524 remissione
1163 3487 1237 3526 con-

106 3538 212 3599 sistere
231 3550 380 3618 nequeant
400 3561 497 3598 coranr
516 3540 593 3597 Deo.
632 3538 759 3612 Deinde,
780 3539 835 3597 hoc
855 3537 1027 3598 heneficium
1047 3541 1087 3600 sic
1108 3560 1169 3601 csse
1189 3563 1237 3602 ec-

106 3612 214 3674 elesiae
233 3615 402 3694 proprium,
426 3627 459 3673 ut
478 3635 538 3674 non
558 3614 642 3673 aliter
661 3634 697 3673 eo
722 3613 850 3674 lruamur
869 3634 955 3693 quam
975 3615 998 3674 si
1017 3634 1236 3694 permaneamus

107 3688 142 3748 in
161 3688 237 3751 illius
257 3693 473 3750 communione.
513 3689 636 3763 Tertio,
662 3708 714 3768 per
733 3689 871 3749 ecclesiae
890 3691 1043 3761 ministros¹
1057 3703 1087 3749 et
1106 3705 1237 3771 pastores

107 3764 197 3826 nohis
218 3766 394 3847 dispensari,
424 3766 473 3825 rel
493 3765 643 3847 Evangelii
663 3766 897 3846 praedicatione,
923 3766 971 3825 vel
991 3780 1237 3830 sacramentomna

107 3840 377 3902 administratione:
402 3854 489 3919 atquc
515 3842 567 3900 lsac
593 3842 623 3900 in
648 3855 729 3920 partc
748 3842 871 3901 maxime
892 3842 1021 3903 eminere
1041 3842 1162 3903 clavium
1182 3869 1238 3925 po-

104 3928 256 3992 testatem,
276 3940 360 3997 quam
373 3919 516 3978 Dominus
535 3917 663 3976 fidelium
680 3918 812 3978 societati
831 3918 964 3977 contulit.
1002 3917 1132 3979 Proinde
1152 3944 1240 3983 unus·
1290 3968 1294 3981 .

106 3993 233 4072 quisque
259 4006 390 4058 nostrum
416 3995 473 4054 lsoc
493 3994 583 4053 olhcii
609 3992 653 4052 sui
678 4015 739 4054 csse
765 3995 890 4074 cogitet,
923 4013 984 4054 non
1009 3992 1078 4054 alibi
1097 4017 1239 4075 quaerere

108 4068 313 4130 remissionem
342 4083 547 4149 peccatorum,
579 4090 663 4148 quam
694 4069 745 4130 ubi
775 4070 922 4130 Dominus
950 4089 1011 4129 eam
1041 4072 1149 4150 posuit.
1191 4076 1239 4137 Da

108 4142 227 4282 pphlica
258 4146 515 4226 reconciliatione,
546 4166 622 4228 quae
652 4147 688 4209 ad
719 4145 902 4230 disciplinam
929 4155 1059 4227 spectat,
1087 4170 1142 4211 suo
1170 4150 1240 4216 loco

145 4231 236 4282 netur.
537 4236 542 4250 ·
