2700 4732
474 222 948 373 mmmmp
1185 254 1243 324 m

111 416 228 464 natura:
249 400 493 495 quemadmodum
512 402 536 461 si
557 401 704 463 defractus
724 423 739 462 a
758 423 810 462 sua
830 399 937 461 arbore
960 398 1091 459 surculus
1117 398 1147 458 iu
1174 399 1245 462 alie'·
1290 404 1292 409 '

111 503 181 539 num
201 481 329 559 stipitem
356 479 507 538 inseratur.
558 479 636 560 Ergo
662 499 713 538 sua
738 477 940 559 praerogativa
966 496 1003 535 ne
1029 474 1243 554 fraudarentur,

111 557 302 635 Euangelium
329 554 385 615 illis
416 555 511 634 primo
539 555 608 614 loco
634 557 800 616 annuntiari
820 553 963 635 oportuit.
1015 551 1093 611 Sunt
1113 552 1190 613 enim
1210 555 1241 613 in

111 635 168 692 Dei
191 633 297 692 familia
317 632 396 692 velut
422 632 619 712 primogeniti.
670 633 772 706 (Quare
800 632 847 690 hic
873 629 971 689 honor
990 629 1166 690 deferendus
1186 630 1241 691 illis

112 713 179 773 luit.
201 712 295 769 donec
316 709 446 768 oblatum
468 709 651 781 reiecerunt,
676 719 707 767 et
724 730 775 768 sua
796 705 1004 789 ingratitudine
1025 705 1191 766 effecerunt
1210 712 1243 768 ut

111 788 145 846 ad
173 785 286 844 Gentes
317 785 527 843 traduceretur.
579 785 683 864 Neque
714 805 784 844 vero
809 796 1033 865 quantacunque
1059 784 1243 849 coutumacia

111 886 175 922 curn
198 862 356 942 Evangelio
384 860 492 920 bellum
520 880 623 944 gerere
648 863 818 939 persistant,
849 861 916 919 ideo
941 871 1038 921 tarnen
1065 858 1243 921 nobis.'su'ri't

110 939 302 1018 despiciendi:
324 939 346 998 si
367 951 544 1028 reputamus,
564 940 592 996 in
635 937 815 997 roruission'is
826 936 960 1017 gratiam,
981 935 1038 994 Dei
1058 934 1243 1019 benedictio}

111 1037 177 1075 nem
198 1017 276 1073 inter
297 1036 346 1074 eos
367 1027 523 1073 etiamnum
544 959 685 1096 resicllrre:
712 1027 744 1073 ut
763 1024 844 1072 certe
865 1008 1013 1090 quisquam
1033 1011 1108 1072 iude'
1122 1012 1242 1105 prosaica

115 1092 312 1153 abscessurum
339 1090 498 1169 Apostolus
528 1100 666 1163 testatur,
698 1091 834 1170 quoniam
867 1090 950 1164 „sine
969 1089 1153 1168 poenitentia
1172 1088 1243 1150 su'n't

112 1170 188 1228 dona
209 1181 240 1226 et
258 1169 372 1228 vocatio
393 1167 473 1227 Dee‘
494 1167 595 1245 (Rom.
607 1174 636 1241 1.
645 1170 718 1242 ⁶29).
973 1172 976 1179 '
1128 1238 1132 1245 Ι

186 1251 232 1308 15.
272 1244 317 1302 En
344 1245 413 1322 quid
438 1242 548 1318 valeat,
582 1254 692 1322 etqua
724 1241 807 1301 lance
839 1240 984 1301 metiendi
1017 1240 1054 1301 sit
1079 1242 1240 1321 'proriiissio

112 1320 246 1380 Abrahae
266 1320 429 1400 posteritati
451 1322 525 1378 data.
565 1319 867 1398 Proindequau'u'am
888 1318 921 1376 iu*
939 1316 1138 1378 discernendis
1156 1319 1241 1403 re'grii

109 1397 282 1456 haeredibus
302 1419 317 1455 a
337 1396 442 1475 spuriis
463 1408 493 1454 et
512 1396 668 1469 extraneis,
688 1417 774 1454 unam
817 1395 850 1469 ei¹
865 1393 1039 1454 electionem
1060 1393 1155 1454 libero
1176 1390 1241 1471 iuiia

111 1474 253 1532 dominari
282 1471 354 1531 nihil
379 1472 557 1531 dubitamus:
588 1472 671 1532 sitnul
697 1484 795 1530 tamen
821 1472 1010 1551 perspicimus
1037 1472 1062 1529 ei
1089 1468 1241 1549 placuisse,

108 1570 206 1609 semen
225 1549 360 1608 Abrabae
380 1547 566 1627 peculiariter
585 1548 781 1608 misericordia
800 1569 851 1607 sua
871 1546 1041 1627 complecti:
1062 1568 1095 1606 ac
1115 1568 1174 1633 quo
1194 1561 1241 1609 te-

109 1628 211 1686 statior
233 1626 399 1697 haberetur,
420 1625 652 1684 circumcisione
671 1625 836 1706 obsignare.
874 1618 1102 1707 Porroueadeui'
1115 1625 1239 1699 omnino

110 1715 152 1761 est
174 1701 356 1760 Christianae
377 1701 515 1760 ecclesiae
535 1702 620 1761 ratio.
663 1702 736 1761 Nam
764 1713 795 1760 ut
820 1700 878 1759 illie
897 1698 1004 1759 Paulus
1030 1700 1240 1775 sanctificaria

110 1778 278 1857 parentibus
299 1781 356 1837 suis
378 1777 499 1837 ludaeos
521 1778 660 1857 disputat:
682 1779 721 1837 ita
742 1776 811 1837 alibi
834 1777 934 1852 docet,
957 1776 1076 1835 eandem
1094 1797 1112 1851 ¹a
1133 1794 1239 1855 pareu-

109 1855 185 1913 tibus
204 1853 465 1913 sanctificationem
484 1852 716 1915 Christianorum
736 1852 845 1921 liberos
864 1852 979 1913 deucere.
1020 1850 1107 1922 Unde
1126 1852 1241 1936 colligi,-

109 1943 168 2004 tur,
189 1929 225 1988 ab
247 1929 309 1989 aliis
328 1930 435 1989 merito
455 1932 614 2013 segregari,
634 1931 683 2011 qui
704 1929 878 2011 impuritatis
899 1950 914 1987 e
935 1950 1077 2004 conversp
1091 1929 1240 2001 ¹damnan-

110 2019 166 2065 tur.
218 2007 279 2065 Iam
300 2009 364 2085 quis
385 2007 534 2085 ararbigere
556 2010 656 2086 possit,
676 2007 745 2086 quin
773 2007 952 2066 salsissimum
973 2007 1011 2067 sit
1052 2006 1109 2069 uod
1132 2006 1240 2069 deinde

109 2083 296 2155 subnectunt,
336 2083 365 2141 ui
377 2082 447 2142 olim
468 2085 594 2144 infantes
614 2082 907 2155 circumcidebantur,
928 2103 978 2142 cos
999 2028 1150 2141 iniunctam
1162 2082 1240 2151 dun.

111 2171 184 2218 taxat
203 2105 380 2238 spirituaiem
402 2160 554 2240 figurasse,
574 2180 646 2239 quae
667 2181 700 2220 ex
720 2160 802 2220 verbi
820 2158 878 2218 Dei
898 2160 1123 2240 regeneratione
1144 2181 1240 2221 emer-

109 2236 170 2316 git?
189 2269 227 2281 -
265 2236 369 2315 Neque
400 2239 477 2295 euim
507 2250 565 2296 tam
590 2248 693 2319 argute
717 2236 940 2327 philosophatur
959 2235 1117 2315 Apostolus
1137 2236 1240 2313 (Rom.

109 2320 156 2384 15,
176 2314 235 2388 8.),
265 2310 315 2371 ubi
342 2312 489 2374 Christum
512 2314 751 2374 Circumcisioois
779 2313 942 2372 ministrum
970 2333 1031 2372 esse
1056 2313 1172 2381 scribit,
1203 2314 1240 2374 ad

109 2389 269 2468 implendas
290 2410 363 2468 quae
383 2390 518 2450 Patribus
539 2391 634 2449 editae
655 2391 771 2449 inerant
790 2393 1013 2470 promissiones,
1034 2388 1091 2448 acsi
1114 2388 1141 2448 io
1164 2392 1241 2451 hune

109 2466 227 2524 modurn
247 2465 429 2544 loqueretur,
453 2467 701 2546 Quandoquidem
724 2467 826 2526 loedus
846 2489 910 2527 curn
931 2466 1100 2527 Abrahamo
1119 2487 1240 2549 percus·

108 2564 169 2601 suut
192 2539 226 2599 ad
247 2563 345 2601 semen
367 2543 427 2603 eius
448 2544 581 2624 respicit,
602 2544 751 2607 Christum
778 2555 810 2602 ut
830 2542 916 2603 fidem
938 2564 953 2603 a
974 2543 1061 2604 Patre
1074 2543 1171 2603 ¹semel
1191 2544 1240 2604 da·

107 2631 165 2676 tarn
192 2632 352 2696 praestaret
376 2641 409 2678 ac
434 2621 578 2696 solveret,
612 2620 640 2680 iu
671 2622 793 2680 salutem
821 2616 969 2680 advenisse
995 2616 1076 2700 genti
1092 2618 1240 2695 iudaicae.

108 2698 236 2752 Videsne
257 2709 289 2754 ut
330 2709 375 2754 ost
397 2697 505 2757 Christi
525 2699 770 2757 resurrectionem
792 2716 910 2775 quoque
932 2696 1152 2774 promissionem
1175 2695 1240 2755 loe-

109 2771 185 2827 deris
207 2790 266 2828 non
288 2717 445 2850 aliegorice
466 2785 590 2846 tanturn,
609 2776 659 2832 sed
680 2785 711 2831 ut
732 2772 819 2830 verba
841 2784 957 2843 sonant,
978 2770 1083 2829 carnali
1103 2770 1239 2833 Abrabae

108 2845 211 2905 seusiui
243 2846 417 2922 implendam
442 2851 578 2908 censeat?
619 2849 731 2908 Eodem
764 2848 893 2925 pertinet
923 2847 1002 2925 quod
1027 2848 1131 2906 Petrus
1155 2848 1238 2925 (Aet.

107 2930 137 2993 2,
158 2925 219 2995 39.)
252 2921 363 2979 ludaeis
384 2924 551 2996 deruentiat,
580 2924 637 2983 illis
663 2945 696 2983 ac
722 2924 825 2983 semini
852 2943 971 2997 eorum,
1010 2922 1137 2983 foederis
1167 2924 1240 2999 iure,

107 2999 186 3055 livan
212 2997 259 3054 elii
274 2997 453 3056 'beneficium
474 2998 589 3058 deberi:
615 3022 648 3060 ac
675 3001 805 3081 proxime
830 3003 964 3079 sequenti
990 2999 1085 3078 capite
1105 3004 1149 3077 (3,
1168 3002 1230 3079 25)

108 3096 159 3134 eos
174 3017 349 3133 Cestorrmnti
358 3073 455 3153 filios,
478 3075 533 3143 boc
555 3088 599 3134 est
620 3076 758 3136 haeredes
780 3089 936 3156 nuncupat.
966 3078 1065 3154 Aquo
1079 3076 1242 3159 nonlonge

107 3152 220 3210 abludit
230 3151 302 3209 alter
314 3151 449 3230 Apostoli
460 3174 545 3230 supra
566 3155 669 3213 citatus
688 3153 769 3213 locus
781 3154 902 3244 (Ephes.
914 3160 943 3227 2,
955 3156 1028 3229 lt),
1049 3151 1099 3211 ubi
1118 3151 1242 3232 impres·

108 3250 166 3286 saur
199 3228 360 3286 insentibus
388 3228 649 3288 Circurncisionem
679 3251 734 3308 pro
767 3231 936 3291 testtmduio
958 3230 1035 3305 eius,
1062 3242 1241 3308 quam'cum

109 3305 229 3363 Christo
252 3304 378 3379 hubent,
400 3306 614 3365 communionis
636 3306 715 3366 ducit
735 3318 765 3366 et
785 3307 877 3386 ponit.
918 3309 956 3367 lit
975 3327 1061 3378 vero,
1093 3307 1242 3379 sileoruur

109 3382 438 3453 naeniasauscultamus,
460 3382 528 3459 quid
550 3381 597 3441 illa
619 3383 813 3461 promissione
826 3382 886 3453 liet,
906 3405 962 3461 qua
975 3383 1131 3455 Dominus,¹
1153 3382 1242 3443 iures

108 3458 205 3512 rurrdo
220 3457 305 3536 Legis
319 3478 387 3515 suae
401 3460 505 3536 cupito,
521 3460 612 3517 servis
624 3459 681 3518 suis
696 3461 800 3539 recipit
811 3479 842 3521 se
855 3481 956 3519 eorum
968 3458 1070 3517 semini
1081 3459 1241 3538 propitium

110 3533 172 3589 lore
194 3533 223 3589 iu
246 3534 422 3592 millesimam
445 3556 534 3612 nsque
547 3535 788 3616 generationem?
807 3534 920 3595 bicciue
940 3536 977 3595 ad
996 3534 1149 3617 allegorias
1171 3555 1242 3593 con·

110 3609 271 3688 fugiemus?
291 3622 319 3668 at
340 3612 459 3669 nimium
473 3612 626 3691 nugatoria
647 3611 735 3671 luerit
757 3612 969 3705 tergiversatio.
1007 3611 1054 3670 An
1073 3610 1241 3673 iudicemus

107 3685 267 3743 abolitum?
293 3687 402 3744 Verum
424 3687 532 3745 itaLex
553 3688 749 3767 dissiparetur,
769 3712 815 3750 eui
837 3689 933 3769 potius
952 3687 1142 3747 stabiliendae
1154 3685 1243 3747 Chri-

107 3773 166 3820 stus
188 3762 281 3836 venit,
303 3775 444 3841 quatenus
470 3763 498 3821 in
526 3764 635 3824 bonum
661 3765 697 3825 ed
722 3767 810 3824 vitam
836 3764 921 3826 nobis
942 3764 1028 3825 cedit.
1079 3762 1242 3843 sitimque

107 3850 184 3895 extra
206 3841 448 3909 controversiam,
470 3841 565 3900 Deum
587 3843 643 3901 suis
664 3843 738 3902 adeo
761 3843 871 3902 bouum
894 3862 955 3902 esse
975 3863 1008 3900 ae
1028 3837 1190 3913 liberalem,
1210 3848 1243 3900 ut

106 3916 134 3973 iu
158 3935 260 4005 eorum
277 3917 405 4050 gratiam
425 3916 534 3978 liberos
555 3917 652 3994 etiam,
672 3940 745 3998 quos
767 3919 968 3998 procrearint,
989 3915 1100 3998 populo
1121 3935 1241 3977 suone·
1270 3982 1277 3991 ,

107 4012 219 4050 censeri
239 4013 273 4050 ve
289 4005 318 4050 rt.
616 4036 621 4043 .
1230 4044 1232 4049 .

183 4076 229 4131 lli.
271 4070 356 4143 Quae
377 4082 527 4149 praeterea
548 4073 626 4130 iuter
644 4072 824 4149 Baptismum
845 4069 1152 4131 acCircumcisionem
1173 4050 1253 4128 inti?

107 4164 174 4201 cere
193 4146 356 4204 discrimina
375 4147 547 4220 moliuntur,
568 4170 628 4208 nou
649 4148 770 4208 ridicula
790 4149 880 4207 modo
900 4160 977 4220 sunt,
998 4159 1029 4206 et
1049 4147 1128 4206 omui
1149 4144 1238 4205 ratio·

107 4220 152 4277 nis
188 4224 285 4310 specie
312 4244 420 4299 vacua,
450 4225 500 4282 sed
521 4225 600 4284 inter
618 4245 649 4285 se
669 4225 838 4307 pugnantia.
890 4225 965 4283 Nam
991 4222 1240 4302 ubiBaptismnm

78 4364 80 4371 Ι
107 4296 142 4353 ad
164 4317 286 4375 primurn
307 4300 463 4380 spiritualis
489 4301 653 4363 certaminis
679 4302 757 4362 diem
781 4313 914 4381 spectare
943 4300 1139 4372 affirmarunt,
1171 4295 1241 4358 Cir-

107 4374 315 4435 cumcisionem
341 4389 437 4437 autem
464 4376 499 4437 ad
525 4390 672 4455 octavum,
698 4379 753 4439 iam
779 4390 895 4457 peraeta
926 4376 1168 4437 mortificatione:
1195 4393 1243 4432 ex·

874 4453 944 4519 25*
