2596 4726
131 212 192 279 m
287 190 292 209 “
528 198 609 263 uto.
626 199 681 264 tv.
720 200 809 265 citt).
827 200 870 265 11.

136 354 225 427 dunt,
242 348 426 431 propositum
446 344 518 422 luit,
538 368 622 425 quam
641 346 773 427 praecise
791 346 872 425 quasi
892 344 1091 406 haereditario
1109 344 1176 407 iure
1195 364 1259 427 pro·

135 430 219 503 bare,
239 423 301 486 eise
319 424 454 485 ecclesias
473 423 640 502 ubicunque
665 422 795 504 episcopi
812 424 861 482 alii
880 421 944 483 aliis
962 422 1118 515 subropati
1136 421 1258 483 inerant.

137 505 198 565 Sed
218 523 306 582 quum
327 513 406 560 extra
431 501 662 560 controversiam
682 510 772 571 esset,
802 498 874 558 nihil
899 520 916 559 a
963 498 1090 577 rincipro
1116 500 1256 580 usquead

137 582 216 643 illam
236 589 359 638 aetatem
378 588 520 635 mutatum
541 574 627 635 luisse
646 575 675 634 in
697 574 843 652 doctrina,
863 520 1017 635 sumebant
1027 574 1109 653 qnod
1126 574 1255 635 omnibus

137 657 221 717 novis
240 654 391 713 erroribus
405 651 592 712 conficiendis
611 650 768 723 sufficeret,
788 650 842 711 illis
862 650 1028 732 oppugnari
1048 648 1254 711 doctrinamah

137 734 147 791 i
169 733 207 793 sis
231 748 321 809 usque
346 726 496 807 Apostolis
525 738 693 787 constanter
718 738 747 786 et
776 728 905 787 unanimi
934 747 1081 788 consensu
1109 738 1254 787 retentam

167 828 207 869 on
226 818 271 866 est
288 804 378 887 igitur
397 825 449 863 cur
473 802 568 861 lucum
588 802 709 883 amplius
728 802 825 863 lacere
844 815 968 885 pergant
987 821 1021 861 ex
1046 802 1190 863 ecclesiae
1207 822 1254 862 uu·

137 884 235 957 minc,
254 902 340 961 quam
361 900 425 953 nos,
443 890 477 938 ιιι
495 878 595 952 decet,
614 891 783 939 reverenter
802 878 938 939 colimus:
958 878 1008 939 sed
1029 878 1083 939 uhi
1100 878 1140 937 ad
1160 878 1254 939 delini·

137 960 248 1020 tionem
268 968 385 1018 ventum
406 966 464 1029 est,
494 975 554 1014 non
580 954 670 1014 modo
695 975 768 1033 aqua
787 958 835 1033 (ut
855 956 974 1031 dieitur)
993 954 1049 1014 illis
1070 954 1189 1029 haeret,
1208 952 1253 1015 sed

138 1036 262 1096 haerent
291 1035 322 1091 in
351 1051 403 1091 suo
428 1030 505 1089 luto:
536 1029 603 1109 quia
631 1030 770 1090 foetidam
793 1030 977 1091 meretricem
999 1030 1184 1092 substituunt
1223 1048 1253 1091 re

138 1130 217 1172 sacra
238 1107 378 1169 Christis
400 1125 480 1166 unsa.
520 1106 604 1179 Quae
622 1106 783 1186 suppositio
802 1126 841 1165 ne
860 1125 913 1167 nos
933 1105 1030 1179 sallat,
1054 1118 1176 1186 praeter
1192 1106 1254 1167 aias

137 1185 355 1247 admonitiones
380 1126 451 1241 baec
475 1201 593 1260 quoque
611 1182 805 1263 Augustini
829 1182 914 1243 nohis
932 1195 1091 1243 succurrat.
1130 1186 1204 1245 Nam
1221 1180 1254 1243 de

139 1260 261 1322 ecclesia
285 1259 408 1337 loquens
434 1258 485 1336 [ad
505 1258 640 1318 vincent
660 1258 742 1339 epist
760 1258 840 1339 48.]:
870 1258 957 1339 „Ipsa
976 1269 1036 1331 est,
1055 1258 1085 1317 in
1109 1259 1168 1333 nit,
1186 1274 1253 1339 qnae

137 1334 314 1415 „aliquando
335 1334 521 1406 obscuratur,
546 1344 577 1393 ct
599 1346 735 1412 unquam
761 1333 951 1394 obnubilatur
968 1280 1159 1395 multitudine
1176 1354 1253 1397 stan·

137 1412 306 1488 „dalocum
332 1410 488 1488 aliquando
508 1407 715 1488 tranquillitate
734 1414 874 1490 temporis
893 1410 990 1489 (luieta
1009 1420 1040 1469 et
1060 1411 1154 1472 libera
1171 1430 1252 1491 appa-

136 1498 218 1565 „retr
249 1487 405 1567 aliquando
436 1484 655 1545 tribulationum
682 1498 713 1545 et
735 1487 931 1545 tentationum
958 1486 1096 1547 fluctibus
1128 1490 1253 1567 operitur

137 1560 865 1775 stilti‘tilp‘ttlclitttlt‘tltttltl
878 1562 1253 1699 titltlttitttttt

791 1681 800 1713 ἱ

213 1723 243 1780 t.
282 1715 318 1775 ln
359 1736 415 1775 unc
439 1714 557 1774 modum
582 1712 670 1773 hodie
689 1734 744 1775 nos
763 1725 864 1773 vexant
882 1713 1096 1786 Rornanenses,
1115 1736 1150 1775 ac
1167 1718 1253 1797 impe·

137 1792 210 1854 ritus
229 1791 420 1853 terrefaciunt
438 1789 576 1851 ecclesiae
595 1790 725 1865 nomine,
744 1811 831 1869 quum
851 1790 986 1869 capitales
1004 1791 1065 1851 sint
1077 1791 1189 1853 Christi
1206 1790 1252 1851 ad·

137 1868 265 1930 versarii.
297 1868 444 1943 ,Quamvis
464 1868 552 1947 igitur
570 1865 721 1946 templum,
741 1865 944 1940 sacerdotium,
963 1877 993 1926 et
1013 1867 1139 1947 reliquas
1159 1868 1251 1927 huius-

138 1944 219 2005 modi
243 1944 333 2005 larvas
353 1944 531 2018 obtendant,
560 1942 676 2003 minime
707 1962 877 2021 permovere
900 1962 955 2003 nos
983 1944 1072 2003 dehet
1097 1944 1189 2005 inanis
1209 1942 1251 2005 his

137 2021 248 2113 fulgor,
268 2042 326 2102 qno
347 2020 519 2100 simplicium
540 2017 617 2079 oculi
636 2017 886 2099 perstringuntur,
905 2030 939 2077 ut
957 2019 1109 2081 eeclesiam
1131 2039 1191 2081 esse
1208 2038 1250 2079 re·

138 2099 288 2177 cipramus,
308 2095 357 2156 ubi
376 2096 495 2155 verbum
517 2095 572 2153 Dei
593 2115 653 2172 non
674 2106 802 2173 apparet.
851 2096 933 2154 Haec
952 2096 1028 2155 enim
1076 2105 1250 2175 erpetuaest

137 2184 224 2245 nota,
247 2194 304 2251 qua
327 2172 450 2253 signavit
475 2192 542 2231 suos
561 2172 705 2231 Dominus
730 2182 831 2230 noster
849 2170 911 2248 (Io.
931 2176 983 2243 18,
1001 2118 1079 2248 πει
1111 2171 1196 2248 ,,οιιί
1212 2180 1250 2231 ιιι

137 2268 193 2325 „ex
213 2251 349 2322 veritate,
377 2248 486 2325 inquit,
510 2248 590 2306 audit
608 2268 710 2307 vocem
735 2252 857 2306 meam.“
905 2246 980 2307 Item
1000 2246 1086 2324 (ibid.
1106 2248 1247 2323 1⁰,1t):

135 2324 222 2405 „Ego
242 2346 304 2383 sum
312 2335 423 2459 tpastor
441 2323 489 2382 ille
508 2323 614 2395 bonus,
633 2336 664 2382 et
682 2342 830 2406 cognosco
850 2342 918 2382 oves
937 2342 1024 2398 meas,
1043 2335 1074 2383 et
1093 2342 1248 2405 cognoscor

136 2422 173 2477 „a
192 2400 273 2459 meis.
343 2420 392 2459 ves
411 2419 492 2459 meae
512 2419 613 2459 vocem
633 2420 726 2459 meam
745 2398 879 2472 audiunt,
903 2412 935 2459 et
951 2419 1008 2481 ego
1029 2420 1179 2483 cognosco
1196 2418 1246 2473 sas,

135 2486 187 2551 „et
212 2487 374 2554 sequuntur
397 2480 474 2533 me.“
520 2474 613 2534 Paulo
639 2487 734 2534 sutem
757 2487 825 2534 ante
853 2476 974 2549 dixerat,
1006 2475 1086 2538 Ores
1111 2489 1245 2557 pastore·

136 2573 218 2612 suum
238 2554 330 2629 sequi,
353 2551 417 2629 quia
438 2563 584 2608 noverunt
602 2571 703 2610 rocem
725 2552 797 2611 eius:
819 2552 943 2610 alienum
962 2564 1059 2612 autern
1079 2574 1141 2612 non
1160 2572 1190 2613 se
1209 2551 1243 2622 ui,

135 2628 186 2688 sed
206 2627 338 2709 effugere
359 2626 394 2685 ab
416 2646 469 2700 eo,
502 2627 568 2704 quia
594 2648 653 2685 non
680 2639 826 2687 noverunt
850 2649 952 2688 vocem
980 2631 1144 2690 alienorum
1169 2574 1243 2707 (ibid

134 2725 165 2765 v.
183 2704 237 2779 l·)·
276 2703 357 2778 Quid
377 2703 466 2784 igitur
484 2716 589 2781 sponte
610 2704 638 2762 in
660 2704 803 2763 censenda
823 2704 942 2764 ecclesia
967 2705 1139 2778 insanimus,
1167 2722 1242 2785 quum

136 2800 199 2840 eam
225 2780 343 2839 minime
364 2780 452 2840 dubio
478 2780 612 2861 symbulo
638 2780 795 2860 designarit
815 2781 961 2855 Christus,
989 2783 1069 2860 quod
1090 2782 1242 2859 ubicunque

135 2880 148 2916 s
171 2870 293 2931 ectatur,
313 2857 413 2916 fallere
433 2877 493 2916 non
519 2869 617 2936 potest
641 2857 709 2935 quin
736 2857 795 2916 illic
821 2856 971 2916 ecclesiam
997 2871 1080 2917 certo
1106 2857 1242 2919 ostendat:

135 2879 186 2992 arbi
206 2954 274 2993 vero
302 2933 398 3006 abest,
422 2933 493 2993 nitit
518 2946 607 2993 restat
626 2934 705 3012 quod
729 2954 823 2992 veram
851 2932 988 2993 ecclesiae
1011 2934 1240 3015 significationem

135 3010 204 3068 dare
225 3010 332 3089 possit?
371 3011 438 3067 Non
460 3011 535 3067 enim
555 3030 642 3087 super
663 3009 810 3068 bominum
831 3009 949 3082 iudicia,
974 3030 1034 3068 non
1054 3032 1144 3090 super
1161 3028 1241 3088 sacer·¹

135 3085 215 3143 dotia
235 3086 382 3143 fundatam
403 3104 464 3143 esse
484 3085 651 3157 ecclesiam,
678 3087 727 3144 sed
751 3107 838 3163 super
862 3084 1023 3145 doctrinam
1043 3087 1242 3165 Apostolomn

135 3172 166 3216 et
185 3160 415 3239 Prophetarum,
435 3174 642 3220 commemorat
661 3161 765 3220 Paulus
785 3160 875 3239 (liph.
894 3168 923 3235 2,
941 3164 1013 3239 hb).
1055 3162 1138 3235 Quin
1157 3160 1242 3241 potius

135 3234 292 3293 ierusalem
313 3256 328 3293 a
349 3236 511 3314 Babylone,
533 3236 641 3294 Christi
661 3237 780 3296 ecclesia
800 3240 953 3297 aSatanae
973 3238 1177 3298 coniuratione
1194 3236 1243 3295 hoc

134 3310 299 3367 discrimine
320 3311 514 3401 dignoscenda
534 3324 588 3386 cst,
609 3333 667 3391 quo
688 3333 734 3372 eas
754 3315 830 3372 inter
848 3333 879 3373 se
895 3314 1026 3374 Christus
1047 3315 1175 3376 distinxit
1190 3310 1244 3391 (10·

132 3390 162 3457 8,
182 3391 255 3461 47.)ι
275 3385 359 3458 „Qui
379 3387 489 3445 exlleo
511 3397 563 3460 cst,
583 3389 688 3466 inquit,
706 3390 794 3449 verba
807 3389 864 3448 llei
884 3390 973 3448 audit.
1011 3391 1174 3470 Propterea
1191 3406 1244 3448 nun

133 3460 247 3533 auditis,
267 3463 334 3539 quia
345 3482 378 3521 ex
390 3463 456 3520 Deo
477 3483 538 3521 non
558 3464 654 3522 estis.“
692 3464 728 3523 ln
747 3488 866 3539 summa,
887 3488 975 3546 quum
991 3466 1114 3528 ccclesia
1134 3482 1245 3548 regnum

133 3537 170 3597 sit
189 3536 314 3610 Christi,
344 3549 448 3618 regnet
478 3538 527 3597 ille
553 3540 668 3599 nonnisi
714 3562 745 3600 er
770 3543 889 3601 verbum
914 3564 1013 3603 suum:
1046 3564 1083 3602 au
1109 3544 1175 3603 ullis
1196 3542 1245 3599 ἰιιιι

133 3614 288 3674 obscurum
321 3614 393 3688 erit,
430 3613 499 3692 quin
535 3614 581 3674 illa
612 3562 755 3676 mendicii
783 3619 870 3677 verba
900 3618 972 3691 sint,
1010 3620 1117 3697 quihus
1147 3613 1246 3679 christi

131 3688 384 3823 {egnumpabsque
404 3690 465 3750 eius
484 3703 600 3771 sceptro
621 3694 664 3771 (id
685 3707 737 3769 est,
756 3706 937 3755 sacrosancto
958 3694 1045 3774 ipsius
1066 3695 1173 3775 verbo)
1191 3708 1246 3753 esse

155 3788 172 3825 n
196 3776 266 3828 ιιιιι.

175 3786 235 3906 g5.
274 3842 335 3901 Iam
354 3863 426 3902 rero
454 3842 531 3922 quod
564 3864 631 3905 reos
661 3845 819 3905 schismatis
845 3856 875 3904 et
900 3846 1053 3906 haereseos
1078 3865 1135 3907 nos
1153 3851 1245 3927 agunt,

132 3916 199 3997 quia
219 3928 249 3977 et
267 3918 431 3978 dissimilem
451 3919 647 3998 praedicemus
667 3922 841 3996 doctrinam,
863 3933 892 3980 et
911 3924 967 3981 suis
987 3922 1101 4003 legibus
1121 3942 1180 3983 non
1199 3939 1245 4000 pt·

131 4014 254 4068 reamur,
273 4004 304 4052 et
319 4014 448 4055 seorsum
463 4008 622 4057 conventus
636 3998 671 4057 ad
693 4019 803 4077 preces,
822 3998 858 4059 ad
871 3999 1061 4077 Baptismum,
1080 3998 1117 4057 ad
1132 3998 1244 4059 Coenae
1288 4008 1290 4063 ς

130 4067 424 4145 administrationem,
455 4071 580 4151 aliasque
609 4094 700 4133 sacras
731 4075 859 4134 actiones
890 4075 1059 4135 babeamus:
1088 4072 1242 4155 gravissima

129 4144 248 4279 puidem
268 4158 312 4205 est
330 4148 487 4224 accusatio,
505 4150 555 4207 sed
568 4169 642 4229 quae
661 4171 843 4241 nequaquam
862 4149 950 4232 longa
969 4164 1021 4210 aut
1040 4150 1183 4210 laboriosa
1197 4146 1241 4205 de·

142 4221 347 4301 ensioneopus
367 4221 463 4283 habet.
500 4225 648 4286 Haeretici
668 4239 697 4286 ct
716 4226 888 4287 schismatici
897 4239 1050 4303 vocantur,
1069 4224 1119 4306 qui
1130 4220 1238 4285 dissidio

129 4298 207 4358 lacto
227 4296 366 4360 ecclesiae
390 4301 627 4365 communionem
647 4302 795 4365 dirimunt.
833 4304 914 4365 llaec
937 4324 1030 4385 porro
1050 4300 1164 4365 duobus
1181 4296 1238 4361 riu·
