2700 4732
478 142 634 252 111111.
671 144 896 252 cassium
1210 196 1251 261 si

106 335 210 413 iubet,
227 354 327 399 serens
345 332 474 396 fideliter
492 344 615 416 agentes
674 331 715 395 od
734 330 890 395 officii-sui
908 342 964 410 est,
980 350 1101 415 sperare
1118 331 1248 397 retribu-

106 416 224 477 tionem
244 436 260 475 a
278 413 424 487 Domino,
442 411 494 472 sed
514 409 610 482 addit,
740 413 814 472 ’11111
831 408 919 490 (Col,
936 416 975 486 3,
993 412 1066 490 21).
1104 410 1248 475 Videmus

106 504 144 554 ut
162 489 243 584 quasi
262 489 449 571 praescriptis
463 488 560 579 verbis
575 487 734 578 diligenter
743 499 875 581 caveant,
894 507 933 548 ue
952 502 1100 581 acceptam
1120 487 1249 550 feramus

108 564 1250 725 ttftltt:ttl‘tttltltltt‘ttr“lffsdttltttallt0‘tt

110 720 247 803 quaestio
268 720 415 780 elucescet
434 718 529 798 (Gen.
550 725 598 793 15,
616 725 644 783 5.
658 730 686 778 11
706 725 755 793 17,
774 719 829 795 t.)
868 718 949 777 Ante
968 719 1148 780 nativitatem
1169 719 1251 781 Isaac

109 798 286 880 promissum
308 796 517 857 eratAbrabae
536 815 647 870 semen,
668 797 696 854 in
719 815 779 875 quo
799 795 1021 856 benedicendae
1040 807 1130 855 erant
1146 815 1249 855 omnes

108 886 209 935 terrae
227 874 380 933 nationes:
412 872 530 932 seminis
551 871 749 963 propagatio,
780 891 854 953 quae
878 884 1036 951 aequatura
1057 885 1134 933 esset
1151 873 1249 933 stellas

110 951 206 1027 coeli,
227 962 258 1011 et
277 970 379 1010 arenas
399 950 502 1022 maris,
521 948 575 1008 alra
600 968 636 1006 ue
656 947 768 1008 similia.
805 947 906 1009 Multis
927 960 996 1029 pust
1014 949 1114 1025 annis,
1133 962 1167 1009 ut
1187 958 1250 1009 erat

110 1027 234 1088 oraculo
253 1027 360 1101 iussus,
389 1025 538 1086 Abrabam
564 970 600 1084 ad
619 1024 714 1085 filiun
733 1025 995 1093 immolandumse
1014 1026 1151 1107 accingit.
1189 1025 1250 1085 Ista

109 1102 281 1165 obedientia
301 1103 466 1177 defunctus,
486 1102 591 1182 recipit
610 1101 843 1180 promissionem.
882 1101 963 1178 „Per
980 1105 1184 1182 memetipsum
1204 1102 1251 1163 iu·

110 1179 211 1257 „rasi,·
227 1180 299 1240 dicit
310 1179 467 1252 Dominus,
508 1179 552 1238 uia
572 1177 666 1238 fecisti
686 1178 761 1239 banc
780 1198 853 1252 11111,
873 1192 905 1238 11
919 1199 980 1238 nou
1000 1179 1157 1260 pepercisti
1178 1198 1250 1257 pro-

109 1256 201 1338 „prio
221 1256 283 1317 filio
305 1257 473 1338 unigenito:
486 1200 668 1315 benedicam
688 1254 755 1330 tibi,
776 1266 806 1313 et
825 1254 1027 1334 multiplicabo
1046 1276 1146 1319 semen
1165 1265 1250 1315 tuum

107 1333 210 1410 „sicut
227 1332 325 1393 stellas
349 1332 427 1392 coeli
448 1342 478 1390 et
497 1351 599 1391 arenas
618 1331 718 1390 maris:
746 1331 910 1411 possidebit·
927 1351 1027 1393 semen
1045 1343 1128 1392 tuum
1147 1343 1251 1411 portas

106 1408 320 1487 „inimieorum
337 1428 469 1480 suorum,
489 1421 519 1471 et
539 1407 753 1468 benedicentur
772 1408 802 1467 in
822 1408 934 1468 semine
953 1420 1005 1469 tuo
1026 1429 1128 1469 omnes
1147 1420 1252 1504 gentes

107 1499 243 1563 „terrae
264 1486 332 1569 quia
351 1484 483 1546 obedisti·
498 1484 562 1544 voci
582 1488 689 1544 meae“
707 1482 803 1562 (Gen.
821 1490 871 1560 2⁵2,
892 1487 1051 1561 16-18·)·
1096 1486 1178 1561 Quid
1199 1506 1250 1545 au·

110 1560 239 1629 diinusi,
253 1566 290 1622 a'u
311 1561 552 1622 obedientia-uua
570 1562 748 1639 promeritus
768 1573 813 1620 est
833 1561 1072 1621 benedictionem
1093 1562 1251 1635 Abrabam,

112 1640 194 1700 culus
214 1639 439 1719 promissionem
460 1640 612 1717 receperat
632 1649 787 1716 antequam
808 1639 955 1697 ederetur·
966 1639 1181 1730 praeceptumi·
1194 1639 1252 1699 llic

134 1716 250 1777 refecto
271 1718 343 1776 citra
362 1716 498 1793 ambages
518 1727 663 1790 tenemus,
684 1714 717 1791 iis
739 1713 824 1774 bonis
837 1716 984 1774 munerari
996 1713 1157 1774 Dominum
1170 1714 1253 1776 bdev

110 1736 184 1854 bum
204 1812 313 1872 opera,
337 1813 412 1873 quae
437 1793 493 1852 illis
515 1792 569 1851 iam
595 1803 664 1850 ante
685 1790 814 1872 cogitata
834 1810 924 1870 opera
945 1790 1076 1850 dederat:
1110 1791 1253 1869 nihildum

111 1888 218 1953 causae
236 1868 347 1949 babens
368 1892 420 1930 cur
439 1868 509 1950 ipsis
529 1865 719 1928 benefaceret
738 1867 793 1927 nisi
813 1889 893 1926 suam
913 1867 1154 1928 misericordiam.
1200 1914 1203 1927 ,
1244 1912 1247 1923 .

163 1948 222 2011 331
256 1946 362 2025 Neque
379 1958 480 2005 tamen
507 1945 664 2004 frustratur
683 1954 737 2003 aut¹
753 1942 829 2003 ludit
848 1965 904 2004 nos
922 1943 1081 2019 Dominus,
1102 1966 1194 2025 quum
1212 1946 1253 2007 ait

111 2022 309 2103 se·nperibus
332 2023 503 2102 rependere
524 2021 604 2101 quod
636 2021 726 2100 gratis
751 2033 821 2080 ante
845 2041 938 2100 opera
965 2021 1133 2082 donaverat.
1173 2023 1253 2098 Quia

110 2100 191 2161 esim
211 2099 297 2159 bonis
317 2100 458 2179 operibus
478 2099 540 2158 vult
560 2118 614 2157 nos
634 2098 763 2157 exerceri
782 2098 817 2157 ad
838 2097 1035 2158 meditandam
1053 2114 1158 2160 eorum
1178 2120 1254 2182 quae

110 2176 249 2259 promisit
268 2174 476 2236 exhibitionem
497 2173 542 2233 vel
564 2173 744 2248 fruitionem,
764 2186 796 2233 ut
816 2173 856 2234 ita
877 2174 999 2254 loquar,
1019 2195 1052 2234 ac
1072 2196 1126 2255 per
1146 2197 1178 2237 ea
1199 2178 1253 2243 de·,

111 2270 244 2326 currere,
263 2263 296 2311 ut
308 2253 518 2312 contendamus
538 2250 575 2310 ad
597 2250 710 2308 beatam
722 2269 805 2329 spem
826 2250 911 2311 nobis
932 2252 1113 2331 propositam
1134 2253 1165 2312 iu
1181 2275 1253 2316 coe·

110 2330 157 2404 tis,
176 2330 234 2389 rite
254 2338 285 2387 et
304 2329 359 2388 illis
379 2330 540 2411 assignatur
559 2325 788 2406 promissionum
806 2325 928 2403 fructus,
945 2328 989 2388 ad.
1001 2328 1084 2389 cuius
1101 2331 1255 2393 maturita-

109 2418 249 2475 tem-nos
289 2405 444 2464 erducunts
461 2446 464 2451 -
479 2403 957 2485 Eleganterespressitutuuniqua
970 2405 1143 2485 Apostolus,
1162 2430 1253 2489 quum

111 2484 226 2545 diceret
239 2500 264 2540 n
281 2482 350 2541 ficiis
371 2483 498 2540 caritatis
517 2481 642 2565 stssdern
657 2478 850 2540 Colossenses
870 2483 914 2560 (1,
926 2483 986 2558 5.):
1006 2494 1152 2563 „propter
1170 2506 1253 2566 spem

111 2559 143 2620 in
160 2558 331 2620 coelis·sibi
352 2557 655 2638 repositam,·de‘qua
675 2569 744 2615 ante
764 2559 921 2617 audieratis
942 2577 996 2637 per
1014 2580 1181 2620 sermonem
1201 2583 1253 2622 ve-

110 2632 384 2717 racis·Evangelii.“
423 2637 497 2693 Nam
512 2630 600 2713 quium
617 2633 658 2692 tit
677 2653 728 2691 ens
749 2655 782 2692 11
803 2633 963 2715 Evangelio
984 2637 1181 2717 cognovbses
1206 2658 1252 2699 em

112 2713 169 2791 albi
188 2713 219 2770 in
241 2713 331 2791 coelis
352 2708 670 2790 repositam,:declarat
690 2708 755 2768 solo
769 2709 901 2784 Christo,
922 2710 1009 2770 nullis
1029 2724 1127 2771 autem
1145 2659 1253 2775 suliul-

112 2800 175 2848 tam
196 2808 216 2846 n
237 2786 349 2849 erebus:
371 2788 417 2847 cui
437 2786 574 2846 concinit?
588 2786 658 2844 illud
680 2786 778 2860 Petri,
807 2786 961 2847 Custodiri
981 2788 1047 2867 pios
1065 2790 1123 2848 Dei
1143 2791 1252 2851 virtute

135 2885 169 2924 er
188 2808 290 2940 fidem,
321 2865 350 2922 in
384 2864 505 2923 salutem
528 2883 602 2942 quae
631 2874 731 2941 parata
757 2875 802 2923 est
830 2864 1010 2924 manifestari
1035 2886 1088 2924 sno
1117 2878 1252 2947 tempore

112 2888 153 3021 fl.
176 2944 345 3021 ep.·1,5.).
390 2941 469 2999 Dum
491 2941 636 3020 ipsos-ait.
651 2941 712 2998 eius
732 2961 817 3000 causa
843 2939 994 3012 laborare,
1019 2942 1171 3024 significat·
1184 2967 1251 3004 cur-

110 3017 236 3079 rendum
257 3034 319 3078 esse
338 3017 471 3077 fidelibus
492 3030 557 3076 toto
574 3016 654 3076 vitae
673 3016 780 3095 spatio,
800 3030 834 3076 ut
853 3017 1083 3096 apprehendant
1115 3021 1161 3079 Ne
1180 3042 1251 3082 vern

111 3107 281 3175 putaremus
301 3095 336 3153 ad
362 3096 459 3153 meriti
486 3093 604 3152 modum
626 3093 731 3173 redigi,
753 3115 839 3172 quam
860 3096 947 3153 nobis
968 3094 1115 3157 Dominus
1141 3119 1253 3157 suesce·

111 3174 178 3231 dem
200 3171 367 3253 pollicetur,
386 3171 551 3249 parabolam
574 3171 730 3249 proposuit
749 3171 868 3248 (dlattb.
887 3178 935 3245 ⁶20,
955 3175 1008 3248 1.),
1019 3172 1059 3230 'in
1080 3195 1136 3252 qua
1156 3196 1187 3233 ac
1208 3174 1252 3234 fe·

110 3250 152 3311 cit
171 3248 424 3329 patremfamilias,
451 3249 499 3327 qui
520 3266 712 3325 quoscunque
733 3246 821 3306 babet
840 3247 959 3319 obvios,
976 3249 1079 3308 'mittit
1099 3251 1128 3308 in
1149 3251 1252 3312 vineae

109 3346 180 3387 suae
201 3327 363 3386 culturam:
389 3325 460 3384 alios
481 3325 597 3403 quidem
618 3324 690 3381 bore
713 3323 770 3381 diei
791 3325 900 3415 prima,
921 3326 993 3386 alios
1013 3327 1157 3400 secunda,
1177 3328 1251 3389 alios

107 3404 209 3477 tertia,
228 3403 372 3483 quosdam
393 3402 479 3460 etiam
501 3400 672 3459 undecima:
691 3420 803 3479 vespert
825 3404 961 3480 rependit
973 3403 1109 3462 omnibus
1130 3404 1252 3483 aequale

107 3481 248 3561 pretium.
290 3479 381 3539 Cuius
406 3478 681 3556 interpretationem
709 3476 839 3537 breviter
867 3491 987 3557 etvere
1007 3480 1176 3561 complexus
1197 3492 1252 3557 est,

131 3558 220 3617 uieun
244 3558 288 3615 ue‘
307 3556 344 3614 sit
371 3554 421 3612 ille
446 3557 563 3614 tandem
590 3565 722 3613 vetustus
747 3555 893 3634 scriptor,
912 3556 992 3623 ouius
1015 3555 1094 3616 liber
1113 3556 1148 3616 de
1167 3577 1251 3619 voca·

107 3579 186 3693 dorso
237 3636 343 3693 111ιί1111
363 3631 416 3691 sub
437 3631 628 3690 Ambrosii
650 3630 770 3689 nomine
791 3632 892 3690 fertur.
937 3633 1008 3693 Eius
1029 3634 1130 3692 verbis
1150 3634 1249 3713 potius

109 3731 199 3792 quam
219 3711 293 3769 meis
312 3722 387 3769 utar.
427 3709 542 3782 „lluius
562 3708 674 3786 (inquit
694 3708 743 3768 lib.
754 3716 781 3773 1.
802 3712 882 3784 15.)
902 3710 1130 3789 comparationis
1150 3711 1252 3791 regula

107 3786 281 3864 „Dominus
301 3785 494 3847 multimodae·
503 3785 665 3844 vocationis
683 3786 857 3844 varietatem
877 3786 913 3844 ad
933 3784 1020 3847 unam
1041 3786 1251 3867 gratiamper-

109 3865 278 3940 „tinentem
303 3863 436 3923 astruxit:
462 3862 513 3920 nbi
539 3863 603 3922 sine
624 3862 715 3922 dubio
737 3865 787 3941 qui
812 3861 884 3921 hora
910 3863 1066 3922 undecima
1090 3863 1251 3923 intromissi

109 3941 162 4016 „in
187 3941 305 3999 vineam
331 3941 421 3999 totius
447 3939 504 3998 diei
536 3938 678 4020 operariis
705 3951 918 4030 exaequantur,
947 3959 1050 3998 eorum
1079 3939 1253 4029 praeferunt

110 4027 257 4093 „sortem,
278 4037 353 4096 quos
373 4016 408 4074 ad
431 4015 694 4076 commendandam
714 4027 825 4097 gratiae
847 4015 1062 4090 excellentiam,
1083 4016 1252 4076 rn·defectu

110 4092 212 4170 „diei,
231 4106 260 4154 et
280 4093 473 4154 conclusione
494 4093 588 4166 vitae,
608 4093 705 4153 divina
726 4092 907 4174 indulgentia
926 4091 1104 4152 muneravit:
1126 4112 1187 4152 nou
1208 4093 1251 4151 la·
1345 4163 1347 4167 7

109 4169 201 4247 „bori
220 4172 348 4308 pretium
368 4168 496 4245 solvens,
514 4171 565 4229 sed
580 4171 691 4230 divitias
711 4170 851 4231 bonitatis
870 4190 939 4229 suae
959 4170 991 4228 in
1012 4190 1073 4244 eos,
1093 4189 1168 4250 quus
1188 4168 1251 4228 sine

110 4248 217 4326 „operi
240 4270 273 4308 us
282 4247 387 4329 elegit,
408 4246 579 4308 effundens:
600 4260 634 4306 ut
649 4247 736 4307 etiam
751 4247 801 4328 qui
822 4247 852 4305 in
867 4245 961 4306 multo
981 4245 1084 4306 labore
1097 4245 1265 4322 sudarunt„

109 4344 189 4401 „uec
208 4325 332 4405 amplius
352 4344 439 4405 quam
459 4324 608 4388 novissimi
628 4336 817 4407 acceperunt,
835 4321 1002 4465 intellslipant
1014 4321 1125 4385 donum
1143 4341 1253 4405 segra·
