2700 4732
503 209 653 299 nmpv.
692 210 783 275 cur.
800 209 838 271 x.
906 201 911 209 ’
1189 212 1251 276 aes

108 371 193 440 parte
214 358 353 422 ecelesiae
371 358 548 420 auctoritate
567 355 752 431 detenditur,
782 372 871 435 quum
891 350 929 415 ab
948 351 1106 433 impietatis
1126 350 1250 411 crimine
1309 409 1313 415 .

108 436 238 498 excusari
256 447 396 516 nequeat,
416 435 489 496 falso
502 433 643 496 ecelesiae
662 434 691 494 id
710 432 860 513 imputari,
878 449 1003 512 arguere
1014 439 1183 509 promptum
1194 438 1248 489 est.

186 518 232 577 18.
272 513 337 574 Hac
371 514 487 573 ratione
511 512 651 584 in,istam
677 508 869 569 humanarum
893 506 1083 567 traditionum
1114 505 1249 586 tyrannia

109 587 195 664 dem,
219 609 295 669 quae
312 588 366 650 sub
388 587 528 648 ecclesiae
547 588 636 647 titulo
655 586 846 667 superciliose
865 583 953 645 nobis
972 583 1133 719 ingeritur,
1154 581 1252 640 libere

107 664 281 727 invehimur.
319 667 424 745 Neque
445 665 522 724 enim
542 664 638 744 (quod
660 666 755 724 nostri
776 661 932 723 adversarii
951 660 987 720 ad
1021 658 1170 719 acieudam
1191 679 1251 718 uo-

109 743 155 802 bis
176 743 310 802 iuvidiam
331 743 431 821 inique
455 743 653 817 mentiuntur)
678 740 830 801 ecclesiam
855 738 983 798 ludibrio
1010 737 1167 796 babemus:
1195 733 1251 794 aed

109 818 298 883 obedientiae
323 820 450 894 laudem,
469 838 526 897 qua
546 819 687 877 maiorem
713 816 822 877 nullam
843 814 993 909 agnoscit,
1013 814 1057 872 illi
1084 810 1250 875 tribuimus.

107 895 170 976 lpsi
191 896 288 975 potius
306 896 497 956 uehementer
523 909 592 954 surrt
617 891 894 965 ecetesiaminiurm
915 891 964 970 qui
984 889 1121 950 adversus
1141 888 1251 957 Domi-

63 978 65 1023 ῑ
99 993 180 1033 -num
191 994 274 1033 sunm
287 984 491 1033 contumacem
510 971 588 1031 illam
611 971 732 1043 faciunt,
751 970 820 1029 dum
841 968 917 1028 ultra
938 965 1254 1100 progressamfiugunt
1332 1015 1334 1019 .

63 1058 91 1085 “-
108 1069 197 1140 qnam
217 1048 412 1129 perverbum
431 1047 489 1108 Dei
509 1047 640 1109 licuerit:
660 1059 694 1106 ut
711 1058 822 1106 taceam
842 1045 989 1125 insignem
1010 1063 1072 1103 esse
1092 1042 1174 1121 impu
1197 1061 1252 1100 en-

107 1135 180 1185 tram
201 1148 266 1185 cum
286 1125 349 1207 pari
368 1123 476 1184 malitia
501 1125 707 1195 coniunctam,
735 1123 848 1184 assidue
873 1121 910 1181 de
935 1119 1076 1181 ecclesiae
1102 1128 1251 1198 potestate

106 1202 280 1263 vocilerari:
306 1201 425 1261 interim
450 1213 480 1260 et
500 1201 569 1280 quid
596 1200 639 1260 illi
664 1220 679 1259 a
699 1199 832 1260 Domino
852 1197 1020 1258 mandatum
1039 1197 1091 1269 sit,
1112 1205 1143 1254 et
1162 1215 1252 1275 quam

108 1278 233 1339 Domini
252 1279 391 1339 mandato
408 1277 606 1340 obedientiam
627 1276 746 1350 debeat,
767 1274 956 1336 dissimulare.
995 1274 1037 1332 At
1055 1272 1079 1332 si
1099 1271 1197 1349 nobis,
1217 1282 1253 1332 ut

108 1375 164 1435 par
183 1367 243 1426 est,
263 1355 377 1414 aniusus
397 1352 486 1413 luerit
505 1375 571 1413 eum
593 1351 713 1413 ecclelia
735 1352 919 1425 consentire,
941 1352 997 1410 hoc
1018 1348 1110 1430 magis
1130 1348 1167 1408 ad
1187 1369 1253 1408 rem

109 1430 249 1509 pertinet,
269 1444 403 1510 spectare
423 1451 457 1490 ac
476 1431 644 1490 meminisse
665 1429 734 1508 qnid
755 1426 842 1488 nobis
861 1448 895 1487 ac
917 1425 1060 1486 ecclesiae
1080 1447 1096 1485 a
1117 1424 1253 1486 Domino

109 1507 321 1587 praecipiatur,
342 1519 374 1567 ut
394 1506 435 1567 illi
455 1527 516 1566 uno
537 1526 683 1567 consensu
704 1504 885 1564 obediamus.
937 1503 1007 1562 Non
1029 1506 1108 1563 enim
1129 1501 1254 1562 dubium

108 1596 165 1657 est,
185 1584 332 1663 quincum
345 1582 466 1643 ecclesia
486 1583 598 1661 optime
617 1581 789 1642 consensuri
808 1583 908 1655 simus,
926 1580 951 1639 si
970 1598 1025 1639 nos
1044 1578 1178 1638 Domino
1199 1597 1257 1713 per

79 1658 94 1682 ²
108 1660 208 1721 omnia
228 1660 402 1720 obedientes
422 1671 610 1738 praestemus.
629 1695 668 1707 -
712 1658 773 1718 Iam
793 1677 866 1731 sero
892 1655 1006 1715 referre
1032 1656 1069 1715 ad
1088 1657 1205 1734 Aposto
1220 1674 1255 1716 os

106 1737 299 1798 traditionum
314 1736 470 1818 originem,
490 1734 596 1815 quibus
616 1734 757 1795 hactenns
777 1755 816 1814 op
839 1752 916 1793 ressa
936 1745 981 1793 est
1001 1731 1134 1804 ecclesia,
1154 1733 1257 1791 merae

107 1813 167 1874 tuit
184 1814 377 1893 imposturae:
399 1813 517 1892 quaudo
536 1823 601 1873 tota
613 1814 642 1872 in
657 1812 713 1872 boc
721 1754 867 1872 incumbit
878 1808 1094 1900 Apostolorum
1107 1807 1256 1885 doctrina,
1307 1810 1315 1831 ¹

106 1909 150 1951 ne
180 1891 263 1950 novis
288 1889 543 1950 observationibus
568 1899 732 1950 onerentur
755 1888 971 1961 conscientiae,
999 1897 1050 1945 aut
1068 1884 1127 1944 Dei
1157 1883 1255 1946 cultus

107 1964 218 2027 nostris
239 1965 700 2026 inventionibuscontaminetur.
739 1963 857 2024 Deinde
877 1963 970 2044 siqua
991 1962 1119 2023 historiis
1131 1961 1255 2023 vetustis

108 2065 169 2123 que
188 2043 386 2103 monumentis
407 2043 481 2102 inest
501 2042 583 2116 fides,
603 2039 757 2122 Apostolis
777 2060 839 2100 non
859 2040 995 2121 ignotum
1007 2039 1116 2114 modo,
1134 2038 1186 2098 sed
1206 2037 1256 2096 in-

107 2119 240 2180 auditum
263 2118 321 2179 suit
341 2117 423 2198 quod
441 2116 499 2180 illis
527 2119 671 2180 tribuunt
722 2118 786 2178 Nec
813 2118 961 2199 garriant,
980 2114 1123 2196 pleraque
1150 2135 1255 2176 eorum

107 2197 216 2278 placita
236 2219 289 2256 usu
309 2206 340 2255 et
359 2195 490 2256 moribus
510 2208 629 2277 recepta
649 2193 749 2270 fuisse,
770 2214 844 2274 quae
864 2192 979 2285 scriptis
992 2191 1100 2255 tradita
1112 2212 1176 2253 non
1189 2190 1255 2252 sue-

108 2285 194 2334 runt:
218 2272 268 2333 illa
294 2272 405 2334 scilicet
431 2291 506 2353 quae
527 2272 647 2333 Christo
668 2271 761 2332 adbuc
781 2272 900 2331 virente
920 2268 1014 2330 antelli
1038 2289 1088 2329 ere
1108 2290 1171 2330 non
1198 2289 1256 2361 po·

106 2360 223 2424 terant,
242 2361 311 2429 post
330 2349 390 2408 cius
410 2360 507 2409 autem
527 2368 678 2410 ascensum
698 2347 826 2428 Spiritus
845 2346 938 2408 sancti
957 2289 1159 2420 resciatione,
1178 2346 1255 2406 drdi·
1326 2350 1328 2355 ’

109 2427 214 2488 cerint
253 2426 300 2484 De
321 2427 381 2484 eius
402 2425 461 2486 loci
480 2426 727 2506 interpretatione
746 2424 816 2485 alibi
837 2424 929 2485 risum
950 2436 995 2483 est
1012 2425 1254 2503 (capas-14).

110 2503 204 2580 Quod
225 2503 261 2560 ad
282 2515 465 2581 praesentem
487 2504 681 2564 causamsatis
694 2513 748 2577 est,
769 2502 909 2562 ridiculos
929 2499 1066 2580 profecto
1079 2519 1112 2560 se
1132 2499 1256 2576 iaciunt,

111 2600 202 2659 quum
222 2579 355 2659 ingentia
376 2579 425 2639 illa
445 2580 590 2661 mysteria,
611 2600 687 2661 quae
708 2591 792 2639 tanto
812 2590 948 2658 tempore
962 2576 1117 2657 Apostolis
1138 2574 1255 2636 incom-

108 2668 194 2735 perta
215 2656 336 2728 snerint,
361 2658 467 2736 partim
488 2656 711 2717 observationes
731 2676 794 2716 esse
815 2667 948 2728 constet,
982 2666 1032 2713 aut
1051 2653 1184 2713 Iudaicas
1204 2665 1255 2714 aut

110 2730 248 2791 Gentiles
267 2736 404 2811 (quarum
426 2734 493 2792 illae
513 2733 592 2793 iuter
612 2735 748 2807 ludaeos,
770 2732 904 2792 haevero
924 2731 1002 2809 apud
1015 2729 1130 2789 Gentes
1150 2749 1254 2791 omues

111 2808 317 2900 promulgatae
337 2809 431 2870 multo
452 2821 520 2867 ante
541 2811 683 2884 fuerant),
704 2808 809 2887 partim
831 2809 944 2886 ineptas
963 2806 1203 2887 gesticulationes
1223 2816 1255 2866 et
1279 2818 1282 2824 “

109 2904 212 2944 inanes
232 2887 460 2960 ceremoniolas,
491 2906 561 2964 quas
582 2885 683 2945 insulsi
702 2883 874 2957 sacrificuli,
905 2883 955 2962 qui
977 2902 1032 2942 nec
1057 2902 1128 2942 nare
1147 2882 1255 2959 sciunt,

110 2982 167 3022 nec
188 2961 301 3037 literas,
336 2984 477 3042 perquam
503 2964 558 3020 rite
586 2974 744 3053 peragunt:
777 2961 836 3020 imo
879 2982 928 3021 nas
949 2959 1033 3038 pueri
1053 2974 1084 3018 et
1103 2959 1255 3020 moriones

109 3040 184 3100 adeo
204 3040 339 3118 apposite
353 3039 507 3120 effingunt,
529 3051 561 3098 ut
579 3039 674 3099 sidera
723 3038 795 3098 ussit
814 2980 913 3097 nullos
934 3055 996 3096 esse
1015 3035 1107 3117 magis
1127 3036 1255 3097 idoneos

108 3117 210 3176 talium
231 3137 380 3175 sacrorum
401 3117 554 3174 antistites.
594 3117 626 3174 Si
648 3060 745 3175 nullae
758 3120 854 3175 essent
873 3113 1030 3188 historiae,
1051 3133 1085 3173 ex
1104 3132 1137 3173 re
1154 3120 1255 3173 tamen
1304 3132 1309 3151 ¹

109 3196 172 3274 ipsa
192 3194 380 3253 aestimarent
411 3194 472 3252 sani
498 3192 642 3267 homines,
670 3213 730 3252 non
760 3191 858 3252 subito
886 3190 1016 3271 erupisse
1042 3189 1073 3249 iu
1100 3188 1253 3250 ecclesiam

110 3283 223 3331 tantam
244 3271 351 3330 rituum
374 3284 403 3332 ct
424 3270 660 3330 observationum
681 3270 865 3349 congeriem,
885 3268 936 3328 sed
956 3266 1063 3338 suasim
1076 3266 1252 3344 obrepsisse.

109 3349 187 3405 Nam
207 3368 296 3424 quum
322 3349 483 3408 sanctiores
514 3348 555 3406 illi
580 3347 727 3425 episcopi,
757 3346 807 3424 qui
827 3343 979 3424 Apostolis
1006 3355 1102 3407 aetate
1128 3342 1253 3423 proximi
1287 3352 1290 3363 '

111 3424 242 3495 fuerunt,
263 3424 705 3504 nonnullainstitubseutquae
725 3422 761 3482 ad
773 3422 908 3481 ordinem
928 3442 963 3482 ac
984 3419 1163 3500 disciplinam
1183 3440 1253 3501 per-

111 3497 261 3559 tinebant:
282 3501 453 3580 subsequuti
476 3513 576 3594 postea
590 3512 657 3572 suut
677 3499 821 3574 bomiues,
835 3498 882 3557 alii
895 3509 963 3577 post
982 3497 1067 3570 alios,
1087 3516 1185 3575 neque
1205 3517 1253 3556 sa-

111 3576 147 3634 tis
169 3575 343 3635 considerati
367 3590 397 3636 et
417 3579 501 3637 nimus
522 3576 630 3636 curiosi
650 3598 682 3636 ac
703 3575 816 3654 cupidi:
843 3595 968 3666 quorum
995 3572 1171 3651 utquisque
1198 3594 1253 3652 po-

111 3652 220 3710 sterior
241 3664 317 3724 erat,
343 3654 380 3711 ita
400 3653 488 3713 stulta
512 3652 708 3713 aemulatione
729 3673 794 3711 cum
819 3674 876 3712 surs
898 3649 1099 3711 decessoribus
1120 3648 1254 3725 certavit,

112 3747 151 3786 ne
172 3747 268 3783 rerum
290 3749 430 3791 novarum
451 3730 622 3788 inventione
643 3728 770 3787 cederet.
810 3728 848 3787 Et
862 3727 927 3807 quia
949 3725 1110 3808 periculum
1131 3737 1254 3786 eratne

112 3802 195 3863 brevi
217 3803 437 3865 obsolescerent
456 3827 506 3866 sua
528 3807 660 3877 inventa,
681 3825 714 3863 ex
735 3803 840 3883 quibus
861 3805 975 3865 landem
995 3803 1030 3862 ad
1052 3796 1188 3882 pdsteros
1208 3800 1254 3862 af-

111 3879 279 3953 fectabant,
299 3881 328 3940 iu
350 3883 490 3964 exigenda
511 3903 613 3942 eorum
635 3882 845 3943 observatione
866 3893 949 3941 eraut
973 3879 1068 3939 multo
1088 3877 1253 3972 rigidiores.

111 3959 195 4016 Haec
215 3963 361 4027 κακοζηλία
380 3959 487 4019 bonam
508 3961 631 4019 istorum
653 3960 762 4018 rituum
783 3972 897 4040 partem
917 3957 1003 4017 nobis
1025 3967 1157 4035 peperat,
1178 3976 1253 4035 quoe

111 4034 158 4093 isti
185 4054 239 4112 pro
266 4035 445 4116 alpostulieis
470 4036 557 4096 nobis
577 4037 736 4097 venditant.
787 4038 887 4115 Atque
912 4034 941 4093 id
967 4051 1087 4113 quoque
1114 4031 1255 4092 historiae

112 4123 267 4171 testentur.
698 4132 701 4139 ·
1185 4142 1188 4153 ·

188 4194 234 4252 19.
273 4190 320 4248 Ne
333 4189 464 4249 omnium
481 4189 648 4273 catalogum
667 4188 795 4250 texendo
815 4188 903 4250 simus
916 4187 1036 4247 nImium
1057 4184 1173 4267 prolixi,
1191 4205 1254 4247 uno

113 4283 193 4323 exem
217 4265 246 4325 lo
274 4265 408 4327 contenti
433 4267 552 4329 erimus.
601 4267 637 4327 lu
664 4267 769 4330 Coena
793 4264 916 4327 Domini
941 4262 1170 4324 administranda
1196 4261 1257 4325 suit

111 4340 166 4402 sub
185 4286 337 4423 dpostolis
355 4363 462 4429 magna
480 4344 658 4428 simplicitas
696 4342 826 4407 Proximi
845 4359 1029 4404 successores
1043 4338 1081 4403 ad
1092 4338 1256 4405 ornandam
