2700 4732
485 208 613 271 HM
651 208 860 273 cte.xv11.
1186 220 1247 281 tta

94 352 263 495 Ἣ,
290 372 371 495 qnae
395 372 414 413 a
434 350 565 415 fractura
584 363 742 427 exemerat,
761 352 916 435 fragilitati
933 352 1078 433 subiecit,
1094 368 1185 436 atque
1203 356 1246 419 ita

270 451 289 495 a

96 510 210 593 potnit.

329 428 451 495 consilii
469 430 516 493 sni
534 431 757 509 necessitatem,
776 430 858 511 quod
877 430 1051 496 neutraliter
1068 434 1247 519 contingere

468 684 950 817 carurxvns

142 936 322 1013 Quorsum
352 946 393 997 et
420 932 458 997 io
487 954 594 1017 quem
623 956 771 1017 scopum
800 936 1004 999 referenda
1035 938 1086 1002 tit
1115 938 1207 1005 haec

255 1030 446 1105 doctrina,
469 1040 509 1089 ut
531 1028 646 1091 nobis
665 1041 815 1093 constet
832 1032 912 1093 eius
932 1030 1088 1095 utilitat-

167 1206 199 1261 lst
217 1208 282 1261 duas
298 1224 385 1279 partes
402 1208 455 1262 laec
472 1206 561 1279 Caput
577 1208 720 1260 commode
737 1206 856 1261 distribui
872 1221 964 1279 potest.
998 1206 1030 1277 f)
1047 1210 1193 1267 Doctrinae
1209 1216 1244 1269 de

100 1290 264 1365 providentia
280 1292 351 1355 Dei,
371 1308 497 1363 quantum
520 1294 553 1345 ad
574 1294 687 1347 solidam
710 1294 817 1363 piorum
835 1294 1021 1346 institutionem
1041 1310 1067 1348 et
1083 1300 1245 1353 consolatio·

100 1396 159 1429 nem
176 1378 313 1439 conducit,
328 1378 465 1449 explicatio
483 1376 511 1429 in
526 1396 627 1443 genere,
643 1400 662 1431 s.
681 1376 707 1433 1.
725 1392 750 1431 ct
766 1378 899 1448 speciatim
917 1396 931 1429 a
949 1398 968 1429 s.
984 1382 1088 1437 ‘t-ta
1123 1382 1244 1439 Primum

102 1454 185 1515 istem
201 1462 374 1523 refelluntur,
395 1464 442 1533 qui
464 1482 560 1515 arcano
584 1476 611 1514 et
633 1462 892 1533 incomprehensibili
912 1461 964 1515 Dei
986 1466 1095 1519 consilio
1113 1470 1243 1521 mundum

103 1546 153 1613 regi
167 1560 277 1613 negant:
303 1546 347 1599 alii
365 1546 441 1609 item,
467 1544 513 1615 qui
535 1546 663 1599 scelernm
687 1546 806 1599 omnium
832 1548 935 1615 eulpam
957 1546 985 1599 in
1002 1547 1090 1603 Deum
1116 1550 1244 1616 reiiciunt,

103 1630 253 1701 piumque
268 1630 388 1683 exercitia
404 1628 507 1681 inuu'lia
524 1648 577 1683 esse
593 1628 733 1691 somniant,
748 1651 768 1683 s.
784 1632 871 1685 2-5.
910 1632 1017 1686 Deinde
1033 1634 1139 1687 additur
1154 1652 1244 1691 sancta

105 1716 279 1785 povidutiae
287 1714 540 1775 divinaemeditatio,
556 1714 583 1767 in
601 1712 733 1783 prosperis
750 1716 870 1767 rebusad
881 1716 967 1771 rivum
982 1718 1093 1787 depicta,
1109 1719 1242 1777 stt-tt.

106 1826 136 1841 ·-
149 1800 182 1869 ²)
199 1800 309 1853 solutio
327 1802 439 1851 domm
457 1798 637 1851 obiectionntu
654 1818 685 1851 cx
701 1798 852 1867 Scripturae
868 1800 944 1859 locis,
960 1802 1006 1869 qui
1024 1803 1084 1853 Deo
1104 1804 1242 1871 poeniten·

105 1884 162 1937 tin
177 1886 326 1945 ascribunt,
350 1897 379 1935 et
401 1884 568 1935 dcccmornm
590 1882 645 1935 cius
661 1882 741 1935 veluti
762 1885 889 1953 quasdam
913 1885 1096 1951 abrogationes
1119 1888 1244 1951 referunt,

105 1986 125 2023 a
139 1968 259 2025 13-14.

176 2124 205 2183 1.
243 2116 342 2179 Porro
365 2119 416 2195 (ut
440 2135 589 2197 propensa
613 2127 682 2177 sunt
702 2115 738 2175 td
758 2136 847 2177 vanas
870 2119 1000 2199 argutias
1020 2118 1172 2180 hominum
1194 2122 1241 2181 in-

106 2194 203 2279 genia)
221 2194 282 2254 fieri
296 2194 341 2253 vit
362 2205 471 2329 potest,
491 2194 564 2274 quin
577 2211 608 2252 se
627 2192 771 2274 perplexis
791 2195 877 2255 nodis
896 2196 1243 2279 irnpediantquicunqne

108 2292 169 2331 non
186 2282 285 2331 tenent
306 2292 363 2352 pro
386 2292 435 2329 um
460 2284 634 2349 res-tumque
658 2270 742 2329 liuius
763 2271 916 2331 doctrinae
942 2294 1035 2332 usum.
1085 2274 1191 2353 ltaque
1209 2278 1241 2335 in

107 2368 191 2427 quesn
210 2348 296 2408 finem
318 2348 418 2409 omnia
437 2348 574 2407 divinitus
593 2346 723 2405 ordinari
738 2347 888 2427 Scriptura
909 2349 1025 2423 doceat,
1045 2348 1175 2411 breviter
1194 2352 1242 2413 hie

105 2430 247 2507 ate'ngere
265 2426 412 2515 expediet.
451 2426 495 2483 Ae
516 2424 751 2503 primoquidem
772 2425 935 2485 noandum
954 2437 1008 2496 est,
1029 2438 1086 2487 tam
1107 2427 1136 2486 in
1159 2429 1241 2489 sutu-

103 2522 166 2563 mm
185 2524 273 2583 qnam
294 2524 325 2561 tn
347 2502 537 2580 praeteritum
556 2513 672 2578 tempus
684 2501 925 2561 considerandam
942 2522 1005 2561 esse
1024 2504 1241 2584 providentiam

101 2578 173 2639 net:
204 2579 313 2639 deinde
332 2584 374 2640 sie
394 2577 619 2637 moderatricem
645 2596 825 2635 essenorum
845 2580 995 2651 omnium,
1027 2592 1059 2639 ut
1079 2602 1159 2641 nurre
1178 2604 1242 2641 me·

100 2654 153 2716 diis
172 2656 236 2715 inte
275 2658 355 2714 ositis
380 2666 537 2734 operetur,
568 2674 646 2712 nune
670 2653 733 2711 sine
758 2656 880 2730 mediis,
913 2678 992 2715 orme
1018 2670 1121 2715 contra
1142 2659 1241 2719 omnia

99 2734 204 2806 media.
270 2745 401 2791 ostremo
423 2732 479 2789 huc
499 2730 632 2804 tendere,
652 2741 685 2787 ut
705 2742 800 2788 totum
821 2732 978 2790 humanum
989 2754 1082 2811 genus
1101 2734 1157 2793 sibi
1177 2756 1241 2795 esse

99 2828 187 2869 enrse
206 2808 290 2867 Deus
315 2808 464 2868 ostendat:
496 2808 654 2886 praecipue
679 2826 749 2865 vero
776 2808 806 2865 in
833 2810 962 2889 regenda
990 2810 1113 2869 eeclesia
1138 2814 1239 2890 (quam

155 2886 244 2967 piore
263 2886 373 2944 intuitu
393 2885 544 2965 dignatur)
567 2903 599 2941 se
619 2883 752 2941 excubias
777 2904 874 2963 agere.
917 2886 979 2943 lam
1001 2897 1031 2943 et
1052 2886 1109 2946 hoc
1129 2888 1241 2945 adden-

97 2906 166 3023 diiit
188 2974 253 3035 est,
277 2960 407 3041 quamvis
430 2974 480 3019 aut
500 2974 638 3039 paternus
658 2958 715 3017 Dei
742 2959 823 3019 favor
843 2973 873 3019 et
893 2961 1106 3033 beneficentia,
1125 2976 1174 3022 aut
1195 2966 1241 3021 iu-

103 3038 168 3099 dicii
183 3040 329 3101 severitas
349 3057 435 3116 saepe
454 3038 484 3095 io
506 3049 571 3097 toto
594 3036 794 3114 providentiae
815 3059 901 3096 eursu
922 3039 1066 3098 reluceat:
1092 3040 1240 3099 interdum

103 3124 197 3175 umen
219 3133 326 3175 eorum
348 3134 423 3194 quae
447 3113 585 3173 accidunt
604 3112 735 3172 occultas
761 3132 823 3173 esse
843 3135 961 3189 causas,
991 3127 1024 3174 ut
1044 3115 1170 3195 obrepat
1189 3138 1242 3176 co·

105 3190 220 3273 gitatin,
250 3211 346 3253 coeco
374 3190 510 3250 fortunae
536 3190 648 3269 impetu
668 3190 749 3247 volvi
777 3202 806 3249 et
825 3192 918 3250 rotari
941 3212 986 3251 res
1006 3192 1162 3252 humanas:
1193 3193 1241 3252 vel
1269 3256 1272 3261 ,

108 3266 145 3325 ad
161 3268 382 3349 obloquendum
404 3288 458 3327 nos
478 3287 548 3326 caro
567 3266 717 3339 sollicitet,
737 3268 795 3325 acsi
807 3267 889 3327 Deus
910 3267 1043 3328 homines
1063 3271 1145 3348 quasi
1166 3270 1241 3350 pilas

107 3344 249 3417 iactando,
268 3344 370 3405 ludum
391 3356 552 3405 exerceret.
591 3344 701 3401 Verum
722 3343 841 3422 quidem
862 3358 917 3417 est,
937 3344 960 3405 s'i
981 3348 1087 3424 quietis
1107 3358 1138 3405 et
1157 3347 1241 3407 seda·

105 3418 146 3479 tit
164 3422 305 3482 mentibus
331 3422 367 3481 ad
387 3420 558 3481 discendum
579 3421 671 3509 parati
691 3439 833 3493 essemus,
857 3423 934 3481 exitu
960 3424 1078 3481 tandem
1099 3424 1241 3502 patefieri,

104 3494 175 3555 Deo
194 3512 327 3557 constare
347 3498 486 3579 optimam
509 3498 622 3556 consilii
647 3497 691 3555 sui
712 3496 872 3556 rationem:
899 3497 948 3556 vet
975 3509 1008 3557 ut
1033 3521 1101 3559 suos
1127 3502 1241 3560 erudiat

100 3570 142 3635 ed
162 3572 354 3647 tolerantiam,
373 3574 421 3631 vel
442 3586 475 3632 ut
494 3573 623 3654 corrigat
643 3594 747 3651 pravos
767 3594 869 3633 eorum
890 3575 1024 3649 affectus,
1044 3587 1076 3635 et
1093 3574 1240 3636 lasciviam

99 3650 222 3725 domet,
244 3652 288 3711 rel
301 3652 347 3731 ,ad
368 3652 412 3711 sui
433 3650 661 3731 abnegationem
682 3649 814 3730 subigat,
834 3650 880 3709 vel
902 3653 1116 3731 expergefaciat
1134 3666 1241 3729 torpo-

97 3746 179 3787 rem:
208 3750 323 3787 rursum
346 3739 379 3787 ut
396 3738 565 3807 prosternat
583 3726 738 3805 superbos,
759 3738 791 3785 ut
811 3728 968 3805 impiorum
988 3731 1123 3788 astutiam
1144 3730 1241 3787 discu-

95 3804 169 3877 tiat,
198 3817 232 3865 ttt
255 3805 378 3883 dissipet
397 3823 501 3863 eorum
521 3803 762 3863 machinationes.
817 3805 975 3883 Utcunque
1004 3818 1102 3864 tamen
1124 3826 1178 3863 nos
1199 3803 1241 3861 la-

94 3892 178 3941 teant
197 3903 234 3943 ac
254 3882 371 3962 fugiant
383 3900 496 3952 causae,
516 3881 593 3959 apud
608 3900 674 3938 eum
695 3900 757 3939 esse
777 3880 964 3940 absconditas
978 3894 1059 3941 certo
1075 3880 1240 3939 habendum

94 3968 156 4017 est:
183 3979 219 4019 ac
245 3957 376 4037 proinde
401 3978 467 4015 cum
492 3957 604 4016 Davide
629 3955 848 4016 exclamandum
869 3958 933 4035 (Ps.
954 3964 1010 4033 to,
1030 3959 1087 4031 6.):
1114 3958 1242 4047 „Magna

95 4034 191 4095 fecisti
204 4036 288 4094 Deus
309 4032 452 4093 mirabilia
474 4046 535 4107 tua,
555 4045 585 4092 et
605 4033 802 4114 cogitationes
822 4046 884 4093 tuas
906 4055 995 4114 super
1014 4056 1069 4092 nos
1090 4054 1152 4090 non
1173 4033 1242 4090 lueet

94 4110 254 4171 ordinare:
272 4111 297 4170 si
316 4109 399 4189 loqui
417 4121 514 4185 tento,
532 4111 703 4189 praevalent
720 4132 806 4190 supra
827 4110 1057 4171 narrationesn.“
1082 4109 1145 4167 Etsi
1164 4108 1242 4167 enim

94 4206 216 4269 semper
236 4188 267 4245 in
287 4187 434 4246 aerumnis
459 4187 564 4246 nostris
589 4207 748 4247 occurrere
772 4187 884 4246 debent
913 4200 1049 4268 peccata,
1080 4198 1114 4244 ut
1146 4206 1243 4265 picena

97 4262 161 4343 ipsa
181 4284 240 4323 nos
259 4264 295 4322 ad
315 4264 528 4343 poeniteutiam
548 4264 705 4323 sollicitet:
724 4263 856 4323 videmus
875 4277 975 4323 tamen
996 4275 1029 4323 ut
1041 4263 1175 4323 Christus
1196 4282 1239 4319 ar-

99 4361 176 4402 cano
197 4340 295 4399 Patris
314 4339 439 4402 consilio
471 4339 536 4420 plus
565 4341 638 4403 iuris
661 4353 787 4417 asserat,
818 4362 906 4420 quam
933 4352 965 4401 ut
986 4359 1134 4421 quemque
1154 4350 1242 4417 prout
