2596 4726
435 223 510 284 utu.
533 224 583 282 tv.
625 220 711 285 CAP.
733 221 828 282 xvtt.
1139 227 1196 291 hil

66 368 236 431 comitantia
256 368 325 449 ipsis
345 379 487 451 negetur,
512 367 580 448 quid
606 365 731 427 facient?
769 367 842 427 Nam
867 378 900 427 ut
926 367 1046 428 maxime
1066 366 1197 429 absurdi-

65 456 157 506 tatem
177 456 318 527 urgeant,
344 446 368 505 si
393 466 500 523 corpus
525 445 560 504 ah
588 445 681 503 anima
706 455 737 503 et
760 444 913 504 divinitate
938 456 1106 528 separetur,
1136 445 1199 524 quis
1276 494 1283 509 .

64 532 163 581 tamen
184 543 269 581 sanus
290 534 320 580 et
339 521 455 582 sobrius
476 521 585 581 Christi
609 540 715 597 corpus
736 521 884 582 Christum
911 541 972 581 esse
997 521 1052 580 sibi
1077 541 1199 600 persua-

66 597 153 658 deat?
192 598 338 658 Videntur
364 598 481 677 quidem
507 597 562 657 sibi
581 597 638 655 auis
665 598 693 655 id
718 596 792 676 syllo
816 599 891 655 ismis
916 597 1016 676 pulcre
1041 599 1198 658 conficere.

61 675 178 734 Netum
199 696 289 753 quum
310 674 346 732 de
366 693 494 754 corpore
515 685 545 732 et
563 673 703 754 sanguine
722 688 775 733 suo
794 617 932 733 distincte
951 673 1091 753 loquatur
1109 674 1199 734 Chri·
1272 694 1275 699 ·

65 761 144 824 stus,
175 750 294 810 modum
320 762 415 810 autem
443 750 622 830 praesentiae
655 770 714 808 non
742 749 900 809 describat:
933 750 1083 870 quomodo
1109 769 1142 808 ex
1167 769 1200 811 re

65 826 204 910 ambigua
224 839 306 887 certo
319 827 487 900 conficient,
507 825 586 905 quod
605 824 727 885 volunt?
766 826 845 901 Quid
859 846 945 907 ergo.
969 847 1070 886 noune
1089 828 1113 886 si
1130 846 1200 920 gra·

65 905 150 965 viore
170 902 268 983 aliquo
285 922 371 962 seusu
393 922 494 962 eorum
516 902 708 962 conscientias
728 903 855 962 exerceri
876 903 1043 985 contigerit,
1086 915 1200 965 rotinus

66 1001 134 1040 cum
154 981 211 1040 suis
230 978 305 1059 syllo
329 978 405 1039 ismis
426 979 621 1038 dissolventur
646 999 680 1037 ae
711 966 891 1114 liqueqcent?
904 999 1024 1058 'nesnpe
1044 924 1094 1039 ult
1115 992 1198 1041 certo

66 1057 125 1117 Dei
144 1055 237 1116 serbo
260 1055 295 1114 de
319 1054 345 1115 ci
364 1076 395 1114 se
414 1055 569 1129 videbunt,
594 1075 653 1134 quo
672 1075 734 1114 uno
755 1076 791 1115 co
814 1055 918 1114 sistunt
938 1056 1051 1115 animae
1070 1068 1200 1134 nostrae,
1276 1078 1286 1105 ‚·

66 1144 158 1213 quum
178 1131 213 1192 ad
235 1133 377 1192 rationem
397 1145 554 1206 vocantur,
579 1142 609 1190 et
628 1131 690 1190 sine
711 1152 771 1211 quo
791 1132 887 1212 primo
929 1152 1026 1223 uoque
1046 1147 1199 1194 momento

66 1208 235 1270 labascunt:
268 1209 318 1268 ubi
338 1207 549 1302 Apostolorum
570 1206 732 1267 doctrinam
759 1219 789 1266 et
809 1153 945 1286 exempla·
963 1208 1020 1269 suhi
1046 1209 1199 1286 adversari,
1272 1244 1274 1249 ·

67 1306 101 1346 se
117 1306 190 1345 vero
217 1283 297 1344 solos
321 1283 378 1344 sibi
410 1297 543 1344 auctores
570 1296 632 1344 es'sc
657 1304 692 1344 co
716 1283 840 1344 itabunt.
891 1286 1043 1345 Accedent
1067 1285 1103 1345 ad
1127 1284 1199 1348 tales

66 1361 210 1443 impulsus
231 1373 260 1420 et
280 1360 328 1420 alii
348 1382 408 1421 uon
428 1360 506 1420 leves
525 1359 644 1421 stimuli.
684 1303 785 1434 Quid?
804 1381 840 1420 an
862 1380 907 1420 res
928 1374 991 1422 erat
1011 1361 1116 1423 nullius
1135 1384 1199 1422 mo·

67 1439 180 1515 menti,
211 1437 308 1496 Deum
341 1436 393 1497 hac
418 1437 511 1496 forma
536 1438 710 1498 adorarent
735 1435 806 1495 nihil
826 1437 912 1515 uobis
931 1439 1201 1516 praescriberetur?

67 1514 226 1595 Aequum
247 1514 376 1573 desero
397 1513 455 1572 Dei
481 1513 561 1572 cultu
588 1525 739 1595 ageretur,
770 1524 850 1572 tanta
874 1513 990 1573 levitate
1015 1514 1110 1575 fuerat
1136 1528 1201 1575 teu·

67 1591 202 1666 tandum,
224 1588 338 1670 dequo
359 1590 470 1649 nullum
491 1610 609 1669 usquam
630 1589 749 1650 verbum
769 1589 797 1647 le
819 1591 940 1650 ebatur?
967 1589 1008 1648 At
1027 1592 1061 1664 si,
1082 1613 1137 1671 qua
1150 1592 1201 1652 de·

67 1680 128 1745 cet,
147 1666 307 1726 humilitate
318 1666 512 1749 cogitationes
531 1686 633 1726 omues
654 1687 716 1726 suas
726 1665 779 1726 suh
794 1608 851 1724 het
864 1666 955 1726 verbo
975 1669 1200 1742 continuissent,

67 1743 279 1805 auscultassent
290 1756 381 1820 certe,
401 1743 480 1822 quod
500 1743 561 1823 ipse
578 1742 663 1802 dixit:
684 1742 849 1822 „Accipite
869 1742 1053 1819 manducate,
1075 1744 1200 1820 bibite,“

46 1819 196 1900 ,huicque
217 1819 353 1880 mandato
374 1819 546 1900 paruissent,
567 1839 626 1899 quo
646 1818 737 1898 accipi
757 1829 982 1893 sacramentum,
1002 1840 1063 1879 nou
1084 1821 1200 1881 adorari

67 1897 163 1957 iubet.
203 1897 265 1971 Qui
284 1917 371 1971 vero,
400 1906 467 1955 uta
488 1897 554 1955 Deo
581 1896 745 1973 mandatum
767 1907 823 1969 est,
846 1897 911 1954 sine
931 1896 1103 1955 adoratione
1123 1898 1200 1964 ucci-

66 1975 172 2055 piuut,
190 1972 285 2034 securi
304 1984 388 2048 sunt,
408 1991 439 2033 se
459 1972 633 2032 amandato
654 1972 710 2031 Dei
730 1992 792 2030 uon
813 1971 985 2031 deflectere:
1007 1993 1066 2051 qua
1087 1975 1200 2033 securi-

67 2061 131 2115 tate
150 2048 223 2109 nihil
242 2049 346 2108 melius
367 2060 420 2124 est,
440 2070 528 2128 quum
550 2049 618 2128 quid
640 2049 736 2128 operis
757 2048 940 2109 instituimus.
979 2049 1097 2109 llabent
1115 2050 1200 2130 Apo·

67 2126 214 2187 stolorum
230 2125 402 2206 exemplum,
422 2146 496 2204 quos
516 2147 576 2185 non
598 2124 718 2207 legimus
739 2136 899 2205 prostratos
920 2126 1065 2200 adorasse,
1084 2126 1146 2200 sed,
1167 2139 1200 2188 ut

67 2214 155 2263 eraut
174 2202 403 2275 discumbentes,
423 2202 576 2280 accepisse
588 2213 619 2267 et
638 2202 832 2261 manducasse.
872 2202 991 2261 liabent
1010 2203 1200 2282 Apostolicae

65 2277 210 2355 ecclesiae
229 2300 326 2352 usum,
352 2278 402 2337 uhi
423 2276 522 2336 fideles
548 2298 608 2337 non
629 2278 818 2351 adoratione,
845 2280 894 2339 sed
919 2278 1098 2339 infractione
1139 2282 1201 2355 anis

66 2355 298 2417 communicasse
318 2375 334 2413 a
355 2355 433 2415 Luca
453 2366 586 2413 narratur
605 2355 686 2431 (Act.
701 2361 729 2427 2,
747 2357 820 2432 42).
860 2356 981 2415 liabent
999 2302 1202 2436 Apostolicam

67 2432 249 2503 doctrinam,
269 2451 325 2510 qua
345 2432 451 2491 Paulus
472 2431 696 2492 Corinthiorum
717 2432 867 2491 ecelesiam
889 2432 1023 2508 instituit,
1043 2433 1202 2514 professus,

66 2528 138 2577 tea
157 2508 288 2568 Domino
308 2511 466 2586 accepisse,
487 2509 566 2587 quod
586 2507 718 2568 tradebat
732 2509 771 2586 (1.
787 2508 858 2569 Cor.
869 2516 917 2585 11,
928 2509 1001 2586 23.)-
1099 2505 1106 2512 ’
1273 2574 1278 2583 .

116 2580 122 2598 “
145 2591 194 2651 36.
232 2585 331 2664 Atque
343 2584 413 2644 haec
425 2585 542 2676 quidem
564 2605 600 2643 eo
620 2584 756 2657 tendunt,
775 2597 808 2645 ut
820 2587 984 2666 expendant
1005 2586 1044 2665 pii
1062 2586 1200 2661 lectores,

67 2683 155 2745 quam
178 2681 238 2720 uon
259 2672 353 2720 tutum
373 2662 412 2719 sit
431 2684 460 2720 in
482 2662 569 2720 rebus
589 2675 646 2721 tam
668 2662 773 2735 arduis,
794 2682 809 2721 a
829 2662 954 2742 simplici
974 2662 1032 2720 Dei
1051 2663 1142 2722 verbo
1163 2664 1200 2723 ad

67 2738 184 2801 cerebri
204 2737 297 2797 nostri
317 2738 429 2797 somnia
455 2738 576 2817 evagari.
629 2738 715 2811 Quae
744 2750 838 2796 autem
865 2761 896 2797 su
921 2738 995 2796 erius
1021 2738 1097 2798 dicta
1121 2751 1198 2814 sunt,

66 2812 151 2893 omqi
178 2813 230 2875 hac
255 2814 285 2873 in
311 2834 343 2872 re
363 2812 499 2892 scrupulo
522 2814 646 2872 liberare
667 2833 720 2871 uos
741 2813 858 2872 debent.
931 2833 975 2871 am
996 2825 1029 2872 ut
1049 2815 1199 2876 Christum

64 2891 128 2953 illic
147 2891 203 2950 rite
222 2890 445 2970 apprehendant
464 2890 528 2967 piae
548 2891 674 2961 animae,
704 2890 734 2947 in
765 2889 879 2948 coelum
905 2890 1056 2972 erigantur
1079 2911 1199 2951 necesse

66 2980 122 3030 cst
162 2967 279 3042 Quodsi
300 2967 355 3026 hoc
376 2967 547 3026 sacramenti
568 2965 695 3024 officium
725 2976 783 3037 est,
808 2977 935 3025 mentem
967 2967 1091 3026 hominis
1116 2967 1200 3026 inhr-

64 3066 144 3106 mam
164 3044 273 3123 alioqui
293 3043 446 3116 adiuvare,
472 3053 504 3101 ut
523 3043 558 3101 ad
585 3041 802 3121 percipiendam
827 3042 1018 3123 spiritualium
1038 3044 1199 3120 mysterio·

64 3142 132 3182 rum
153 3121 335 3181 altitudinem
356 3142 468 3179 sursum
489 3130 632 3200 assurgat,
652 3119 700 3198 qui
722 3119 750 3176 in
772 3120 998 3211 siguoexterno
1019 3121 1200 3198 detinentur,

64 3220 83 3259 a
102 3209 184 3258 recta
204 3196 363 3276 quaerendi
377 3197 488 3257 Christi
506 3195 549 3254 via
570 3197 714 3254 aberrant.
755 3197 836 3270 Quid
857 3196 948 3277 ergo?
967 3197 1200 3281 superstitiosum

65 3294 130 3336 esse
151 3273 259 3335 cultum
281 3294 317 3331 ne
339 3274 466 3346 abimus,
497 3294 584 3350 quum
610 3291 674 3332 sese
703 3272 836 3333 homines
857 3294 953 3333 coram
975 3294 1049 3353 pane
1069 3285 1201 3353 proster-

65 3363 153 3425 nunt,
174 3362 206 3410 ut
228 3350 290 3409 ¹illic
312 3294 459 3410 Christum
484 3349 627 3409 adorent?
666 3348 743 3407 Huic
763 3348 839 3409 malo
866 3349 968 3430 procul
994 3350 1084 3410 dubio
1104 3350 1201 3412 roluit

65 3426 189 3489 obviare
220 3428 348 3487 Nicaeua
380 3427 535 3506 Synodus,
588 3446 657 3484 uum
688 3425 780 3484 vetuit
812 3447 865 3485 nos
898 3424 1045 3486 humiliter
1073 3439 1200 3489 attentos

65 3522 131 3564 esse
155 3503 192 3563 ad
220 3505 368 3583 proposita
392 3503 534 3583 symbola.
595 3504 640 3561 *ec
666 3501 719 3560 alia
741 3523 824 3562 causa
849 3502 1012 3561 institutum
1040 3503 1108 3563 olim
1134 3503 1200 3579 luit,

65 3591 100 3640 ut
129 3591 198 3640 ante
224 3580 476 3639 corisecrationem
512 3577 637 3658 populus
666 3580 722 3637 alta
749 3599 821 3638 voce
852 3581 1060 3638 admoueretur
1091 3580 1200 3640 hahere

62 3668 180 3717 aarum
198 3655 297 3715 corda.
341 3658 406 3735 Ipsa
426 3676 545 3735 quoque
565 3654 733 3733 Scriptura,
765 3656 1067 3735 praeterquamquod
1090 3656 1199 3719 Christi

63 3733 266 3796 ascensionem
287 3732 443 3814 diligenter
462 3733 548 3792 nobis
570 3743 696 3806 enarrat,
716 3753 770 3810 qua
790 3734 923 3812 corporis
943 3734 985 3791 sui
1028 3733 1201 3792 raesentiam

65 3822 264 3888 aconspectu
285 3823 386 3870 nostro
408 3808 679 3887 consuetudineque
703 3806 854 3882 subduxit,
884 3829 942 3900 quo
971 3754 1056 3867 nohis
1081 3829 1200 3869 omnem

29 3902 32 3907 '
66 3887 104 3946 de
124 3905 161 3946 eo
175 3886 320 3945 carnalem
336 3885 544 3968 cogitationem
558 3887 691 3956 excutiat,
712 3884 827 3964 quoties
848 3887 935 3965 ipsius
956 3886 1097 3960 meminit,
1117 3906 1200 3946 men·

65 3962 145 4035 tibus
165 3984 278 4022 sursum
300 3964 371 4042 erigi
394 3964 475 4021 iubet
505 3975 534 4022 et
555 3964 646 4040 ipsum
673 3962 702 4019 iu
730 3961 815 4020 coelo
837 3981 976 4041 quaerere
996 3964 1146 4022 sedentem
1167 3965 1198 4023 in

65 4038 162 4100 Patris
184 4041 299 4099 dextera
320 4040 402 4118 (Col.
422 4045 450 4108 3,
468 4040 520 4116 2.).
571 4040 739 4098 Secuudruu
766 4039 840 4097 hauc
865 4039 993 4120 regulam
1015 4052 1077 4097 erat
1102 4040 1199 4118 potius

64 4115 255 4197 spiritualiter
274 4119 303 4175 in
326 4117 445 4177 coelesti
467 4115 559 4194 gloria
580 4116 753 4188 arleirandus,
774 4137 859 4194 quam
880 4116 1101 4197 exrogitandum
1121 4114 1198 4173 istud

65 4204 124 4253 um
144 4191 341 4273 periculosum
362 4195 540 4252 adorationis
560 4212 668 4273 genus,
693 4192 810 4272 plenum
831 4191 953 4251 carnalis
972 4209 1141 4270 crassaeque
1163 4191 1199 4250 de

63 4269 133 4330 Deo
153 4269 313 4349 opinionis.
367 4270 467 4342 Quare
489 4271 537 4347 qui
562 4269 735 4328 sacramenti
763 4268 964 4328 adorationem
990 4266 1201 4404 excogitarunt,

66 4365 130 4408 am
151 4365 214 4406 uon
234 4347 324 4407 modo
346 4367 360 4406 a
381 4367 411 4406 se
432 4345 498 4423 ipsis
523 4345 704 4406 somniarunt
728 4344 799 4408 citra
819 4344 1015 4424 Scripturam,
1047 4367 1065 4403 u
1088 4344 1097 4403 i
1120 4342 1200 4404 muta
