2700 4732
148 196 207 259 no
563 193 639 253 Llli.
658 194 700 254 Il.
739 194 827 258 CAP.
847 198 884 257 V.

147 354 183 397 ac
200 334 408 396 moderandam
436 336 561 397 hominis
579 338 769 401 voluntatem.
818 341 969 403 Moderati
994 363 1056 404 non
1080 353 1182 425 potest
1205 345 1281 437 quin·

147 411 293 493 corrigat,
325 414 395 493 quin
420 415 577 487 reformet,
607 420 678 494 quin
705 429 828 476 renovet
847 420 940 495 (unde
960 420 1080 481 dicimus
1099 422 1280 503 principium

145 488 379 571 regenerationis
403 510 481 561 esse,
512 503 545 550 ut
569 493 806 570 quod-nostrum
832 507 875 555 est
898 495 1082 569 aboleatur),
1099 498 1186 557 simul
1205 500 1278 579 quin

146 577 276 639 moveat,
294 578 371 646 agat,
391 567 531 646 impellat,
551 570 637 641 ierat,
656 582 765 629 teneat.
813 571 900 631 Unde
920 594 989 631 vere
1008 573 1131 637 dicimus
1149 574 1226 635 illius
1245 575 1278 637 in

145 641 271 703 solidum
295 662 357 702 esse
382 664 499 718 omnes,
526 666 600 722 quae
624 646 692 704 inde
717 658 854 705 emanant
883 652 1021 710 actiones.
1069 650 1194 710 lnterim
1212 672 1276 711 non

144 738 183 777 ne
206 740 285 779 amus
304 720 483 779 verissimum
504 742 564 779 esse
585 723 664 800 quod
677 721 962 801 Arrgtrstiuusdneet,
984 748 1044 784 non
1058 726 1168 786 destmi
1184 728 1277 808 gratia

143 738 334 867 subnotem,
353 796 404 857 sed
424 796 515 877 tnagis
534 799 675 877 reparari:
697 804 764 878 quia
785 811 939 880 utrumqne
960 802 1071 881 optime
1091 814 1222 863 constat:
1243 816 1282 865 nt

144 871 297 934 instaurari
313 873 426 933 dicatur
445 873 570 933 hominis
582 876 726 948 voluntas,
746 878 814 934 dum
828 890 957 937 correcta
975 879 1137 938 vitiositate
1155 892 1188 938 et
1206 901 1277 960 pcr-

142 950 280 1009 versitate
302 950 339 1008 ad
365 969 462 1009 reram
486 950 611 1010 iustitiae
635 952 764 1032 regulam
790 953 941 1031 dirigitur:
974 968 1004 1014 et
1027 955 1113 1014 simul
1139 977 1217 1015 nova
1243 958 1276 1017 in

143 1024 264 1087 bomine
283 1025 418 1085 voluntas
437 1026 551 1086 dicatur
569 1028 672 1097 creari,
693 1030 759 1109 quia
779 1028 820 1089 sic
833 1031 929 1089 vitiata
950 1043 1146 1123 corruptaque
1167 1044 1222 1107 est,
1241 1044 1277 1093 ut

142 1122 252 1163 nouum
272 1102 388 1181 penitus
407 1103 558 1184 ingenium
578 1104 700 1163 induere
718 1125 837 1164 necesse
858 1106 971 1165 babeat.
1011 1108 1092 1167 Ntlsil
1108 1108 1165 1167 iam
1177 1109 1277 1171 obstat

143 1180 300 1259 quominus
331 1179 389 1238 rite
419 1200 508 1261 agere
533 1180 678 1253 dicamur,
704 1182 784 1260 quod
805 1186 864 1260 agit
884 1183 1008 1261 Spiritus
1028 1184 1085 1243 Dei
1115 1184 1145 1243 in
1176 1186 1276 1261 nobis,

142 1256 255 1315 etiamsi
274 1255 345 1314 nihil
366 1277 381 1314 a
400 1275 431 1315 se
451 1258 514 1335 ipsa
526 1258 768 1335 conseratpostra
782 1260 926 1330 voluntas,
939 1260 1018 1338 qnod
1039 1260 1075 1318 ab
1096 1262 1159 1319 eius
1179 1260 1275 1341 gralia

141 1343 299 1412 separetur.
338 1332 471 1412 Ideoque
494 1333 636 1392 memoria
662 1335 821 1394 tenendum
846 1338 925 1413 quod
949 1336 1018 1395 alibi
1044 1357 1077 1395 ex
1100 1337 1273 1417 Augustino

141 1408 308 1482 citavimus,
332 1408 439 1468 frustra
460 1408 600 1487 quosdam
620 1421 750 1490 satagere
771 1423 803 1469 ut
822 1412 852 1471 in
872 1412 998 1472 bominis
1017 1412 1169 1472 voluntate
1189 1414 1274 1492 quic·

140 1506 225 1565 quarn
248 1485 319 1545 boni
337 1486 490 1564 proprium
516 1486 677 1564 reperiant:
703 1488 839 1566 quiequid
867 1489 944 1547 enim
970 1489 1112 1548 mixturae
1131 1510 1167 1548 ex
1185 1488 1274 1549 liberi

138 1561 252 1622 arbitrii
270 1561 379 1621 virtute
397 1561 506 1621 afferre
524 1562 643 1621 student
664 1563 796 1623 homines
816 1564 850 1622 ad
870 1565 928 1622 Dei
947 1566 1079 1646 gratiam,
1100 1566 1172 1624 nibil
1192 1564 1273 1627 aliud

140 1658 227 1716 qnam
254 1638 315 1697 eius
342 1634 494 1717 corruptio
519 1648 577 1697 est:
602 1638 724 1718 perinde
750 1639 808 1699 acsi
828 1642 891 1717 quis
917 1641 1011 1700 lutosa
1033 1654 1062 1699 et
1082 1663 1175 1701 amara
1195 1661 1273 1722 aqua

138 1716 236 1775 vinum
262 1714 396 1775 dilueret.
445 1713 510 1774 Etsi
538 1726 635 1773 autem
661 1715 798 1805 quiequid
824 1717 853 1773 in
875 1716 1026 1775 voluntate
1051 1717 1124 1776 boni
1144 1729 1206 1791 ost,
1236 1738 1272 1777 ex

138 1812 222 1851 mero
243 1792 371 1872 Spiritus
392 1791 532 1851 instinctu
552 1803 703 1870 provenit,
723 1792 791 1870 quia
811 1803 908 1851 tamen
929 1792 1014 1853 nobis
1033 1794 1207 1853 naturaliter
1225 1794 1274 1853 itt·

137 1870 270 1950 genitum
290 1879 336 1928 est
353 1867 446 1941 velle,
479 1888 539 1927 non
565 1867 616 1927 abs
640 1888 673 1926 re
694 1889 726 1927 ea
750 1888 837 1949 agere
856 1868 988 1941 dicimur,
1008 1891 1132 1947 quornm
1154 1870 1273 1931 laudem

137 1946 194 2005 sibi
221 1947 284 2005 iure
303 1944 385 2003 Deus
404 1943 549 2003 vindicat:
576 1945 718 2024 primum,
743 1946 809 2023 quia
834 1956 965 2003 nostrum
986 1957 1030 2003 est
1050 1946 1110 2005 eius
1131 1946 1273 2039 benigni-

136 2034 200 2083 tate
219 2021 358 2103 quicquid
378 2032 518 2112 operatur
537 2021 566 2079 iu
588 2021 688 2094 nobis,
708 2022 798 2081 modu
818 2042 878 2080 non
899 2042 915 2079 a
936 2021 1103 2081 nobisesse
1121 2022 1272 2105 intelliga-

137 2120 215 2159 mus:
237 2098 342 2158 deinde
362 2118 429 2177 qma
448 2109 547 2157 nostra
567 2109 613 2157 est
631 2118 729 2171 mens,
756 2110 855 2157 nostra
874 2096 1026 2172 voluntas,
1052 2110 1187 2159 nostrum
1206 2113 1271 2161 stn-

138 2175 227 2249 diurn,
247 2196 322 2255 quae
342 2174 378 2234 ab
399 2194 436 2233 co
457 2176 487 2233 in
507 2174 619 2234 bonum
640 2174 815 2254 diriguntur.

213 2258 259 2318 16.
300 2252 387 2327 Quae
406 2263 557 2331 praeterea
578 2249 646 2309 bine
671 2249 739 2309 inde
763 2250 929 2309 testimonia
950 2251 1124 2325 corradunt,
1152 2251 1279 2313 medio-.

136 2330 235 2391 eribus
255 2329 343 2388 etiam
364 2328 490 2419 inpeniis
508 2347 570 2386 non
591 2326 712 2385 multum
732 2326 876 2386 facessent
895 2327 1021 2407 negotii,
1040 2348 1115 2407 quae
1133 2331 1271 2407 superio·

136 2428 183 2469 res
202 2404 293 2466 modo
313 2404 476 2466 solutiones
500 2404 597 2483 probe
621 2403 799 2462 imbiberint.
839 2403 941 2464 Citant
961 2424 993 2461 ex
1014 2403 1126 2463 Genesi
1146 2417 1268 2465 senten·

135 2487 205 2545 tiam
240 2483 333 2555 illam,
372 2480 435 2540 Sub
462 2492 492 2539 te
518 2481 575 2539 erit
605 2480 751 2560 appetitus
776 2480 853 2551 eius,
883 2491 913 2537 et
944 2492 976 2539 tu
1001 2480 1202 2540 dominaberis
1226 2480 1269 2543 illi

135 2562 230 2639 (Gen.
250 2566 280 2632 d,
298 2560 354 2636 7.):
376 2578 461 2637 quam
482 2557 519 2616 de
538 2568 659 2637 peccato
680 2557 919 2636 interpretantur,
938 2557 997 2615 acsi
1016 2557 1090 2617 Cain
1110 2556 1273 2636 promitte·

136 2651 182 2700 ret
201 2637 362 2710 Dominus,
386 2656 449 2695 non
470 2632 534 2694 lore
558 2635 587 2693 io
609 2634 707 2694 animo
727 2633 789 2693 eius
808 2633 865 2691 vim
884 2633 1066 2710 superiorem
1090 2632 1267 2713 peecati,ai

135 2718 223 2777 ineo
249 2711 452 2793 perdomando
477 2710 612 2771 laborare
636 2710 736 2769 vellet.
778 2710 841 2768 Nos
865 2721 961 2768 antem
986 2710 1075 2791 magis
1100 2728 1268 2791 congruere

136 2794 257 2854 dicimus
277 2790 376 2850 ordini
396 2788 555 2861 orationis,
575 2800 608 2847 ut
627 2786 664 2845 de
683 2786 777 2846 Abele
797 2785 956 2863 accipiatur
976 2784 1032 2846 boc
1053 2785 1178 2847 dictum:
1205 2786 1267 2849 illic

136 2871 214 2931 enim
234 2866 418 2948 iniquitatem
437 2864 579 2938 invidiae,
603 2885 689 2943 quam
713 2864 743 2922 in
769 2864 886 2922 fratrem
908 2862 983 2921 Cain
1003 2874 1196 2941 conceperat,
1220 2884 1267 2924 ar·

135 2968 226 3029 guero
266 2944 429 3024 ropoaitum
451 2952 496 3001 est
513 2941 593 3001 Deo.
633 2940 667 2998 ld
688 2940 756 2999 iacit
776 2937 885 3018 duplici
905 2938 1034 2997 rationo:
1056 2939 1138 3016 quod
1159 2939 1268 3001 frustra

136 3024 242 3085 medita
265 3033 331 3079 atur
361 3018 473 3094 scelus,
505 3040 565 3097 quo
594 3016 712 3076 fratrem
744 3013 934 3095 praecelleret
951 3015 1026 3093 apud
1046 3015 1162 3092 Deum,
1187 3016 1268 3095 apud

134 3122 221 3183 quern
242 3096 338 3158 nullus
360 3107 404 3155 est
422 3095 522 3155 bonor
540 3093 595 3153 nisi
615 3094 754 3152 iustitiae:
775 3090 880 3149 deinde
893 3094 972 3168 quod
992 3091 1112 3150 nimium
1134 3093 1279 3174 ingratus..

135 3191 210 3239 esset
235 3176 293 3235 iam
318 3184 440 3251 accepto
460 3172 519 3230 ttet
550 3169 710 3241 beneficio,
740 3168 790 3247 qui
816 3188 853 3225 ne
879 3167 1043 3228 subiectum
1067 3168 1186 3246 quidem
1210 3188 1268 3231 atto

133 3254 258 3336 imperio
279 3251 400 3311 fratrem
420 3249 498 3309 serre
521 3258 631 3326 posset.
680 3246 791 3305 l'erum
824 3264 861 3300 ne
887 3243 962 3304 banc
987 3244 1273 3323 interpretationem.

133 3334 202 3394 ideo
227 3330 378 3389 videamur
396 3323 567 3405 amplexari,
613 3322 673 3381 uod
693 3321 783 3380 altera
814 3318 900 3378 nobis
921 3323 1064 3381 contraria
1090 3321 1143 3393 sit,
1162 3321 1267 3383 demus

132 3430 203 3473 sane
222 3406 259 3466 de
280 3415 402 3485 peccato
423 3404 452 3462 lo
475 3412 576 3461 nutum
592 3343 683 3457 inisse
701 3397 807 3456 Deum.
849 3395 883 3454 si
901 3399 941 3456 ita
961 3408 1020 3469 est,
1046 3409 1097 3457 aut
1138 3398 1267 3459 comittit

134 3490 191 3549 boe
210 3482 372 3555 Dominus,
391 3422 472 3560 quod
490 3475 659 3547 denuntiat,
679 3484 729 3532 aut
748 3472 840 3532 iubet.
888 3472 921 3531 Si
940 3472 1039 3547 iubet,
1065 3419 1176 3534 nullam
1195 3474 1266 3535 inde

131 3561 341 3647 probationem
361 3554 504 3616 facultatis
524 3553 666 3611 humanae
685 3548 766 3628 sequi
787 3549 841 3607 iam
855 3547 1129 3610 demonstravimus:
1150 3550 1174 3610 si
1195 3570 1264 3632 pro·

132 3640 222 3703 mittit
253 3635 304 3697 ubi
324 3630 523 3715 promissionis
539 3626 797 3706 complementum,
817 3626 933 3704 quando
953 3638 1088 3705 peccato,
1106 3627 1154 3687 cui
1167 3628 1263 3688 domi-

132 3718 197 3781 nari
217 3681 312 3797 ipsum
332 3708 506 3791 oportebat,
532 3704 607 3766 Cain
632 3700 806 3762 staecubuit?
844 3701 1036 3762 Promissioni
1053 3701 1199 3763 inclusum
1218 3704 1261 3765 di·

131 3806 201 3859 cent
219 3790 336 3855 tacitam
360 3784 577 3855 conditionem,
609 3779 665 3839 arsi
697 3778 844 3837 diceretur
868 3778 1018 3837 victoriam
1043 3792 1260 3859 reportaturum

131 3874 219 3935 luisse
237 3868 261 3929 si
276 3873 418 3927 certarcts
437 3858 487 3919 sed
502 3856 564 3937 quis
585 3854 706 3934 recipiat
724 3855 792 3914 istas
808 3854 962 3935 ambages?
1000 3857 1074 3915 Nam
1093 3856 1118 3916 si
1136 3856 1173 3917 ad
1193 3878 1259 3939 pec·

129 3960 227 4013 catum
245 3944 374 4005 relertur
392 3939 444 3997 ista
457 3933 628 4005 dominatio,
649 3951 737 3990 nemo
757 3930 886 4023 ambigat
905 3932 1100 4010 imperativam
1113 3953 1176 3993 erse
1196 3952 1258 3994 ora·

129 4028 260 4089 tionem·
290 4018 320 4079 in
345 4034 401 4095 qua
432 4032 493 4071 non
516 4009 655 4069 delinitur
675 4007 744 4087 quid
765 4028 922 4086 possemus,
945 4009 994 4067 sed
1017 4009 1084 4089 quid
1105 4009 1153 4068 vel
1175 4026 1258 4089 supra

139 4064 306 4167 »otestaien
326 4090 490 4152 debeamus.
530 4085 705 4164 Quanquam
720 4094 808 4142 etres
826 4084 888 4161 ipsa
908 4095 938 4143 et
958 4083 1031 4143 ratio
1047 4084 1256 4146 Grammatieat

92 4216 99 4229 .
128 4130 296 4245 ¹aistulant,
320 4163 569 4247 comparationem
589 4162 653 4220 lieri
674 4160 747 4221 Cain
769 4172 799 4218 et
817 4158 933 4220 Abelis:
963 4161 1029 4241 quia
1049 4162 1255 4241 primogenitu

140 4268 221 4325 „ter
236 4244 346 4315 minori
363 4240 548 4325 posthabitus
567 4258 629 4301 non
650 4240 761 4313 suisset,
780 4235 835 4299 nisi
854 4238 976 4319 proprio
994 4238 1106 4299 scelere
1122 4239 1254 4301 deterior.
