2596 4726
464 64 471 93 f

470 224 592 289 HM.
630 222 795 293 CAMI.
1166 236 1204 300 81

60 370 170 435 similia
197 370 283 433 dorni
304 389 374 433 suae
403 368 534 448 babent,
565 370 671 433 votivis
683 358 987 465 ‘peregrinationibus
1005 390 1037 434 se
1062 371 1206 456 fatiganti

63 450 129 512 Car
147 469 206 529 pro
227 447 285 507 illis
302 447 405 524 hodie,
423 458 473 507 tan
495 468 562 508 uam
581 468 638 527 pro
658 470 714 510 ans
736 461 766 510 et
786 449 872 524 focis,
891 448 928 509 ad
948 449 1050 511 caedes
1060 471 1153 543 usque
1174 462 1205 513 et

62 538 178 607 strages
198 524 410 608 digladiantur,
429 536 463 584 ut
475 468 595 585 lucilius
613 525 701 585 laturi
720 526 780 586 sint
798 525 917 585 unicum
936 524 1033 585 Deum
1052 526 1108 587 siba
1128 526 1203 607 eripi

64 624 154 685 quam
180 622 234 662 aua
257 600 357 661 idola?
406 600 446 661 Et
475 614 575 662 tamen
607 601 738 662 nondum
764 622 873 663 crassos
894 602 972 683 vulgi
995 624 1111 665 errores
1136 600 1203 685 (qui

10 718 13 731 .
63 697 161 761 paene
180 676 290 738 infiniti
308 688 387 751 sunt,
407 689 438 737 et
454 680 584 738 omnium
605 677 768 739 ferecorda
780 678 940 758 occupant)
961 697 1117 740 enumero:
1136 691 1204 739 tan-

63 754 251 817 tantoties
272 754 352 832 quod
373 754 382 812 i
404 754 428 814 si
448 756 639 835 profitentur,
665 777 753 834 quum
778 776 810 815 se
836 755 959 815 manime
978 754 1014 815 ab
1034 754 1202 817 idololatria

64 850 195 913 purgare
214 829 326 891 volunt
395 851 434 889 on
452 850 603 907 vocamus,
622 832 768 910 inquiunt,
787 844 905 893 nostros
917 832 997 892 deos.
1036 832 1140 911 Neque
1160 831 1203 893 illi

65 918 119 967 aut
137 906 252 980 ludaei,
272 918 321 967 aut
341 904 485 977 Gentiles,
505 906 576 968 olim
596 909 755 968 vocabantz
783 919 929 968 ettamen
948 907 1118 988 Prophetae
1137 930 1204 999 pas·

66 986 121 1045 sim
141 982 198 1045 illia
219 983 429 1043 fornicationes
448 1005 514 1044 curn
535 983 617 1065 ligno
637 995 668 1043 et
691 983 788 1063 lapide
808 983 987 1066 exprobrare
1007 1005 1066 1043 nou
1085 984 1203 1045 'desine-

68 1060 157 1119 bant:
183 1071 298 1119 tantum
318 1059 358 1119 ob
385 1078 419 1120 ea
439 1079 513 1140 quae
533 1059 666 1140 quotidie
690 1060 727 1120 ab
748 1060 784 1121 iis
808 1060 883 1120 liunt
901 1061 951 1140 qui
972 1058 1132 1121 Christiani
1151 1060 1203 1122 ha-

68 1136 133 1273 11ῗί
152 1136 269 1212 volunt,
287 1154 394 1217 nempe
413 1136 601 1216 quodDeum
619 1137 650 1197 in
671 1136 754 1220 ligno
775 1148 806 1198 et
823 1137 920 1219 lapide
939 1135 1094 1198 carnaliter
1112 1156 1203 1199 vene-

121 1223 221 1273 autur.

10 1232 17 1359 l
144 1295 193 1354 11.
233 1287 321 1362 Qaan
345 1307 409 1348 uam
429 1310 492 1350 nou
515 1290 640 1372 ignoro,
665 1308 720 1351 nec
744 1289 980 1351 dissimulandum
1007 1301 1067 1368 est,
1099 1284 1203 1350 distin-

73 1363 170 1425 ctione
190 1366 271 1443 ipsos
291 1363 334 1423 ela
358 1366 479 1447 imagis
499 1378 617 1449 arguta,
641 1366 721 1426 cuius
747 1368 835 1447 paulo
861 1379 929 1448 post
952 1368 1058 1427 iterum
1081 1367 1203 1445 plenior

73 1440 122 1500 bet
140 1441 255 1501 mentio
275 1440 350 1521 [vid.
368 1442 457 1501 finem
476 1454 546 1503 sect.
569 1448 616 1506 16.
637 1454 667 1502 ct
687 1465 748 1525 cap.
769 1450 816 1507 12.
841 1466 864 1504 s.
883 1442 938 1523 bl·
983 1443 1103 1504 Cultum
1123 1445 1203 1504 enim

93 1538 157 1576 uem
177 1517 340 1578 simulacris
358 1520 418 1578 suis
437 1519 620 1599 impendunt,
639 1521 868 1577 eldmtoo'oviatrw
885 1540 946 1580 esse
966 1519 1144 1595 obtendunt,
1161 1524 1203 1577 ef-

20 1594 29 1729 Ι
75 1538 275 1666 deiotarpatar
293 1614 356 1654 esse
375 1607 493 1676 negant
533 1594 583 1655 Sic
603 1595 680 1655 enim
701 1594 872 1686 loquuntur,
892 1595 960 1655 dum
973 1596 1094 1671 cultum,
1115 1616 1202 1675 quem

77 1670 218 1761 appellant
237 1670 352 1741 duliae,
372 1673 435 1731 siue
454 1672 512 1730 Dei
532 1671 638 1731 iniuria
657 1682 758 1732 statuis
779 1684 808 1730 et
828 1674 947 1751 picturis
967 1693 1052 1753 posse
1073 1694 1204 1733 commu-

77 1747 161 1807 nicari
180 1748 303 1811 docent.
343 1748 424 1829 Ergo
444 1748 578 1808 innoxios
597 1767 628 1806 se
648 1747 837 1821 arbitrantur,
856 1748 880 1807 si
900 1749 1104 1881 tantuuqmodo
1124 1748 1203 1809 servi

78 1824 128 1882 sint
144 1821 314 1898 idolorum,
332 1844 394 1884 nou
416 1824 502 1883 etiam
518 1823 659 1885 cultores.
705 1824 797 1897 Quasi
817 1845 888 1883 vcro
908 1845 969 1884 non
990 1828 1139 1903 aiquanto
1160 1824 1202 1884 le·

77 1900 130 1960 rius
147 1901 185 1960 sit
205 1899 319 1960 Colere
339 1921 426 1980 quam
447 1899 573 1961 Servire.
616 1902 655 1959 Et
674 1911 770 1959 tamen
793 1900 860 1959 dum
887 1901 915 1958 in
942 1921 1045 1981 graeca
1066 1922 1138 1959 vore
1159 1900 1203 1959 la-

78 1976 165 2037 tebras
179 1988 312 2057 captant,
330 1996 428 2035 secum
441 1976 495 2075 ipsi
507 1976 807 2059 pugnantadmodum
826 1975 987 2054 pueriliter.
1025 1978 1100 2037 Nam
1114 1998 1203 2055 quum

77 2050 210 2125 lumine
230 2052 306 2111 nihil
330 2052 408 2112 aliud
430 2053 551 2114 (acaecis
575 2052 721 2135 significet
741 2074 826 2131 quam
847 2053 960 2112 colere:
986 2052 1108 2131 perinde
1128 2051 1204 2112 valet

77 2128 154 2204 quod
172 2128 289 2203 dieunt,
319 2130 376 2190 acsi
403 2129 457 2189 ima
482 2130 542 2189 ines
566 2152 630 2189 suas
651 2129 798 2188 fateantur
821 2148 852 2188 se
877 2129 991 2203 colere,
1023 2128 1073 2187 sed
1093 2129 1203 2209 absque

29 2194 36 2261 l
78 2203 164 2263 cultu.
201 2204 263 2264 Nec
282 2217 328 2265 cst
348 2206 426 2285 quod
448 2150 598 2278 obiiciant,
618 2206 739 2285 aucupia
760 2226 806 2263 me
827 2208 858 2265 in
877 2205 973 2265 verbis
993 2205 1129 2265 tendere:
1151 2205 1203 2265 sed

77 2278 138 2357 ipsi,
157 2280 224 2340 dum
243 2282 382 2341 tenebras
402 2295 547 2343 conantur
566 2283 722 2342 offundere
741 2282 915 2361 simplicium
937 2280 1043 2356 oculis,
1062 2282 1204 2341 inscitiam

76 2376 150 2416 suam
164 2360 309 2449 produnt.
348 2360 521 2434 Quamlibet
544 2370 642 2419 tamen
668 2359 726 2419 sint
751 2359 863 2429 disertI,
891 2380 1040 2437 nunquam
1065 2381 1116 2419 sua
1140 2358 1203 2419 elo·

34 2506 37 2513 ¹
77 2448 188 2511 quentia
208 2447 445 2513 consequentur,
475 2449 508 2496 ut
537 2457 598 2495 rem
625 2457 710 2495 uuam
737 2447 766 2494 ct
792 2437 913 2495 eandem
939 2435 1024 2495 nobis
1050 2435 1120 2495 duas
1141 2454 1204 2495 esse

75 2511 207 2587 probent.
247 2512 283 2570 ln
305 2532 349 2587 re,
371 2513 504 2603 iuquam,
526 2514 681 2572 ostendant
702 2512 866 2586 discrimen,
887 2524 920 2572 ut
939 2511 1100 2571 habeantur
1119 2524 1203 2570 vete·

74 2586 147 2647 ribus
168 2587 334 2648 idololatris
354 2589 513 2649 dissimiles.
553 2586 645 2648 Sicuti
666 2590 744 2647 euim
765 2600 876 2648 reatum
898 2608 959 2647 non
980 2587 1105 2669 effugiet
1122 2587 1204 2647 adnl-

74 2674 185 2724 terant
205 2664 365 2738 homicida,
384 2666 408 2725 si
428 2665 504 2724 aliud
524 2666 678 2726 ascititium
691 2665 793 2724 sceleri
814 2687 866 2724 suo
885 2684 993 2724 nomen
1014 2664 1202 2744 imposuerit:

31 2780 34 2787 ·
73 2742 108 2801 ita
126 2743 201 2801 istos
221 2741 324 2800 subtili
346 2742 472 2801 nominis
493 2753 661 2802 commento
682 2741 795 2800 absolvi
816 2740 972 2801 absurdum
993 2752 1053 2815 est,
1076 2742 1099 2801 si
1120 2762 1204 2802 causa

29 2860 32 2867 .
73 2817 139 2877 nhil
160 2817 200 2877 ab
226 2816 391 2878 idololatris
417 2818 574 2891 differunt,
601 2839 673 2897 quos
701 2819 838 2877 damnare
862 2818 917 2897 ipsi
938 2816 1024 2876 etiam
1045 2830 1203 2899 coguntur.

26 2918 36 2961 ,ν
75 2894 161 2973 tiqui
185 2906 301 2953 tantum
322 2893 406 2954 abest
425 2907 458 2953 ut
477 2895 512 2954 ab
534 2894 651 2954 illorum
668 2916 751 2953 causa
771 2915 850 2953 suam
871 2895 1036 2974 seiungant,
1055 2906 1087 2953 ut
1107 2894 1204 2972 potius

25 3022 28 3027 .
74 2970 134 3031 foas
154 2972 252 3029 totius
271 2970 339 3029 mali
359 2971 398 3030 sit
416 2983 604 3051 praepostera
624 2970 789 3044 aemulatio,
809 2992 864 3049 qua
884 2992 949 3029 cnm
970 2968 1024 3029 illis
1045 2981 1205 3044 certarunt,

76 3046 137 3106 dum
156 3046 296 3126 symbola
316 3046 421 3126 quibus
434 3047 528 3106 Deum
549 3048 604 3106 sibi
624 3048 762 3128 figurent,
783 3057 812 3106 et
831 3068 884 3106 suo
905 3046 1025 3127 ingenio
1046 3045 1102 3106 sibi
1122 3065 1203 3105 com-

76 3124 329 3197 miniscuntur,.et
346 3125 404 3183 suis
424 3125 554 3185 manibus
574 3125 757 3203 confingunt.
1208 3162 1213 3177 .

143 3207 195 3265 12.
235 3200 344 3280 Neque
367 3212 466 3260 tamen
487 3220 520 3259 ea
546 3200 753 3280 superstitione
773 3199 894 3273 teneor,
919 3210 951 3259 ut
970 3198 1064 3257 nullas
1085 3218 1204 3277 prorsus

76 3275 215 3358 imagines
246 3275 383 3336 ferendas
408 3296 550 3337 censeam.
600 3276 659 3334 Sed
686 3276 752 3354 quia
777 3276 923 3355 sculptura
941 3268 982 3334 ‘et
1011 3276 1124 3354 pictura
1147 3274 1206 3332 Dei

76 3354 147 3411 dona
169 3364 252 3426 suut,
273 3375 378 3432 purum
399 3365 429 3412 et
448 3353 609 3434 legitimum
631 3353 782 3431 utriusque
803 3374 884 3411 nsum
906 3353 1039 3442 requiro:
1073 3372 1110 3409 ne
1131 3369 1205 3429 quae

74 3428 219 3489 llomiuus
239 3431 270 3489 in
295 3451 373 3488 suam
395 3429 517 3510 gloriam
543 3441 572 3488 et
592 3429 702 3487 honum
728 3439 858 3487 nostrum
885 3427 972 3487 nobis
997 3428 1138 3497 contulit,
1172 3446 1204 3484 ea

52 3526 131 3565 -non
152 3518 269 3566 tantum
290 3506 459 3585 polluantur
476 3516 668 3585 praepostero
690 3504 796 3577 abusu,
815 3505 864 3563 sed
887 3505 916 3561 in
937 3514 1065 3563 nostram
1087 3520 1205 3580 quoquc

15 3616 20 3629 ·
75 3583 235 3658 perniciem
261 3593 482 3643 convertantur.
530 3581 628 3641 Deum
655 3579 754 3661 effingi
779 3580 885 3640 visibili
908 3581 1005 3659 specie
1033 3579 1113 3637 nefas
1144 3594 1206 3636 esse

96 3672 225 3733 utamus,
248 3660 314 3738 quia
335 3658 365 3717 id
386 3659 477 3717 vetuit
494 3660 572 3737 ipse,
600 3668 630 3716 et
654 3656 719 3714 lieri
743 3656 807 3716 sine
827 3653 920 3734 aliqua
940 3652 1052 3737 gloriae
1072 3659 1134 3712 eius
1155 3650 1206 3711 de·

12 3672 26 3811 l
77 3678 251 3795 incuratione
275 3756 334 3794 non
361 3746 468 3814 potest.
519 3735 564 3793 Ac
591 3752 630 3792 ne
656 3733 686 3791 in
713 3731 766 3792 hac
792 3733 935 3811 opinione
960 3752 1014 3790 nos
1038 3728 1118 3791 solos
1144 3747 1207 3817 esse

76 3822 187 3899 putent,
206 3832 310 3872 ornnes
330 3832 418 3871 sanos
430 3811 588 3890 scriptores
606 3809 636 3868 id
655 3828 770 3889 semper
789 3808 968 3887 improbasse
980 3806 1139 3886 reperient,
1157 3824 1207 3881 qur

15 3818 36 3989 b
76 3909 105 3945 ιιι
126 3907 226 3947 eurum
245 3890 446 3949 monumentis
464 3888 571 3949 versati
591 3885 709 3945 fuerint.
749 3886 781 3943 Si
804 3906 841 3943 nc
861 3884 986 3965 figurare
1007 3881 1124 3962 quidem
1138 3880 1206 3938 Deo

78 3984 245 4055 corpoream
258 3966 389 4047 effigiem
410 3964 453 4025 fas
472 3975 527 4039 est,
546 3961 638 4023 multo
658 3962 754 4020 minus
774 3962 865 4042 ipsam
886 3961 1036 4040 prolieo,
1049 3957 1096 4017 vel
1108 3957 1205 4014 Deum

22 3994 36 4115 l
78 4039 106 4098 in
126 4060 186 4119 ipsa
205 4040 306 4102 colere
327 4039 438 4101 licebit.
480 4040 583 4100 llestat
602 4038 692 4119 igitur
711 4051 744 4095 ut
765 4058 795 4097 ea
817 4038 879 4096 sola
899 4038 1057 4119 pingantur
1076 4054 1110 4093 ac
1129 4030 1207 4092 scul-

27 4118 38 4229 ι
78 4128 196 4194 pautur,
214 4140 342 4199 quorum
362 4117 421 4177 sint
439 4136 560 4197 capaces
580 4115 671 4177 oculi:
699 4114 756 4173 Dei
776 4114 926 4186 maiestas,
959 4130 1034 4192 quae
1054 4108 1210 4170 oculorum

31 4238 37 4257 .
77 4211 158 4252 sensu
178 4194 267 4278 longe
285 4193 425 4275 superior
436 4204 490 4266 est,
508 4212 547 4251 ne
565 4191 712 4252 indecoris
731 4191 852 4269 spectris
865 4199 1077 4268 cornrmpatnr.
1115 4184 1151 4244 ln
1173 4202 1211 4243 eo

33 4270 38 4309 ἴ
80 4286 184 4345 genere
207 4274 313 4353 partim
339 4282 408 4332 suot
434 4270 573 4329 historiae
598 4290 632 4329 ac
657 4290 704 4328 res
731 4279 844 4349 gestae,
876 4265 978 4344 partim
1012 4262 1151 4344 imagines
1177 4280 1211 4321 ae

82 4352 187 4407 formae
205 4369 386 4430 corporum,
415 4347 478 4407 sine
502 4345 560 4406 nlla
585 4366 683 4405 rerum
709 4355 856 4426 gestarum
884 4342 1047 4403 notatione.
1092 4338 1211 4398 Priores

38 4438 44 4485 t
118 4446 339 4495 castrametatae
354 4450 377 4496 1.
1012 4422 1034 4479 ⁶
