2700 4732
493 158 964 246 mmmn‘
1188 185 1245 248 m

108 347 163 388 suu
183 324 308 387 arbitrio
328 345 383 386 nos
402 338 503 408 regate
524 346 622 407 neque
640 326 671 388 id
690 326 804 402 solum,
821 325 873 388 sed
893 324 982 387 etiam
1002 335 1036 388 ut
1054 345 1144 389 novas
1163 347 1247 388 men·

108 416 154 465 tes
175 421 328 495 novosque
348 401 476 478 animos,
501 405 609 465 nostris
636 404 666 463 in
687 403 809 464 nibilum
830 403 965 477 redactis,
985 417 1080 479 creet,
1100 425 1139 463 ne
1159 425 1246 484 quem

76 508 81 518 ·
107 482 266 543 sentiamus
285 500 315 538 m
336 479 421 539 nobis
440 480 605 561 cupiditatis
624 493 737 542 motum
755 502 841 560 quam
861 500 975 540 merum
994 500 1246 541 consensumcum

109 559 172 619 eius
192 556 357 619 voluntate:
385 556 416 616 in
436 577 563 630 summa,
594 577 633 617 ne
652 557 775 638 quid-ex
801 555 888 618 nobis
906 555 1028 617 velimus
1049 558 1119 635 ipsi,
1139 558 1193 618 's‘ed
1213 569 1248 618 ut

108 634 239 714 Spiritus
259 634 320 693 eius
342 632 430 693 corda
452 647 550 694 nostra
571 634 734 726 gubernet,
760 654 821 713 quo
845 634 924 693 intus
952 633 1078 695 docente
1104 634 1248 713 discamus

108 731 207 773 amare
225 728 299 792 quac
319 710 347 768 ei
373 709 506 789 placent,
537 711 634 771 odisse
652 730 724 772 vero
750 729 826 789 quae
855 707 1021 789 displicent.
1076 710 1164 770 Unde
1190 710 1248 772 boc

110 808 231 868 quoque
250 786 398 866 sequitur,
418 798 451 846 ut
472 785 640 866 quicunque
666 787 728 847 eius
753 787 896 847 voluntati
922 798 1089 866 repugnant
1112 787 1249 863 allectus,
1311 836 1313 841 .

109 885 164 927 eos
184 885 272 924 vanos
293 874 323 922 et
343 863 443 924 irritos
462 863 575 924 reddat.
594 898 633 911 -
672 864 716 922 En
745 863 838 942 prima
861 863 918 923 tria
944 866 1037 942 capita
1056 864 1248 943 precationis,

109 941 268 1023 inquibus
294 939 449 1018 poscendis
469 939 560 998 solam
580 939 638 998 Dei
658 939 782 1021 gloriam
803 960 873 1020 prae
894 939 986 1000 oculis
1007 941 1114 1000 babere
1134 959 1248 1001 conve-

110 1019 173 1091 nit,
193 1016 298 1077 omissa
318 1017 411 1076 nostri
433 1016 566 1088 ratione,
586 1036 641 1075 nec
660 1027 789 1094 spectata
810 1016 867 1076 ulla
888 1027 989 1077 nostra
1008 1016 1150 1077 utilitate:
1172 1035 1248 1096 quae

108 1094 227 1154 tammd
248 1093 291 1152 lar
313 1115 328 1152 a
347 1092 417 1151 inde
438 1092 524 1152 nobis
545 1093 698 1172 provenit,
730 1092 778 1152 bic
802 1104 901 1152 tamen
927 1113 943 1153 a
969 1093 1057 1155 nobis
1080 1094 1247 1173 quaerenda

111 1191 176 1231 non
196 1181 249 1231 est.
319 1188 370 1228 aec
390 1179 486 1227 autem
498 1171 596 1228 omnia
610 1168 737 1248 quamvis
759 1188 814 1228 uec
834 1168 1045 1249 cogitantibus,
1065 1190 1121 1229 nec
1140 1181 1248 1250 optau-

108 1247 203 1322 tibus,
222 1266 277 1306 nee
295 1244 463 1326 petentibus
483 1245 580 1319 uobis,
599 1265 653 1305 suo
672 1245 861 1306 nibilominus
878 1258 1013 1327 tempore
1023 1247 1141 1308 evenire
1154 1266 1251 1326 opora

110 1335 189 1398 teat,
215 1322 344 1403 optanda
369 1334 466 1380 tamen
487 1333 518 1380 et
542 1321 689 1401 poscenda
716 1321 802 1383 nobis
832 1334 908 1382 sunt.
954 1322 987 1381 ld
1011 1342 1048 1382 ue
1068 1324 1166 1384 lacere
1185 1342 1249 1383 uon

111 1398 178 1460 leve
198 1399 453 1479 operaepretium
474 1409 527 1470 est,
548 1409 580 1457 ut
598 1398 641 1457 sie
661 1419 715 1458 nos
734 1418 834 1459 servos
854 1417 970 1460 esseae
990 1344 1066 1461 ilios
1079 1400 1138 1459 Dei
1157 1411 1249 1460 teste-

110 1498 181 1537 mur
199 1488 230 1536 'ct
249 1474 449 1556 profiteamur,
470 1474 530 1533 eius
552 1474 660 1534 honori
679 1476 775 1554 (quod
795 1475 928 1535 Domino
948 1476 1088 1556 Patrique
1108 1475 1249 1556 debetur)

111 1551 308 1634 quantumin
329 1552 415 1611 nobis
435 1562 478 1610 est
496 1550 662 1625 studentes,
693 1571 822 1630 vereque
843 1564 872 1611 et
893 1553 1012 1642 penitus
1033 1553 1149 1613 addicti.
1188 1554 1249 1614 Ita·

111 1648 173 1711 que
193 1628 242 1708 qui
262 1626 319 1687 boc
338 1628 446 1688 allecto
459 1648 492 1686 ac
506 1627 603 1687 studio
617 1629 835 1708 promovendae
845 1629 901 1688 Der
920 1629 1032 1710 glorian
1052 1649 1114 1689 non
1135 1639 1256 1709 petunt,

111 1717 148 1767 ut
166 1725 275 1766 nomeu
288 1703 346 1764 Ilei
364 1703 573 1780 sanctificetur,
594 1716 628 1764 ut
638 1704 699 1766 eius
711 1725 834 1786 regnum
845 1704 992 1781 adveniat,
1011 1717 1044 1766 ut
1056 1706 1107 1764 fiat
1118 1705 1250 1767 voluntas

111 1783 192 1844 eius:
205 1782 225 1841 ii
236 1800 333 1860 neque
346 1782 422 1840 inter
430 1780 503 1839 lilios
516 1792 545 1839 et
556 1801 655 1840 servos
666 1782 723 1840 Dei
735 1780 861 1840 habendi
871 1793 948 1856 sunt,
957 1802 993 1843 ac
1004 1782 1251 1862 quemadmodum

114 1856 356 1921 haecomniaillis
365 1856 551 1932 invitisfient,
562 1857 602 1918 ita
612 1857 642 1917 in
650 1857 854 1918 confusionem
865 1858 920 1919 illis
928 1859 1035 1920 cedent
1047 1880 1081 1919 ac
1089 1859 1252 1920 interitum.

167 1956 172 1973 ¹
192 1940 240 1999 44.
279 1933 320 1993 Se
344 1935 423 1993 uitur
436 1955 512 2009 pars
530 1936 670 1994 arnensis
687 1932 831 2010 secundo,
851 1935 880 1994 iu
902 1956 959 2026 qua
979 1936 1015 1994 ad
1037 1946 1150 1996 nostras
1170 1934 1250 1995 mitt

113 2022 190 2073 tates
215 1956 430 2071 descendimus:
456 2031 517 2070 non
538 2011 656 2089 quidem
682 2023 714 2070 ut
739 2011 834 2092 gloria
857 2011 915 2071 Dei
941 2011 1037 2073 valere
1062 2011 1136 2071 iussa
1158 2015 1250 2091 (quae

112 2099 193 2149 teste
212 2085 305 2147 Paulo
325 2086 368 2164 (1.
387 2086 459 2147 Cor.
469 2092 518 2160 10,
536 2089 601 2165 31.)
622 2087 708 2147 etiam
729 2089 759 2147 in
780 2088 848 2149 cibo
869 2100 900 2148 et
939 2101 992 2149 otu
1011 2087 1170 2179 spectanda
1191 2090 1250 2166 est)

113 2175 232 2226 uotum
256 2183 446 2242 quaeramus,
472 2163 550 2241 quod
576 2163 663 2223 nobis
691 2164 821 2244 expedit:
845 2165 896 2225 sed
920 2109 980 2226 boc
1005 2164 1161 2225 discrimen
1187 2185 1250 2226 esse

113 2239 335 2315 admonuimus,
360 2239 440 2318 quod
461 2240 542 2298 Deus
562 2239 748 2318 peculiariter
767 2241 822 2301 tria
843 2254 912 2302 rota
930 2240 986 2301 sibi
1006 2241 1170 2314 vindicans,
1195 2262 1251 2303 nos

114 2317 154 2379 ad
172 2337 205 2378 se
224 2327 304 2378 totos
326 2317 413 2395 rapit,
433 2327 466 2376 ut
484 2316 625 2394 pietatem
646 2329 775 2377 nostram
797 2317 853 2379 boc
872 2318 963 2378 modo
976 2317 1093 2398 probet.
1133 2318 1251 2379 Deinde

113 2393 256 2457 concedit
274 2390 360 2452 etiam
381 2391 542 2453 commodis
563 2393 670 2452 nostris
690 2393 875 2530 prospicere,
908 2394 962 2455 bac
985 2405 1082 2454 tamen
1106 2392 1191 2477 lege,
1210 2414 1250 2455 ne

115 2470 188 2552 quid
212 2469 301 2528 nobis
325 2480 492 2548 expetamus
516 2468 572 2529 nisi
595 2470 627 2531 in
652 2468 732 2528 illurn
781 2490 866 2545 nem,
896 2483 929 2536 ut
952 2492 1144 2551 quaecunque
1165 2471 1252 2533 nohis

116 2545 236 2608 confert
265 2544 409 2605 beneficia
435 2542 558 2627 gloriam
585 2546 646 2605 eius
670 2545 834 2608 illustrent:
867 2550 934 2639 quia
960 2547 1032 2608 nibil
1057 2567 1182 2627 aequum
1208 2559 1252 2609 est

139 2646 204 2685 nam
224 2643 279 2682 nos
301 2622 434 2682 eirivere
455 2634 484 2681 et
502 2624 588 2682 mori.
607 2656 646 2671 -
677 2623 836 2684 Caeterum
856 2623 913 2698 bre,
933 2645 986 2704 per
1005 2624 1125 2703 primam
1146 2645 1251 2683 secun-

116 2646 173 2763 dae
199 2698 283 2759 buius
329 2697 397 2758 artis
422 2699 610 2776 petitionem,
629 2720 775 2779 „panem
797 2713 960 2760 nostrum
992 2699 1251 2779 quotidianum

117 2779 162 2839 da
182 2775 289 2836 nobis
308 2720 396 2835 lodi
407 2779 460 2846 e,“
480 2773 509 2832 in
523 2794 633 2856 genere
647 2776 757 2849 omnia,
777 2777 881 2854 quibus
894 2780 1028 2856 corporis
1041 2798 1107 2835 usus
1127 2774 1180 2834 sub
1192 2777 1253 2834 ele·

116 2852 228 2916 mentis
246 2850 329 2911 buius
349 2851 450 2909 mundi
470 2850 593 2929 indiget,
612 2853 708 2913 aDeo
751 2854 868 2912 etimus:
888 2873 949 2911 non
963 2852 1052 2910 modo
1066 2871 1125 2930 quo
1141 2852 1253 2911 alamur

117 2953 154 2993 ac
173 2928 344 3001 vestiamur,
371 2929 577 2987 verumetiam
599 2873 747 3008 quicquid
758 2927 844 2987 nobis
863 2929 1031 2988 conducere
1054 2928 1117 3005 ipsc
1136 2928 1253 3007 prospi·
1281 2970 1285 2977 ,

117 3008 174 3081 cit,
195 3016 228 3064 ut
247 3024 350 3084 panem
372 3016 505 3063 nostrum
529 3005 559 3063 in
580 3026 651 3082 pace
674 3006 866 3065 comedamus.
912 3007 981 3079 Qua
999 3003 1127 3064 breviter
1148 3025 1202 3064 nos
1221 3005 1253 3064 iu

119 3085 183 3143 eius
202 3102 300 3142 curam
321 3080 476 3154 tradimus,
496 3101 529 3140 ac
550 3080 750 3159 providentiae
769 3081 994 3152 committimus,
1018 3091 1051 3141 ut
1070 3100 1124 3140 noa
1145 3093 1254 3160 pascat,

118 3163 235 3232 foveat,
253 3169 358 3219 servet.
402 3158 471 3216 Non
493 3157 570 3216 enirn
591 3157 767 3238 dedignatur
786 3158 913 3235 optimus
932 3157 1021 3216 Pater
1040 3177 1147 3236 corpus
1167 3158 1254 3218 etiam

118 3248 253 3297 nostrum
273 3234 304 3292 in
325 3233 410 3292 fidem
431 3255 463 3292 ac
484 3233 644 3293 custodiam
664 3256 744 3294 suam
769 3234 931 3315 suscipere,
963 3245 996 3293 ut
1015 3233 1102 3293 fidem
1122 3245 1254 3294 nostram
1296 3286 1304 3303 ,

120 3311 241 3373 minutis
260 3311 320 3370 istis
341 3312 370 3368 iu
391 3310 479 3370 rebus
500 3323 647 3369 exerceat:
674 3310 742 3369 dum
767 3309 803 3370 ab
826 3331 862 3372 eo
884 3312 998 3384 omnia,
1022 3328 1123 3388 usqne.
1139 3309 1175 3369 ad
1200 3309 1255 3370 mi·

122 3388 305 3465 campanis,
334 3397 364 3444 ct
383 3399 494 3466 guttam
518 3407 610 3465 aquae
631 3399 838 3465 exspectamus.
882 3387 955 3445 Nam
977 3408 1065 3466 quum
1089 3387 1127 3446 sit
1151 3387 1253 3448 nescio

121 3486 178 3545 qua
200 3475 299 3523 nostra
320 3461 359 3521 ini
383 3464 471 3521 nitate
492 3475 707 3541 comparatum,
737 3475 770 3523 ut
792 3462 898 3524 maiori
919 3465 1014 3524 carnis
1054 3483 1121 3522 uam
1141 3467 1255 3523 animae

119 3540 319 3603 sollicitudine
345 3485 506 3598 aificiamur
531 3561 564 3598 ac
589 3551 792 3618 torqueamur,
823 3538 906 3599 multi
927 3538 976 3617 qui
1002 3484 1111 3598 nullent
1130 3539 1197 3599 Deo
1218 3540 1255 3598 de

121 3619 220 3678 anima
238 3616 347 3689 fidere,
366 3628 434 3674 sunt
453 3627 549 3674 tamen
571 3615 664 3675 adhuc
684 3616 720 3675 de
740 3635 826 3675 carne
845 3614 978 3691 solliciti,
998 3616 1094 3675 adhuc
1114 3615 1257 3675 haesitant

143 3693 192 3752 uid
219 3692 322 3767 edant,
354 3691 423 3770 quid
444 3694 619 3751 vestiantur:
652 3705 682 3752 et
707 3693 761 3751 nisi
785 3713 854 3771 prae
879 3693 1011 3753 manibus
1039 3690 1165 3751 habeant
1184 3691 1257 3769 viui,

120 3716 262 3830 immenti
283 3781 314 3826 et
332 3769 391 3827 olei
414 3772 528 3847 copiam
548 3768 641 3846 (Psal.
660 3776 689 3844 4,
708 3771 752 3844 8.)
772 3768 930 3848 trepidant.
970 3769 1070 3828 Tanto
1110 3766 1180 3829 luris
1200 3790 1258 3828 no·

121 3847 167 3906 bis
189 3856 234 3906 est
253 3844 336 3904 buius
355 3857 578 3904 momentaneae
595 3849 670 3904 vitae
692 3848 802 3920 umbra,
822 3866 907 3924 quam
928 3857 1047 3905 aeterna
1067 3790 1117 3904 illa
1137 3845 1285 3905 immor-¹·

120 3923 227 3984 talitas.
268 3922 330 3994 Qui
349 3942 419 3980 vero
441 3921 507 3980 Deo
528 3923 640 3997 confisi,
659 3922 737 3981 illam
759 3923 794 3981 de
815 3922 909 3982 carnis
929 3942 998 3981 cura
1018 3920 1191 3982 anxietatem
1210 3942 1258 3981 se·

122 3997 183 4058 mel
203 3997 391 4069 abiecerunt,
410 3997 494 4056 simul
515 3999 628 4073 statim,
656 4019 730 4077 quae
753 3999 861 4058 maiora
881 4009 960 4072 sunt,
980 3997 1066 4058 ctiam
1086 3999 1206 4058 salutem
1227 4009 1259 4061 et
1316 4006 1318 4013 ’

121 4077 212 4135 vitam
231 4085 396 4145 aeternam,
421 4074 457 4132 ab
480 4094 517 4133 eo
537 4085 714 4153 exspectant.
752 4076 822 4135 Non
843 4095 916 4156 ergo
942 4073 1006 4135 lese
1026 4085 1070 4134 est
1089 4074 1156 4137 fidei
1176 4093 1260 4133 erer-

125 4143 246 4226 eitium,
275 4170 308 4210 ea
328 4149 364 4210 de
384 4150 451 4210 Deo
471 4167 591 4229 sperare
609 4170 685 4231 quae
711 4151 774 4212 alio'
790 4150 820 4211 ui
840 4171 895 4213 uos
914 4162 1071 4229 tantopere
1090 4149 1189 4228 anxios
1209 4150 1260 4212 ba·

125 4225 218 4287 beut:
237 4245 334 4307 neque
346 4226 624 4317 parumprolectum
635 4239 689 4303 est,
709 4228 760 4288 ubi
771 4173 863 4302 banc,
881 4240 957 4308 quae
975 4227 1006 4286 in
1019 4222 1150 4288 omnium

125 4303 279 4398 bominum
299 4303 413 4368 ossibus
431 4304 580 4368 mordicus
600 4304 711 4382 haeret,
730 4303 934 4373 infidelitatem
954 4247 1262 4381 exuimus-,llam
1296 4404 1299 4407 ,
1324 4274 1330 4279 -
