2700 4732
474 220 549 281 sm.
569 220 626 280 ur
665 219 754 283 eae.
771 218 865 283 xxv.
1177 226 1236 290 aas
1265 306 1269 313 Ι
1292 236 1295 241 ·

108 385 176 427 nam
194 362 266 423 iliud
287 362 436 438 delirium,
465 365 545 445 quod
567 363 737 425 naturaliter
755 362 901 424 immunda
921 373 996 423 esset
1014 384 1099 439 caro,
1117 363 1194 446 qnia
1213 384 1231 429 a

107 440 228 503 diabolo
254 451 368 514 creata,
391 461 469 501 nunc
488 452 651 521 praetereo.
691 443 821 500 Tantum
841 438 976 516 ostendo,
996 438 1134 520 quicquid
1153 460 1233 503 nune

107 517 194 579 coelo
227 516 377 597 indignum
407 518 438 575 in
470 517 556 577 nohis
580 529 639 588 est,
662 517 869 577 resurrectioni
894 538 952 575 non
974 516 1101 576 obstare.
1140 517 1232 597 Atqui

107 598 203 676 primo
223 614 312 671 quum
333 592 431 651 iubeat
450 593 572 666 Paulus,
602 593 699 652 fideles
719 613 750 652 se
776 593 915 653 mundare
934 592 970 652 ah
991 593 1071 652 omni
1095 593 1229 672 inquina-

107 682 209 729 mento
229 668 322 727 caratis
342 680 372 727 et
391 667 506 748 spiritus
525 668 582 746 (fl.
601 670 673 731 Cor.
693 675 721 744 7,
742 675 798 742 1.),
818 669 886 728 inde
905 668 1037 748 sequitur
1056 669 1136 748 quod
1156 669 1227 729 alibi

109 745 263 806 denuntiat
281 744 436 819 iudicium,
460 756 514 817 „ut
533 756 666 825 reportet
685 746 880 823 uuusquisque
901 765 954 823 per
973 765 1078 823 corpus
1096 746 1155 804 sive
1173 745 1231 805 ho-

108 842 180 881 num
199 820 258 880 sive
277 820 404 879 malum“
434 822 518 897 (ihid.
538 823 661 896 5,1θ.).
712 821 768 881 cut
794 821 941 880 consentit
963 823 1043 899 quod
1067 822 1168 881 scribit
1193 820 1230 880 ad

110 896 281 958 Corinthios
293 896 379 972 (ibid.
389 900 503 975 4,1θ.);
524 908 576 969 „ut
596 897 736 957 vitalesu
747 895 855 956 Christi
876 896 1074 956 manifestetur
1092 897 1122 956 in
1142 912 1231 957 carne

109 984 209 1033 nostra
229 972 376 1033 mortali.“
415 975 484 1047 Qua
504 974 617 1032 ratione
635 973 704 1032 alibi
722 992 783 1031 non
804 975 897 1031 minus
916 986 1050 1051 precatur
1068 973 1108 1051 (Ι.
1128 973 1231 1032 Thess.

110 1048 227 1125 Μ.»
245 1048 388 1121 „utDeus
407 1049 521 1130 integra
540 1070 664 1127 corpora
678 1061 832 1109 conservet
850 1068 941 1127 usque
956 1048 990 1107 ad
1001 1048 1077 1108 diem
1091 1048 1233 1120 Christi,“

111 1145 197 1204 quam
216 1126 323 1183 animas
344 1135 373 1183 et
390 1126 518 1204 spiritns.
557 1126 619 1183 Nec
638 1126 755 1184 mirum:
787 1124 854 1204 quia
875 1143 1010 1204 corpora,
1031 1125 1179 1204 quaesibi
1199 1126 1231 1184 in

110 1199 334 1280 templadicauit
346 1201 435 1274 Deus,
454 1201 483 1260 in
502 1201 685 1278 putredinem
705 1201 768 1260 sine
787 1221 838 1279 spe
859 1202 1079 1261 resurrectionis
1089 1201 1225 1261 decidere

111 1276 344 1336 absurdissimum
360 1289 443 1336 esset.
482 1277 562 1351 Quid
576 1276 654 1355 quod
668 1276 753 1335 etiem
774 1275 901 1335 membra
920 1289 988 1335 sunt
999 1276 1127 1338 Christi?
1152 1242 1236 1352 Quid

111 1351 192 1433 quod
211 1352 337 1434 singulas
358 1373 459 1411 eorum
480 1365 575 1431 partes
593 1352 649 1412 sihi
669 1353 749 1412 Deus'
768 1353 938 1411 sanctificari
962 1353 1123 1431 praecipit?
1153 1349 1234 1433 quod

109 1428 174 1489 vuit
193 1428 232 1487 fin
256 1430 298 1487 nis
318 1448 426 1488 nomen
446 1450 527 1489 suum
545 1428 696 1499 celebrari,
714 1428 780 1486 tolli
799 1428 834 1487 ad
854 1448 885 1487 se
906 1450 989 1507 puras
1009 1450 1124 1503 manus,
1143 1428 1234 1489 sacri·

111 1504 176 1565 ficia
197 1446 317 1564 offerri?
356 1505 451 1579 Quam
476 1505 567 1585 igitur
591 1503 716 1564 hominis
740 1515 850 1594 partem
872 1516 928 1563 tam
949 1503 1097 1583 praeclaro
1119 1506 1234 1565 honore

111 1582 141 1640 di
184 1593 249 1640 atur
268 1579 400 1640 coelestis
419 1581 519 1655 indes,
545 1581 625 1640 euius
646 1592 787 1640 amentiae
807 1592 851 1639 est
875 1582 910 1639 ab
932 1580 1051 1639 homine
1070 1582 1183 1641 mortali
1203 1581 1234 1639 in

53 1694 55 1719 ι
132 1600 260 1717 adieram
281 1656 373 1737 redigi
398 1658 507 1736 absque
532 1657 588 1716 ulla
613 1677 664 1736 spe
684 1655 918 1715 instaurationis?
967 1656 1108 1715 Similiter
1128 1655 1235 1716 Paulus

53 1782 56 1787 .
111 1680 153 1813 il.
174 1734 246 1793 Cor.
266 1738 296 1806 6,
317 1738 363 1796 19.
377 1744 406 1790 et
420 1736 493 1810 211),
514 1755 600 1811 quum
622 1753 675 1791 nos
695 1733 730 1790 ad
751 1732 901 1790 ferendum
922 1732 1080 1791 Dominum
1101 1732 1236 1791 hortatur

53 1846 55 1851 ·
112 1820 172 1870 hm
192 1810 220 1868 in
241 1827 378 1888 corpore,
418 1830 482 1867 uam
503 1810 533 1867 in
554 1809 662 1881 anima,
682 1811 749 1887 quia
769 1819 924 1887 utrumque
943 1808 1001 1866 Dei
1021 1819 1078 1866 est:
1099 1829 1160 1868 non
1175 1826 1233 1943 pa-

53 1920 60 1953 ι
112 1886 186 1946 titur
204 1896 284 1945 certe
304 1884 382 1963 quod
432 1906 467 1944 eo
488 1899 625 1963 tanquam
644 1905 756 1943 sacrum
776 1884 912 1957 vindicat,
932 1895 1068 1943 aeternae
1087 1896 1172 1963 putre
1194 1884 1235 1943 ini

57 1994 61 2001 ·
110 1960 276 2023 adiudicari.
326 1960 388 2020 Nec
407 1981 477 2020 vcro
503 1961 560 2020 ulla
586 1961 623 2018 de
647 1980 679 2018 re
700 1959 805 2018 clarior
828 1962 956 2039 suppetit
975 1960 1040 2018 Scri
1062 1971 1143 2019 turae
1164 1960 1236 2020 defi·

111 2037 189 2098 nitio
209 2054 294 2117 quam
314 2036 465 2096 decernis
487 2058 569 2115 quam
590 2048 731 2117 gestamus
752 2037 973 2097 resurrectione.
1005 2079 1025 2110 „
1059 2047 1157 2116 portet
1174 2038 1235 2114 (in-

111 2113 179 2195 quit
197 2113 301 2175 Paulus
321 2113 345 2170 f.
366 2113 437 2172 Cor.
457 2119 505 2186 15,
526 2113 588 2188 53.)
608 2110 798 2189 corruptibile
819 2114 876 2170 hoc
894 2111 1016 2170 induere
1034 2113 1235 2192 incorruptio-

53 2226 59 2241 ·
111 2210 198 2264 nem,
222 2201 252 2250 et
271 2189 394 2249 mortale
414 2188 471 2249 hoc
490 2189 612 2248 induere
637 2187 913 2248 immortalitatem.“
963 2189 995 2247 Si
1015 2208 1089 2248 noua
1110 2209 1236 2269 corpora

83 2322 86 2327 .
110 2266 253 2328 formaret
264 2266 355 2340 Dens,
374 2265 424 2324 ubi
445 2266 514 2323 haec
534 2264 677 2343 qualitatis
698 2264 838 2323 mutatio?
867 2264 899 2322 Si
920 2264 1027 2323 dictum
1040 2276 1124 2336 esset,
1145 2285 1236 2345 opor-

53 2352 64 2389 ·'
109 2354 178 2404 tere
197 2362 250 2404 nos
269 2341 420 2416 renovari,
449 2340 583 2422 ambigua
603 2340 737 2419 loquutio
759 2340 835 2399 forte
855 2340 1037 2400 occasionem
1058 2338 1161 2399 cavillo
1183 2340 1235 2400 de-

111 2420 217 2479 disset:
243 2417 390 2477 nuncubi
410 2438 551 2495 corpora,
581 2417 685 2497 quihus
704 2438 801 2475 sumus
820 2416 1006 2489 circumdati,
1038 2417 1129 2497 digito
1150 2437 1237 2476 mon·

110 2506 222 2569 straus,
247 2493 499 2571 incorruptionem
520 2492 575 2552 illis
600 2492 758 2573 promittit,
784 2513 857 2552 nova
887 2492 1021 2551 fabricari
1044 2492 1111 2552 satis
1136 2503 1237 2571 aperte

110 2582 211 2653 negat
262 2570 351 2644 „Irno¹
374 2570 463 2649 magis
491 2589 621 2647 expresse
650 2569 759 2649 [inquit
779 2568 977 2628 Tertullianus
1003 2569 1053 2627 lib.
1075 2569 1110 2627 de
1130 2589 1236 2628 resurr.

111 2647 224 2726 earnis]
244 2666 304 2705 non
325 2656 439 2724 poterat
459 2644 551 2723 loqui,
572 2645 625 2703 nisi
646 2656 740 2704 cutem
756 2666 835 2704 suam
855 2644 988 2704 manibus
1007 2649 1155 2703 teneret.“
1173 2646 1238 2703 Nec

114 2723 177 2782 ullo
197 2721 300 2782 cavillo
320 2721 464 2802 effugient
484 2722 562 2799 quod
583 2721 651 2780 alibi
672 2720 819 2781 Christum
841 2722 904 2780 fore
925 2721 1024 2778 mundi
1045 2721 1169 2779 iudicem
1191 2719 1236 2777 di-

112 2818 195 2872 cens,
215 2798 322 2857 Iesaiae
342 2797 538 2857 testimouium
560 2799 629 2856 citat
648 2797 747 2874 (Rani.
767 2803 814 2868 tt,
834 2804 880 2859 11.
901 2796 954 2854 fes.
975 2803 1023 2869 49,
1043 2798 1117 2869 lS·):
1139 2796 1237 2867 „Vivo

112 2897 131 2936 e
155 2896 190 2947 o,
221 2873 290 2933 dicit
308 2873 469 2948 Dominus,
500 2874 570 2931 mihi
595 2875 729 2931 flectetur
755 2892 842 2929 omne
862 2878 974 2951 genu:“
1000 2871 1115 2950 quando
1136 2882 1237 2948 aperte

111 2895 258 3014 ohannins
277 2950 311 3008 ad
331 2950 475 3009 rationem
495 2951 569 3007 vitae
589 2949 764 3007 reddendam
777 2968 849 3026 quos
869 2946 1028 3038 alloquitur
1048 2947 1112 3005 fore
1125 2948 1238 3006 denun-

110 3030 175 3089 tiat.
215 3026 306 3101 Quod
327 3048 386 3084 non
403 3025 557 3105 quadraret
575 3027 597 3084 si
619 3045 692 3084 nova
713 3046 765 3083 cor
786 3045 838 3083 ora
858 3023 892 3082 ad
912 3023 1038 3083 tribunal
1059 3024 1237 3082 sisterentur.

111 3106 210 3164 Porro
230 3105 260 3160 in
279 3101 374 3162 terhis
395 3101 522 3160 Danielis
544 3102 613 3159 nihil
635 3113 677 3160 est
697 3045 862 3180 perpiexem
883 3099 1118 3177 (Dan.1‘l,‘d.):
1139 3099 1238 3173 „Mul-

110 3182 196 3259 tique
219 3178 424 3238 dormientium
449 3180 478 3235 iu
505 3190 579 3236 terra
608 3178 730 3269 pulveris
763 3176 1012 3256 expergiscentur,
1042 3175 1070 3234 hi
1095 3176 1237 3235 advitam

112 3269 280 3329 aeternam,
310 3265 338 3312 et
358 3254 398 3313 illi
419 3254 452 3313 ad
475 3255 649 3333 opprobria,
669 3253 753 3311 etad
773 3265 972 3331 contemptum
993 3251 1237 3331 sempiternum:⁴‘

113 3332 235 3412 quando
255 3351 314 3389 non
337 3352 369 3390 ex
390 3342 514 3410 quatuor
541 3330 689 3388 elementis
716 3350 816 3388 novam
836 3331 984 3388 materiam
1010 3330 1044 3388 ad
1066 3328 1239 3387 enrissandus

114 3406 259 3480 homines,
278 3407 327 3466 sed
349 3427 382 3465 ex
401 3407 538 3484 sepulcris
558 3419 689 3464 mortuus
702 3416 814 3463 evocat.
845 3406 940 3484 Atque
961 3404 1016 3464 hoc
1030 3403 1119 3463 dictat
1140 3414 1240 3494 aperta

113 3484 200 3544 ratio.
232 3484 303 3542 Nam
324 3485 345 3541 si
367 3504 454 3554 mors,
467 3503 539 3560 quae
554 3484 698 3561 originem
718 3480 840 3538 habeta
861 3481 939 3559 lapsu
951 3481 1085 3552 hominis,
1104 3480 1240 3539 acciden-

111 3559 180 3620 talis
201 3571 259 3618 est:
290 3561 474 3630 instauratio,
495 3578 579 3636 quam
600 3557 697 3616 attufit
716 3556 862 3628 Christus,
889 3556 923 3615 ad
944 3557 1020 3615 idem
1041 3557 1111 3616 illud
1132 3576 1239 3634 corpus

60 3686 69 3713 ,
109 3635 245 3718 pertinet
264 3635 342 3713 quod
364 3634 484 3692 mortale
505 3653 565 3691 esse
586 3634 692 3712 eoepit.
732 3632 769 3689 Et
789 3653 864 3701 sane¹
878 3634 955 3709 quod
976 3632 1240 3691 ridenththenienss

111 3730 161 3771 ses
181 3711 248 3770 dum
269 3711 405 3769 asseritur
424 3731 439 3770 a
460 3709 549 3768 Paulo
571 3707 743 3769 resurrectio
764 3708 844 3783 (thet.
856 3715 904 3782 17,
920 3710 992 3784 32),
1012 3709 1078 3766 hinc
1100 3707 1240 3789 colligere

110 3788 195 3863 ficet,
214 3786 305 3866 qualis
321 3788 381 3846 eius
402 3785 575 3866 praedicatio
590 3785 693 3844 luerit:
716 3805 748 3842 ae
761 3783 883 3843 omnino
896 3784 967 3844 risus
989 3783 1036 3842 ille
1056 3804 1117 3841 non
1138 3803 1238 3863 parum

112 3864 153 3924 ad
185 3862 412 3922 confirmandam
440 3863 524 3920 tidem
550 3873 679 3921 nostram
704 3860 787 3918 valet.
841 3861 878 3918 Di
902 3881 937 3918 na
970 3863 1055 3919 etiam
1081 3859 1240 3918 observatu

112 3950 160 4000 est
185 3937 296 3999 Christi
321 3940 463 3998 sententia
495 3938 612 4015 (hfatth.
633 3944 687 4010 10,
705 3937 781 4012 28η)
811 3880 931 4009 „Nofrte
956 3947 1087 3995 metuere
1112 3956 1162 3995 eos
1189 3936 1239 4025 qui

110 4015 256 4091 occidunt
275 4036 394 4094 corpus,
419 4018 541 4072 animam
564 4014 697 4072 occidere
724 4033 783 4071 non
803 4025 937 4091 possunt:
963 4011 1098 4071 sedeam
1120 4021 1241 4070 metuite

82 4118 85 4123 ·
112 4091 167 4170 qui
187 4102 284 4181 potest
305 4105 333 4150 et
353 4093 473 4151 animam
495 4102 525 4149 et
544 4110 650 4180 coppas
670 4088 794 4168 perdere
813 4089 843 4146 in
863 4089 1025 4179 gehennam
1045 4087 1150 4169 ignis.“
1180 4088 1241 4145 Ne-

112 4186 175 4246 que
195 4186 272 4226 emm
292 4167 412 4227 timendi
433 4187 532 4241 causa,
559 4169 612 4226 msi
631 4164 771 4244 supplicio
792 4165 949 4224 obnoxium
969 4175 1046 4224 esset
1064 4164 1142 4242 quod
1164 4183 1243 4223 nune
1324 4204 1327 4209 ·

111 4253 261 4326 gestamus
286 4265 400 4324 corpus.
442 4243 506 4302 Nec
524 4261 596 4300 vero
623 4240 775 4301 ohscurior
801 4251 845 4300 est
872 4241 960 4301 altera
986 4240 1112 4301 eiusdem
1134 4238 1244 4299 Christi

110 4319 262 4383 sententia
281 4320 342 4400 (Io
361 4328 390 4397 5,
409 4319 489 4397 28·):
522 4316 634 4395 „Venit
652 4315 725 4379 hors
751 4318 783 4377 in
803 4336 858 4396 qua
875 4338 997 4452 puppes,
1016 4316 1068 4398 qui
1087 4317 1117 4375 in
1138 4336 1243 4375 monn·
