2700 4732
424 210 501 271 urs,
522 208 577 270 lli.
617 208 706 275 cte.
726 208 822 273 xxtt.
1131 216 1190 281 14³

81 356 123 419 cit
157 354 227 417 ibid.
245 357 385 433 17,12):
404 354 528 433 „Pater,
547 377 582 414 ex
602 355 644 416 bis
665 375 739 437 quos
759 355 863 416 dedisti
882 354 964 429 mibi,
983 374 1072 416 nemo
1091 356 1190 436 periit,

82 435 106 495 si
125 433 200 494 fiius
220 434 429 513 perditionis:“
458 432 512 493 etsi
532 432 731 506 καταχρηστικὴ
750 443 795 496 est
820 431 971 511 loquutio,
991 433 1070 493 nulla
1089 446 1188 494 tamen

81 510 241 592 nbiguitate
266 510 388 570 laborat.
428 508 546 568 Summa
567 520 622 582 est,
643 509 739 568 Deum
761 509 886 589 gratuita
907 509 1070 589 adoptione
1088 530 1190 572 creare

81 608 128 647 ros
146 587 208 646 vult
229 586 337 645 habere
357 586 448 648 tilios:
469 587 531 645 eius
551 604 622 643 vero
643 584 830 646 intrinsecam
850 584 961 646 esseio
982 587 1046 667 ipso
1064 607 1189 662 causam,

81 664 118 723 sia
139 683 246 723 arcano
266 684 320 722 suo
340 662 527 741 beneplacito
547 673 706 721 contentus
727 673 779 721 est.

128 744 155 804 8
195 739 236 798 At
256 739 443 810 Ambrosius,
464 737 626 819 Origenes,
651 739 849 819 Hieronymus
869 749 1061 814 censuerunt,
1087 740 1184 801 Deum

81 838 132 875 ram
152 817 273 898 gratiam
293 818 372 875 inter
394 815 526 876 homines
548 815 591 873 dis
614 834 732 885 ensare,
765 824 855 892 prout
879 833 912 885 ea
937 836 1084 895 quemque
1110 817 1188 876 bene

81 914 170 953 rurum
192 893 379 972 praeviderit.
423 892 508 950 Adde
535 902 565 950 et
584 837 780 972 Augustinunr
806 893 835 950 in
863 911 896 950 ea
925 891 1011 951 sitisse
1031 891 1187 972 aliquando

81 970 212 1030 ententia:
241 970 291 1028 sed
312 990 401 1048 quum
429 965 530 1026 melius
555 968 583 1026 in
610 967 780 1102 Scriptruae
804 967 978 1102 cognitione
1004 969 1189 1049 profecisset,

81 1066 116 1106 un
137 1049 304 1106 retractavit
328 1045 417 1106 modo
444 1056 476 1103 ut
500 1044 652 1104 evidenter
684 1044 788 1115 alsam,
812 1062 842 1103 se
868 1043 1003 1113 ¹sortiter
1022 1044 1189 1107 confutavit

81 1120 442 1200 'etractlib.1.'c.13.].
483 1121 566 1195 Quin
587 1133 618 1180 et
638 1131 707 1200 post
727 1120 982 1194 retractationem,
1012 1121 1190 1215 Pelagianos
1274 1160 1287 1185 ι

81 1199 265 1280 :astringens
285 1199 365 1278 quod
386 1199 416 1256 in
438 1218 474 1256 eo
496 1216 598 1257 errore
616 1199 821 1290 persisterent:
850 1197 948 1273 „Quis
967 1199 1054 1258 istum
1078 1199 1191 1292 (rapuit

81 1276 159 1356 epist.
190 1281 268 1340 106:
288 1275 323 1334 ad
350 1275 478 1349 Sixtum)
509 1276 704 1334 acutissimum
735 1292 851 1335 sensum
883 1273 1031 1355 Apostolo
1062 1273 1191 1337 defuisse

81 1372 138 1413 uon
157 1350 298 1411 miretur?
335 1352 410 1410 Nam
432 1371 520 1430 quum
549 1371 611 1408 rem
642 1349 814 1428 stupendam
861 1353 1042 1432 reposuisset
1068 1352 1106 1412 de
1132 1351 1190 1415 illis

81 1428 207 1489 nondum
229 1428 317 1502 natis,
338 1442 368 1488 et
389 1427 494 1486 deinde
514 1427 571 1486 sibi
592 1430 794 1507 quaestionem
815 1372 974 1487 obiiceret:
996 1428 1078 1503 Quid
1099 1428 1191 1512 ergo!

81 1506 217 1585 numquid
229 1517 272 1565 est
291 1505 429 1585 iniquitas
441 1504 516 1583 apud
528 1503 645 1563 Deum?
664 1515 727 1563 erat
739 1502 820 1565 locus
833 1516 866 1562 ut
876 1505 1081 1584 responderet,
1092 1506 1192 1566 Deum

81 1582 252 1676 praevidisse
272 1581 424 1660 utriusque
443 1581 561 1640 merita:
593 1600 655 1639 uon
686 1590 785 1639 tamen
812 1581 869 1640 boc
889 1580 974 1654 dicit,
1005 1582 1056 1641 sed
1076 1583 1112 1643 ad
1131 1582 1192 1643 Dei

81 1657 183 1719 iudicia
206 1671 235 1716 et
255 1657 481 1718 misericordiam
503 1655 670 1738 conlugit“
708 1657 748 1714 Et
767 1656 834 1716 alibi
856 1655 951 1737 [bom.
971 1652 1190 1739 inloann08'.],

81 1755 145 1794 uum
166 1735 262 1794 onmia
283 1746 350 1794 ante
370 1733 545 1794 electionem
566 1732 669 1792 merita
689 1734 863 1793 sustulisset:
884 1734 961 1807 „llic
973 1745 1053 1794 certe
1063 1734 1109 1870 pin
1133 1738 1191 1815 uit)

81 1824 160 1871 vacat
178 1832 250 1871 vana
270 1810 386 1871 illorum
407 1810 612 1879 ratiocinatio,
637 1809 688 1888 qui
708 1809 929 1888 praescientiam
949 1807 1008 1870 Dei
1027 1811 1064 1870 de
1079 1757 1196 1873 endunt

81 1900 182 1949 eontra
203 1888 324 1970 gratiam
344 1887 418 1945 Dei:
445 1898 475 1945 et
494 1886 562 1946 ideo
583 1886 684 1945 dicunt
699 1906 758 1946 nos
779 1885 889 1947 electos
909 1898 977 1946 aute
997 1887 1099 1947 muudi
1118 1908 1192 1950 rou·

81 1965 273 2039 stitutionem,
293 1963 359 2044 quia
380 1964 535 2043 praescivit
543 1963 624 2022 Deus
645 1961 759 2023 iuturus
778 1983 833 2022 nos
853 1963 962 2039 bunos,
982 1984 1043 2024 non
1055 1964 1191 2046 seipsum

80 2062 135 2101 nos
155 2041 298 2102 iacturum
319 2040 425 2100 bonos.
465 2042 533 2099 Nun
556 2039 613 2098 boc
632 2038 704 2098 dicit
722 2041 773 2119 qui
792 2038 874 2099 dicit:
902 2041 971 2099 Non
991 2061 1043 2101 vos
1063 2061 1110 2100 me
1130 2041 1192 2102 ele-

81 2118 187 2200 gistis,¹
206 2117 256 2178 sed
282 2137 339 2197 ego
367 2115 442 2198 elegi
470 2137 520 2175 vos
545 2115 769 2192 (10.15‚16.).
819 2116 894 2175 Nam
915 2115 939 2176 si
960 2130 1116 2198 propterea
1137 2138 1192 2180 nos

81 2193 222 2276 elegisset,
242 2195 308 2273 quia
330 2193 425 2253 bonos
446 2193 560 2252 futuros
578 2192 790 2284 praesciverat:
809 2192 894 2253 simul
916 2194 1001 2253 etiam
1022 2194 1193 2274 praescivis-

81 2283 133 2345 set,
152 2272 231 2352 quod
244 2291 357 2330 eramus
377 2290 443 2328 eum
465 2269 617 2342 electurr,“
637 2280 753 2348 etquae
769 2269 876 2328 ineam
888 2289 949 2328 rem
962 2283 1134 2350 sequuntur.
1152 2306 1193 2320 -

81 2347 160 2407 'aleat
185 2346 341 2429 Augustini
361 2345 560 2404 testimonium
586 2345 663 2425 apud
689 2364 758 2418 eos,
783 2347 833 2426 qui
866 2346 995 2406 libenter
1020 2348 1050 2406 in
1076 2360 1191 2429 patrum

81 2424 231 2485 :ctoritate
251 2424 449 2502 acquiescunt.
502 2425 680 2500 Quanquam
706 2443 765 2482 uon
794 2423 903 2503 patitur
922 2423 1100 2504 Augustinus
1125 2445 1193 2485 sea

81 2501 179 2581 :liquis
191 2500 330 2580 disiungi:
352 2499 402 2558 sed
423 2498 507 2558 claris
527 2498 700 2565 testimoniis
718 2497 876 2560 divortium
897 2499 964 2571 hor,
985 2502 1064 2577 cuius
1083 2502 1193 2562 invidia

81 2578 217 2637 ravabant
243 2598 309 2636 eum
334 2575 500 2656 Pelagiani,
534 2575 666 2635 ostendit
695 2574 799 2636 falsum
825 2597 898 2637 esse.
948 2579 1030 2639 Citat
1055 2580 1132 2638 enim
1159 2599 1193 2638 ex

81 2653 216 2714 ‚mbrosio
239 2653 305 2733 [lib.
326 2653 362 2710 de
382 2651 532 2712 Praedest.
547 2652 801 2734 sanct.cap.t9·]:
822 2654 978 2727 „Christus
1000 2676 1087 2734 quem
1108 2656 1193 2714 mise·

80 2742 159 2791 ratur
178 2733 294 2791 vocat.“
333 2729 422 2788 Item:
455 2728 499 2802 „si
519 2727 672 2803 voluisset,
693 2750 726 2789 ea
749 2730 894 2791 indevotis
919 2729 1035 2791 fecisset
1056 2732 1193 2791 devotos:

81 2806 129 2869 red
140 2806 234 2882 Deus,
253 2825 328 2884 quos
346 2806 493 2887 dignatur,
513 2816 608 2879 vocat,
629 2816 659 2863 et
670 2825 756 2884 quem
770 2806 831 2865 vult
849 2805 904 2867 reli
927 2808 1020 2866 iosum
1042 2808 1140 2867 lacit.“
1160 2807 1194 2867 Si

81 2883 279 2964 :Augustino
300 2881 446 2963 integrum
459 2881 599 2942 volumen
621 2895 778 2941 contexere
800 2882 899 2958 libeat,
930 2885 1024 2944 ectori
1036 2885 1194 2944 ostendere

81 2970 226 3040 romptum
248 2971 338 3032 esset,
357 2958 427 3017 mibi
449 2960 565 3018 nonnisi
586 2957 647 3017 eius
667 2958 763 3018 verbis
783 2979 857 3039 opus
878 2978 953 3020 esse:
980 2961 1031 3021 sed
1052 2980 1103 3020 eos
1122 2980 1194 3040 pro·

81 3038 165 3096 ritate
184 3055 308 3113 onerare
329 3035 409 3096 nolo.
428 3068 467 3080 —
506 3035 565 3093 Sed
586 3054 655 3128 age,
680 3035 820 3115 fingamus
840 3036 919 3116 ipsos
940 3056 1002 3096 non
1029 3036 1125 3116 loqui:
1157 3035 1193 3096 ad

81 3136 120 3173 :m
139 3114 230 3193 ipsam
251 3112 448 3171 intendamus.
494 3111 631 3170 Difficilis
657 3113 789 3191 quaestio
814 3125 892 3173 mota
913 3125 991 3186 erat,
1020 3114 1098 3174 Num
1119 3113 1194 3174 iuste

81 3203 167 3250 iceret
186 3190 284 3263 Deus,
315 3189 364 3267 qui
390 3199 487 3248 certos
514 3187 646 3248 homines
665 3209 715 3248 sua
740 3189 833 3271 gratia
859 3188 1048 3272 dignaretur?
1080 3211 1136 3270 qua
1162 3210 1194 3252 se

81 3285 120 3325 no
140 3266 232 3325 verbo
254 3265 390 3346 expedire
410 3264 515 3323 Paulus
542 3276 675 3344 poterat,
700 3265 724 3325 si
745 3286 868 3344 operum
894 3280 1059 3347 respectum
1084 3266 1193 3328 obten-

81 3344 159 3402 isset„
198 3342 261 3403 Cur
281 3362 352 3423 ergo
378 3341 406 3399 id
434 3362 493 3400 non
520 3341 604 3401 facit:
635 3344 704 3420 quin
725 3360 890 3402 sermonem
912 3345 1010 3423 potius
1031 3344 1194 3417 continuat,

81 3419 112 3479 ui
143 3417 173 3476 iu
197 3419 296 3478 eadem
323 3417 493 3477 difficultate
512 3418 665 3478 versetur?
704 3418 781 3492 Cur,
812 3419 868 3480 nisi
893 3421 1045 3500 quianon
1073 3420 1194 3482 debuit?

81 3516 119 3555 uo
141 3495 217 3554 enim
239 3494 397 3556 oblivionis
410 3494 481 3554 vitio
503 3493 657 3553 laborabat
669 3494 794 3575 Spiritus
808 3497 1005 3576 sanctus,'qui
1022 3516 1075 3576 per
1085 3518 1118 3557 os
1132 3497 1193 3556 eius

81 3570 245 3650 tquebatur.
295 3570 389 3629 Nullis
415 3591 487 3650 ergo
513 3569 684 3652 ambagibus
709 3573 884 3651 respondet,
914 3573 988 3634 Ideo
1014 3572 1073 3632 suis
1092 3572 1193 3634 electis

81 3667 153 3708 lvere
177 3647 291 3722 Deum,
322 3649 387 3726 quia
407 3649 490 3707 velit:
511 3648 578 3706 ideo
599 3647 746 3722 misereri,
766 3651 831 3727 quia
850 3649 930 3709 velit⁴
967 3649 1096 3709 Perinde
1115 3649 1193 3709 enim

81 3722 133 3784 alet
153 3726 304 3784 oraculum
330 3724 602 3801 (Erod.33,19.):
632 3725 833 3797 „llliserebor‚
859 3727 940 3785 cuius
959 3725 1137 3787 miserebor:
1163 3738 1194 3786 et

81 3800 244 3862 riseratione
265 3801 461 3880 complectar,
483 3820 571 3879 quem
591 3801 778 3861 miseratione
798 3802 1013 3882 complectar:“
1034 3802 1090 3862 acsi
1112 3802 1193 3863 dice-

81 3888 154 3950 :tur,
175 3878 272 3936 Deum
292 3898 353 3936 non
374 3877 430 3938 alia
451 3878 566 3938 ratione
587 3876 624 3936 ad
649 3876 878 3938 misericordiam
902 3878 1029 3953 moveri,
1052 3879 1106 3940 nisi
1148 3881 1194 3940 uia

81 3954 188 4014 risereri
208 3953 289 4014 velit.
328 3954 439 4013 Verum
466 3974 538 4035 ergo
564 3966 663 4013 manet
688 3952 760 4013 illud
779 3954 954 4037 Augustini,
985 3953 1119 4016 Gratiam
1167 3957 1193 4016 ei

81 4050 119 4089 uu
139 4030 274 4090 invenire
294 4030 332 4088 eli
356 4031 458 4103 endos,
477 4032 528 4090 sed
550 4029 654 4089 facere.

135 4113 164 4170 9.
204 4110 248 4166 Ac
273 4128 310 4167 ne
335 4050 413 4167 illam
436 4106 552 4186 quidem
574 4106 708 4167 'l'lromae
732 4107 874 4189 argutiam
898 4127 1048 4167 moramur
1078 4107 1193 4190 [ttb.1.

83 4190 144 4241 ent.
166 4194 249 4243 tract
262 4190 309 4250 25.
321 4196 432 4264 quaest
444 4183 521 4265 23.],
541 4183 763 4263 praescientiam
783 4184 956 4244 meritorum
975 4205 1038 4246 nou
1057 4197 1195 4266 exparte

81 4257 178 4318 uidem
202 4272 283 4320 actus
312 4261 570 4342 praedestinantis,
601 4280 664 4321 esse
695 4260 970 4340 praedestinationis
999 4281 1129 4325 causam
1160 4281 1196 4322 ex

81 4345 141 4396 arte
160 4348 259 4398 autem
280 4350 382 4398 nostra
402 4336 622 4415 quodammodo
647 4337 688 4399 sic
706 4337 806 4400 vacui
829 4356 934 4418 posse,
963 4356 1072 4421 nempe
1088 4340 1195 4403 secuu-
