2700 4732
452 222 528 284 nrn.
548 222 588 284 11.
628 222 717 289 car.
739 222 822 282 vrrs.
1000 308 1003 313 Ι
1140 231 1200 295 2³3

89 374 226 469 ungeret.
278 370 354 429 Nem
386 358 436 429 ad'
454 368 686 429 consolationem
710 367 780 439 iusti
803 388 836 429 ac
867 380 1012 430 terrorem
1037 372 1198 450 peccatoris
1252 386 1255 393 '

89 450 184 523 albert,
207 469 271 510 non
292 465 357 507 esse
384 466 489 505 vanam
519 445 610 525 ipsam
639 455 691 504 ant
720 444 899 506 inefficacem
932 447 1197 527 denuntiationem,

89 528 177 589 nebi
198 544 261 599 nep
286 542 405 617 semper
437 522 535 582 locum
568 522 683 582 habeat.
732 522 990 597 Quemadmodum
1020 526 1097 584 enim
1123 546 1198 603 quae

89 604 160 667 ends
177 601 326 663 sceleratis
345 600 521 681 rnlliguntur
539 597 714 678 temporales
734 620 858 679 poenae,
878 601 1045 661 testimonia
1064 613 1132 661 sunt
1151 602 1198 663 di·

89 682 150 741 rinae
165 680 300 741 adversus
315 690 442 768 peccata
461 678 533 750 irae,
564 686 594 735 et
626 675 717 734 inturi
740 675 810 734 olim
841 677 871 736 in
898 697 1001 737 omnes
1027 690 1197 757 peccatores

89 756 181 833 Ιιι4ἴιιίἱ,
206 766 324 817 tametsi
348 751 433 813 multi
459 753 497 811 im
521 772 579 811 une
603 770 695 830 nsque
720 752 851 814 advitae
876 753 964 812 finem
990 754 1125 815 evadant:
1156 757 1197 815 ita

89 838 159 925 qnam
177 832 335 913 exemplum
356 850 446 890 unum
468 850 485 888 c
508 840 529 887 rt
540 830 685 889 Dominus
705 828 785 889 istius
805 830 1032 904 benedictionis,
1054 842 1087 889 ut
1105 831 1196 891 lilium

89 930 113 969 ur
127 910 207 991 patris
222 908 345 991 gratiam
364 906 562 966 misericordia
583 917 613 965 et
633 904 815 987 benignitate
835 927 885 965 sna
905 918 1118 987 prosequatur,
1141 908 1197 969 do·

89 996 233 1046 rumentum
256 984 382 1065 praebet
407 983 568 1042 constantis
594 992 625 1040 et
650 993 810 1061 perpetuae
834 982 864 1041 in
889 1004 956 1042 suos
983 983 1111 1043 cultores
1129 1004 1197 1065 gra·

89 1060 150 1121 tiaee
176 1082 256 1143 quem
281 1060 372 1141 patris
392 1058 577 1138 iniquitatem
604 1058 693 1118 semel
720 1058 751 1116 in
781 1057 841 1118 filio
873 1060 1077 1138 persequitur,
1108 1062 1198 1121 docet

89 1136 161 1217 qaale
176 1136 314 1219 reprobos
334 1154 437 1194 onmes
457 1136 595 1194 iudicium
616 1134 656 1194 ob
681 1134 790 1195 scelera
813 1136 931 1215 propria
955 1149 1084 1195 maneat:
1109 1142 1198 1217 qulam

89 1214 270 1275 certitudinem
289 1212 474 1302 potissimum
496 1211 542 1271 bie
561 1210 711 1291 spectarit.
752 1210 862 1271 Obiter
873 1212 960 1271 etiam
981 1212 1198 1275 misericordiae

89 1310 145 1351 snae
157 1290 373 1371 amplitudinem
391 1288 480 1347 nobis
500 1288 703 1361 commendat,
723 1308 809 1366 quam
836 1288 866 1347 irs
892 1287 971 1346 mille
991 1290 1199 1380 generationes

90 1368 210 1445 mutis,
225 1388 318 1449 quum
338 1376 466 1445 quatuor
484 1366 625 1426 duntaxat
643 1363 850 1447 generationes
870 1366 1024 1447 assignarat
1042 1366 1196 1427 vindictae.

288 1606 659 1672 Praeceptum
698 1606 968 1670 TERTIUM.

134 1752 425 1836 llannsurpabis
450 1774 580 1814 nomen
600 1753 758 1815 lelsorae
777 1753 846 1813 Dei
870 1754 923 1813 tui
943 1756 980 1813 in
1006 1775 1141 1815 vanum.

148 1902 190 1963 Ε
227 1898 310 1959 finis
333 1897 483 1978 praecepti
503 1909 563 1971 est,
595 1896 685 1973 Quod
717 1897 843 1957 nominis
867 1897 911 1956 sui
934 1899 1115 1958 maiestatem
1137 1898 1200 1957 vult

94 1970 159 2035 rtl's
173 1987 468 2035 esoesscrosanctam.
507 1974 626 2033 Summa
644 1974 736 2055 igitur
756 1975 821 2047 erit,
842 1994 879 2032 ne
898 1974 989 2054 ipsam
1006 1976 1200 2055 contemptim

94 2048 312 2111 ulrmrerenter
323 2050 461 2111 babendo
475 2051 670 2130 prolenemrts.
692 2051 750 2111 Cui
769 2050 927 2110 interdicto
944 2052 1084 2111 cohaeret
1102 2071 1135 2111 cx
1148 2072 1201 2111 or-

93 2120 354 2209 fipraeeeptum,
372 2139 406 2186 ut
424 2148 488 2187 earn
508 2127 643 2208 religiosa
663 2128 852 2186 veneratione
873 2129 1010 2207 prosequi
1031 2128 1117 2187 nobis
1135 2140 1199 2189 stu-

94 2198 174 2261 &et
187 2224 272 2266 surae
291 2206 337 2265 sit.
376 2205 480 2282 ltaque
498 2205 540 2264 sic
560 2204 661 2264 animis
682 2215 712 2262 et
731 2204 838 2284 linguis
858 2218 1044 2285 comparatos
1063 2224 1126 2265 esse
1145 2223 1200 2265 nos

96 2274 178 2357 ittet,
199 2292 232 2341 ut
252 2280 335 2341 nibil
360 2280 397 2340 de
424 2281 487 2359 ipso
507 2281 574 2340 Deo
596 2281 715 2361 eiusque
735 2281 878 2361 mysteriis
897 2292 947 2340 aut
967 2281 1130 2363 cogitemus
1149 2291 1200 2341 ant

93 2348 230 2435 loquer,
247 2358 305 2417 nisi
324 2368 494 2417 reverenter
509 2369 538 2416 et
557 2357 646 2416 multa
664 2379 728 2416 cum
747 2356 921 2417 sobrietate:
943 2370 974 2417 ut
993 2358 1026 2418 in
1045 2357 1202 2419 aestiman-

96 2426 133 2489 tis
152 2432 204 2495 eins
232 2434 375 2515 operibus
406 2434 478 2493 nibil
506 2435 560 2493 nisi
590 2454 659 2515 erga
693 2435 786 2514 ipsum
819 2433 1014 2494 honorificum
1047 2435 1201 2515 sapiamus.

96 2502 176 2586 flate,
200 2510 333 2591 inquam,
360 2510 413 2569 tria
434 2512 590 2569 observare
615 2531 674 2569 non
696 2511 856 2568 oscitanter
876 2513 1029 2585 convenit,
1054 2512 1096 2569 Ut
1115 2511 1201 2590 quic-

97 2582 240 2721 ffletts
258 2588 296 2646 de
316 2589 382 2667 ipso
402 2587 542 2666 concipit,
563 2587 700 2666 quicquid
721 2586 818 2666 lingua
839 2586 983 2665 profatur,
1003 2588 1092 2667 ipsius
1105 2586 1202 2646 excel-

146 2660 154 2675 ’
207 2666 334 2743 resipiat,
356 2675 385 2721 et
404 2684 499 2722 sacrae
519 2663 644 2722 nominis
665 2663 725 2721 eius
744 2662 914 2722 sublimitati
934 2664 1128 2743 respondeat:
1149 2662 1201 2722 de-

103 2734 217 2813 thsead
233 2739 430 2801 extollendam
451 2740 511 2798 eius
532 2739 776 2820 magnificentiam
797 2752 896 2818 aptum
918 2741 963 2798 sit.
1007 2740 1119 2799 Sancto
1140 2742 1201 2798 eius

105 2810 178 2889 'trba
192 2828 219 2875 tt
232 2816 389 2876 adorandis
408 2816 552 2896 mysteriis
572 2836 610 2873 ne
635 2827 746 2873 temere
767 2828 1014 2894 praepostercque
1036 2816 1202 2885 abutamur,

107 2884 397 2965 rdataubittonem,
426 2892 470 2949 rel
491 2892 526 2950 ad
546 2891 711 2967 avaritiam,
741 2893 786 2950 vel
807 2896 841 2951 ad
868 2893 978 2951 ludicra
1004 2903 1120 2951 nostra:
1150 2892 1202 2950 sed

106 2964 346 3103 mpressam
364 2980 472 3049 gerunt
492 2968 617 3027 nominis
638 2968 699 3027 eius
719 2969 907 3045 dignitatem,
938 2990 1021 3027 suum
1048 2969 1127 3028 iuter
1147 2988 1202 3028 nos

232 3068 264 3106 ac
286 3046 413 3125 pretium
431 3064 547 3122 semper
566 3044 699 3103 habeant.
744 3046 899 3104 Postremo
920 3046 980 3103 eius
1002 3044 1144 3125 operibus
1164 3063 1203 3102 ne

107 3110 264 3198 nllaetamur
282 3134 334 3181 aut
354 3122 562 3194 detrectemus,
587 3121 829 3199 quemadmodum
855 3121 897 3179 illi
917 3122 1134 3180 roratumeliose
1153 3141 1203 3179 so-

108 3184 325 3278 lflltbstrepere
345 3198 442 3257 miseri
461 3197 608 3257 homines:
633 3198 683 3256 sed
704 3199 841 3277 quicquid
866 3197 901 3257 ab
923 3199 986 3278 ipso
1007 3218 1204 3256 memoramus

209 3296 275 3333 cum
295 3276 465 3355 sapientiae,
485 3274 622 3344 iustitiae,
643 3274 781 3333 bonitatis
802 3275 905 3356 elogiis
925 3275 1136 3353 praedicemus.
1168 3272 1204 3331 ld

106 3352 243 3410 &nonen
262 3351 323 3410 Dei
344 3350 540 3411 sanctificare:
575 3350 626 3408 ubi
650 3370 731 3411 secus
758 3352 805 3422 lit,
834 3372 909 3410 vano
936 3372 1088 3429 pravoque
1112 3350 1204 3409 abusu

104 3418 225 3495 llllrltur:
246 3428 314 3507 qnia
333 3428 446 3507 rapitur
465 3438 544 3485 extra
565 3426 726 3505 legitimum
747 3449 839 3499 nsunt,
860 3430 906 3487 cui
927 3427 981 3487 soli
997 3438 1203 3487 consecratum

104 3508 157 3556 ent:
171 3514 196 3560 at
218 3524 253 3563 ue
274 3515 308 3563 ut
327 3504 399 3562 nibil
419 3503 506 3571 alind,
526 3524 574 3562 sua
596 3516 691 3561 tamen
713 3505 855 3584 dignitate
876 3515 1002 3574 exutum,
1022 3502 1204 3579 contempti-

104 3566 145 3631 lllt
159 3524 288 3656 psallatirn
310 3581 450 3638 redditur.
479 3580 594 3653 Quodsi
614 3580 643 3637 in
666 3580 718 3638 bac
740 3581 891 3639 temeraria
912 3580 1068 3657 usurpandi
1092 3581 1203 3658 impor-

102 3652 153 3735 ,Μαι
167 3655 250 3715 divini
270 3657 399 3716 nominis
420 3656 556 3716 facilitate
575 3668 687 3713 tantum
700 3668 743 3715 est
764 3655 843 3715 mali:
863 3657 956 3714 multo
977 3655 1039 3734 plus
1060 3657 1089 3713 in
1114 3674 1162 3727 eo,
1182 3655 1206 3712 si

102 3730 249 3813 {triarios
269 3756 336 3793 usus
361 3733 544 3805 conseratur,
570 3745 603 3791 ut
628 3732 677 3822 qui
702 3733 796 3811 ipsum
824 3733 1041 3793 necromantiae
1061 3730 1206 3811 supersti-

101 3804 216 3884 lttnibus,
241 3810 311 3869 diris
333 3809 552 3881 devotionibus,
578 3807 683 3867 illicitis
704 3808 882 3883 exorcismis,
902 3808 1022 3887 aliisque
1040 3806 1140 3887 impiis
1159 3805 1206 3864 in·

94 3886 286 3965 ‚putationibus
305 3886 414 3946 servire
435 3884 554 3944 iaciunt.
598 3884 797 3944 luramentum
821 3899 917 3945 autem
938 3888 968 3943 in
990 3884 1131 3942 mandato
1151 3902 1208 3974 po·

101 3956 211 4020 tainum
230 3962 395 4035 assumitur,
414 3962 442 4019 in
465 3982 524 4039 quo
537 3981 699 4040 ,perversus
711 3962 800 4021 divini
820 3963 947 4022 nominis
957 3961 1062 4020 abusus
1082 3976 1208 4019 maxime

101 4034 327 4113 &detestabilis
349 4060 408 4118 quo
430 4039 498 4097 inde
519 4038 619 4097 sraelius
640 4037 855 4098 absterreamnr
874 4039 910 4098 ab
933 4038 1012 4098 omni
1033 4037 1063 4094 in
1085 4036 1208 4095 usriver-

100 4120 147 4167 tan
161 4114 216 4175 eius
233 4115 450 4195 profanatione.
494 4115 551 4174 llic
572 4126 668 4173 antem
689 4114 725 4172 de
746 4116 825 4174 cultu
846 4115 902 4173 Dei
922 4112 1052 4193 praecipi
1072 4120 1209 4171 ttreve-

102 4187 169 4247 lttb'a
187 4192 311 4251 nominis
331 4191 410 4263 eius,
433 4212 495 4251 non
521 4202 617 4250 autem
639 4190 675 4249 de
695 4194 858 4270 aequitate,
879 4212 952 4268 quae
972 4190 1050 4248 inter
1070 4188 1209 4247 homines

104 4256 196 4326 obsta
215 4280 274 4343 est,
294 4268 363 4327 inde
384 4279 480 4359 patet,
501 4268 581 4347 quod
602 4268 709 4327 deinde
730 4270 760 4328 in
780 4270 904 4328 secunda
924 4265 1023 4327 tabula
1044 4263 1210 4345 periurium

105 4336 223 4403 *falsum
245 4346 447 4406 testimousum
465 4344 632 4418 damnabit,
661 4364 721 4423 quo
753 4345 878 4404 laeditur
908 4342 1033 4403 bumana
1062 4342 1208 4403 sociate:

1085 4622 1097 4653 Ι
