2700 4732
538 226 617 291 uta.
632 226 689 289 nt.
728 225 819 291 CAP.
836 226 876 291 V.
1218 234 1280 301 227

140 396 229 454 nem,
250 386 390 513 tanquam
413 391 505 439 onera
528 372 613 436 nimis
636 371 759 437 molesta
783 395 799 435 a
818 393 851 435 se
871 371 1073 454 depulerunt..
1095 373 1180 451 Quid
1201 395 1276 459 ergo

140 454 254 515 habent
277 475 310 513 rc
324 453 434 531 iquum,
454 470 513 528 quo
534 469 566 511 se
584 468 671 513 veros
690 448 878 532 presbyteros
898 471 959 512 csse
978 449 1106 513 iactent?
1145 452 1277 525 (lantum

139 531 255 593 scilicet
274 540 304 587 et
323 529 553 591 ceremoniarum
574 549 720 608 pompam.
758 530 799 587 ht
812 526 880 608 quid
900 526 959 588 boc
977 526 1014 588 acl
1032 526 1117 589 remi
1154 528 1187 587 Si
1200 550 1277 590 con·

133 605 344 680 suetudinem,
369 606 393 665 si
413 626 512 677 usum,
538 605 562 663 si
588 603 672 685 longi
690 606 830 685 temporis
850 603 1112 685 praescriptionem
1132 603 1275 687 allegant:

137 703 201 765 ego
223 693 324 743 contra
345 680 454 742 Christi
475 679 675 740 definitionem
695 700 821 761 regern,
849 702 905 760 qua
926 691 956 741 et
973 700 1062 741 veros
1082 680 1276 761 presbyteriis

139 758 230 821 nohis
255 757 408 838 expressit,
434 756 551 835 etquid
579 756 687 817 habere
713 756 840 817 debeant
859 757 909 835 qui
934 756 1007 818 tales
1030 754 1133 833 haberi
1157 756 1275 835 volunt.
1298 770 1303 795 ¹

142 834 262 911 Quodsi
289 847 349 894 tam
374 831 474 892 duram
506 832 601 913 legem
632 832 710 893 ferre
735 844 893 913 nequeant,
918 844 952 893 ut
974 854 1005 896 se
1026 833 1136 895 Christi
1154 832 1289 915 regulae⁴

112 910 313 989 „subiicientq
332 910 480 990 patiantur
499 909 600 969 saitem
621 908 697 971 banc
715 931 830 971 causam
851 929 885 969 ex
903 910 1075 970 auctoritate
1094 910 1206 991 primae
1226 931 1276 971 ec·

141 986 248 1051 clesiae
269 986 372 1047 decidi.
416 986 457 1045 At
477 984 568 1045 nihilo
589 984 695 1046 melior
715 986 770 1047 erit
794 985 926 1065 ipsorum
946 986 1097 1059 conditio,
1124 986 1149 1047 si
1170 1007 1204 1046 ex
1222 1006 1278 1046 ve·

138 1062 226 1125 tustis
248 1061 418 1122 Canonihus
438 1061 475 1120 de
496 1082 598 1123 eorum
617 1074 693 1123 statu
712 1062 865 1125 iudicetur.
904 1062 966 1136 Qui
985 1062 1017 1123 in
1033 1060 1203 1124 Canonicos
1222 1062 1276 1123 de-

89 1154 91 1169 '
135 1142 334 1223 generarunt,
352 1139 521 1217 presbyteri
541 1158 603 1199 esse
623 1138 795 1213 debuerant,
813 1151 847 1200 ut
866 1139 985 1201 fuerunt
1005 1137 1089 1215 olim,
1108 1138 1159 1219 qui
1179 1138 1275 1200 eccle-

89 1228 93 1265 ῐ
141 1218 216 1280 aiam
236 1236 301 1275 cum
322 1216 463 1295 episcopo
488 1216 518 1273 in
539 1235 694 1275 commune
715 1227 870 1298 regerent,
901 1228 931 1275 et
949 1212 1039 1283 veluti
1058 1214 1190 1297 collegae
1211 1216 1274 1276 eius

89 1320 93 1341 ¹
139 1303 241 1355 ‚essene
258 1292 288 1351 in
309 1311 439 1365 munere
450 1290 598 1371 pastorali.
636 1292 803 1375 Dignitates
828 1290 894 1355 illae
914 1290 1106 1384 capitulares,
1129 1314 1200 1372 quas
1220 1310 1274 1361 vo-

90 1412 94 1419 ·
141 1368 240 1443 cant,⁸
258 1366 330 1427 nihil
362 1387 480 1448 prorsus
509 1379 643 1446 spectant
672 1368 708 1428 ad
728 1389 824 1430 veram
850 1368 990 1430 ecclesiae
1009 1368 1274 1451 gubernationem:

93 1488 96 1497 ·
140 1443 351 1505 multominus
373 1442 576 1523 capellaniae,
607 1443 766 1565 etreliqua
791 1445 855 1505 faex
880 1444 979 1505 talium
999 1446 1161 1506 nominum.
1201 1444 1273 1519 Quo

140 1522 235 1605 igitur
252 1520 321 1580 loeo
341 1539 392 1579 eos
418 1540 520 1579 omnes
547 1519 731 1582 habebimus.
775 1520 866 1593 Certe
891 1535 921 1591 et
944 1522 1066 1581 verbum
1088 1520 1212 1597 Christi,
1244 1530 1276 1581 et

89 1622 93 1657 ε
139 1596 250 1671 'veteris
269 1595 408 1657 eeclesiae
432 1596 599 1656 observatio
620 1616 671 1658 eos
696 1619 713 1658 a
737 1597 912 1680 presbyterii
939 1598 1056 1663 bonore
1082 1598 1216 1658 excludit.
1235 1630 1276 1645 -

139 1672 336 1754 Presbyteros
354 1684 453 1733 tamen
478 1692 509 1731 se
529 1693 591 1732 esse
611 1674 808 1734 contendunt:
837 1674 888 1735 sed
914 1674 1094 1737 detrahenda
1114 1686 1158 1735 est
1181 1672 1274 1736 larva:

89 1776 99 1813 ι
141 1751 185 1819 sic
204 1748 394 1829 reperiemus,
414 1760 505 1823 totam
517 1768 619 1809 eorum
639 1750 852 1830 professionem
868 1750 1070 1813 alienissimam
1090 1770 1152 1812 esse
1172 1772 1207 1811 ac
1225 1770 1275 1811 re-

89 1854 95 1891 ε
140 1826 331 1887 notissimam
352 1825 388 1887 ab
408 1824 460 1891 illo
479 1846 601 1885 munere
622 1826 880 1906 presbyterorum,
912 1827 991 1908 quod
1012 1839 1042 1887 et
1060 1826 1199 1907 Apostoli
1219 1848 1275 1889 nn·

140 1902 189 1965 bis
209 1902 393 1975 describunt,
416 1912 446 1961 et
464 1900 494 1960 in
509 1902 609 1980 ¹prima
629 1902 749 1963 ecelesia
770 1904 940 1984 requisitum
965 1904 1029 1964 fuit.
1068 1904 1180 1964 Omnes
1200 1923 1274 1987 ergo

141 1977 287 2040 eiusmodi
307 1979 425 2038 ordines
450 1976 673 2058 quibuscunque
699 1977 790 2045 titulis
820 1978 1030 2061 insigniantur,
1059 1979 1164 2041 novitii
1184 2002 1275 2059 quum

140 2056 215 2129 sint,
237 2066 318 2131 certe
337 2054 460 2114 necDei
481 2055 674 2129 institutione,
694 2075 750 2115 nec
769 2058 887 2137 antiqua
906 2056 1045 2119 ecclesiae
1066 2056 1275 2117 observatione

89 2166 100 2201 ;t
140 2129 273 2204 suffulti,
302 2130 399 2194 locum
431 2128 541 2189 nullum
574 2129 683 2191 babere
715 2130 825 2193 dehent
851 2134 880 2193 iu
902 2133 1097 2213 descriptione
1124 2132 1274 2214 regiminis

89 2248 95 2281 ;
139 2206 315 2280 siritualis,
343 2205 423 2285 quod
454 2227 507 2265 ore
527 2207 647 2268 Domini
671 2208 761 2289 ipsius
785 2223 986 2271 consecratum
1012 2208 1132 2270 ecclesia
1151 2230 1218 2270 rece
1242 2210 1274 2271 it.

89 2320 105 2359 2:
139 2230 204 2349 dut
218 2283 262 2361 '(si
280 2283 380 2343 rudius
399 2304 432 2344 ac
452 2284 571 2344 crassius
592 2304 638 2343 me
657 2284 740 2364 loqui
759 2285 886 2364 malunt)
902 2286 1020 2366 quando
1036 2284 1196 2365 Capellani,
1217 2231 1276 2349 Ca·

89 2422 106 2435 ,,
138 2360 260 2435 μουίοἰ,
288 2360 417 2433 Decani,
445 2360 626 2441 Praepositi,
652 2361 762 2423 eteius
783 2362 892 2423 farinae
917 2363 1005 2425 otiosi
1025 2375 1141 2437 ventres
1161 2382 1198 2422 ne
1219 2358 1275 2423 mi·

89 2478 107 2511 ᾗ
140 2441 225 2499 nimo
245 2436 364 2516 quidem
384 2435 477 2518 digito
504 2436 672 2517 particulam
698 2437 785 2498 ullam
810 2440 959 2522 attingunt
978 2440 1040 2517 eius
1066 2439 1173 2512 officii,
1193 2438 1274 2520 quod

140 2514 174 2575 in
195 2514 373 2595 preshyteris
387 2514 550 2573 necessario
572 2514 740 2594 requiritur,
759 2536 820 2575 non
842 2529 886 2575 est
905 2516 1059 2576 ferendum
1078 2527 1111 2575 ut
1131 2516 1203 2577 salso
1216 2515 1275 2577 sibi

89 2630 108 2663 ·-.
140 2590 289 2651 bonorem
311 2589 489 2668 usurpando,
507 2602 636 2649 sanctam
658 2590 769 2651 Christi
788 2592 1001 2653 institutionem
1021 2592 1142 2652 violent.

89 2702 112 2741 ,τ
220 2674 269 2731 11.
310 2667 474 2746 Supersunt
494 2667 624 2747 episcopi
649 2680 679 2727 ct
699 2668 900 2749 parochiarum
921 2681 1066 2731 rectores:
1092 2671 1142 2747 qui
1163 2668 1273 2731 utinam

105 2796 112 2815 ,
142 2744 181 2807 de
201 2744 356 2802 retinendo
377 2742 477 2802 officio
498 2743 721 2803 contenderent.
757 2745 900 2804 Libenter
920 2745 1073 2808 enimillis
1093 2745 1274 2805 concedere-

97 2852 113 2885 s.
139 2842 223 2893 mus,
246 2838 297 2879 eos
322 2818 430 2879 habere
451 2819 529 2897 pium
552 2831 582 2877 et
606 2819 737 2878 eximium
760 2843 880 2894 munus,
908 2821 933 2883 si
956 2820 1051 2879 uidem
1071 2841 1107 2881 eo
1129 2823 1274 2903 defunge-

102 2934 109 2965 :
139 2906 264 2959 rentur:
295 2896 344 2955 sed
366 2917 454 2975 quum
476 2895 609 2954 ecclesias
632 2895 688 2956 sibi
712 2899 878 2957 commissas
905 2842 1083 2969 delerendo,
1115 2914 1274 2976 earumque

95 3012 106 3041 a
138 2992 243 3037 curam
262 2971 294 3030 in
313 2972 385 3031 alios
410 2971 569 3031 reiiciendo
597 2971 697 3032 haberi
722 2984 852 3054 pastores
871 2971 990 3049 volunt,
1020 2972 1143 3053 perinde
1164 2973 1274 3033 faciunt

89 3082 107 3117 -,<
136 3050 201 3115 acsi
221 3070 326 3125 munus
345 3048 469 3128 pastoris
481 3059 556 3108 esset
575 3048 647 3106 nihil
668 3069 764 3130 agere.
804 3049 836 3108 Si
850 3051 911 3129 quis
932 3046 1115 3126 foenerator,
1134 3052 1183 3130 qui
1196 3071 1274 3109 nun·
1295 3102 1306 3121 ,

135 3146 229 3211 quam
248 3125 353 3205 pedem
373 3125 446 3183 urbe
466 3136 614 3196 moveret,
633 3138 778 3186 aratorem
798 3146 828 3185 se
855 3138 904 3186 aut
922 3125 1078 3189 vinitorem
1099 3146 1161 3187 esse
1181 3126 1274 3206 proli-

133 3214 271 3267 aeream:
291 3200 316 3261 si
336 3201 436 3275 miles,
456 3200 505 3278 qui
525 3200 652 3261 assiduus
671 3202 772 3263 fuisset
791 3203 820 3261 in
841 3205 902 3264 acie
923 3216 953 3263 et
972 3202 1086 3279 eastris,
1106 3203 1202 3264 forum
1223 3214 1275 3264 aut

89 3318 96 3345 τ
133 3281 235 3347 libros
257 3298 406 3357 nunquam
424 3277 551 3352 vidisset,
572 3298 626 3356 pro
646 3278 851 3341 iurisconsulta
871 3300 902 3339 se
913 3280 1084 3355 venditaret,
1104 3280 1167 3373 quis
1181 3279 1274 3342 ferret

132 3370 203 3419 tam
225 3353 337 3445 putidas
357 3354 500 3434 ineptias?
537 3353 629 3488 Atqui
649 3354 796 3445 aliquanto
818 3354 968 3439 absurdius
987 3355 1036 3419 isti
1062 3356 1190 3433 faciunt,
1222 3357 1273 3437 qui

89 3466 91 3477 ·
128 3431 236 3497 videri
256 3428 358 3491 volunt
378 3442 408 3489 et
428 3431 573 3491 nominari
603 3429 862 3512 egitimrecclesiae
883 3444 1024 3512 pastores,
1044 3445 1189 3494 ettamen
1211 3453 1274 3494 esse

127 3507 259 3573 nolunt.
314 3508 433 3581 Quotus
459 3507 537 3565 enim
563 3508 685 3586 quisque
711 3520 764 3582 est,
784 3510 834 3588 qui
858 3511 903 3569 vel
933 3508 1109 3589 inspeciem
1135 3510 1273 3571 ecclesiae

129 3586 211 3651 inae
232 3605 263 3644 re
286 3584 364 3643 imen
384 3583 490 3643 obeat?
529 3583 650 3642 Plurimi
676 3583 861 3644 ecclesiarum
886 3584 995 3646 reditus
1021 3598 1084 3647 tnta
1105 3586 1162 3645 vita
1182 3586 1273 3646 devo-

127 3662 220 3734 rant,
238 3603 284 3722 ad
294 3682 362 3740 quas
383 3681 421 3719 ne
440 3659 613 3738 inspiciendi
634 3660 751 3751 quidem
770 3681 856 3721 eausa
877 3683 1003 3740 unquam
1024 3662 1175 3723 accedunt.
1213 3660 1274 3723 Alii

124 3735 232 3803 semel
251 3737 407 3817 quotannis
428 3749 478 3795 aut
497 3737 619 3797 veniunt
637 3737 702 3817 ipsi,
722 3749 979 3797 autoeconomum
999 3740 1129 3809 mittunt,
1148 3738 1274 3819 nequid

120 3818 167 3881 in
192 3813 343 3875 locatione
364 3814 510 3897 depereat.
555 3813 655 3887 Quum
681 3812 752 3873 baec
773 3814 939 3894 corruptela
959 3808 1275 3905 primum'obreperct,

122 3889 300 3979 privilegiis
327 3910 358 3950 se
385 3891 550 3955 eximebant
570 3889 619 3967 qui
645 3889 702 3949 frui
720 3889 862 3950 volebant
887 3889 944 3951 hoc
965 3910 1076 3973 genere
1101 3893 1274 3955 vacationis:

119 3988 220 4033 nunc
245 3987 341 4027 rarum
367 3967 531 4046 exemplum
551 3977 604 4037 est,
625 3976 657 4026 ut
676 3965 739 4045 quis
758 3967 789 4026 in
809 3966 930 4028 ecclesia
945 3966 999 4027 'sua
1023 3964 1164 4027 resideat:
1188 3969 1275 4029 aesti-

120 4053 223 4105 mant
241 4045 321 4111 enim
342 4064 403 4103 non
424 4065 506 4104 secus
520 4063 559 4102 -ac
579 4042 677 4120 villas,
727 4043 810 4105 uibus
828 4043 951 4104 vicarios
970 4063 1038 4123 suns
1063 4054 1199 4131 tanquam
1220 4042 1274 4121 vil-

120 4118 213 4181 licos
239 4131 290 4180 aut
315 4119 440 4195 colonos
471 4118 651 4201 praeficiunt.
700 4064 792 4212 dtqui
823 4117 880 4181 hoc
909 4120 973 4200 ipse
1005 4139 1124 4200 quoque
1152 4132 1276 4191 naturae

119 4216 242 4260 sensus
261 4198 409 4333 rqpudiat,
428 4206 575 4277 pastorem
595 4215 658 4259 esse
676 4216 785 4280 gregis,
805 4195 857 4278 qui
875 4216 961 4263 nvem
980 4217 1014 4259 ca
1034 4215 1070 4259 eo
1090 4195 1199 4260 nullam
1218 4220 1274 4265 uu·¹

120 4292 275 4357 quamve
298 4287 361 4335 ent.
