2596 4726
1172 60 1191 98 0

389 194 821 349 'msfflffl-
1029 231 1220 333 .m.

103 375 155 439 Ἀ.
195 359 413 434 Tertulliannm
433 370 526 433 nihilo
546 372 642 434 verius
657 356 819 464 patronum
845 371 901 434 sibi
920 371 1078 448 asciscunt,
1104 373 1174 452 qnia

43 451 84 512 tsi
104 470 193 529 asper
212 451 361 510 interdum
381 461 411 509 et
437 450 572 528 spinosus
593 460 637 509 cst
656 469 685 508 ru
706 469 760 509 suo
786 449 927 529 loquendi
947 469 1072 532 genere,
1091 468 1173 510 sum·

43 550 106 588 nam
124 540 226 587 tamen
246 526 411 600 doctrinae,
432 548 517 605 quam
537 539 664 600 tuemur,
684 546 746 584 non
766 526 903 607 ambigue
922 527 1019 590 tradit.
1052 527 1171 618 Nempe

43 626 122 699 quum
142 622 218 676 unus
239 605 278 662 sit
296 602 390 676 Deus,
410 602 627 682 dispensatione
648 614 744 661 tamen
764 601 809 661 vel
830 605 1004 663 oeconomia
1025 622 1087 662 esse
1107 622 1172 664 erut

43 699 224 741 sermonem:
244 680 370 757 unicum·-
386 698 447 738 esse
467 679 564 738 Deum
584 678 763 739 substantiae
783 681 911 753 unitate,
931 691 961 738 et
981 678 1172 743 nihilominus

43 759 174 818 mitatem
193 755 420 837 dispensationis
440 756 580 836 mysterio
605 757 635 815 in
656 755 833 815 Trinitatem
860 755 989 836 disponi:
1021 767 1081 815 tres
1107 775 1171 816 esse

42 856 96 895 sun
116 843 204 901 statu,
229 832 280 892 sed
300 831 411 924 gradu:
444 852 499 891 nec
518 832 696 905 substantia,
720 832 771 892 sed
793 831 903 891 forma:
937 852 994 891 nec
1013 843 1171 911 potestate,

45 911 84 972 ed
104 908 234 985 seric‘*).
274 908 357 969 Dicit
375 907 492 986 quidem
512 928 544 968 se
565 908 732 975 defendere
743 908 903 967 secundum
923 907 1040 968 al'atre
1051 907 1171 985 Filium,

44 987 83 1046 ed
103 1006 164 1046 nou
183 985 272 1044 alium
293 983 430 1075 iutelligit
450 984 504 1044 nisi
524 985 722 1045 distinctione.
761 984 914 1044 visibilem
933 984 1042 1044 alicubi
1060 984 1170 1045 Filium

43 1063 118 1124 licit:
147 1062 199 1121 sed
224 1073 379 1141 postquam
400 1083 429 1119 sn
450 1072 734 1140 utramquepartem
759 1061 949 1121 ratiocinatus
975 1072 1033 1135 est,
1064 1061 1170 1121 definit

43 1136 204 1201 urisibilcm
226 1158 305 1207 esse,
346 1149 468 1197 natenus
494 1149 538 1197 est
564 1138 680 1197 Sermo.
718 1137 856 1217 Denique
880 1137 998 1196 Patrem
1022 1157 1073 1198 sua
1099 1157 1170 1220 per·

44 1237 101 1278 ona
113 1215 330 1274 determinaria
366 1235 469 1286 rmans,
490 1213 696 1274 alienissimum
715 1233 746 1272 se
766 1212 873 1294 probat
893 1213 930 1272 ab
948 1235 985 1273 eo
997 1225 1168 1274 commento

44 1293 111 1406 quod
131 1289 306 1350 refellimus.
352 1289 392 1348 Et
411 1311 574 1369 quanquam
602 1312 661 1351 non
689 1289 775 1350 alium
795 1290 893 1349 Deum
919 1290 1053 1372 agnoscit
1078 1311 1168 1370 quam

53 1381 165 1439 atrem,
189 1386 221 1426 se
245 1368 341 1447 ipsum
366 1377 463 1426 tamen
485 1369 617 1447 proximo
643 1378 787 1433 contestu
801 1367 963 1446 explicans,
982 1387 1014 1426 se
1033 1368 1095 1440 non
1116 1387 1168 1426 ex-

44 1446 140 1506 lusive
160 1442 244 1520 loqui
263 1443 394 1504 ostendit
404 1442 471 1502 Filii
492 1455 638 1524 respectu,
658 1443 726 1523 quia
747 1455 836 1524 negat
854 1442 941 1502 alium
963 1464 1025 1502 esse
1045 1443 1167 1504 aPatre

44 1527 141 1582 lcum:
174 1519 302 1599 ideoque
335 1540 397 1580 non
430 1517 530 1579 violari
561 1519 757 1579 monarchiam
792 1534 935 1600 personae
966 1519 1166 1580 distinctione.

44 1608 126 1679 teque
147 1616 182 1655 ex
201 1608 346 1677 perpetuo
368 1596 428 1655 eius
448 1596 573 1657 consilio
588 1597 746 1658 verborum
766 1615 882 1656 sensum
902 1595 1044 1678 colligere
1064 1617 1167 1677 prom·

44 1687 108 1736 tum
129 1685 186 1734 est.
208 1671 391 1732 -Conteudit
403 1674 481 1732 enim
500 1673 637 1733 adversus
649 1674 798 1747 Praxeam,
818 1673 946 1752 quamvis
967 1674 998 1732 in
1017 1684 1079 1735 tres
1096 1691 1166 1753 pcr-
1206 1712 1214 1725 ,

44 1773 112 1812 onas
138 1749 294 1810 distinctus
317 1750 355 1809 sit
373 1748 472 1820 Deus,
503 1770 564 1810 non
596 1761 694 1809 tamen
723 1751 787 1810 lieri
820 1750 917 1828 plures
946 1749 1035 1824 deos,
1067 1760 1169 1828 neque'

44 1828 155 1908 liscerpi
175 1825 327 1885 unitatem.
371 1827 411 1885 Et
430 1826 497 1905 quia
521 1828 682 1888 secundum
702 1828 831 1887 Praxeae
857 1837 1056 1886 commentum
1076 1824 1166 1885 Cleri-

45 1916 85 1966 tus
105 1924 169 1964 non
188 1914 309 2037 poterap
327 1901 407 1962 Deus
426 1923 499 1977 esse,
520 1905 591 1983 quin
610 1905 689 1964 idem
710 1916 786 1963 esset
804 1902 901 1977 Pater,
921 1902 989 1962 ideo
1008 1913 1167 1982 tantopere

44 1979 275 2041 ledistiuctiooe
307 1978 418 2041 aburat.
459 1981 550 2055 Quod
571 2002 643 2041 vero
664 1981 840 2047 Sermonem
861 1990 892 2038 et
910 1978 1056 2068 Spiritum
1074 1989 1164 2038 vocat

45 2058 197 2118 ortionem
221 2055 331 2132 totius,
362 2056 416 2118 etsi
436 2057 508 2118 dura
529 2070 573 2118 est
603 2056 754 2138 loquutio,
786 2055 956 2116 excusabilis
985 2065 1083 2115 tamen
1111 2065 1167 2129 est,

45 2133 147 2214 pundo
165 2132 203 2192 ad
222 2132 413 2194 substantiam
433 2154 494 2194 non
515 2134 659 2207 refertur,
684 2134 734 2193 sed
755 2132 976 2213 dispositionem
995 2143 1111 2222 epotum
1131 2142 1165 2191 et
1190 2204 1194 2213 s

45 2210 232 2271 seconomiam
253 2221 349 2284 notat,
369 2229 443 2290 quae
463 2210 532 2272 solis
554 2211 687 2290 personis
707 2210 862 2284 convenit,
890 2208 1075 2268 'l‘ertnllsanu
1096 2209 1164 2288 ipso

45 2298 114 2348 este.
151 2286 323 2346 ludeetiam
342 2286 453 2378 pendet
472 2288 558 2348 illud:
578 2288 687 2363 „Quot
707 2305 852 2422 pqrsqnac
865 2285 1082 2419 tilsividentlur,
1094 2304 1165 2422 pepp.

709 2413 715 2426 .
806 2385 831 2422 sc
857 2375 942 2422 ettam
967 2380 1056 2497 pauo
1082 2381 1121 2442 po
1155 2382 1165 2420 ε

45 2361 188 2424 monne
207 2362 333 2438 Praxea,
364 2383 418 2424 usn
434 2377 512 2500 quot
529 2376 597 2425 sunt
615 2382 701 2425 voces

45 2440 88 2501 Ut
107 2439 232 2500 credant
250 2439 368 2499 Patrem
389 2450 419 2500 et
462 2443 541 2500 ilium
562 2443 591 2500 in
612 2441 671 2500 suis
690 2459 836 2521 quemque
856 2439 968 2499 nomini
992 2460 1025 2498 us
1044 2448 1075 2498 et
1093 2458 1165 2520 per-

45 2518 137 2578 sutre‘
175 2515 230 2576 llis
251 2515 380 2576 arbitror
398 2516 465 2577 satis
485 2517 580 2577 refelli
601 2537 686 2597 posse
706 2537 809 2576 eorum
829 2515 867 2574 im
891 2515 1050 2590 udentiam,
1069 2516 1165 2595 quiex

45 2591 203 2654 'ertnlliaui
222 2593 398 2653 auctoritate
418 2594 516 2655 lucum
536 2606 653 2654 tentant
673 2594 771 2654 laiere
790 2538 979 2670 simplicibus.

96 2676 148 2735 29.
188 2669 228 2728 Et
247 2681 329 2728 certe
348 2671 477 2749 quisquis
496 2670 654 2752 diligenter
665 2682 796 2730 veterum
816 2671 923 2749 scripta
943 2669 1022 2727 inter
1036 2685 1071 2726 se
1091 2686 1165 2727 con-

45 2759 117 2820 ret,
137 2765 202 2805 nou
223 2745 300 2804 aliud
321 2747 449 2825 reperiet
471 2748 547 2826 apud
568 2749 723 2805 irenaeum
744 2766 830 2825 qnam
852 2744 931 2824 quod
956 2745 993 2804 ab
1014 2743 1093 2817 aliis,
1113 2743 1168 2835 qui

46 2824 132 2883 einde
151 2822 269 2900 sequuti
290 2834 372 2896 sunt,
392 2823 541 2901 proditum
562 2823 625 2882 luit
664 2821 792 2882 Iustinus
813 2843 887 2880 unus
908 2832 953 2880 est
973 2841 1007 2878 ex
1026 2831 1164 2880 vetustis-

46 2902 119 2961 mis:
141 2897 231 2958 nobis
250 2911 346 2957 autem
367 2918 421 2978 per
440 2900 537 2959 omnia
556 2900 744 2981 suffragatur.
792 2896 955 2957 Obiecteut
973 2908 1033 2954 tam
1052 2895 1088 2955 ab
1110 2895 1163 2955 illu

46 2998 107 3036 uam
131 2995 147 3034 a
174 2974 294 3053 reliquis
315 2974 430 3035 Patrem
451 2975 562 3036 Christi
585 2976 684 3035 vocari
709 2996 800 3033 unum
821 2975 927 3032 Deum.
973 2973 1057 3032 Idem
1079 2972 1164 3031 Hila-

46 3075 80 3112 ‚us
105 3071 169 3132 quo
195 3070 231 3111 ne
262 3051 369 3123 docet,
399 3053 458 3110 imo
489 3053 617 3132 asperius
648 3053 789 3131 loquitur,
819 3052 1024 3110 aeternitatem
1049 3049 1164 3109 esseio

47 3141 121 3189 atre.
204 3148 222 3184 n
247 3141 280 3187 ut
304 3128 383 3187 Filio
408 3127 521 3188 auferat
546 3128 604 3188 Dei
632 3127 806 3189 essentiam?
845 3127 937 3205 lltqui
963 3127 992 3186 in
1013 3120 1165 3185 eiuslidei
1224 3138 1227 3143 '

46 3226 107 3265 mm
128 3205 280 3284 sequimur
294 3204 468 3264 defensione
486 3215 567 3265 totus
587 3217 641 3265 est.
679 3206 743 3265 Nec
761 3216 860 3264 tamen
881 3225 932 3263 cos
973 3202 1044 3262 udet
1062 3200 1166 3261 mutila

46 3282 124 3342 eseio
145 3298 224 3361 quae
243 3280 319 3340 dicta
339 3301 505 3416 excerpere,
526 3301 558 3340 es
579 3283 685 3361 quibus
704 3280 911 3361 persuadeant,
931 3223 1076 3338 liilarinm
1096 3294 1160 3336 esse

46 3357 132 3419 nuris
155 3357 204 3418 sui
223 3368 392 3438 patronum.
446 3357 591 3441 gnatium,
610 3357 691 3438 qnod
712 3357 898 3434 obtendunt,
922 3356 947 3416 si
966 3353 1061 3415 velint
1080 3353 1163 3434 quic·

918 3521 1161 3539 *ἡ*

87 3612 118 3681 ’)
137 3609 379 3663 Tertullianus
397 3611 442 3662 tn.
460 3613 517 3665 adv.
534 3611 673 3664 Praxearn:
690 3609 865 3673 ..perversitas
882 3611 947 3663 lraee
958 3605 1161 3679 (Praxeaeseil.)

47 3698 69 3731 se
81 3679 210 3732 existimat
227 3680 470 3731 moramveritatem
481 3680 620 3750 possidere,
639 3681 702 3731 dum
720 3680 827 3731 unicum
839 3678 927 3730 Deum
944 3698 999 3729 uon
1011 3679 1072 3730 alias
1087 3689 1165 3746 putat
1232 3685 1240 3700 '

47 3749 220 3808 medendum,
246 3765 326 3816 qnam
344 3746 365 3797 si
383 3747 468 3816 ipsum
491 3750 655 3817 eundemque
673 3761 698 3798 et
714 3745 817 3797 Patrem
836 3761 861 3798 et
877 3745 974 3798 fitium
993 3759 1019 3797 et
1035 3744 1163 3814 Spiritum

47 3829 162 3868 sanctum
173 3813 256 3866 dicat:
275 3813 348 3883 quasi
364 3835 419 3866 non
438 3813 476 3867 sic
487 3834 593 3884 qnoque
610 3832 677 3866 unus
693 3816 726 3866 sit
745 3814 842 3876 omnia,
861 3815 923 3866 dum
942 3833 971 3865 ex
988 3833 1043 3864 uno
1065 3811 1163 3874 omnia,

47 3901 92 3953 per
117 3883 277 3935 substantiae
301 3881 398 3933 scilicet
419 3883 559 3944 unitatem,
589 3896 614 3933 et
637 3881 806 3934 nihilominus
824 3881 984 3933 custodiatur
1002 3883 1163 3947 οἰκονομίας
1185 3942 1189 3951 ¹

47 3965 248 4011 neranaeturn,
266 3949 473 4018 quaternitatem
491 3950 519 4002 in
537 3949 675 4001 trinitatem
694 3949 823 4018 disponit,
839 3963 889 4001 tres
906 3949 1032 4010 dirigens,
1049 3946 1162 4009 Patrem,

47 4018 138 4072 tilium
158 4032 183 4069 et
201 4018 330 4086 Spiritum
347 4032 472 4069 sanctum.
508 4016 572 4070 'l'res
590 4031 674 4068 autern
693 4036 748 4068 nun
764 4031 840 4077 statu,
856 4018 901 4068 sed
913 4017 1014 4079 'graeluz
1033 4034 1082 4066 nec
1099 4015 1161 4066 sub·

47 4085 145 4147 nantia,
162 4089 210 4138 sed
228 4088 328 4137 forma:
354 4104 402 4136 nec
421 4097 560 4154 potestate,
576 4087 621 4137 sed
638 4086 738 4153 specie:
758 4085 834 4137 unius
852 4098 937 4136 autem
955 4081 1119 4143 substantiae,
1137 4074 1162 4132 dt
1252 4138 1260 4155 ἢ

47 4154 117 4207 unius
139 4168 220 4207 sutus
246 4153 364 4203 etunius
388 4154 534 4221 potcstatis:
561 4152 621 4223 quia
640 4173 707 4205 nnus
724 4151 812 4213 Deus,
836 4171 865 4203 es
883 4170 936 4220 qun
961 4162 987 4200 et
1004 4152 1096 4213 gradus
1113 4149 1162 4211 isti,

47 4222 140 4273 lomse
158 4236 184 4272 et
202 4220 310 4293 speeies,
326 4218 355 4271 in
373 4221 479 4272 numine
496 4220 586 4281 Putris,
604 4235 629 4271 et
646 4219 715 4280 Filii,
727 4233 752 4270 et
769 4218 879 4288 Spiritus
896 4217 978 4269 sancti
996 4219 1161 4286 deputantur.

47 4287 189 4356 Quomodo
219 4306 360 4340 numerum
381 4290 436 4340 sine
458 4287 583 4342 divisione
605 4287 753 4359 patiuntur,
781 4287 952 4356 procedentes
970 4299 1091 4338 tractatus
1115 4285 1161 4335 de·

47 4358 250 4409 monstrabunt¹'
267 4368 314 4407 ete.
