2700 4732
110 142 170 205 3⁶ss
505 134 581 201 unt.
602 136 656 197 lV.
694 136 784 198 CAP.
803 137 874 199 ΧΠ.

112 282 168 343 bus
188 278 415 355 aestimandum,
434 301 490 343 nee
510 282 578 343 Deo
597 281 684 343 aliter
703 281 824 363 probari
844 280 904 343 nisi
925 300 969 351 eo
992 282 1157 345 reseratur.
1190 284 1246 345 Ter·

112 359 172 421 tius
192 378 276 418 error
295 378 357 419 uon
376 358 450 419 adco
471 358 588 439 quidem
607 358 729 439 impius,
755 358 947 439 periculosus
971 370 1101 435 tamen,
1131 372 1247 441 tanqu·

114 457 205 496 unum
232 454 266 493 ex
297 435 460 514 praecipuis
486 435 589 497 officiis
608 434 754 496 morosius
775 456 808 495 ac
825 436 960 517 rigidius
983 438 1031 496 exi
1058 458 1133 513 ere,
1162 458 1194 499 ae
1209 438 1247 499 ia-

114 512 239 573 modicis
259 512 401 572 encomiis
426 512 467 571 sic
488 510 642 586 extollere,
661 522 695 572 ut
714 510 849 573 bomiues
869 532 902 573 se
921 457 1057 594 aliquid

114 590 187 651 cisse
207 599 314 669 putent
333 609 420 668 quum
441 587 644 648 ieiunaverint.
692 590 760 663 Qua
786 589 816 649 in
839 601 924 667 parte
948 612 1020 651 non
1049 592 1085 651 iu
1108 604 1249 651 totumu-

114 666 215 727 eusare
246 664 340 725 audeo
373 678 485 725 veteres
496 666 548 741 ἢ,
579 666 649 744 quin
675 677 705 725 et
728 666 952 744 superstitionis
982 668 1142 748 quaedam
1164 668 1248 729 seam

113 743 254 815 iecerint,
287 753 318 800 et
337 743 521 801 occasionem
541 742 732 832 praebuerint
756 743 910 819 tyrannidi
932 765 1021 823 quae
1043 758 1157 826 postea
1173 756 1248 805 unm

114 832 168 889 est.
207 818 377 878 Occurrunt
396 817 515 897 quidem
540 818 688 877 interdum
713 840 798 878 sanae
827 841 859 879 ac
886 820 1068 899 prudentes
1097 822 1137 881 de
1161 820 1247 881 ieiunis

111 896 291 963 sententiae:
314 892 366 954 sed
385 906 486 974 postea
505 906 667 955 occurrunt
684 894 809 955 subinde
828 894 1019 959 immodicae
1040 898 1154 961 ieiunii
1165 898 1247 973 laudet

114 993 189 1053 quae
209 972 303 1051 ipsum
322 972 400 1031 inter
420 970 589 1061 praecipuas
609 972 733 1033 virtutes
753 972 907 1031 extollunt.
1239 1040 1244 1055 ..

189 1054 239 1113 2⁰.
278 1048 317 1106 Et
347 1058 417 1107 tuuc
448 1067 553 1126 passim
584 1046 745 1107 invaluerat
763 1047 987 1129 superstitiosa
1022 1049 1248 1133 quadragesime

102 1122 296 1187 ‘observatius
322 1123 389 1202 quia
409 1132 440 1183 et
458 1122 560 1203 vulgus
586 1126 722 1183 eximium
747 1122 865 1205 aliquod
885 1124 1080 1206 obsequium
1102 1128 1174 1189 Deo
1190 1126 1248 1189 se'n

114 1223 149 1265 ea
167 1212 316 1282 praestare
328 1198 520 1275 existimabat,
540 1211 570 1258 et
581 1200 717 1261 Pastores
738 1220 801 1281 eam
813 1200 1083 1265 commendabant
1105 1214 1248 1285 prosmrb

114 1279 225 1345 Christi
246 1274 423 1347 imitatione:
445 1298 534 1355 quum
575 1277 674 1351 lanum
694 1278 732 1337 sit
751 1299 812 1337 non
831 1278 900 1338 ideo
921 1278 1086 1341 ieiunasse
1110 1280 1249 1351 Cbristu,

113 1368 149 1417 ut
166 1354 229 1415 aliis
248 1352 412 1431 exemplum
453 1298 660 1428 caeseriberet,
689 1354 741 1415 sed
765 1367 798 1415 ut
817 1353 977 1434 Evangelii
1005 1356 1249 1437 praedicatiore·

112 1432 155 1493 sic
166 1430 344 1512 auspicando
357 1452 418 1491 non
432 1374 590 1491 bumanam
601 1431 764 1493 doctrinam
785 1450 857 1505 esse,
873 1432 927 1491 sed
948 1452 968 1491 e
992 1432 1092 1497 coelo
1107 1434 1249 1528 prolectam

113 1528 147 1570 re
165 1509 227 1588 ipsa
247 1506 464 1587 comprobaret.
501 1504 546 1569 Ac
566 1510 671 1569 mirum
692 1520 737 1569 est
756 1520 813 1567 tarn
840 1528 970 1569 crassum
994 1508 1249 1572 hallucinationes

113 1584 281 1647 bominibus
301 1582 378 1644 acuti
398 1582 497 1643 iudicii
517 1583 664 1665 obrepere
683 1585 830 1664 potuisse,
857 1604 933 1665 quae
962 1597 1018 1647 tot
1038 1608 1078 1647 ae
1098 1590 1168 1665 lum
1187 1584 1249 1649 elar'·

112 1662 277 1724 rationibus
307 1659 462 1720 refellitur.
512 1661 581 1721 Nou
607 1662 685 1721 enirn
714 1660 826 1741 saepius
856 1661 973 1721 ieiunat
1003 1662 1156 1727 Christus
1174 1658 1249 1745 (qual

112 1738 177 1803 fieri
193 1740 337 1821 oportuit,
355 1739 379 1797 si
399 1736 589 1797 anniversarii
607 1736 708 1799 ieiunii
723 1740 818 1818 legem
829 1738 946 1797 tradere
959 1739 1098 1830 vellet),
1115 1742 1169 1803 sed
1179 1734 1249 1805 seutl

112 1829 244 1891 tanturn,
270 1838 359 1894 quoru
379 1835 410 1874 se
430 1813 465 1873 ad
486 1813 638 1895 Evangelii
658 1816 924 1895 promulgationem
944 1815 1101 1899 accingit.
1142 1818 1248 1881 Nesis·

112 1895 196 1957 iuuat
215 1893 342 1953 burnano
362 1910 457 1965 more,
476 1901 509 1948 ut
529 1910 580 1970 par
600 1903 677 1965 erat,
694 1892 719 1951 ai
744 1892 876 1951 homines
896 1890 933 1950 ad
959 1891 1176 1957 imitationem
1193 1914 1247 1975 pru·

112 1990 220 2035 vocare
240 1969 341 2031 vellet:
361 1967 412 2029 sed
433 1967 523 2060 magis
544 1967 706 2046 exemplum
718 1968 860 2049 designat,
879 1988 940 2047 qun
962 1972 998 2027 in
1019 1972 1070 2032 sui
1094 1974 1195 2053 potius
1209 1970 1246 2031 ad·

112 2047 299 2123 mirationem
310 2065 413 2107 omnes
433 2055 536 2123 rapiat,
552 2064 638 2122 quam
659 2044 693 2103 ad
713 2042 877 2106 aemulandi
895 2044 1035 2105 studium
1048 2051 1177 2109 excitet.
1201 2048 1245 2109 lit·

113 2128 205 2206 nique
225 2143 286 2183 nou
306 2122 361 2183 alia
381 2132 425 2181 ert
445 2121 526 2181 istius
547 2119 649 2179 ieiunii
675 2123 768 2195 ratio,
799 2140 884 2200 quam
912 2121 980 2181 eius
1008 2144 1075 2202 quo
1106 2125 1244 2187 deluatur

115 2215 178 2264 erat
197 2201 309 2275 Moses,
348 2218 416 2259 uum
430 2196 541 2279 Legem
562 2215 579 2255 e
598 2218 687 2257 manu
707 2197 829 2257 Domini
848 2197 1002 2277 acciperet
1020 2200 1143 2279 (Exod.
1157 2204 1243 2275 Μ

1073 514 1206 575 eximium
1219 516 1248 575 le·

112 2291 144 2341 et
162 2284 210 2347 st,
229 2278 303 2353 98).
328 2220 414 2335 llam
436 2295 526 2354 quum
546 2271 618 2333 illud
638 2277 668 2333 in
688 2276 773 2335 Mose
795 2273 903 2332 editum
924 2288 1006 2335 esset
1024 2276 1241 2339 miraculumtl

112 2352 317 2419 stabiliendam
342 2351 383 2410 Le
407 2350 429 2409 is
453 2349 673 2423 auctoritatem,
704 2372 765 2411 uon
792 2350 948 2410 debuit‘iu
972 2350 1107 2416 Cbristo
1134 2368 1241 2437 praeter·

112 2430 203 2491 mitti:
238 2447 275 2487 ue
294 2428 368 2508 Legi
386 2369 578 2506 Lvangelium
609 2429 714 2488 cedere
740 2428 895 2488 videretur.
943 2426 1042 2508 Atqui
1063 2432 1106 2491 ab
1129 2446 1241 2495 entem

113 2526 188 2590 pore
208 2502 317 2565 nemini
337 2523 467 2583 uuquam
487 2503 615 2562 venitin
637 2517 775 2577 mentem,
796 2515 944 2595 praetextu
964 2505 1152 2571 imitationis
1170 2508 1240 2571 bloet

112 2584 202 2646 talem
222 2580 324 2641 ieiunii
345 2580 468 2640 sormam
495 2580 523 2639 iu
551 2579 661 2658 populo
681 2581 842 2641 Israelitrco
864 2580 988 2662 erigere.
1036 2584 1109 2647 Nec
1130 2586 1240 2647 ulluses

112 2662 219 2731 sanctis
238 2658 396 2738 Prophetis
426 2677 458 2715 ac
485 2656 621 2717 Patribus
647 2660 675 2718 id
700 2670 837 2739 sequutus
864 2670 922 2718 est:
953 2679 1048 2737 quum
1086 2675 1186 2723 tamen
1212 2662 1238 2723 al

112 2759 217 2799 omnes
237 2736 297 2815 pias
317 2734 540 2795 exercitationes
559 2734 629 2794 satis
649 2736 737 2795 animi
758 2758 791 2794 ac
811 2733 865 2793 zeli
885 2732 1041 2795 baberent.
1087 2738 1238 2819 Namqurd

112 2815 151 2875 de
171 2813 234 2874 Elia
255 2811 380 2871 babetur
399 2811 438 2889 (Ι.
458 2809 533 2893 ch.
553 2816 600 2884 19,
619 2814 679 2889 8.),
712 2835 777 2872 curn
802 2814 863 2871 sine
884 2811 952 2869 cibo
973 2824 1007 2871 et
1027 2828 1112 2891 potu
1134 2818 1238 2896 quadra·
1269 2830 1274 2842 '

112 2891 192 2975 ginta
214 2890 275 2951 dies
294 2889 478 2969 transegisse,
499 2909 560 2947 non
574 2887 637 2947 -alio
658 2888 835 2969 pertinebat,
853 2907 938 2966 quam
960 2899 993 2947 ut
1014 2893 1238 2977 populusagot·

111 2979 208 3029 sceret
228 2988 294 3027 eum
315 2968 471 3025 excitatum
493 2986 553 3024 esse
573 2964 660 3056 Legis
680 2966 840 3039 vindicem,
859 2985 875 3023 a
896 2986 951 3042 qua
970 2969 1066 3048 vulgo
1091 2992 1187 3063 prope
1202 2984 1237 3031 ts-

111 3056 159 3105 tus
178 3044 268 3105 lsrael
288 3043 456 3102 desciverat.
495 3042 564 3100 Fuit
583 3043 673 3121 igitur
691 3063 770 3102 mera
791 3044 947 3109 κακοζηλία,
977 3054 1010 3101 et
1030 3048 1238 3124 superstitionis

112 3122 210 3201 plena,
230 3120 309 3200 quod
332 3119 418 3177 titulo
438 3139 470 3177 ac
490 3118 592 3178 colore
613 3118 783 3179 imitationis
797 3117 906 3177 Christi
925 3116 1073 3179 ieiunium
1096 3126 1237 3185 ornabant

113 3198 292 3275 Quanquam
322 3196 351 3254 in
384 3194 473 3254 modo
503 3195 604 3254 ieiunii
630 3196 701 3255 mira
722 3210 792 3255 tuuc
813 3205 875 3253 erat
902 3192 1073 3273 diversitas,
1106 3214 1142 3261 ιιι
1164 3202 1238 3263 refert

113 3273 358 3336 Cassiodorus
379 3293 412 3331 ex
432 3270 600 3345 Socrate,
620 3273 759 3333 historiae
778 3290 847 3332 suae
866 3270 943 3330 libro
963 3291 1062 3334 nono.
1103 3278 1239 3347 „Roman

111 3348 211 3427 „enim
231 3349 356 3428 (inquit)
377 3347 494 3408 nonnisi
514 3360 573 3408 tres
594 3349 742 3409 habebant
766 3346 953 3439 septimanas:
984 3350 1039 3408 sed
1068 3352 1131 3415 illis
1157 3356 1239 3417 couti-

112 3447 224 3504 „uuum
244 3438 307 3485 erat
328 3426 482 3499 ieiunium,
508 3438 629 3506 excepto
650 3426 697 3485 die
718 3423 876 3485 Dominico
895 3436 925 3485 et
945 3424 1097 3489 Sabbato.
1145 3432 1239 3514 lllyrici

111 3514 163 3581 „et
180 3501 290 3563 Graeci
310 3522 369 3576 sex,
388 3502 435 3560 alii
454 3514 582 3592 septem:
603 3504 653 3563 sed
673 3504 812 3562 ieiunium
833 3522 886 3635 per
904 3500 1072 3566 interuallo.
1115 3508 1181 3569 Nec
1198 3508 1240 3569 mi·
1279 3516 1282 3521 '

111 3600 187 3656 „nus
207 3582 236 3639 in
258 3578 390 3639 ciborum
412 3578 577 3638 discrimine
597 3580 786 3652 dissidebant,
818 3578 865 3637 aii
888 3579 1007 3637 nonnisi
1029 3603 1110 3659 pane
1133 3598 1165 3646 et
1181 3604 1241 3665 aqut
1283 3628 1288 3657 ς

111 3655 344 3736 „vescebantur,
362 3655 412 3714 alii
430 3655 577 3715 addebant
592 3657 671 3718 olera
694 3657 833 3736 piscibus:
855 3655 920 3731 alii,
948 3669 978 3715 et
998 3658 1175 3724 volatilibus
1192 3682 1242 3723 uos

111 3733 345 3812 ,‚abborrebaut:
378 3732 425 3791 alii
452 3732 563 3792 nullutn
589 3733 736 3794 habebant
767 3735 795 3792 iu
823 3732 896 3791 cibis
921 3732 1120 3797 discrimen.“
1160 3740 1242 3799 Huius

113 3810 203 3902 etiam
222 3807 409 3871 differentiae
429 3812 561 3870 meminit
580 3812 776 3893 Augustinus,
807 3809 972 3892 posteriore
998 3814 1131 3891 epistola
1151 3818 1187 3876 ad
1205 3817 1241 3875 la

112 3908 255 3949 nuarrum.

180 4138 208 4206 ⁸)
227 4136 268 4190 Cl.
286 4136 463 4211 Chrysostomi
486 4140 576 4193 homil.
592 4143 640 4193 sub
662 4142 764 4194 initium
789 4141 1026 4209 Quadragesimae‚
1053 4148 1102 4201 ubi
1127 4148 1246 4203 ieiunium

110 4206 186 4271 illud,
202 4205 357 4261 Ruosdium
374 4207 519 4261 animarum
538 4222 563 4263 et
579 4210 737 4265 ablutionem
755 4230 805 4285 pro
823 4210 934 4280 peccat'u
950 4214 1084 4268 nominat.
