2700 4732
485 202 561 313 bill.
581 204 638 264 lll.
679 202 768 264 CAP.
790 204 885 264 xvtt.
1215 210 1255 270 53

106 346 208 431 geoda
220 342 318 426 qualia
334 346 381 406 isti
401 346 573 426 praedicant
588 350 694 409 merita
705 349 870 410 contendo:
891 347 1136 428 quemadmodum
1152 360 1253 427 postea

107 423 284 488 videbimus.
327 422 485 483 Postremo
505 445 602 505 neque
624 426 688 486 usui
708 445 771 487 esse
792 427 846 485 nisi
867 425 1001 487 doctrina
1021 424 1070 483 illa
1112 444 1251 484 racoecu-

106 500 239 595 paverit,
264 497 342 559 Solo'
362 498 473 560 Christi
497 503 624 577 merito,
648 503 729 581 quod
749 503 908 583 perfidem
929 444 1176 580 appreheniitur,
1196 522 1251 562 nos
1315 508 1321 519 “

106 574 277 650 rustibcari,
305 575 393 635 uullis
417 589 515 636 autem
536 597 659 657 operum
680 591 851 639 nostrorum
870 578 996 638 meritis:
1027 579 1096 656 quia
1122 578 1195 635 nulli
1214 577 1250 638 ad

106 652 270 717 sanctitatis
288 651 415 712 studium
435 655 495 732 apti
516 674 578 714 esse
599 668 732 735 possunt,
752 656 806 715 nisi
826 655 876 735 qui
889 656 1052 714 doctrinam
1073 655 1147 713 banc
1168 655 1249 732 prius

104 728 291 793 imbiberint.
331 729 424 803 Quod
444 742 474 788 et
494 730 642 810 Propheta
662 733 765 812 pulcre
790 733 902 804 innuit,
929 731 996 790 dum
1022 731 1065 790 sic
1089 731 1188 789 Deum
1208 730 1250 789 al-

105 806 244 887 loquitur
260 804 326 884 (rs.
347 811 416 879 130,
434 808 494 880 l·):
526 808 638 887 „Apud
662 821 693 868 te
713 822 757 869 est
777 809 966 889 propitiatio,
984 807 1132 878 Domine,
1157 819 1190 867 ut
1209 808 1249 867 ti·

105 882 252 945 mearis:“
283 880 392 944 nullam
417 882 495 942 enim
523 904 585 944 esse
604 885 663 945 Del
687 885 799 945 cultum
824 885 955 945 ostendit
979 884 1035 943 nisi
1061 886 1160 966 agnita
1188 885 1249 944 eius

106 958 325 1035 misericordia,
344 978 403 1038 qua
413 958 476 1019 sola
490 971 520 1020 et
539 960 718 1021 fundaturet
735 962 889 1022 stabilitur.
930 960 1021 1035 Quod
1042 962 1174 1041 apprime
1194 981 1251 1020 no-

105 1047 174 1097 tatu
193 1035 223 1094 di
245 1056 314 1094 num
336 1046 389 1107 est,
408 1048 443 1094 ut
459 1039 582 1098 sciamus
603 1059 664 1097 non
680 1039 770 1098 modo
792 1037 965 1117 principium
980 1036 1037 1095 Dei
1056 1039 1112 1097 rite
1132 1036 1250 1098 colendi

107 1132 176 1175 esre
195 1055 331 1173 biaciam
351 1112 570 1172 misericordiae
591 1115 666 1187 eius,
692 1117 742 1174 sed
768 1116 904 1174 timorem
924 1115 982 1173 Dei
1001 1119 1104 1192 (quem
1124 1115 1249 1173 merito-

105 1188 187 1251 rium
208 1208 270 1249 esse
289 1188 394 1247 roluut
412 1189 564 1269 Papistae)
590 1190 659 1250 ideo
680 1212 740 1251 noo
761 1211 848 1270 posse
868 1189 965 1250 rueriti
985 1191 1105 1250 nomine
1125 1192 1248 1266 censeri,

106 1266 178 1349 qnia
197 1264 333 1325 fundatus
353 1275 397 1325 est
415 1264 448 1324 iu
468 1277 656 1346 peccatorum
675 1269 759 1328 venia
781 1281 810 1326 et
830 1268 1011 1327 remissione.

186 1349 217 1407 4.
255 1341 362 1423 Longe
380 1360 452 1402 vero
483 1342 648 1402 fertilissima
674 1343 834 1411 calumnia,
863 1343 980 1403 invitari
1005 1343 1041 1404 ad
1067 1344 1248 1424 peccandum

103 1418 255 1491 homines,
275 1439 364 1498 quurn
376 1418 531 1500 gratuitam
550 1430 739 1552 peecatorum
760 1421 973 1494 remissionem,
993 1420 1023 1479 in
1044 1442 1101 1500 qua
1120 1420 1249 1482 colloca·

103 1506 171 1559 tam
196 1495 320 1556 dicimus
350 1495 502 1570 iustitiam,
531 1497 716 1559 afirmamus.
755 1498 846 1556 Tanti
873 1497 951 1556 eninr
973 1516 1036 1557 esse
1062 1497 1197 1571 dicimus¹
1215 1509 1250 1559 ut

105 1572 195 1633 nullo
214 1587 320 1633 nostro
341 1570 423 1632 bono
443 1574 560 1651 pensari
579 1574 687 1653 possit:
709 1572 836 1653 ideoque
856 1592 1005 1653 nunquam
1026 1575 1250 1653 impetrandum,

106 1650 167 1711 niti
184 1648 312 1743 gratuita
331 1648 420 1709 soret.
472 1647 570 1708 Porro
592 1649 677 1710 nobis
698 1650 814 1730 quidem
840 1670 903 1711 esse
927 1651 1099 1731 gratuitam,
1127 1651 1247 1712 Christo

107 1746 175 1789 non
191 1738 281 1800 rtem,
309 1725 358 1785 eui
376 1736 435 1784 tam
455 1746 564 1807 magno
585 1728 730 1787 constitit:
760 1747 868 1807 nempe
893 1748 947 1786 suo
967 1727 1159 1787 sacratissimo
1179 1748 1247 1788 san·

153 1802 164 1819 ⁸
201 1845 212 1878 ,
232 1812 311 1862 extra
331 1822 419 1879 quem
439 1800 551 1860 nullum
572 1805 638 1863 satis
660 1804 780 1883 dignum
800 1804 928 1883 pretium
949 1802 1184 1883 fuitmuodDei
1203 1804 1248 1863 iu-

107 1821 201 1943 Η
208 1879 381 1940 solveretur.
433 1879 514 1938 llaec
535 1901 624 1958 quum
645 1880 791 1940 docentur
811 1880 959 1954 homines,
978 1881 1175 1940 admonentur
1193 1900 1248 1960 per

106 1958 192 2039 ipsos
210 1976 272 2016 non
292 1966 381 2031 stare,
401 1957 557 2035 quominus
577 1957 665 2018 toties
685 1958 889 2018 sacratissimus
909 1956 959 2016 ille
977 1957 1094 2039 sanguis
1115 1956 1249 2019 effunda-

106 2042 172 2109 tur,
191 2032 308 2112 quoties
328 2044 461 2111 peccant.
499 2034 545 2092 dd
566 2032 640 2107 hoc,
664 2034 786 2095 dicimus
807 2054 869 2093 eam
891 2053 953 2094 esse
972 2044 1102 2095 nostram
1123 2032 1251 2094 foedita-

105 2123 189 2186 tem,
221 2128 297 2190 quae
317 2110 372 2169 nisi
397 2107 482 2168 buius
506 2111 650 2189 purissimi
674 2111 822 2191 sanguinis
841 2111 926 2170 sonte
950 2132 1098 2191 nunquam
1124 2108 1247 2171 eluatur.

105 2188 194 2249 Haec
213 2185 415 2266 quiaudiunt,
434 2206 533 2245 annon
555 2187 695 2247 maiorem
708 2187 818 2247 debent
830 2188 988 2266 concipere
1009 2188 1162 2249 horrorem
1176 2207 1248 2268 pee-

106 2266 183 2340 cati,
223 2283 288 2321 uam
308 2262 332 2322 si
346 2262 501 2322 bonorum
522 2283 646 2342 opernm
666 2285 695 2323 as
719 2266 834 2324 ersione
854 2262 983 2345 abstergi
1004 2264 1169 2325 diceretur?
1208 2264 1249 2325 Et

105 2283 220 2433 siqui]
231 2340 289 2399 Dei
309 2338 429 2411 babent,
449 2340 600 2418 quomodo
621 2361 683 2400 non
697 2284 845 2400 borreaut
864 2340 955 2399 semel
974 2340 1128 2420 purilicati,
1149 2341 1248 2401 denuo

105 2438 141 2481 rc
159 2438 191 2479 ur
211 2416 305 2476 lutum
324 2417 510 2496 provolvere,
531 2437 591 2495 quo
611 2416 695 2477 buius
711 2417 802 2478 fontis
843 2418 989 2490 uritatem,
1008 2429 1148 2498 quantum
1167 2418 1198 2477 in
1217 2435 1250 2477 se

108 2506 173 2568 est,
199 2492 380 2553 conturbent
408 2504 439 2551 et
462 2493 609 2556 inliciant?
656 2494 749 2570 „Lavi
770 2515 806 2574 pe
830 2515 859 2554 es
890 2500 993 2555 meos“
1023 2494 1136 2587 (inquit
1155 2492 1248 2554 fidelis

108 2573 207 2632 anima
227 2569 303 2649 apud
315 2568 505 2629 Salomonem
518 2570 605 2629 (iant.
625 2577 654 2644 5,
673 2572 731 2644 3.):
750 2570 924 2649 „quomodo
945 2593 1058 2633 rursum
1085 2569 1247 2651 inquinabo
1278 2642 1283 2649 ,

108 2646 219 2709 illos?“
257 2647 344 2705 Nunc
363 2645 459 2723 palam
481 2658 525 2705 est
544 2648 612 2705 utri·
624 2661 654 2707 et
673 2642 807 2708 viliorem
834 2660 1023 2727 peecatorum
1043 2649 1245 2708 remissionem

109 2724 289 2796 sociantstet
313 2724 439 2781 iustitiae
465 2722 635 2803 dignitatem
668 2726 759 2807 magis
780 2725 966 2803 prostituant.
1006 2724 1054 2783 llli
1074 2726 1171 2784 Deum
1192 2723 1245 2782 iri-

108 2799 186 2861 volis
205 2798 261 2859 suis
279 2797 541 2872 satisfactionibus,
574 2800 630 2859 boc
652 2814 710 2874 est,
735 2800 929 2873 stercoribus,
954 2800 1063 2880 placari
1082 2812 1245 2881 nuganture

110 2896 169 2936 nos
188 2876 354 2957 graviorem
374 2877 525 2934 asserimus
545 2895 608 2936 esse
628 2878 740 2956 peccati
761 2898 876 2950 noxam,
896 2898 981 2955 quam
1003 2897 1076 2956 quae
1095 2889 1153 2936 tam
1174 2876 1245 2934 levi-

109 2954 166 3013 bus
187 2951 271 3034 uugis
291 2953 436 3032 expietur:
458 2955 621 3031 graviorem
643 2955 699 3011 Dei
720 2952 875 3027 offensam,
895 2974 982 3032 quam
1002 2974 1076 3033 quae
1095 2953 1140 3013 lris
1161 2951 1246 3011 nihili

108 3028 357 3092 satisfactionibus
384 3030 561 3088 remittatur:
593 3031 720 3109 proinde
750 3028 825 3088 banc
848 3029 936 3090 solius
962 3030 1111 3109 sanguinis
1136 3028 1247 3090 Christi

109 3110 343 3188 praerogativam
365 3126 436 3165 esse.
475 3106 521 3164 llli
542 3108 688 3180 iustitiam,
708 3106 801 3167 sicubi
822 3106 951 3182 debriat,
971 3106 1125 3167 instaurari
1144 3106 1246 3166 dicunt

110 3204 144 3245 ae
164 3183 293 3263 reparari
314 3183 513 3242 satisfactoriis
539 3185 692 3262 operibus:
715 3205 769 3242 nos
789 3183 996 3262 pretiosiorem
1019 3204 1080 3243 esse
1100 3194 1245 3264 putamus,

108 3282 198 3341 quam
218 3272 252 3320 ut
270 3261 387 3339 aequari
414 3259 471 3318 ulla
492 3279 614 3338 operum
634 3259 874 3339 compensatione
895 3273 996 3339 queat:
1018 3261 1085 3322 ideo
1106 3273 1138 3320 ut
1158 3260 1243 3320 resti-

106 3350 223 3412 tuatur,
252 3338 288 3397 ad
308 3337 399 3396 solam
420 3337 475 3395 Dei
501 3337 727 3396 misericordiam
749 3335 979 3416 corrl'ugiendum
999 3358 1070 3399 esse.
1120 3338 1245 3399 Caetera

108 3437 184 3495 quae
215 3413 252 3474 ad
282 3427 471 3495 peccatorum
504 3414 705 3476 remissionem
733 3414 902 3499 pertinent,
932 3435 967 3474 ex
991 3415 1085 3499 capite
1110 3415 1244 3497 proximo

107 3502 258 3572 petantur.

473 3765 501 3834 C
527 3766 558 3835 Α
583 3766 613 3835 Ρ
639 3765 673 3836 U
700 3764 734 3835 'l'
783 3763 894 3837 XVII.

197 3932 488 3995 Promissionum
511 3934 623 4017 Legis
650 3945 686 3995 et
709 3934 908 4017 Evangelii
933 3930 1168 3993 conciliatio..

178 4087 269 4140 Partes
287 4086 363 4143 buius
381 4088 487 4159 Capitis,
503 4088 531 4142 in
549 4089 643 4159 quibus
652 4089 834 4160 sophistarum
851 4087 913 4142 lidci
928 4085 1134 4141 iustitenionem
1143 4082 1248 4137 diruere

110 4188 156 4229 aut
174 4174 291 4226 deterere
317 4173 477 4226 studentium
502 4189 653 4238 argumenta
679 4188 834 4227 revocantur
858 4174 891 4225 ad
918 4173 982 4226 eluat
1009 4172 1113 4234 classes,
1137 4188 1250 4240 quarunt

110 4256 187 4327 prior
204 4271 242 4311 est
263 4258 404 4325 generalis,
429 4258 559 4329 posterior
582 4260 716 4332 specialis,
743 4272 769 4313 et
784 4259 914 4330 quaedam
937 4268 1088 4325 argumenta
1108 4251 1249 4327 praecipua

113 4341 238 4396 mutiret.
