2700 4732
29 120 39 149 Χ
52 114 56 127 .

43 158 122 221 'ffl
452 156 529 218 ulo.
550 156 606 217 111.
646 156 735 218 CAP.
756 156 808 217 tv.

65 297 125 359 Dei
145 297 312 361 aestimant:
338 311 370 361 et
394 321 496 381 pamm
517 312 668 381 reputant,
687 313 795 381 quanta
816 302 853 362 sit
874 301 987 383 peccati
1011 300 1155 383 gravitas,
1178 313 1214 363 ut

66 374 138 435 alibi
158 375 296 437 dicemus.
334 378 377 439 Et
395 390 428 439 ut
447 379 515 459 ipsis
535 380 743 453 concedamus,
762 392 882 458 peccata
903 379 1017 457 aliquot
1035 380 1110 437 insta
1126 378 1214 439 satis-

67 450 198 513 factione
219 454 380 530 redimere,
405 456 476 535 quid
496 467 595 515 tamen
615 456 728 515 sacient
748 456 797 516 ubi
817 468 865 515 tot
885 457 1011 534 peccatis
1031 454 1214 529 obruuntur,

66 548 194 610 quorum
214 530 460 593 satisfactionibus
480 553 536 592 nec
553 544 672 592 centum
695 535 779 605 ritae,
800 532 848 599 vel
866 535 889 592 si
912 543 992 591 totae
1013 533 1042 591 in
1064 535 1122 591 boc
1141 532 1214 606 sint,

67 604 205 666 sulficere
226 608 352 685 queant?
399 609 484 668 Adde
505 608 585 689 quod
611 608 669 669 loci
693 630 807 683 omnes,
827 610 932 687 quibus
948 610 1085 668 asseritur
1105 628 1211 688 pecca·

67 693 167 742 torum
188 684 338 761 remissio,
358 706 420 744 non
441 687 476 745 ad
497 685 723 746 catechumenos
745 687 910 765 pertinent,
931 686 981 746 sed
1003 686 1039 744 ad
1059 706 1091 746 re
1114 686 1216 745 enitos

67 748 251 835 Deifilios,¹
273 774 303 821 et
334 763 385 842 qui
410 763 440 821 in
461 763 600 822 ecclesiae
625 763 693 821 sinu
714 762 834 821 suerunt
855 763 903 822 diu
924 762 1036 823 nutriti.
1085 704 1215 843 Cegatio

67 833 130 911 illa,
169 856 236 895 uam
248 848 305 897 tam
324 837 478 931 splendide
498 838 610 898 extollit
629 838 738 899 Paulus
759 840 812 914 (ΙΙ.
825 839 897 899 Cor.
914 841 1032 915 5,20.)=
1052 837 1214 914 „Obsecro

68 931 121 973 vos
183 908 245 972 risti
265 934 396 987 nomine,
415 914 649 975 reconciliamini
664 916 730 975 Deo
739 920 769 974 :“
791 937 851 975 non
873 918 908 975 ad
930 929 1046 976 exteros
1065 913 1216 997 dirigitur,

69 988 122 1049 aed
141 989 177 1049 ad
198 1008 250 1050 eos
270 992 320 1071 qui
362 992 455 1050 ridem
475 993 602 1072 regeniti
623 992 750 1051 suerunt.
788 993 880 1071 Atqui
894 992 1150 1053 satisfactionibus·
1164 1013 1216 1052 va-

69 1064 134 1125 lere
153 1065 252 1139 iussis,
272 1068 308 1127 ad
328 1012 441 1129 Christi
462 1090 578 1128 crucem
601 1088 651 1128 eos
670 1068 796 1147 ablegat.
846 1070 896 1129 Sic
917 1090 1005 1148 quum
1025 1068 1129 1129 scribit
1149 1068 1216 1129 Co·

69 1140 475 1232 lossensibus-<Col.1,20.),
497 1144 645 1205 Christum
667 1146 832 1224 pacificasse
853 1167 906 1225 per
925 1147 1096 1227 sanguinem
1108 1146 1219 1223 qrucis,

70 1238 145 1300 quac
164 1230 281 1279 suntin
302 1221 389 1282 coelo
409 1222 456 1281 vel
475 1221 505 1281 in
526 1234 620 1294 terra,
641 1242 702 1281 non
724 1223 873 1303 restringit
895 1224 951 1281 boc
970 1222 1218 1295 admonentem,

70 1314 130 1431 quo
152 1294 311 1374 recipimur
330 1300 360 1357 in
383 1298 543 1371 ecclesiam,
563 1298 614 1358 scd
635 1297 671 1356 ad
691 1310 786 1357 totum
807 1321 923 1358 cursum
942 1298 1079 1357 extendit
1119 1298 1217 1371 Quod

85 1368 158 1431 acile
179 1392 212 1430 ex
232 1386 372 1434 contextu
396 1386 495 1453 patet,
526 1375 576 1433 ubi
605 1375 676 1434 dicit
707 1374 807 1435 fideles
838 1374 946 1435 babere
977 1373 1218 1455 redemptionem
1264 1428 1266 1437 .

71 1467 126 1529 per
144 1450 317 1586 sanguinem
339 1451 466 1524 Christi,
499 1462 605 1530 nempe
631 1451 833 1510 remissionem
859 1463 1057 1532 peccatorum.
1109 1450 1219 1524 Quan-

72 1543 159 1605 quam
180 1526 278 1606 pu'res
307 1528 391 1590 locos
423 1547 588 1610 congerere
618 1547 831 1608 supervacuum
853 1541 908 1603 est,
935 1529 985 1608 qui
1009 1527 1133 1588 subinde
1161 1544 1218 1588 oc·-

72 1615 205 1665 currunt.

148 1685 195 1745 28
236 1681 342 1743 Hicin
364 1680 474 1764 asylum
499 1680 679 1763 confugiunt
704 1681 824 1759 ineptae
849 1680 1060 1755 distinctionis,
1093 1690 1220 1758 peccata

74 1757 216 1835 quaedam
235 1758 361 1819 aaudiat
385 1779 463 1836 esse,
487 1758 628 1838 quaedam
647 1758 797 1823 mortalia:
822 1780 877 1837 pro
906 1756 1076 1816 mortalibus
1096 1775 1219 1837 gravem

73 1832 305 1895 satisfactionem
325 1836 440 1896 deberi:
469 1835 592 1894 venialia
618 1835 800 1903 ¹facilioribus
821 1835 956 1893 remediis
978 1834 1113 1915 purgari,
1145 1854 1220 1893 ora-

72 1907 157 1970 tione
177 1913 349 1985 Dominica,
381 1933 473 1992 aquae
494 1911 669 1971 benedictae
689 1911 874 1992 aspersione,
894 1911 1081 1970 absolutione
1101 1909 1220 1969 blissae.

73 1984 126 2047 stc
146 2008 212 2048 cum
231 1989 298 2049 Deo
319 1989 425 2049 ludunt
445 2000 474 2048 et
494 1989 642 2067 ineptiunt
653 1989 697 2066 s),
738 1990 838 2063 Quum
859 1998 957 2047 tamen
978 1986 1090 2046 assidue
1109 2006 1220 2066 pecca-

72 2071 137 2123 tum
156 2064 271 2125 veniale
291 2078 321 2125 et
339 2064 465 2126 mortale
485 2066 515 2124 in
536 2086 590 2124 ore
610 2065 746 2137 babeant,
766 2065 897 2125 nondum
918 2064 1041 2123 alterum
1062 2062 1099 2123 ab
1120 2061 1219 2125 altero

74 2138 242 2203 discernere
262 2154 434 2221 potuerunt,
454 2142 509 2202 nisi
525 2142 604 2220 quod
626 2141 806 2221 impietatem
828 2152 857 2200 ct
876 2141 1088 2199 immunditiem
1108 2139 1219 2215 cordis,

73 2229 225 2306 peccatum
246 2219 360 2278 veniale
381 2218 499 2278 iaciunt.
539 2221 600 2278 Nos
620 2230 718 2278 antem
738 2218 836 2297 (quod
857 2218 1011 2297 Scriptura
1032 2216 1099 2277 iusti
1119 2228 1152 2275 et
1170 2216 1218 2277 in·

21 2298 23 2303 ’
74 2293 143 2353 rusti
162 2295 265 2376 regula
285 2295 388 2373 docet)
409 2295 522 2375 peccati
543 2295 720 2374 stipendium
746 2295 970 2374 pronuntiamus
991 2313 1053 2353 esse
1072 2304 1220 2353 mortem:

77 2379 108 2429 et
126 2371 271 2445 animam,
298 2392 374 2450 quae
394 2372 576 2451 peccaverit,
596 2383 692 2431 morte
713 2371 832 2452 dignam
857 2371 959 2450 (llom.
979 2377 1013 2443 6,
1032 2376 1079 2435 ‘dl-
1107 2368 1221 2435 Eueclr.

75 2448 125 2519 18,
144 2449 216 2523 bb).
256 2448 414 2509 Caeterum
435 2448 565 2508 fidelium
586 2460 706 2526 peecata
726 2448 850 2507 venialia
871 2467 949 2507 esse:
981 2468 1043 2507 non
1085 2447 1221 2523 uianpn

74 2534 203 2583 mortem
222 2537 402 2598 mereantur,
421 2526 472 2585 sed
485 2526 551 2604 quia
563 2524 621 2583 Dei
641 2524 840 2585 misericordia
860 2524 939 2583 nulla
952 2536 996 2583 est
1008 2468 1221 2585 condemnatio

76 2598 124 2673 iis,
143 2601 194 2679 qui
213 2613 282 2661 sunt
306 2602 337 2659 in
359 2601 479 2662 Christo
500 2602 567 2661 Iesu
588 2602 690 2679 (Rom.
710 2603 820 2676 8‚1.):
842 2602 908 2679 quia
935 2622 996 2659 non
1025 2602 1221 2679 imputantur,

77 2676 145 2755 quia
165 2680 249 2738 venia
270 2678 414 2746 delentur.
459 2680 530 2738 Scio
557 2700 644 2758 quam
671 2679 771 2756 inique
798 2678 958 2736 doctrinam
986 2678 1058 2736 banc
1086 2686 1223 2737 nostram

77 2752 434 2815 calumnienturrdicunt
453 2756 530 2814 enim
553 2755 730 2834 paradoxum
751 2775 813 2813 esse
827 2754 999 2814 Stoicorum
1021 2755 1057 2811 de
1077 2764 1221 2833 peecato-

77 2851 143 2890 rum
163 2832 353 2912 aequalitates
373 2833 426 2893 sed
445 2853 499 2892 sno
517 2833 648 2911 ipsorum
669 2852 722 2891 ore
744 2831 825 2890 nullo
847 2831 968 2912 negotio
991 2832 1221 2891 convincentur.

79 2907 201 3044 (quaero
222 2909 316 2983 enim,
337 2910 526 2995 aonqninter
545 2930 578 2969 ea
598 2910 659 2989 ipsa
679 2921 809 2989 peccata,
830 2928 904 2987 quae
924 2909 1056 2967 mortalia
1077 2907 1223 2980 fatentur,

76 2985 156 3046 aiud
176 2984 235 3063 alio
255 2988 351 3048 minus
371 2985 550 3068 agnoscant?
598 2986 667 3045 Non
687 2986 777 3066 igitur
818 2986 929 3044 rotinus
957 2985 1106 3063 sequitur,
1138 2984 1224 3061 paria

77 3079 142 3123 esse
165 3077 284 3143 peccata
305 3083 380 3144 quae
405 3064 490 3123 simul
514 3063 650 3124 mortalia
673 3063 740 3122 sint.
786 3008 887 3136 guum
909 3063 1061 3140 Scriptura
1087 3059 1223 3136 definiat,

77 3138 256 3218 stipendium
282 3139 395 3220 peccati
426 3152 551 3199 mortem
584 3160 660 3199 csse:
691 3137 779 3221 Legis
813 3138 1025 3213 obedientiam,
1055 3156 1118 3197 esse
1141 3137 1223 3197 vitae

77 3213 167 3289 viarm
188 3217 458 3298 transgressionem,
479 3228 619 3275 mortem:
640 3216 713 3275 lianc
730 3216 902 3275 sententiam
924 3216 1048 3273 evadere
1068 3235 1129 3274 non
1151 3234 1223 3292 pos·

80 3302 159 3353 sunt.
205 3292 305 3367 Quem
330 3314 403 3385 ergo
423 3293 619 3352 satisfaciendi
644 3292 753 3351 eriitum
778 3292 930 3351 invenient
954 3292 983 3353 ia
1011 3302 1094 3350 tanto
1115 3310 1224 3370 pecca·

77 3378 177 3428 torum
197 3370 333 3429 cumulo?
352 3393 376 3429 sr
397 3371 481 3430 unius
494 3369 553 3428 diei
566 3381 609 3428 est
627 3369 785 3429 satisfactio
806 3369 1029 3447 peccatiunins:
1050 3368 1119 3426 dum
1138 3366 1223 3427 illam

79 3444 275 3520 meditantur,
301 3445 432 3526 pluribus
452 3465 484 3505 se
504 3445 674 3507 involvunt:
701 3446 818 3534 quando
840 3446 915 3505 diem
942 3444 1225 3524 nullumpraeterit

78 3521 250 3583 iustissimus
270 3523 403 3603 quisque,
434 3544 493 3602 quo
514 3528 578 3582 non
597 3521 752 3602 aliquotres
777 3521 899 3582 labatur.
949 3523 996 3580 Ad
1024 3543 1126 3581 eorum
1146 3541 1222 3581 vero

80 3599 296 3662 satisfactiones
317 3599 385 3658 dum
404 3619 436 3659 se
460 3600 632 3681 accingent,
664 3619 841 3669 numerosa„
864 3598 910 3659 vel
940 3601 1038 3679 potius
1065 3598 1224 3657 innumera

80 3675 282 3739 cumulabunt
321 3676 382 3737 lam
403 3676 532 3756 praecisa
551 3687 595 3736 est
613 3675 807 3736 satisfaciendi
823 3675 942 3735 fiducia:
963 3676 1034 3755 quid
1047 3674 1225 3735 morantur?

81 3753 234 3836 quomodo
255 3752 350 3813 adbuc
370 3753 406 3813 dc
426 3752 631 3814 satisfaciendo
652 3754 783 3829 cogitare
804 3754 932 3812 audenti

158 3836 207 3896 29.
248 3830 404 3891 Conantur
423 3830 542 3922 quidem
562 3850 593 3889 se
614 3831 765 3909 expedire:
792 3830 842 3888 sed
862 3850 936 3907 aqua
956 3831 1004 3906 (ut
1025 3828 1144 3905 dicitur)
1164 3827 1224 3888 illis

82 3905 195 3968 haeret.
232 3907 365 3989 Fingunt
390 3907 446 3967 sibi
473 3905 691 3966 distinctionem
707 3927 820 3981 poenae
839 3917 868 3964 et
887 3906 1007 3981 culpor:
1032 3904 1147 3984 culpam
1172 3924 1224 3964 re-

82 3984 159 4044 mitti
178 3983 373 4045 satenturllci
393 3983 607 4043 misericordia:
627 3984 679 4043 sed
699 3984 744 4044 cul
769 4003 783 4042 a
804 3985 931 4055 remissa,
948 4003 1077 4075 poenam
1097 3992 1225 4054 restare,

83 4078 171 4145 quam
191 4061 319 4145 persolvi
330 4061 388 4119 Dei
408 4060 517 4120 iustitia
536 4058 675 4140 postulat.
716 4005 766 4119 Aal
781 4079 897 4138 poenae
916 4064 1005 4141 igitur
1019 4057 1223 4119 remissionem

12 4380 17 4383 ,
63 4352 80 4371 -c
151 4306 467 4378 winetharius
485 4304 926 4379 usucaptiontteot.
