2596 4726
112 175 172 239 eos
502 174 579 243 ure.
598 176 623 236 1.
663 178 753 239 cara
774 177 858 239 x111.
1008 246 1013 271 ¹

111 336 201 376 verax
224 316 286 397 ipsa
314 318 442 380 veritas?
489 320 613 395 Quaero
667 333 815 395 caeterea,
847 321 1036 383 Christumue
1068 322 1254 385 adoraudum

113 406 261 454 censeant.
301 396 336 455 Si
357 396 435 459 enim
456 395 513 457 hoc
532 398 597 459 iure
616 342 671 458 siit
691 399 836 474 vindicat,
857 411 890 458 ut
909 397 1046 458 llectatur
1065 422 1165 460 eoram
1186 401 1254 480 ipso

112 490 202 529 omne
221 490 317 552 genu,
340 473 474 551 sequitur
493 472 576 534 illum
596 496 660 535 esse
678 476 791 551 Deum,
817 476 867 554 qui
892 473 923 533 in
943 475 1024 567 Lege
1043 479 1137 537 vetuit
1156 498 1254 555 quen-

112 568 200 626 quam
218 549 307 608 alium
335 563 453 629 praeter
477 571 508 611 re
528 551 653 611 adorari.
704 550 752 610 De
776 551 841 612 solo
863 552 952 610 Patre
976 573 1002 613 si
1028 553 1120 632 accipi
1146 553 1255 613 volunt

110 623 193 704 quod
213 624 290 705 apud
310 626 431 687 Iesaiam
452 627 560 687 dicitur
578 629 649 706 (les.
669 634 718 701 dl,
736 629 795 706 6.),
815 630 882 710 Ego
902 650 982 702 sum,
1002 649 1035 687 ac
1056 650 1144 689 nemo
1166 650 1253 708 prae-

110 710 159 760 ter
187 721 251 778 me,
284 701 343 762 hoc
372 703 571 763 testimonium
602 704 631 764 in
658 705 737 783 ipsos
762 718 939 785 retorqueo,
971 706 1090 783 quando
1118 707 1253 767 videmus

111 777 232 839 Christo
258 780 379 845 attribui
399 780 538 872 quicquid
556 781 615 839 Dei
641 793 694 841 est.
743 783 807 842 Nec
833 782 917 843 locus
942 793 986 841 est
1010 802 1113 842 eorum
1134 784 1252 857 cavillo,

110 853 263 915 Christum
281 856 315 916 in
334 877 422 917 carne
442 857 529 917 sursse
550 857 721 929 exaltatum,
744 859 774 917 in
801 881 857 938 qua
882 857 1042 919 exinanitus
1075 860 1187 934 suerat,
1220 871 1253 920 et

109 931 366 1012 carnis-respectu
390 954 479 994 omne
511 934 667 1015 imperium
699 934 741 994 illi
767 935 866 995 datum
896 956 959 994 esse
984 935 1014 994 in
1041 935 1128 996 coelo
1156 949 1187 996 et
1219 935 1251 996 in

107 1019 202 1069 terra:
223 1012 292 1089 quia
311 1012 366 1070 etsi
388 1011 554 1071 extenditur
572 1011 664 1094 Regis
685 1024 715 1071 et
732 1011 841 1073 Iudicis
860 1013 992 1073 maiestas
1013 1011 1049 1071 ad
1069 1010 1171 1073 totam'
1183 1015 1251 1073 Me-

109 1087 232 1149 diatoris
255 1107 428 1168 personam,
459 1089 514 1148 nisi
544 1101 643 1149 tamen
665 1091 746 1149 Deus
772 1090 972 1149 manifestatus
997 1103 1072 1150 esset
1096 1091 1126 1149 in
1148 1111 1250 1165 carne,

107 1184 171 1223 non
196 1165 295 1243 potuit
319 1164 349 1223 in
380 1176 493 1225 tantam
518 1166 702 1227 altitudinem
729 1166 847 1239 extolli,
868 1167 940 1246 quin
962 1167 1042 1226 Deus
1064 1189 1164 1227 secum
1185 1169 1194 1225 i
1217 1189 1250 1227 se

106 1251 264 1319 pugnaret.
311 1241 411 1320 Atque
439 1242 512 1303 hanc
538 1244 769 1304 controversiam
783 1244 901 1322 ⁴optime
921 1241 1028 1303 Paulus
1055 1243 1134 1304 tollit
1155 1190 1249 1322 (Phil.

106 1324 137 1390 2,
154 1323 184 1380 6.
203 1319 258 1396 7.),
277 1318 430 1398 aequalem
448 1320 517 1380 Deo
538 1319 625 1380 luisse
645 1320 766 1394 doceris,
785 1333 942 1400 antequam
962 1342 993 1380 se
1014 1321 1174 1380 exinaniret
1192 1322 1248 1383 sula

106 1392 202 1452 forma
221 1395 306 1454 servi.
345 1394 444 1456 Porro
456 1416 490 1456 ae
514 1395 614 1457 ualitas
633 1397 688 1457 ista
721 1397 851 1458 uomodo
867 1409 968 1470 staret,
988 1398 1042 1456 nisi
1055 1397 1156 1457 fuisset
1166 1400 1249 1460 Deus

105 1468 157 1561 ille
177 1471 258 1531 cuius
277 1492 386 1532 nomen
409 1484 453 1532 est
472 1473 503 1532 la
545 1485 575 1533 et
593 1418 741 1549 Iehovah‚
762 1475 812 1553 qui
833 1474 945 1553 equitat
962 1494 1053 1607 super
1072 1474 1249 1549 Cherubim,

105 1568 157 1627 qm
182 1546 245 1607 Rex
275 1559 321 1609 eat
349 1550 442 1609 totius
465 1561 578 1623 terrae,
611 1562 640 1609 et
664 1550 957 1611 Rex·eaeculorum?
988 1586 993 1597 ·
1018 1572 1063 1609 am
1095 1563 1185 1611 utcun
1210 1572 1247 1613 ue

105 1624 290 1702 obstrepant,
310 1646 371 1685 non
385 1636 485 1706 potest
497 1627 570 1707 eripi
582 1627 703 1689 Christo
724 1628 804 1707 quod
824 1627 896 1686 alibi
914 1627 985 1686 ‹licit
995 1626 1102 1687 Iesaias
1116 1575 1248 1705 (ab),

103 1701 179 1775 llic,
199 1700 247 1761 bie
268 1712 312 1760 est
329 1702 412 1765 Deus
432 1715 549 1778 noster,
569 1705 797 1783 exspectavimus
816 1724 899 1763 eum:
932 1704 1051 1783 quando
1078 1704 1122 1764 his
1149 1705 1247 1765 verbis

104 1777 262 1837 adventum
282 1777 340 1837 Dei
360 1778 568 1860 lledemptoris
594 1780 749 1855 describit,
778 1781 828 1860 qui
859 1801 921 1840 non
950 1781 1041 1840 modo
1073 1780 1111 1840 ab
1143 1782 1246 1842 exsilio

105 1854 291 1935 Babylonico
312 1855 455 1936 populum
487 1858 660 1933 reduceret,
690 1858 742 1919 sed
774 1856 925 1917 ecelesiam
977 1857 1043 1917 lene
1075 1858 1247 1918 restitueret

104 1931 244 1991 omuibus
262 1935 421 2017 numeris..
444 1933 550 1995 Altero
571 1936 658 1995 etiam
679 1933 783 1996 cavillo
804 1934 877 1993 nihil
897 1879 1073 2012 proiciunt,
1095 1933 1247 1995 Christum

102 2004 195 2069 fuisse
214 2008 311 2069 Deum
329 2009 361 2069 in
381 2009 469 2069 Patre
496 2033 560 2072 suo.
604 2013 680 2071 Nam
706 2012 760 2072 etsi
787 2012 912 2075 fatemur
936 2010 1052 2070 ratione
1076 2011 1189 2070 ordinis
1215 2024 1247 2072 et

127 2086 212 2146 radus
231 2086 409 2166 principium
430 2087 588 2148 divinitatis
609 2108 671 2148 csse
691 2089 722 2151 in
741 2087 847 2163 Patre,
867 2085 1041 2146 detestabile
1061 2098 1159 2147 tamen
1181 2108 1246 2147 esse

104 2106 226 2224 dicimus
244 2174 446 2223 commentum
470 2163 558 2239 illud,
589 2164 680 2225 solius
700 2165 796 2224 Patris
820 2165 974 2225 essentIam
999 2183 1063 2223 esse
1082 2165 1246 2244 propriam,

104 2240 188 2322 quasi
206 2237 274 2298 Filii
297 2239 450 2300 deificator
470 2253 560 2300 esset:
587 2242 653 2321 quia
673 2241 731 2301 hoc
750 2240 841 2302 morlo
862 2239 907 2300 vel
929 2238 1079 2319 multiplex
1100 2252 1177 2299 esset
1196 2262 1245 2302 es-

102 2316 215 2389 sentia,
234 2315 281 2375 sel
300 2314 388 2375 titulo
409 2329 440 2376 et
459 2318 671 2399 imaginatione
690 2330 776 2379 tenus
797 2317 946 2399 Christum
967 2338 1003 2397 ap
1027 2317 1116 2376 ellaut
1135 2316 1244 2378 Deum.

104 2395 139 2454 Si
165 2392 332 2453 concedant
351 2392 457 2453 Filium
483 2413 545 2454 esse
565 2394 679 2469 Deum,
708 2394 760 2454 sed
778 2394 942 2454 secundum
962 2415 979 2453 a
998 2338 1106 2453 datie:
1132 2395 1189 2454 iarn
1212 2397 1244 2454 in

102 2472 169 2551 ipso
188 2470 289 2551 genita
309 2481 340 2529 et
361 2468 485 2531 formata
505 2470 562 2530 erit
581 2471 721 2544 essentia,
741 2491 816 2549 quae
837 2482 882 2531 est
901 2471 930 2529 in
952 2470 1040 2530 Patre
1060 2471 1192 2549 ingenita
1212 2483 1243 2530 et

101 2546 248 2608 informis.
288 2534 358 2606 Scio
380 2547 479 2606 multis
504 2547 612 2606 nasutis
633 2546 762 2607 ludibrio
784 2567 856 2619 esse,
877 2548 956 2626 quod
981 2569 1016 2607 ex
1035 2546 1131 2607 verbis
1150 2547 1243 2609 blesis

124 2643 296 2683 ersonarum
315 2623 536 2683 distinctionem
557 2623 704 2699 elicimus,
735 2610 787 2684 ubi
806 2625 904 2683 Deum
928 2626 970 2684 sic
997 2624 1168 2702 loquentem
1195 2625 1241 2683 in-

101 2647 184 2761 ducit
208 2698 301 2777 (Gen.
325 2707 361 2775 1,
386 2702 465 2776 26),
496 2699 648 2761 Faciamus
681 2702 829 2760 bominem
854 2701 889 2759 ad
916 2700 1073 2781 imaginem
1098 2712 1240 2760 nostram.

102 2777 214 2837 Vident
238 2789 335 2835 tamen
361 2777 401 2855 pii
421 2777 669 2858 lectores,'quam
695 2777 801 2859 frigide
830 2789 918 2856 atque
950 2779 1050 2857 inepte
1075 2776 1133 2836 boc
1161 2778 1243 2838 velut

101 2854 284 2932 colloquium
309 2853 464 2915 induceret
487 2855 601 2929 llloses,
631 2854 689 2913 nisi
721 2854 874 2914 subessent
903 2853 933 2914 in
961 2875 1022 2913 uno
1047 2854 1114 2914 Deo
1142 2854 1241 2933 plures

100 2951 255 3013 personae.
294 2930 357 2991 Iam
379 2952 454 3010 qnos
471 2931 632 3011 alloquitur
652 2931 749 3001 Pater,
770 2942 883 2991 certum
905 2943 949 2989 est
968 2930 1055 2990 luisse
1074 2932 1239 2990 increatos:

100 3007 266 3069 nihilvero
286 3007 465 3082 increatum,
496 3020 619 3087 excepto
646 3009 654 3066 i
677 3029 711 3068 so
731 3006 816 3080 lleo,
849 3019 879 3066 et
899 3008 1017 3087 quidem
1042 3027 1112 3064 uno.
1151 3007 1239 3066 Nunc

101 3105 173 3166 ergo
205 3084 261 3143 nisi
291 3084 460 3144 concedant
483 3085 593 3158 Patris,
623 3030 691 3144 Filii
716 3096 746 3144 et
772 3084 897 3163 Spiritus
929 3102 1116 3144 communem
1150 3082 1238 3142 fuisse

82 3160 220 3237 ,creandi
239 3172 426 3241 potestatem,
446 3173 645 3221 eteommune
665 3160 787 3221 iubendi
806 3161 969 3240 imperium,
988 3157 1238 3248 sequeturDeum

100 3259 163 3299 non
183 3237 261 3296 intus
280 3257 379 3296 secum
399 3241 440 3298 ita
459 3237 613 3317 loquutum
627 3258 700 3312 esse,
718 3236 769 3298 sed
790 3237 925 3296 direxisse
943 3236 979 3295 ad
999 3233 1070 3294 alios
1083 3247 1238 3296 extraneos

101 3314 222 3394 opifices
241 3332 417 3375 sermonem.
456 3314 594 3393 Denique
616 3314 698 3375 locus
717 3335 791 3373 unus
812 3313 870 3371 duo
890 3312 975 3372 sixnul
996 3330 1099 3369 eorum
1120 3311 1238 3372 obiecta

100 3390 186 3452 facile
206 3389 348 3470 expediet.
392 3392 467 3451 Nam
488 3391 568 3471 quod
594 3392 767 3471 pronuntiat
788 3388 920 3449 Christus
945 3389 1008 3466 ipsc
1032 3387 1093 3464 (lo.
1113 3395 1148 3461 4,
1167 3394 1238 3463 ιΑ),

100 3468 197 3527 Deum
223 3486 286 3526 esse
311 3467 472 3546 Spiritum,
504 3469 541 3527 ad
567 3467 685 3528 Patrem
716 3465 811 3526 solum
841 3465 978 3546 restrmgi
1005 3477 1237 3524 consentaneum

100 3567 163 3605 non
183 3555 275 3615 esset,
299 3544 357 3603 acsi
378 3546 484 3604 Sermo
511 3546 573 3624 ipse
594 3566 654 3604 non
677 3554 753 3603 esset
771 3541 927 3620 spiritualis
947 3553 1077 3601 naturae.
1118 3540 1237 3615 Quodsi

99 3622 177 3680 Filio
203 3620 339 3679 similiter
364 3633 397 3680 ut
415 3621 498 3681 Patri
523 3623 664 3681 convenit
690 3639 799 3678 nornen
824 3618 967 3696 Spiritus,
999 3617 1053 3677 sub
1081 3617 1235 3677 indefinito

99 3698 158 3757 Dei
177 3698 297 3757 nonxine
309 3696 416 3756 Filium
436 3696 647 3776 comprehendi
666 3694 786 3774 colligo.
825 3694 953 3754 Subiicit
972 3707 1070 3755 tamen
1091 3694 1235 3755 continuo

99 3788 184 3854 post,
204 3795 264 3833 nou
284 3773 357 3834 alios
377 3774 497 3854 probari
522 3772 652 3833 cultores
671 3774 767 3845 Patri,
793 3772 848 3830 nisi
868 3771 918 3850 qui
939 3790 1004 3829 cum
1031 3772 1060 3828 iu
1080 3771 1184 3849 spiritu
1205 3783 1237 3831 et

99 3853 222 3912 veritate
242 3850 381 3910 adorant:
408 3850 486 3911 unde
511 3850 635 3909 alterum
655 3849 860 3928 consequitur,
888 3848 954 3926 quia
975 3847 1027 3907 suh
1051 3849 1146 3926 capite
1168 3849 1235 3905 lun·

97 3930 179 4010 gitur
199 3928 333 3988 Christus
353 3927 453 3988 officio
475 3927 615 3999 doctoris,
634 3926 691 3984 Dei
713 3945 821 3984 nomeu
843 3923 1099 3997 Patr-iascribcrc,
1120 3945 1180 3983 non
1202 3937 1236 3983 ut

98 4004 219 4064 aboleat
235 4025 316 4064 suam
336 4003 427 4082 ipsius
446 4002 596 4075 deitatem,
615 4002 666 4061 sed
686 4013 719 4060 ut
734 4001 874 4081 gradatim
896 4023 949 4060 nos
970 4001 1004 4058 ad
1027 4022 1088 4059 eam
1109 4000 1233 4059 attollat.

174 4086 222 4142 ⁶25.
262 4080 323 4138 Sed
343 4082 371 4138 in
393 4080 555 4139 coscilicet
575 4078 799 4150 hallucinantur,
820 4078 900 4156 quod
921 4077 1067 4136 individua
1087 4079 1235 4137 somniant

120 4177 223 4214 uorum
248 4157 363 4237 singula
386 4166 500 4237 partem
525 4155 683 4215 obtineant
707 4155 858 4215 essentiae.
903 4153 994 4233 Atqui
1019 4174 1053 4212 ex
1073 4153 1234 4231 Scripturis

98 4180 240 4296 doceruur
259 4254 350 4292 unum
363 4230 554 4294 essentialiter
563 4232 661 4295 Deum
681 4252 755 4305 esse,
773 4230 901 4310 ideoque
922 4230 1076 4292 essentiam
1095 4230 1234 4289 tanal'ilii

99 4332 185 4394 quam
204 4309 331 4391 Spiritus
355 4330 418 4374 esse
441 4308 617 4393 ingenitam:
642 4308 694 4372 scd
718 4320 860 4389 quatenus
879 4308 969 4371 Pater
992 4307 1097 4371 ordine
1123 4307 1234 4387 primm
