2700 4732
4 230 10 239 ⁴
102 208 162 269 21⁰
513 194 591 256 Llll.
613 196 676 289 ll'.⁸
709 198 798 257 (IAP.
820 196 861 255 ll.

106 342 230 417 nebcio,
254 342 360 423 quibus
385 338 506 411 ecclesii
532 342 712 402 continetur.
750 342 927 401 Doctrinam
947 343 1090 405 veritatis
1114 342 1250 408 habebant

106 424 138 483 in
154 422 247 501 Lege,
266 421 327 479 eius
347 418 539 478 ministerium
562 440 652 497 penes
672 420 838 479 sacerdotes
858 431 921 479 erat
940 420 1171 502 etl’roplaetas.
1194 422 1250 485 Cir·

107 497 295 565 cumcisionis
315 495 451 577 symbolo
473 496 502 554 in
524 497 700 577 religionem
731 496 938 570 initiabantur,
971 496 1040 557 aliis
1069 502 1248 561 sacramentis

108 574 320 635 exercebantur
340 573 377 633 ad
402 572 471 631 fidei
491 574 754 631 confirmationem.
796 574 866 631 Non
888 574 1012 631 dubium
1061 575 1114 634 uin
1142 598 1206 635 eom

109 656 206 712 terent
228 652 258 710 in
281 670 385 710 eorum
404 650 575 709 societatem
596 649 708 731 elogia,
729 648 834 728 quibus
856 648 1010 709 eeclesiam
1035 651 1050 708 l
1069 653 1188 713 ominus

109 730 234 789 norasit.
273 727 432 806 Postquam
454 726 566 785 deserta
587 725 668 805 Lege
688 726 826 797 Domini,
852 727 1081 803 degenerarunt
1101 730 1141 787 ad
1167 730 1247 790 idolu-

109 804 224 865 latriam
245 816 276 862 et
294 803 548 881 superstitionem,
580 801 628 861 illa
657 803 860 883 praerogativa
886 824 941 879 pro
968 816 1059 883 parte
1081 805 1246 865 exciderunt

112 880 189 957 Quis
210 881 289 939 enim
314 880 390 939 ausit
414 877 554 939 ecclesiae
577 877 693 937 titulum
714 879 748 937 iis
769 879 954 956 praeripere,
975 882 1059 957 apud
1082 902 1161 961 quos
1179 882 1246 943 verbi

110 958 156 1019 sui
175 958 422 1037 praedicationem
444 966 474 1013 et
498 956 705 1035 mysteriorum
731 955 971 1014 observationem
993 959 1146 1035 deposuit
1163 960 1247 1019 Deus?

110 1036 253 1103 Rursum,
288 1033 352 1112 quis
377 1031 451 1090 ausit
476 1050 542 1089 eum
568 1044 685 1090 coetum
710 1031 789 1089 nialla
815 1054 879 1091 etam
901 1037 1085 1111 exceptione
1108 1036 1246 1097 ecclesia·

112 1110 276 1203 appellare.
294 1108 346 1166 ubi
366 1108 490 1166 verbum
510 1108 634 1166 Domini
654 1108 746 1187 palam
768 1119 797 1165 et
817 1109 937 1186 impune
957 1110 1183 1171 conculcatur?
1208 1112 1246 1171 uli

113 1207 174 1245 etus
194 1183 386 1303 miuiqterium
415 1185 589 1265 praecipuus
614 1205 736 1258 nervus,
766 1196 854 1263 atque
878 1184 954 1244 adeo
980 1186 1087 1246 anima
1110 1188 1246 1261 cccles'ue,

135 1264 143 1278 '
173 1262 181 1319 i
205 1273 282 1321 attur.
315 1280 319 1291 ¹
383 1280 386 1289 ·
516 1280 519 1287 ·

113 1262 170 1325 dm
184 1278 217 1397 it.
258 1336 340 1413 Quid
361 1336 453 1419 ergo?
473 1336 558 1413 (dicit
578 1338 733 1417 quispiam)
752 1336 871 1396 nullane
888 1338 981 1430 igitur
1001 1340 1127 1421 reliqua
1148 1354 1209 1401 erat
1224 1340 1245 1400 ia

114 1414 228 1474 ludaeis
249 1414 389 1475 ecelesiae
408 1414 561 1494 particula,
583 1434 616 1471 ex
627 1436 686 1504 quo
706 1415 741 1471 ad
761 1414 959 1473 idololatriam
980 1416 1187 1479 delerenant?
1203 1420 1247 1477 Fa·

114 1492 180 1553 rilis
196 1504 241 1551 est
259 1491 421 1570 responsio.
465 1491 594 1548 Primum
615 1491 682 1550 dico
708 1491 739 1551 in
766 1492 824 1569 ipsa
846 1490 1019 1551 delectione
1041 1492 1137 1555 baisse
1155 1498 1247 1577 gradu

115 1568 268 1649 quosdam:
290 1588 387 1646 neque
408 1567 486 1625 enim
508 1567 637 1626 dicemus
657 1568 781 1626 eundem
804 1566 890 1625 luisse
910 1568 1027 1701 lapsum
1050 1570 1149 1631 ludac
1170 1584 1198 1631 et
1214 1572 1247 1633 lt·

113 1645 214 1718 raelis,
242 1666 301 1724 quo
326 1646 451 1723 primum
476 1655 611 1722 tempore
637 1655 762 1723 uterque
788 1664 804 1701 a
829 1664 904 1721 puro
947 1645 989 1703 lei
1018 1646 1108 1706 cultu
1136 1648 1247 1709 dellexit.

112 1720 266 1781 larubeam
288 1720 468 1779 cumvitulos
488 1719 645 1778 fabricaret
662 1732 765 1779 eontra
785 1732 913 1798 apertam
926 1721 984 1779 Dei
1008 1724 1248 1801 prohibitionem

114 1810 145 1857 et
163 1798 329 1858 adorationi
350 1797 446 1856 locum
467 1816 528 1855 non
548 1795 659 1855 licitum
672 1797 830 1871 dedicaret,
851 1797 1030 1879 religionem
1052 1822 1181 1879 prorsus
1193 1822 1247 1863 cor·

67 1894 72 1901 ·
113 1874 204 1953 rupit.
243 1873 342 1933 ludaei
363 1873 442 1952 prius
462 1891 493 1933 se
512 1873 607 1951 impiis
627 1872 759 1932 anoribus
780 1884 810 1931 et
829 1874 1045 1951 superstitiosis
1062 1878 1246 1957 opinionibus

115 1951 320 2029 inquinarunt,
351 1970 437 2027 quam
469 1961 574 2007 statum
600 1949 629 2007 in
657 1961 773 2007 externa
799 1948 951 2027 religionis
977 1950 1081 2012 forma
1105 1974 1245 2036 perperat!

112 2039 269 2087 mutarent.
309 2026 485 2106 Quanquam
511 2026 590 2083 enim
615 2025 669 2084 sub
688 2024 862 2095 ,llebabeam
887 2025 990 2085 multas
1022 2030 1084 2089 iam
1108 2052 1245 2111 perversas

113 2105 296 2162 ceremonias
315 2103 365 2161 vul
389 2124 406 2162 ο
427 2103 483 2162 sibi
503 2104 678 2173 asciverant,
705 2103 773 2180 quia
792 2114 891 2161 tamen
912 2104 1142 2185 Hierosolymis
1160 2126 1244 2168 mane·

114 2178 186 2237 bant
208 2192 237 2238 et
258 2178 344 2261 Legis
364 2123 497 2239 doctrina
519 2191 548 2237 et
567 2179 779 2251 sacerdotium,
799 2189 829 2237 et
848 2179 921 2237 ritus
942 2180 1049 2257 quales
1069 2184 1159 2245 Deus
1178 2184 1243 2245 insti-

112 2266 225 2327 tuerat,
249 2255 397 2316 habebant
421 2255 479 2313 illic
505 2255 546 2335 pii
569 2254 755 2314 tolerabilem
781 2253 919 2314 eeclesiae
938 2269 1062 2317 statum.
1105 2261 1196 2341 Apud
1212 2260 1244 2321 ls-

113 2331 246 2405 raelitas,
265 2351 358 2411 usque
377 2331 411 2389 ad
434 2350 555 2412 regnum
577 2332 680 2391 Aebab
706 2352 751 2390 res
771 2331 892 2389 minime
912 2331 940 2389 io
961 2334 1074 2395 melius
1097 2340 1244 2409 restitutae

112 2419 184 2465 trane
203 2412 274 2466 vero
295 2408 381 2465 etiam
402 2408 432 2466 in
453 2409 580 2466 deterius
599 2409 752 2487 prolapsae
772 2419 847 2466 sunt.
894 2407 956 2482 Qui
977 2424 1092 2487 postea
1114 2432 1242 2475 succret-

113 2494 193 2557 runt,
212 2505 244 2542 us
268 2503 303 2541 ue
323 2484 358 2541 ad
380 2484 529 2543 interitum
549 2485 645 2563 regui,
664 2485 768 2562 partim
783 2489 842 2543 eius
863 2484 983 2543 fuerumt
1004 2488 1137 2563 similes,
1157 2492 1241 2571 partin

112 2560 218 2639 (quum
237 2505 386 2637 aliquanto
406 2560 541 2619 meliores
562 2579 623 2618 esse
635 2561 759 2637 vellent)
780 2561 940 2640 exemplum
954 2561 1126 2625 larobeam
1146 2564 1241 2647 sequuti

113 2646 191 2707 strat,
211 2656 313 2695 omnes
332 2648 427 2695 autem
449 2637 483 2694 ad
504 2658 593 2695 rsuram
614 2636 693 2714 impii
714 2649 743 2694 et
763 2637 943 2697 idololatrae.
984 2640 1023 2697 Iu
1039 2643 1241 2703 ludaearariat

113 2711 237 2770 subinde
250 2714 426 2773 mutationes
446 2715 575 2787 suerunt,
596 2714 662 2771 diam
677 2714 724 2773 alii
736 2734 820 2793 reges
832 2714 940 2773 cultum
955 2714 1017 2774 Dei
1034 2717 1121 2779 salsis
1134 2734 1165 2781 et
1178 2741 1240 2781 eon·

113 2789 255 2849 mentitiis
273 2790 526 2869 superstitionibus
547 2802 728 2871 pervertunt,
747 2792 795 2849 alii
816 2791 882 2850 dissi
905 2804 980 2849 atam
1005 2795 1190 2872 religionem
1205 2798 1239 2857 is·

114 2876 259 2926 staurant:
289 2867 384 2926 donec
405 2867 458 2946 ipsi
478 2887 596 2947 quoque
615 2868 782 2927 sacerdotes
802 2812 942 2946 tempium
962 2868 1027 2929 Dei
1048 2874 1188 2951 profanis
1202 2872 1238 2933 ab

114 2943 336 3022 ominaudisque
355 2944 458 3003 ritibus
477 2943 657 3023 polluerunt.
1064 2958 1067 2963 '
1175 2972 1193 3013 ῃ

188 3027 216 3083 9.
254 3020 319 3102 Age
340 3042 428 3094 nunc,
448 3033 559 3101 negent
572 3021 705 3099 Papistae
724 3021 747 3080 si
788 3032 900 3093 ossunt,
919 3033 954 3080 ut
971 3024 1116 3084 suavitia
1137 3024 1238 3087 marin!

113 3107 286 3171 extenuent,
317 3096 469 3178 religionis
500 3109 604 3156 statum
637 3098 677 3156 ita
703 3041 785 3177 apud
810 3118 841 3158 se
865 3110 1040 3177 corruptum
1061 3104 1238 3181 vitiatumqtt

114 3191 187 3243 esse,
206 3184 239 3231 ut
257 3173 313 3232 luit
332 3174 363 3232 in
382 3193 476 3254 reguo
488 3173 648 3233 Israelitieo
668 3176 720 3234 sub
734 3175 895 3234 larobeam.
933 3179 1031 3256 Atqui
1052 3178 1237 3241 idololatrian

112 3247 223 3307 babent
243 3248 427 3309 crassiorem:
453 3269 551 3329 neque
569 3250 599 3307 in
620 3250 767 3321 doctrina,
790 3252 902 3331 guttula
922 3274 978 3310 una
1006 3268 1083 3315 sunt
1106 3257 1236 3351 puriores:

111 3324 168 3383 nisi
187 3324 266 3384 sorte
286 3326 315 3383 in
337 3326 391 3385 bac
411 3346 529 3417 quoque
553 3326 612 3405 ipsa
637 3328 727 3409 magis
746 3328 803 3386 sint
823 3328 936 3417 impuri.
975 3328 1086 3405 Deus,
1108 3356 1171 3395 amo
1188 3352 1238 3413 qn·

111 3421 229 3479 cunque
248 3402 391 3461 mediocri
415 3402 522 3460 audicio
549 3403 673 3481 praediti
693 3415 776 3471 sunt,
799 3403 869 3461 milu
896 3416 983 3463 erunt
1010 3417 1128 3487 testes,
1152 3422 1183 3469 et
1201 3424 1236 3467 ret

113 3476 200 3536 etiam
221 3477 281 3557 ipsa
302 3478 440 3550 declarat,
460 3499 544 3570 quam
566 3478 637 3538 nibil
658 3479 704 3539 bic
723 3479 902 3560 amplificem.
941 3487 1005 3540 lam
1028 3506 1130 3562 quum
1149 3486 1184 3547 srl
1199 3504 1236 3543 rc·

113 3552 218 3614 clesiae
237 3574 305 3613 suae
330 3575 566 3613 communionem
597 3556 715 3635 adigere
746 3579 798 3615 nos
818 3557 936 3631 volunt,
968 3558 1032 3618 duo
1061 3564 1236 3653 postulante

111 3628 213 3689 uobis:
236 3631 372 3710 primum,
392 3643 423 3689 ut
443 3631 595 3711 precibus,
616 3633 761 3712 sacrisque
781 3646 811 3691 et
831 3634 1006 3693 ceremoniis
1027 3658 1092 3697 suus
1114 3638 1237 3699 omuibus

111 3708 376 3768 communicemus:
395 3708 500 3766 deinde
519 3719 552 3765 ut
571 3709 709 3844 quicquid
729 3711 859 3784 honoris,
879 3711 1046 3788 potestatis,
1067 3714 1236 3777 iuristiuie

111 3782 157 3842 nis
190 3783 329 3843 ecclesiae
352 3805 420 3843 suae
445 3785 548 3843 tribuit
590 3786 721 3857 'hristum
750 3787 778 3844 id
804 3787 942 3846 eeclesiae
967 3808 1040 3848 suae
1071 3792 1235 3853 deleranu

12 3920 16 3927 ,
113 3858 204 3933 Quod
223 3859 259 3919 ad
279 3861 401 3940 primum
422 3863 542 3934 attinet,
569 3863 664 3921 fateor
684 3862 844 3940 Prophetas
865 3884 965 3922 omues
992 3866 1047 3943 qui
1069 3866 1235 3947 Hierosoly

109 3936 165 3995 mis
186 3935 319 4010 luerunt,
340 3960 429 4017 quum
451 3959 496 3997 res
516 3938 574 3996 illic
595 3951 691 3997 essent
710 3940 864 3998 admodum
885 3960 970 3997 curru
997 3955 1064 4017 tae,
1087 3966 1147 4007 uec
1164 3962 1235 4007 seor·

109 4032 172 4072 sum
192 4012 377 4088 sacrificasse,
405 4034 459 4073 nec
479 4015 631 4092 separatim
658 4014 790 4075 babuisse
810 4016 845 4075 ab
867 4015 926 4074 aliis
947 3961 993 4075 ad
1006 4022 1159 4081 orandum
1177 4036 1234 4081 cut·

108 4099 165 4148 tus.
204 4089 361 4150 llabebant
382 4091 460 4150 euim
479 4091 537 4149 Dei
556 4093 738 4164 mandatum,
768 4113 827 4183 quo
852 4093 882 4150 in
908 4093 1052 4173 templum
1075 4094 1234 4159 Salomonis

108 4165 267 4225 convenire
291 4165 483 4227 iubebantur:
507 4168 672 4227 sacerdotes
691 4169 851 4242 Leviticos,
876 4190 964 4248 quos,
990 4173 1061 4251 quia
1091 4190 1232 4251 sacroru!

105 4242 250 4303 antistites
274 4243 401 4303 ordinati
425 4258 507 4304 erant
537 4266 552 4305 a
577 4244 726 4322 Domino,
759 4246 882 4305 necdum
911 4245 1057 4326 abdicati,
1092 4264 1230 4331 utcunque

104 4314 219 4399 indigui
237 4338 275 4379 eu
295 4318 410 4382 honore
430 4333 536 4400 essent,
555 4320 652 4382 locum
671 4322 751 4382 illum
770 4323 835 4382 iure
854 4322 948 4385 adhue
966 4335 1078 4389 tenere
1099 4332 1229 4393 noverant
