2700 4732
614 182 750 278 nunt.

149 334 221 389 omui
236 352 266 386 ts
280 348 353 405 parte
364 335 517 417 explicatur,
531 336 664 421 proposita
690 304 794 393 Ostiorii
808 335 1001 409 quinam-olim
1018 338 1048 394 iu
1061 342 1157 396 Vetera
1165 342 1242 397 Euole-

148 402 272 456 orationis
299 403 452 458 [inminere
476 404 602 459 divisione
622 405 666 471 84,
699 400 711 415 ’“

1103 404 1167 465 Ν.
1181 413 1206 468 t.
1220 413 1242 468 t.

721 408 759 460 sia
776 408 869 460 luerint

146 472 190 526 ³⁵.
213 472 372 542 expositione
390 472 427 526 80
442 486 490 528 etr.
508 474 666 527 absolutissi·
690 474 755 529 Otiu
786 475 908 532 hodierni
935 476 1064 533 nuusebi
1129 496 1242 550 antepere

145 557 189 592 ma
210 540 273 593 baec
298 541 381 593 urutiu
410 557 447 594 est
468 542 512 595 48.
536 542 577 595 cui
599 543 665 596 nibil

146 609 307 669 addendum,
323 611 437 678 quamvis
446 630 499 663 non
511 630 611 680 semper
621 613 665 664 iis·

147 678 207 729 dem
230 676 313 730 verbis
335 698 422 742 preces
438 682 542 732 ¹nostras
560 681 634 732 cunei
654 680 663 732 i

134 764 251 798 -neeesse
267 746 300 798 sit
307 746 352 800 49.
369 746 528 817 peculiariter
543 747 599 800 sius
610 701 662 801 ulla

1123 585 1132 602 .
1150 548 1191 604 tt
1206 549 1241 605 tu.

948 688 993 758 Ρ.

723 543 804 598 dediti

145 812 197 866 Dei
220 814 364 867 silentione
383 834 432 883 pro
452 815 529 869 uubis
546 829 572 868 et
587 818 662 870 certis
686 812 929 883 Paedobaptismom
947 816 1054 886 optima
1069 838 1134 871 eum
1155 817 1241 874 Christi

146 881 203 935 aliis
219 882 315 951 precari
337 883 411 948 lieet,
433 883 546 952 quamvis
565 884 661 954 alioqui

144 968 196 1019 pro
206 951 328 1003 omnibus
342 953 476 1009 orandum,
492 952 601 1006 maxime
611 972 659 1021 pro

146 1019 292 1072 domesticis
308 1021 368 1072 srdei
383 1018 429 1074 ³8,
445 1020 488 1080 39,
502 1020 546 1074 41.
564 1040 616 1091 guo
632 1022 660 1074 in

121 1114 124 1119 ·
145 1086 209 1141 locu
226 1087 332 1140 audacia
347 1089 451 1157 petendi
468 1104 493 1141 et
508 1090 601 1142 fiducia
613 1091 661 1141 ub-

145 1156 258 1219 tineudi,
279 1156 354 1226 qas'm
375 1156 505 1210 Dominus
526 1157 579 1212 suis
600 1174 663 1210 eon·

146 1225 226 1286 cedit,
251 1239 387 1278 enarratur.
424 1224 461 1279 Ut
481 1238 566 1278 sutem
582 1227 661 1292 magis

144 1293 179 1343 arl
203 1294 359 1362 precandum
381 1293 556 1359 stimulemur,
582 1310 661 1348 esrtas

144 1360 195 1413 sibi
208 1362 419 1431 quemqusburss
432 1363 587 1416 constituere
597 1382 662 1416 uon·

144 1430 261 1491 duceret,
288 1432 370 1482 modu
398 1431 465 1484 absit
486 1432 660 1499 superstitiosa

143 1516 229 1550 earum
252 1500 397 1551 observatio
414 1498 456 1552 60.
473 1500 519 1551 obi
535 1514 660 1553 monstra-

142 1580 194 1629 tor,
211 1564 295 1618 Deum
313 1567 408 1637 iniquis
425 1568 617 1621 conditionibus
635 1580 661 1619 et

132 1633 339 1688 circumstantiis
355 1656 407 1688 nou
425 1656 479 1689 esse
495 1637 659 1702 alligandum.

142 1701 331 1756 Perseverantia
357 1716 383 1757 et
405 1705 525 1773 patientia
550 1705 660 1757 maxime
683 1706 688 1713 '

141 1770 170 1823 iu
188 1791 292 1853 precum
302 1772 420 1857 exercitio
429 1792 490 1843 pras
502 1774 590 1894 retegis
600 1786 661 1894 spat

142 1859 298 1892 necessariae
590 1875 598 1902 ‚

109 1904 247 1961 Ordinatio
272 1906 446 1962 ministroium
493 1929 528 1961 uu
556 1911 605 1963 ritu
635 1926 660 1963 et

143 1979 247 2048 quando
264 1979 349 2047 peragi
365 1978 457 2032 debeat
472 1979 483 2030 l
508 1977 557 2034 .3.
574 1977 616 2030 16.
635 1994 662 2031 et

414 2046 457 2101 Ν.
473 2047 500 2099 4.
517 2045 542 2107 6,
559 2047 600 2108 10,
617 2047 658 2099 14.

51 2160 55 2167 .
109 2111 185 2166 0rdo
215 2127 242 2167 et
271 2112 411 2168 ministeris
442 2115 571 2169 Ecclesiae
595 2134 660 2183 quae

140 2182 183 2235 Ν.
206 2182 231 2235 a
249 2182 275 2234 1.
309 2182 385 2235 Ordo
403 2183 593 2238 Ecclesiasticus
611 2185 659 2236 Pa-

141 2251 265 2370 pistarom
282 2252 476 2304 Sacramentum
493 2272 548 2306 uon
566 2264 605 2305 est
614 2253 656 2304 Ν.

159 2317 183 2370 9-
196 2318 238 2381 20,
250 2320 294 2373 23.
312 2339 370 2372 cusu
389 2320 439 2372 iarn
457 2321 483 2372 in
500 2334 596 2389 septem
611 2320 659 2372 alia

139 2389 323 2440 sacramentuls
350 2387 481 2440 diviserint
502 2407 531 2439 ac
553 2388 602 2457 ipsi
625 2389 659 2441 ds
691 2447 692 2452 ,

137 2455 660 2524 nnmeropuguaciterdegladieutur,ibid.
688 2476 693 2489 ·

139 2523 243 2575 ordines
264 2537 350 2575 autern
373 2543 448 2585 suos,
471 2538 500 2575 ut
517 2525 658 2590 acoluthus,

140 2592 267 2655 ostiarios,
283 2592 343 2644 item
361 2590 468 2645 lectores
479 2607 504 2644 et
514 2595 659 2655 exorcistas,

124 2658 234 2730 ‘quibus
260 2660 411 2713 ceremoniis
438 2676 587 2713 consecrent
612 2661 656 2715 04.
700 2662 703 2667 ’

138 2743 243 2798 totaque
254 2730 297 2782 illa
313 2728 433 2781 ordinum
443 2729 568 2782 institutio
580 2749 656 2799 quam

139 2804 204 2849 vani
227 2799 274 2862 sit,
292 2800 450 2861 ostenditur,
472 2800 518 2851 nbi
536 2800 567 2851 de
585 2799 657 2850 cleri·

140 2866 190 2918 cali
213 2882 333 2928 tonsura.
355 2867 462 2919 ridicula
485 2867 538 2920 eius
560 2867 658 2930 signifi-

138 2934 251 3000 catione,
273 2952 297 2988 et
313 2937 384 2989 unde
400 2936 523 3000 originem
539 2935 657 2988 tumuerit
693 2972 698 2977 -

126 3003 182 3068 Ἣ,
198 3003 241 3065 26,
258 3003 300 3057 27.
316 3019 365 3056 tres
383 3006 486 3058 ordines
501 3023 589 3056 eornm
600 3024 657 3054 rna-

136 3072 206 3125 iores
227 3092 281 3124 non
304 3072 448 3125 minoribns
470 3087 565 3126 scatent
580 3072 657 3124 sacri-

138 3140 224 3204 legiis,
253 3141 389 3209 praecipue
415 3141 583 3194 sacerdotium
610 3161 654 3193 seu

138 3210 336 3279 presbyterium,
359 3209 417 3278 quia
439 3210 467 3261 in
492 3208 523 3262 eo
545 3209 589 3261 alii
610 3209 656 3260 Sa·

138 3278 253 3328 cerdotes
278 3276 381 3329 Christo
402 3277 479 3329 nnicu
505 3293 528 3329 et
551 3292 655 3329 aeterno

136 3344 269 3397 Sacerdoti
282 3344 500 3410 surroganturifl.
517 3359 542 3396 et
556 3361 584 3395 nt
595 3365 654 3413 per·

137 3433 207 3466 verse
222 3414 247 3464 in
260 3434 347 3466 corum
359 3415 550 3466 consecratione
559 3413 654 3466 Christi

137 3481 294 3535 elllatiuuem
313 3497 434 3551 tauquam
451 3481 540 3536 simiae
552 3482 653 3534 imiten-

136 3564 179 3602 tur
200 3550 245 3603 29.
265 3564 291 3604 et
314 3551 398 3602 ulenm
416 3564 555 3621 usurpent,
582 3552 652 3620 qnod

137 3620 200 3670 dum
218 3620 249 3671 asl
268 3618 378 3671 Aaronis
395 3618 464 3672 lilios
483 3621 609 3684 referunt,
626 3639 654 3671 se

135 3705 151 3737 a
169 3685 272 3740 Cbristu
289 3688 388 3740 iaciunt
409 3702 534 3757 apostatas
551 3688 594 3750 30,
610 3686 652 3740 31.

137 3754 212 3807 Ordo
236 3772 261 3808 et
278 3756 398 3808 decorum
414 3759 441 3808 in
460 3757 572 3811 Ecclesia
589 3775 654 3825 quu-

719 885 878 937 institutiuue
888 898 914 937 et
924 885 993 950 signi
1004 903 1099 939 ustura
1111 907 1241 954 congruere

718 954 862 1005 ostenditur
877 967 934 1005 tum
953 974 985 1006 ex
1004 957 1176 1009 successione
1184 961 1239 1027 bap·

717 1021 786 1075 tismi
816 1020 843 1073 iu
874 1022 962 1073 locum
988 1024 1198 1079 circumcisionis
1220 1042 1240 1078 et

718 1088 789 1143 illius
806 1109 865 1141 cum
881 1089 931 1142 laec
946 1090 1128 1145 similitudine
1150 1093 1192 1146 Ν.
1207 1093 1238 1146 lt

719 1157 802 1211 1-6.
818 1172 873 1210 tom
889 1177 921 1211 ex
934 1160 1130 1213 cummunione
1139 1162 1239 1215 foederis

719 1226 900 1282 Abrabamici.
937 1230 1012 1297 quod
1048 1228 1150 1282 initum
1177 1230 1238 1282 Deus

718 1294 804 1347 statim
820 1294 940 1366 symbolo
957 1297 1142 1363 confimarit3
1164 1299 1239 1351 cias·

719 1376 771 1446 terp
788 1364 928 1415 etiamnum
943 1363 1061 1418 infantes
1078 1384 1175 1419 omues
1191 1387 1238 1431 par·

717 1430 1111 1559 lllflitfflff'tttitb
1124 1434 1238 1570 ,iiiiii

718 1569 891 1637 amplectitur,
917 1586 1013 1621 manus
1036 1570 1069 1623 iis
1090 1572 1204 1640 imponit
1217 1585 1238 1622 et

718 1653 823 1699 reguum
842 1638 973 1689 coelorum
993 1637 1143 1693 adiudicat.
1165 1640 1237 1691 Porro

717 1725 776 1757 reru
799 1705 893 1775 liquet.
914 1705 974 1773 quia
998 1707 1039 1759 rei
1060 1707 1090 1761 in
1115 1709 1237 1776 baptism

717 1773 827 1839 signatae
848 1772 986 1841 participes
1008 1790 1074 1828 sunt
1090 1777 1202 1828 infantes
1217 1792 1237 1826 et

718 1861 732 1895 s
755 1842 885 1902 Domino,
914 1844 997 1893 modo
1027 1845 1148 1912 quamuis
1170 1846 1235 1896 uubis

716 1909 1233 2047 tttztzlffil'tt‘tttfflzltl}

716 2063 836 2112 gumeuts
877 2047 1044 2117 exceptiones
1088 2052 1233 2111 minuatur,

718 2117 822 2185 quando
847 2117 1022 2185 pertendunt,
1047 2134 1097 2171 'res
1127 2117 1185 2169 alias
1209 2118 1230 2168 in

689 2214 693 2219 ·
718 2185 861 2251 baptismo,
890 2203 969 2253 quam
993 2185 1229 2239 circumcisioni·

716 2253 800 2316 gurari
817 2253 932 2320 aliosque
954 2252 1052 2314 bodie,
1078 2274 1159 2324 quam
1180 2268 1229 2305 taut

716 2321 825 2374 infantes
848 2321 913 2381 dici,
927 2320 1087 2390 infinitoque
1106 2323 1228 2374 intervallo

716 2402 772 2440 ntra
791 2409 824 2440 ne
833 2388 997 2441 Sacramenta
1009 2391 1159 2443 distrsbnut
1167 2389 1228 2441 10-

716 2454 759 2512 16.
808 2457 873 2508 arias
890 2476 980 2509 eorum
998 2460 1160 2512 obiectiones
1171 2458 1227 2509 dilu-

716 2536 795 2577 'trutur
815 2524 845 2589 8,
861 2524 981 2579 dli-29.
1005 2528 1111 2580 tollitur
1126 2544 1180 2579 rere
1194 2525 1225 2575 ita

715 2612 836 2657 magnus,
865 2594 910 2662 qui
939 2595 972 2646 ad
1008 2615 1061 2650 nos
1082 2597 1140 2649 inde
1157 2593 1222 2654 redit,

716 2667 812 2716 lrnctos
834 2675 889 2713 turn
906 2677 1066 2729 pareutum,
1083 2680 1133 2716 turn
1148 2663 1223 2713 inlau-

707 2732 780 2783 'tium
796 2746 911 2800 respectu
922 2729 953 2791 0,
961 2730 1008 2786 38.
1037 2733 1067 2784 lu
1078 2731 1164 2785 adultis
1174 2729 1225 2795 qui·

715 2801 774 2852 dem
792 2800 854 2851 ludes
872 2799 1080 2866 etpoenitentia,
1096 2798 1227 2863 intelligen-

715 2869 750 2920 tia
767 2867 828 2920 item
842 2867 962 2933 baptismi
973 2870 1150 2935 receptionem
1161 2869 1228 2919 debet

713 2938 876 3006 praecedere,
893 2937 938 2988 aed
955 2936 1096 2989 infantium
1115 2936 1227 2989 ratioalia

714 3021 752 3057 est
768 3005 810 3056 24.
834 3003 926 3056 Errant
944 3006 1104 3069 longissime,
1122 3005 1166 3074 qui
1181 3023 1227 3055 um·

713 3093 760 3126 nes
782 3092 835 3125 nou
859 3074 1001 3140 baptisatus
1025 3088 1145 3126 aeternae
1160 3070 1228 3125 morti

714 3141 837 3193 addicunt
852 3139 894 3192 26.
911 3139 1012 3193 Causae
1030 3143 1090 3194 bnie
1108 3143 1172 3195 nibil
1186 3144 1227 3191 ub·

713 3208 1227 3278 stat,qnodCbristnsunnuaetatisXXX·

713 3293 814 3330 tanturn
836 3277 868 3329 sit
889 3278 1034 3343 baptisatus
1048 3278 1093 3332 20.
1129 3280 1181 3331 Nee
1195 3292 1226 3329 ta·

714 3366 774 3398 rnen
791 3346 851 3398 inde
868 3360 935 3396 recte
956 3346 1099 3410 colligitur,
1121 3347 1177 3415 pari
1192 3362 1226 3397 rt·

714 3415 785 3467 tione
810 3412 873 3482 ipsis
899 3414 1132 3466 administrandam
1159 3414 1224 3467 eden

715 3500 821 3535 curnam
845 3481 888 3536 00.
914 3482 1059 3549 specialiter
1082 3483 1225 3534 exhibentur

714 3551 810 3603 Serveti
834 3550 899 3600 circa
921 3551 974 3601 boc
990 3566 1171 3614 argumentum
1183 3572 1223 3603 nu·

713 3638 758 3684 gae
777 3618 820 3680 31,
841 3618 885 3670 ³2.
907 3620 982 3671 nullo
1003 3619 1084 3684 igitur
1103 3622 1183 3671 modo
1198 3637 1221 3668 tr

712 3688 840 3741 Ecclesiae
858 3700 959 3739 tanturn
984 3688 1127 3740 traditione
1146 3703 1221 3738 ortum

713 3757 784 3808 ducit
878 3755 920 3807 Ν.
938 3754 965 3807 8.
983 3755 1026 3807 16.
1044 3774 1070 3808 et
1086 3756 1127 3807 lv.
1146 3754 1220 3809 161.

135 3825 218 3875 modu
243 3825 336 3876 servari
365 3825 447 3893 possit
470 3826 510 3876 Ν.
537 3824 578 3877 10.
608 3823 651 3876 88.
677 3823 754 3878 Panis
771 3844 819 3895 pro
835 3826 912 3876 rebus
929 3821 1220 3889 inuniversumcurpon'

136 3891 248 3944 Ordines
258 3907 309 3946 tres
319 3912 454 3958 regnorum
467 3913 516 3962 qua
528 3906 654 3962 potestate
710 3894 744 3945 ad
772 3892 984 3945 sustentationem
1013 3893 1162 3946 necessariis
1183 3889 1218 3939 lll-

135 3960 248 4026 polleant
488 3962 531 4017 Ν.
548 3962 591 4013 20.
609 3960 651 4012 31.
710 3962 754 4014 20.
770 3962 814 4014 44.
835 3962 905 4013 unde
928 3960 1062 4013 nutriendi
1078 3962 1161 4013 trabat
1175 3959 1218 4007 rim

103 4027 234 4089 Originalc
250 4043 381 4095 peccatum
399 4049 457 4081 cum
474 4029 527 4081 suis
538 4028 652 4082 tristibus
710 4045 736 4082 et
752 4048 816 4081 num
833 4049 889 4082 eam
906 4028 1000 4083 babeat
1014 4031 1147 4099 propriam
1163 4025 1216 4080 itit

136 4096 232 4149 ellectit
250 4097 365 4149 dilinitur
382 4114 406 4150 et
423 4097 575 4150 describitur
586 4100 615 4149 11.
627 4096 651 4148 l·
711 4099 772 4153 etl.
790 4097 832 4153 16.
850 4097 875 4151 7.
893 4118 946 4166 quo
964 4119 1040 4151 seusu
1060 4099 1160 4152 dicatur
1168 4114 1218 4149 eor·

335 4165 429 4221 5-11.
447 4181 472 4217 et
488 4165 532 4219 IV.
550 4166 592 4220 15.
610 4166 652 4218 10.
731 4186 760 4218 ns
777 4164 871 4219 Christi
892 4167 935 4221 Ν.
955 4166 998 4221 11.
1013 4167 1051 4218 00
1065 4184 1114 4221 'ete
1130 4167 1181 4218 eius
1194 4162 1215 4212 it

104 4228 232 4286 Osiauder
248 4233 371 4287 refellitur
393 4232 413 4286 L
434 4235 476 4288 15.
493 4234 519 4294 3,
535 4234 560 4287 b·
579 4250 604 4287 et
621 4235 653 4289 ll.
738 4235 848 4287 ominica
869 4254 951 4287 coena
968 4256 1030 4291 usus
1047 4237 1110 4305 quid
1120 4235 1154 4288 ibi
1165 4235 1217 4295 ligu-

202 4298 243 4353 12.
259 4302 286 4361 5,
303 4301 331 4369 6,
348 4302 373 4358 7.
389 4317 416 4357 et
430 4303 473 4357 lll.
490 4303 533 4358 ll.
549 4302 650 4357 5-12
709 4316 762 4371 ret,
782 4303 847 4358 ibid.
864 4302 895 4371 l,
911 4303 944 4369 0,
958 4303 987 4359 3.
1008 4324 1112 4378 asymos
1127 4322 1161 4356 su
1175 4304 1217 4355 irr-
