2700 4732
258 92 318 154 aas
466 68 470 77 '
624 87 700 147 cin.
719 85 761 147 ιι.
801 86 891 150 cac.
914 88 982 149 vn.

260 229 358 312 capiet
376 230 568 306 servusDei,
587 243 621 290 ut
639 231 789 311 frequenti
809 233 871 299 eiut
890 230 1083 293 meditatione
1107 230 1252 293 excitetur
1275 272 1278 288 .

259 296 409 387 sequium,
433 308 462 365 in
484 326 520 367 eo
541 306 718 384 roboretur,
746 329 762 367 a
782 307 972 388 delinquendi
992 306 1107 367 lubrico
1128 306 1277 367 retrahatu

259 385 339 445 hunc
358 384 436 443 enim
456 384 576 443 modum
596 396 713 445 sanctos
731 383 789 445 sibi
809 386 917 445 instare
937 396 1068 464 oportet,
1088 384 1138 469 qui
1150 383 1278 445 secunda

259 456 348 521 ritum
369 460 550 539 quantalibet
569 461 717 521 alacritate
737 463 773 520 ad
792 461 850 521 Dei
868 460 1005 521 iustitiam
1022 460 1217 537 contendant,
1237 482 1278 523 car

260 556 328 599 men
349 536 464 617 ignaria
484 556 599 616 semper
618 548 800 611 onerantur,
820 538 977 617 quominus
997 537 1125 631 legitima
1159 544 1278 617 prompt

259 625 394 706 pergant
427 613 516 672 sllnic
535 614 617 672 carni
637 612 698 671 Lex
716 614 838 695 flagrum
860 626 918 689 est,
948 634 1007 693 quo
1028 624 1119 675 mstar
1132 613 1278 674 inertistt

259 689 344 765 asini,
362 688 397 749 ad
419 708 494 769 opus
513 701 688 770 urgeantur:
708 689 767 748 imo
787 690 929 770 spirituali
949 690 1072 765 bomini,
1111 688 1156 748 uia
1176 689 1279 750 nondn

258 766 305 827 nis
324 764 403 826 mole
424 784 456 825 ex
479 766 573 825 editus
592 778 647 840 est,
666 766 795 826 assiduus
815 767 931 827 aculeus
943 767 1009 838 erit,
1029 767 1080 846 qui
1091 710 1226 825 desidere
1236 764 1278 825 illa

258 843 421 924 permittat.
459 787 603 901 llimirum
623 842 652 901 in
675 842 751 903 bunc
771 865 853 904 usum
874 844 1048 923 respiciebat
1067 841 1163 902 David
1186 841 1278 919 (Pet

258 940 350 999 quum
369 917 532 999 insignibus
550 917 608 977 illis
628 919 767 979 encomiis
794 919 905 1011 Legem
939 918 1117 985 celebraret:
1156 918 1237 993 „Lea
1269 918 1278 977 l

260 992 475 1071 „immacnlata,
495 1007 673 1056 convertens
691 995 816 1056 animas:
835 995 1091 1056 rustitiaeDomini
1101 1004 1212 1067 rectae,
1232 992 1278 1055 lae

158 1070 165 1085 ‘
270 1084 324 1146 ,tes
343 1070 449 1131 corda:
479 1081 668 1151 praeceptum
688 1071 809 1132 Domini
828 1072 966 1146 lucidum,
985 1071 1153 1131 illuminans
1172 1070 1278 1132 oculos

275 1160 337 1209 tem
355 1146 418 1226 (Pr.
438 1152 505 1220 119,
525 1152 624 1227 105.);
661 1148 816 1223 „Lucerna
848 1149 972 1228 pedibus
996 1149 1069 1209 meis
1097 1146 1218 1207 verbum
1237 1159 1278 1207 tur

257 1224 380 1300 „lumea
399 1223 508 1284 semitis
528 1228 637 1299 meis,“
669 1245 702 1285 ac
727 1224 880 1285 innumera
899 1245 974 1305 quae
994 1236 1060 1284 toto
1079 1222 1131 1284 illo
1151 1222 1269 1285 Psalmo

258 1300 368 1382 quitur.
425 1299 530 1379 Neque
549 1320 623 1360 vero
655 1313 821 1381 repugnant
851 1301 904 1361 ista
935 1300 1063 1360 Paulinis
1091 1299 1257 1375 sententiis,

257 1376 434 1451 ostenditur,
454 1396 515 1437 non
557 1396 624 1435 nem
645 1377 825 1458 regeneratis
844 1398 928 1437 usum
941 1379 1000 1437 Lex
1017 1387 1156 1456 praestet,
1176 1376 1228 1435 sed
1246 1398 1278 1457 qr

257 1452 331 1513 mini
348 1472 404 1533 per
422 1472 453 1513 se
479 1397 617 1512 conlerre
640 1465 737 1533 queat.
793 1454 850 1514 llic
870 1466 967 1513 autem
995 1454 1076 1513 canit
1098 1451 1259 1532 Propheta,

258 1551 326 1591 cum
346 1528 471 1588 utilitate
490 1526 577 1609 tegit
596 1549 665 1588 suae
687 1529 814 1590 lectione
835 1531 948 1590 erudiat
966 1529 1112 1589 Dominus
1132 1549 1200 1602 eos,
1220 1528 1278 1607 quil

256 1617 305 1666 tus
325 1604 509 1685 obsequendi
528 1605 792 1685 promptitudinem
812 1605 947 1685 inspirat:
979 1625 1035 1666 nec
1060 1604 1122 1666 sola
1140 1616 1278 1685 praecept

256 1682 1066 1897 {ltailalil'hiiiii'ili‘“isliliiil‘lsst
1085 1677 1278 1816 „iiiiii-i

280 1834 419 1916 agitando
438 1845 552 1894 tantum
574 1847 604 1893 et
623 1833 764 1893 minando
783 1847 864 1894 metu
883 1834 1024 1894 sollicitet
1034 1835 1153 1904 animas,
1172 1844 1204 1892 et
1212 1843 1278 1893 terr

140 1918 142 1922 ’
256 1913 326 1994 gati'
345 1910 520 1973 Praesertim
540 1930 612 1970 rero
631 1910 761 1970 ostendit
779 1911 891 1986 David,
920 1929 953 1970 se
973 1911 1003 1969 in
1022 1910 1105 1991 Lege
1124 1908 1278 1970 hlcdiaton

256 1987 464 2069 prehendisse,
483 1986 547 2046 sinc
568 2006 628 2065 quo
648 1986 726 2045 nulla
746 1999 789 2045 est
808 1986 970 2047 oblectatio
989 1986 1035 2045 vel
1054 1985 1187 2047 suavitas.

333 2068 381 2129 13.
421 2060 513 2135 Quod
534 2062 700 2121 discernere
725 2062 793 2121 dum
819 2063 948 2145 imperiti
973 2062 1089 2144 quidam
1114 2061 1265 2136 nesciunt,

256 2141 363 2201 Mosen
384 2138 514 2199 animose
534 2137 711 2217 explodunt,
742 2139 871 2219 duasque
889 2140 931 2199 Le
954 2140 975 2198 is
1003 2137 1118 2198 tabulas
1149 2136 1247 2198 valere
1271 2138 1279 2198 i

257 2217 327 2297 quia
345 2215 457 2276 scilicet
477 2214 652 2289 Christianis
672 2214 798 2273 alienum
819 2236 880 2275 esse
900 2160 1081 2276 arbitrantur
1100 2213 1260 2273 adhaerere

257 2312 324 2367 nae,
344 2310 421 2371 quac
445 2291 546 2351 mortis
574 2290 855 2352 administrationem
885 2292 1027 2353 continet.
1085 2292 1219 2351 Facessat
1246 2290 1278 2352 lo

254 2367 488 2428 animisnostris
509 2367 632 2446 prolana
657 2368 746 2427 istaec
770 2367 887 2447 opinio:
918 2367 1020 2448 pulcre
1053 2368 1130 2427 enim
1157 2366 1260 2428 docuit

256 2446 380 2526 Legem,
398 2463 473 2523 quae
492 2444 569 2523 apud
588 2455 759 2524 peccatores
779 2444 852 2504 nihil
872 2467 957 2525 qnam
977 2459 1101 2503 mortem
1123 2462 1267 2525 generare

257 2523 290 2582 iu
308 2521 416 2582 sanctis
435 2518 588 2580 meliorem
608 2522 908 2601 praestantioremque
928 2521 1036 2583 habere
1055 2520 1164 2580 debere
1189 2540 1278 2581 nsum.

258 2596 337 2659 enim
357 2596 515 2657 moriturus
535 2618 574 2677 po
598 2597 647 2656 ulo
668 2597 756 2657 edixit
774 2598 878 2676 (Dent.
897 2604 946 2670 32,
965 2599 1043 2675 iffi:
1078 2595 1208 2673 „Ponite
1227 2616 1278 2657 cor

256 2686 340 2752 „stra
359 2675 390 2733 in
411 2674 510 2734 omnia
530 2618 631 2751 verba,
652 2693 728 2753 quae
748 2695 803 2756 ego
824 2674 964 2741 testificor
983 2673 1067 2733 vobis
1092 2673 1195 2747 hodie,
1214 2682 1248 2732 ut
1272 2696 1278 2733 ι

257 2752 315 2828 „tis
334 2770 369 2813 ea
388 2748 457 2810 filiis
475 2750 596 2826 vestris,
616 2750 805 2830 doceatisque
825 2751 990 2825 custodire,
1010 2750 1106 2809 lacere
1126 2761 1156 2809 et
1174 2748 1278 2828 lmpler

257 2847 370 2905 „versa,
395 2847 470 2906 quae
494 2825 603 2906 scripta
623 2827 741 2888 suntin
762 2827 913 2886 volumine
932 2827 1019 2908 Legis
1039 2826 1137 2901 huius,
1169 2829 1237 2905 quia
1263 2846 1278 2885 n

257 2924 390 2981 „cassum
421 2916 577 3039 praecepta
608 2917 677 2964 sunt
706 2903 808 2978 vobis,
841 2904 891 2964 sed
923 2915 956 2962 ut
980 2903 1086 2993 singuli
1113 2904 1143 2961 in
1167 2904 1211 2963 eis
1228 2902 1278 2963 viu

142 3003 145 3008 ·
260 2982 376 3056 Quodsi
408 2979 574 3046 asolutum
599 2980 629 3039 in
649 2998 683 3039 ea
705 2980 831 3040 iustitiae
851 2979 996 3059 exemplar
1020 2966 1259 3040 emruerelnemo

256 3069 317 3132 tur,
336 3068 387 3117 aut
405 3054 512 3116 nullam
533 3075 595 3116 esse
616 3056 701 3117 nobis
721 3067 802 3116 recte
821 3058 956 3134 iusteque
974 3055 1092 3116 vivendi
1114 3055 1243 3135 regulam
1259 3076 1278 3117 o

257 3132 362 3196 aut-ab
383 3151 417 3192 ea
438 3131 518 3192 nefas
539 3144 583 3191 eat
602 3132 762 3193 discedere.
801 3132 953 3211 Siquidem
973 3153 1033 3191 non
1076 3131 1169 3204 lures,
1191 3132 1278 3192 seda

256 3222 400 3301 perpetua
419 3220 450 3269 et
468 3207 634 3269 inflexibilis
652 3208 767 3267 visendi
785 3207 897 3292 regula.
938 3154 1139 3282 Quamobrem
1161 3210 1240 3287 quod
1257 3210 1278 3268 ir

256 3286 342 3347 minus
361 3286 449 3347 vitam
467 3285 498 3343 in
517 3286 604 3367 Legis
623 3284 816 3345 meditatione
835 3276 1004 3345 continuaris
1023 3284 1094 3345 lacit
1112 3284 1207 3347 David
1221 3284 1277 3362 (Ps

257 3363 289 3423 id
308 3382 347 3422 ne
367 3362 404 3422 ad
423 3360 568 3422 saeculum
589 3383 678 3421 unum
699 3360 873 3435 reseramus,
892 3362 959 3442 quia
978 3361 1098 3442 singulis
1123 3360 1160 3421 ad
1179 3361 1269 3422 linem

256 3438 400 3501 aetatibus
419 3438 726 3499 convenientissimum
747 3449 804 3498 est:
830 3458 885 3497 nec
904 3437 1117 3497 absterreamur
1135 3438 1219 3511 ideo,
1237 3459 1275 3499 au

254 3517 369 3599 'giamus
387 3512 424 3574 ab
445 3512 507 3574 eius
519 3513 714 3591 institutione,
725 3512 805 3593 quod
816 3514 991 3574 exactiorem
1004 3514 1098 3575 multo
1107 3516 1278 3575 sanctitaten

256 3591 376 3667 scribat,
394 3610 481 3671 quam
523 3590 786 3664 raestiturisumus,
807 3590 875 3648 dum
895 3590 1130 3652 circumferemus
1153 3610 1278 3651 carcero

256 3669 338 3751 poris
358 3668 461 3728 nostri.
498 3610 568 3727 hon
589 3667 667 3727 enim
687 3667 743 3726 iam
770 3666 856 3748 rigidi
882 3667 1021 3727 exactoris
1047 3668 1111 3727 rice
1139 3686 1210 3749 erga
1237 3688 1278 3727 uo

256 3748 348 3831 gitur,
366 3744 414 3805 cui
434 3762 495 3803 non
515 3744 634 3803 satisfiat
654 3744 709 3803 nisi
727 3741 825 3802 soluto
846 3762 953 3822 penso:
973 3744 1024 3802 sed
1044 3744 1075 3802 in
1097 3743 1151 3803 hac
1170 3744 1206 3803 ad
1227 3765 1278 3824 qua

258 3823 433 3885 adhortatur
477 3818 658 3893 eclectione,
688 3830 795 3879 metam
816 3818 1016 3895 demonstrat,
1048 3820 1192 3901 adquam
1219 3820 1278 3883 nob

256 3901 317 3961 rita
336 3840 518 3959 contendere
538 3917 599 3955 non
619 3894 714 3955 minus
735 3894 805 3954 utile
826 3906 880 3970 est,
900 3916 985 3974 quam
1006 3895 1107 3959 officio
1132 3908 1236 3957 nostro
1264 3918 1278 3957 c

256 3988 384 4040 tansum.
423 3974 459 4032 ln
480 3993 536 4052 qua
555 3972 750 4032 contentione
769 3971 793 4031 si
813 3992 875 4032 non
895 3973 1053 4047 deficimus,
1073 3974 1149 4033 bene
1166 3986 1219 4034 est.
1258 3974 1278 4034 S

257 4071 383 4131 mmque
396 4060 441 4111 est
458 4060 522 4109 tota
543 4048 613 4110 haee
631 4049 701 4125 vita,
721 4048 802 4109 cuius
822 4048 946 4110 decurso
966 4050 1071 4130 spatio,
1091 4050 1173 4110 dabit
1192 4051 1278 4109 Domi

256 4139 365 4194 metam
394 4125 489 4204 illam,
519 4125 666 4207 adquam
691 4147 770 4188 nunc
795 4126 909 4187 eminus
934 4125 1068 4187 nituntur
1091 4139 1193 4189 nostra
1216 4128 1278 4193 sudi

257 4224 387 4271 numae
