2700 4732
86 232 160 307 ,aaa
492 224 565 285 arn.
587 224 642 285 tu.
683 226 771 288 car.
793 226 860 287 vn.

102 369 210 431 mentis
228 368 423 430 intentionem
444 368 581 462 religiose
600 368 636 429 ad
662 388 728 430 enm
752 371 871 431 rcierct.
923 370 999 431 Nam
1018 368 1068 451 qul
1087 370 1186 431 Deum
1204 368 1238 431 in

104 446 186 507 omni
205 468 238 506 re
258 446 372 529 agenda
392 447 502 506 intucrr
528 446 645 521 didicit,
675 448 760 507 simul
790 449 826 507 nb
853 446 934 507 omni
955 468 1026 507 rnna
1053 446 1240 541 cogitatione

30 564 33 569 -
103 524 253 585 avertitur.
303 522 382 583 llaec
401 523 449 582 illa
467 535 513 583 cst
532 523 625 583 nostri
650 522 822 605 abnegatio,
854 546 939 615 garam
965 524 1036 582 disci
1058 522 1112 583 nlrs
1138 522 1198 581 stris
1222 542 1239 583 a

103 604 201 681 primo
228 600 367 659 tirocinio
389 601 505 659 mandat
525 611 605 659 tanta
626 599 775 681 diligentia
797 600 928 661 Christus
948 546 1067 679 (ttattl.
1087 598 1238 675 16,·at.):

126 696 180 737 uae
199 675 250 735 nbi
269 674 358 733 serrrel
380 676 409 733 in
432 678 528 735 auimo
542 674 681 750 obtinuit,
702 678 825 756 prii-mm
847 675 1121 755 nequesuperbiar,
1141 696 1239 767 neque

104 700 319 831 litaniaeque
339 753 548 824 ostentationi,
575 752 683 810 deinde
704 773 800 831 neque
820 754 974 825 avaritiae,
993 772 1090 832 neque
1110 750 1240 819 libidtni,

104 848 203 909 neque
221 826 362 903 luxuriae,
382 848 478 908 neque
499 827 644 902 mollitiei,
663 848 760 909 neque
781 830 854 904 aliis,
874 850 949 909 quac
969 848 1002 887 ex
1022 848 1123 890 amore
1143 828 1240 889 nostri

104 916 302 989 generantur,
322 904 405 965 malis
425 904 515 964 ullum
537 903 633 963 locum
656 904 802 984 relinquit.
855 906 967 966 Contra
988 905 1238 985 ubicunquenon

105 993 225 1065 regnat,
249 981 311 1041 illic
330 982 377 1039 vel
398 982 581 1063 spurcissima
604 980 673 1041 vitia
693 981 757 1041 sinc
775 981 890 1061 pudore
912 994 1121 1063 pervagantur,
1145 979 1196 1041 rel
1214 980 1239 1041 ri

107 1077 165 1140 qna
184 1068 229 1118 eat
247 1057 364 1117 rimatis
384 1058 515 1151 species,
533 1077 621 1138 prava
637 1056 751 1149 gloriae
770 1059 907 1137 cupidine
926 1058 1052 1118 vitiatur.
1104 1056 1240 1119 Ostende

105 1138 185 1195 eninr
204 1132 366 1209 bominem,
386 1156 410 1195 rt
430 1145 525 1213 potes,
545 1132 595 1212 qni
615 1134 670 1194 msi
689 1134 745 1193 ribi
767 1134 843 1194 iuxta
862 1134 984 1194 Domini
1003 1133 1173 1197 mandatum

76 1272 81 1281 ,
106 1210 263 1283 nuntiarit,
292 1210 382 1291 gratis
413 1230 549 1269 exercere
581 1208 745 1270 bonitatem
772 1212 851 1270 inter
882 1212 1014 1271 homines
1038 1209 1117 1271 velit
1147 1154 1240 1270 Nl:

106 1287 275 1367 quicunque
300 1306 361 1347 non
392 1287 511 1347 luerunt
535 1284 592 1345 hoc
611 1307 698 1346 sensa
718 1288 868 1367 occupati,
901 1286 992 1346 laudis
1022 1286 1122 1347 saltem
1146 1288 1241 1369 gratia

105 1366 243 1424 virtutem
262 1363 380 1443 sequuti
398 1374 476 1423 runt.
527 1361 590 1437 Qui
615 1373 711 1423 autem
736 1385 864 1443 uuquam
893 1385 926 1422 ex
945 1362 1128 1445 philosophia
1147 1362 1241 1423 virtu-

106 1452 168 1501 tenr
188 1449 362 1532 propterea
382 1438 573 1521 expetendam
593 1438 715 1498 maxime
727 1440 953 1514 contenderunt,
973 1450 1052 1499 tanta
1072 1438 1242 1521 arrogantie

106 1516 201 1577 iollatr
221 1516 358 1591 luerunt,
379 1528 411 1575 nt
430 1526 568 1596 appareat
587 1535 648 1574 nou
669 1515 709 1575 ob
728 1515 805 1577 alind
827 1518 962 1577 virtutem
991 1516 1158 1596 expetiisse,
1186 1514 1242 1575 nisi

107 1604 142 1653 nt
163 1591 352 1673 superbiendi
378 1592 521 1652 baberent
550 1592 709 1651 materiam.
759 1594 849 1673 Atqui
877 1594 951 1654 adeo
984 1614 1044 1654 non
1072 1590 1242 1653 oblectatur

106 1669 205 1744 Deos,
235 1686 334 1749 neque
363 1668 418 1728 illis
440 1666 587 1749 popularis
607 1688 694 1728 aurae
715 1669 931 1748 captatoribus,
962 1690 1016 1729 nec
1040 1668 1167 1750 turgidis
1187 1666 1242 1729 illia

107 1745 288 1826 pectoribus,
308 1756 341 1805 ut
362 1750 533 1825 pronuntiet
552 1744 618 1804 illos
638 1746 669 1803 in
689 1747 801 1805 mundo
821 1768 899 1806 snam
916 1746 1062 1825 recepisse
1073 1744 1242 1806 mercedem

106 1822 227 1903 (blattb.
247 1828 278 1896 6,
295 1828 323 1885 2
343 1824 412 1897 rs),
443 1820 486 1880 lais
505 1810 661 1901 propiores
678 1842 712 1880 re
735 1842 774 1881 uo
795 1822 945 1882 coelorum
967 1822 1053 1882 iaciat
1070 1821 1242 1881 rueretrieer

108 1910 140 1961 et
158 1900 332 1981 publicanos
352 1898 473 1975 (Mattb.
494 1904 548 1971 21,
567 1900 640 1975 dl).
696 1841 829 1957 ilerdam
854 1911 951 1957 tamen
973 1899 1008 1958 ad
1029 1897 1172 1977 liquidum
1192 1916 1241 1956 er-

109 1976 271 2057 posuimus,
281 1984 355 2053 quot
366 1985 397 2033 et
407 1974 523 2055 quantis
534 1973 691 2035 obstaculis
710 1974 886 2054 impediatur
905 1975 1020 2035 lromoa
1038 1974 1112 2034 recti
1131 1973 1242 2047 studio,

107 2052 247 2133 quamdiu
266 2070 298 2110 ae
318 2052 411 2130 ipsum
436 2072 497 2109 nnn
526 2049 601 2110 abne
624 2052 723 2111 averit.
764 2052 840 2110 Vere
861 2053 937 2111 euim
959 2053 1067 2110 dictum
1094 2062 1139 2109 est
1159 2048 1242 2121 olim,

107 2128 251 2190 Mundum
271 2126 407 2186 vitiomm
429 2146 490 2186 esse
510 2070 694 2186 reconditum
714 2130 744 2187 in
770 2127 895 2188 hominis
920 2128 1022 2188 anima.
1073 2129 1137 2186 Nec
1163 2124 1241 2187 aliud

107 2204 270 2267 remedium
290 2204 430 2275 invenias,
450 2224 536 2281 quam
556 2204 579 2264 si
602 2217 630 2264 te
642 2204 800 2285 abnegato,
820 2226 853 2265 ac
874 2206 1028 2285 praeterita
1050 2204 1090 2262 tui
1112 2202 1240 2279 ratione,

107 2293 238 2342 mentem
257 2279 293 2339 ad
314 2300 348 2339 ea
368 2280 534 2359 quaerenda
554 2292 645 2339 totam
666 2281 811 2353 intendas,
831 2301 905 2360 quae
925 2282 974 2340 abs
987 2293 1015 2342 te
1026 2282 1174 2341 Dominus
1193 2298 1240 2339 re·
1282 2307 1284 2314 ·

108 2359 208 2439 quirit,
227 2368 259 2416 et
278 2356 345 2415 iden
364 2367 478 2415 tantum
498 2358 674 2435 quaerenda,
694 2358 763 2436 quia
780 2358 821 2416 illi
841 2358 966 2437 placent.

184 2441 214 2499 3.
252 2432 333 2492 Alibi
359 2432 520 2492 distinctius
547 2433 623 2493 idem
649 2434 756 2493 Paulus
780 2435 856 2509 (Tit.
875 2444 911 2507 2,
933 2436 1081 2513 11-1-1.)
1113 2430 1242 2517 singulte

108 2512 184 2573 vitae
205 2510 282 2570 bene
302 2512 482 2589 compositae
501 2521 614 2599 partes,
645 2512 773 2589 quamvis
794 2510 936 2584 breviter,
964 2512 1140 2601 exsequitur.
1181 2508 1242 2587 „ll-

108 2588 202 2666 „loait
224 2584 318 2667 gratia
341 2584 400 2644 Dei
423 2585 571 2645 salutrlera
597 2584 733 2645 omnibus
760 2586 942 2659 bominibus,
968 2588 1103 2647 erudiens
1129 2608 1186 2647 nos
1210 2596 1241 2647 nt

109 2665 265 2747 „ablegata
285 2661 435 2742 impietate
456 2673 485 2721 et
505 2662 658 2722 mundanis
674 2665 928 2742 concupiscentiis,
947 2665 1047 2723 sobrie
1067 2676 1097 2723 et
1116 2664 1194 2724 iuste
1211 2672 1241 2723 et
1280 2724 1284 2739 ⁴

108 2742 178 2825 „pie
196 2744 324 2801 vivamus
343 2739 373 2797 io
392 2740 540 2818 praesenti
559 2740 691 2813 saeculo,
723 2752 921 2819 exspectantes
946 2741 1059 2799 beatam
1083 2760 1168 2820 spem
1211 2748 1242 2799 et

108 2816 397 2897 „manifestationem
428 2815 540 2895 gloriae
569 2816 667 2897 magui
696 2815 768 2889 Ilei,
805 2829 834 2875 ct
863 2819 1015 2877 servatoris
1048 2817 1141 2875 nostri
1190 2836 1242 2877 ern

108 2895 261 2975 „(2ltrirti,
291 2893 342 2972 qui
363 2891 443 2951 dedit
462 2912 493 2950 se
513 2913 568 2972 pro
590 2894 690 2966 nobis,
720 2905 753 2951 ut
772 2893 930 2952 redimeret
949 2916 1004 2953 uos
1024 2893 1061 2953 ab
1083 2893 1167 2953 omni
1185 2894 1241 2953 ini·

109 2974 258 3054 „quitate,
278 2982 308 3028 et
328 2968 497 3049 purificaret
515 2968 570 3029 sibi
590 2972 731 3049 populum
752 2968 943 3048 peculiarem,
962 2969 1241 3031 struliosnm'bono·

108 3070 196 3128 „rum
215 3050 369 3127 operum.“
420 3044 578 3123 Postquam
605 3047 681 3104 cuim
703 3046 738 3104 ad
764 3066 816 3104 nos
842 3047 1010 3106 animandos
1034 3047 1157 3126 gratiam
1183 3042 1243 3105 nei

109 3147 166 3208 pro
190 3127 282 3195 osuit,
312 3134 345 3182 nt
371 3120 458 3181 nobis
484 3124 520 3181 ad
540 3122 636 3181 Deum
656 3142 727 3181 vere
753 3121 907 3181 colendum
928 3125 1003 3181 riam
1023 3134 1151 3196 sternat,
1181 3122 1241 3182 dun

109 3203 189 3264 totta
212 3199 362 3261 obstacula
388 3217 461 3278 qnae
490 3198 609 3259 maxime
638 3199 675 3257 im
700 3198 815 3271 ediuut,
843 3199 1022 3277 impietatem
1047 3199 1175 3271 scilicet,
1203 3196 1243 3259 ad

109 3300 198 3360 quam
219 3288 322 3337 natura
340 3296 438 3334 sumus
458 3275 578 3334 nimium
606 3220 763 3354 proclives,
795 3275 900 3334 deinde
921 3278 1079 3335 runndanas
1100 3275 1242 3355 cupidita·

110 3370 171 3431 tea,
196 3371 323 3434 quaese
347 3350 464 3433 longius
496 3351 664 3412 extendunt.
704 3352 748 3410 Ac
772 3352 825 3411 sub
856 3354 999 3427 impietate
1028 3351 1147 3431 quidem
1180 3370 1243 3413 nnn

110 3432 202 3493 modo
221 3429 443 3521 superstitiones
463 3440 557 3501 notat,
577 3429 626 3488 scd
638 3428 861 3505 comprehendit
871 3431 956 3488 etiam
971 3429 1107 3508 quicquid
1128 3449 1169 3508 po
1192 3440 1243 3490 nat

111 3530 177 3570 cnm
203 3526 282 3567 serto
306 3508 412 3563 timore
433 3503 499 3563 Dei.
549 3502 725 3564 Mandanae
750 3517 845 3564 autem
877 3504 1045 3580 cupiditates
1068 3448 1242 3567 tantundem

109 3586 209 3647 valent
227 3594 316 3661 atque
341 3581 435 3641 carnis
460 3580 592 3641 allectus.
637 3581 738 3660 ltaque
763 3582 799 3640 ad
826 3593 977 3661 utramque¹
1002 3584 1088 3675 Legis
1112 3580 1243 3644 tabulam

110 3662 194 3723 iubet
214 3680 268 3719 nos
288 3660 440 3747 proprium
466 3658 618 3739 ingenium
639 3678 743 3717 exuere
750 3700 760 3729 ,
787 3670 816 3717 et
840 3660 985 3739 abnegare
1006 3658 1144 3739 quicquid
1166 3659 1244 3719 ratio

111 3750 143 3799 et
166 3736 300 3800 voluntas
331 3736 429 3793 dtetat
481 3734 542 3793 Iam
574 3754 675 3794 omnes
700 3735 777 3794 vitae
806 3738 937 3794 actiones
962 3736 997 3795 ad
1028 3736 1084 3795 tria
1111 3736 1244 3795 membra

111 3817 215 3877 restrin
239 3814 276 3883 it,
295 3811 500 3883 sobrietatem,
521 3812 665 3883 iustitiam,
685 3822 716 3870 et
735 3812 882 3890 pietatem.
921 3814 961 3870 lla
982 3812 1087 3891 quibus
1104 3810 1247 3873 sodmetnt
1280 3829 1284 3843 ¹

111 3892 189 3953 band
215 3834 303 3951 dubie
331 3899 391 3948 tam
422 3889 582 3949 castitatem
603 3898 633 3946 et
656 3888 878 3967 temperantiam
899 3909 984 3967 quam
1006 3910 1110 3967 purum
1129 3901 1161 3949 et
1182 3889 1245 3949 irn-

111 3969 207 4051 galem
226 3964 432 4063 temporalium
454 3963 600 4023 bonorum
620 3986 718 4037 usum,
750 3977 780 4023 et
805 3965 921 4043 inopiae
942 3967 1126 4027 tolerantiam
1147 3965 1245 4025 deno·

110 4058 165 4106 tat.
203 4044 320 4104 lunata
339 4054 436 4102 antem
457 4042 554 4101 omnia
574 4041 728 4120 aequitatis
749 4041 846 4100 officia
867 4042 1086 4122 complectitur,
1117 4054 1152 4102 ut
1177 4042 1246 4103 red·

111 4122 197 4183 datur
215 4120 374 4199 unicnique
387 4116 466 4197 quod
486 4139 569 4178 snum
582 4129 633 4177 est.
673 4119 814 4197 Sequitur
827 4122 933 4192 pietas,
948 4139 1021 4198 quae
1041 4138 1123 4177 nosa
1140 4116 1245 4179 mnndi

110 4198 338 4292 inquinamentis
356 4206 525 4277 segregatos
538 4214 604 4253 vera
623 4195 777 4254 sanctitate
797 4217 863 4254 cum
875 4195 943 4253 Deo
964 4194 1129 4277 coniungit
1161 4196 1247 4257 llaec

110 4274 162 4335 nbr
182 4272 332 4335 insolubili
350 4272 468 4333 viuculo
488 4272 566 4332 inter
584 4290 616 4331 se
636 4291 768 4331 connexa
787 4283 865 4346 sunt,
884 4271 1006 4332 solidam
1022 4270 1157 4331 ellicinnt
1173 4292 1247 4365 per·

109 4350 280 4413 stationem.
328 4350 440 4409 Verum
464 4350 531 4431 qnia
564 4347 635 4411 nihil
659 4349 753 4431 tnagis
779 4348 898 4410 difficile
924 4358 984 4425 est,
1014 4369 1100 4427 quam
1126 4361 1245 4415 ratione
