<?xml version="1.0" encoding="UTF-8"?>
<!DOCTYPE html PUBLIC "-//W3C//DTD XHTML 1.0 Transitional//EN"
    "http://www.w3.org/TR/xhtml1/DTD/xhtml1-transitional.dtd">
<html xmlns="http://www.w3.org/1999/xhtml" xml:lang="en" lang="en">
 <head>
  <title>
</title>
<meta http-equiv="Content-Type" content="text/html;charset=utf-8" />
  <meta name='ocr-system' content='tesseract 3.04.00' />
  <meta name='ocr-capabilities' content='ocr_page ocr_carea ocr_par ocr_line ocrx_word'/>
</head>
<body>
  <div class='ocr_page' id='page_1' title='image "./ioanniscalvinii02tholgoog/ioanniscalvinii02tholgoog_0898.png"; bbox 0 0 2700 4732; ppageno 0'>
   <div class='ocr_carea' id='block_1_1' title="bbox 445 184 1246 300">
    <p class='ocr_par' dir='ltr' id='par_1_1' title="bbox 445 184 1246 300">
     <span class='ocr_line' id='line_1_1' title="bbox 445 184 1246 300; baseline 0.011 -11"><span class='ocrx_word' id='word_1_1' title='bbox 445 284 447 289; x_wconf 74' lang='grc'><strong>,</strong></span> <span class='ocrx_word' id='word_1_2' title='bbox 476 229 552 291; x_wconf 83' lang='lat' dir='ltr'>ms.</span> <span class='ocrx_word' id='word_1_3' title='bbox 573 228 626 289; x_wconf 79' lang='grc' dir='ltr'>ιι.</span> <span class='ocrx_word' id='word_1_4' title='bbox 665 184 756 291; x_wconf 81' lang='lat' dir='ltr'>css.¹</span> <span class='ocrx_word' id='word_1_5' title='bbox 772 224 870 288; x_wconf 79' lang='lat' dir='ltr'>svn</span> <span class='ocrx_word' id='word_1_6' title='bbox 1187 235 1246 300; x_wconf 84' lang='lat' dir='ltr'>sss</span> 
     </span>
    </p>
   </div>
   <div class='ocr_carea' id='block_1_2' title="bbox 59 368 1335 2135">
    <p class='ocr_par' dir='ltr' id='par_1_2' title="bbox 59 368 1335 2135">
     <span class='ocr_line' id='line_1_2' title="bbox 108 368 1256 470; baseline -0.002 -33"><span class='ocrx_word' id='word_1_7' title='bbox 108 376 187 470; x_wconf 91' lang='lat' dir='ltr'>qnod</span> <span class='ocrx_word' id='word_1_8' title='bbox 210 377 307 456; x_wconf 90' lang='lat' dir='ltr'>potius</span> <span class='ocrx_word' id='word_1_9' title='bbox 329 387 372 436; x_wconf 84' lang='lat' dir='ltr'>est</span> <span class='ocrx_word' id='word_1_10' title='bbox 390 375 488 435; x_wconf 86' lang='lat' dir='ltr'>Deum</span> <span class='ocrx_word' id='word_1_11' title='bbox 509 373 763 448; x_wconf 64' lang='lat' dir='ltr'>circumscribere,</span> <span class='ocrx_word' id='word_1_12' title='bbox 787 369 877 433; x_wconf 86' lang='lat' dir='ltr'>ubifi</span> <span class='ocrx_word' id='word_1_13' title='bbox 931 371 1005 434; x_wconf 90' lang='lat' dir='ltr'>entis</span> <span class='ocrx_word' id='word_1_14' title='bbox 1024 372 1133 435; x_wconf 88' lang='lat' dir='ltr'>nostris</span> <span class='ocrx_word' id='word_1_15' title='bbox 1151 368 1256 455; x_wconf 56' lang='lat' dir='ltr'>appe?</span> 
     </span>
     <span class='ocr_line' id='line_1_3' title="bbox 106 438 1241 543; baseline -0.004 -28"><span class='ocrx_word' id='word_1_16' title='bbox 106 468 194 515; x_wconf 78' lang='lat' dir='ltr'>timus</span> <span class='ocrx_word' id='word_1_17' title='bbox 215 453 350 531; x_wconf 80' lang='lat' dir='ltr'>experiri,</span> <span class='ocrx_word' id='word_1_18' title='bbox 369 451 439 532; x_wconf 92' lang='lat' dir='ltr'>quid</span> <span class='ocrx_word' id='word_1_19' title='bbox 460 454 561 532; x_wconf 80' lang='lat' dir='ltr'><strong>possit.</strong></span> <span class='ocrx_word' id='word_1_20' title='bbox 599 438 642 510; x_wconf 75' lang='lat' dir='ltr'>Ex</span> <span class='ocrx_word' id='word_1_21' title='bbox 662 470 721 530; x_wconf 90' lang='lat' dir='ltr'>qno</span> <span class='ocrx_word' id='word_1_22' title='bbox 743 448 820 508; x_wconf 90' lang='lat' dir='ltr'>enim</span> <span class='ocrx_word' id='word_1_23' title='bbox 841 467 892 510; x_wconf 89' lang='lat' dir='ltr'>ver</span> <span class='ocrx_word' id='word_1_24' title='bbox 913 469 932 510; x_wconf 95' lang='lat' dir='ltr'>o</span> <span class='ocrx_word' id='word_1_25' title='bbox 952 461 1153 543; x_wconf 86' lang='lat' dir='ltr'>sumpserunt,</span> <span class='ocrx_word' id='word_1_26' title='bbox 1172 473 1241 511; x_wconf 88' lang='lat' dir='ltr'>cor-</span> 
     </span>
     <span class='ocr_line' id='line_1_4' title="bbox 106 525 1238 611; baseline -0.001 -20"><span class='ocrx_word' id='word_1_27' title='bbox 106 553 161 611; x_wconf 90' lang='lat' dir='ltr'>pus</span> <span class='ocrx_word' id='word_1_28' title='bbox 181 529 291 591; x_wconf 82' lang='lat' dir='ltr'>Christi</span> <span class='ocrx_word' id='word_1_29' title='bbox 311 528 341 588; x_wconf 89' lang='lat' dir='ltr'>in</span> <span class='ocrx_word' id='word_1_30' title='bbox 361 529 446 590; x_wconf 86' lang='lat' dir='ltr'>coelo</span> <span class='ocrx_word' id='word_1_31' title='bbox 466 526 579 588; x_wconf 84' lang='lat' dir='ltr'>visibile</span> <span class='ocrx_word' id='word_1_32' title='bbox 599 546 677 599; x_wconf 86' lang='lat' dir='ltr'>esse,</span> <span class='ocrx_word' id='word_1_33' title='bbox 707 525 798 585; x_wconf 87' lang='lat' dir='ltr'>latere</span> <span class='ocrx_word' id='word_1_34' title='bbox 822 536 919 586; x_wconf 88' lang='lat' dir='ltr'>autem</span> <span class='ocrx_word' id='word_1_35' title='bbox 944 525 1089 587; x_wconf 72' lang='lat' dir='ltr'>invisibile</span> <span class='ocrx_word' id='word_1_36' title='bbox 1109 527 1139 587; x_wconf 92' lang='lat' dir='ltr'>in</span> <span class='ocrx_word' id='word_1_37' title='bbox 1159 539 1238 590; x_wconf 84' lang='lat' dir='ltr'>terra</span> 
     </span>
     <span class='ocr_line' id='line_1_5' title="bbox 107 603 1240 686; baseline -0.002 -19"><span class='ocrx_word' id='word_1_38' title='bbox 107 607 160 668; x_wconf 87' lang='lat' dir='ltr'>suh</span> <span class='ocrx_word' id='word_1_39' title='bbox 181 605 340 666; x_wconf 82' lang='lat' dir='ltr'>innumeris</span> <span class='ocrx_word' id='word_1_40' title='bbox 362 607 441 685; x_wconf 88' lang='lat' dir='ltr'>panis</span> <span class='ocrx_word' id='word_1_41' title='bbox 467 603 615 665; x_wconf 77' lang='lat' dir='ltr'>frustulis?</span> <span class='ocrx_word' id='word_1_42' title='bbox 633 603 778 675; x_wconf 84' lang='lat' dir='ltr'>‘Dicent,</span> <span class='ocrx_word' id='word_1_43' title='bbox 799 605 999 663; x_wconf 65' lang='lat' dir='ltr'>necessitatem</span> <span class='ocrx_word' id='word_1_44' title='bbox 1021 603 1077 664; x_wconf 91' lang='lat' dir='ltr'>boc</span> <span class='ocrx_word' id='word_1_45' title='bbox 1095 603 1240 686; x_wconf 81' lang='lat' dir='ltr'>flagitare,</span> 
     </span>
     <span class='ocr_line' id='line_1_6' title="bbox 107 679 1239 760; baseline -0.001 -18"><span class='ocrx_word' id='word_1_46' title='bbox 107 694 141 742; x_wconf 90' lang='lat' dir='ltr'>ut</span> <span class='ocrx_word' id='word_1_47' title='bbox 160 682 271 743; x_wconf 90' lang='lat' dir='ltr'>Christi</span> <span class='ocrx_word' id='word_1_48' title='bbox 296 703 403 760; x_wconf 85' lang='lat' dir='ltr'>eorpus</span> <span class='ocrx_word' id='word_1_49' title='bbox 433 681 519 740; x_wconf 91' lang='lat' dir='ltr'>detur</span> <span class='ocrx_word' id='word_1_50' title='bbox 543 681 575 739; x_wconf 90' lang='lat' dir='ltr'>in</span> <span class='ocrx_word' id='word_1_51' title='bbox 595 680 709 741; x_wconf 90' lang='lat' dir='ltr'>Coena.</span> <span class='ocrx_word' id='word_1_52' title='bbox 759 679 874 757; x_wconf 86' lang='lat' dir='ltr'>Nempe</span> <span class='ocrx_word' id='word_1_53' title='bbox 897 679 965 758; x_wconf 84' lang='lat' dir='ltr'>quia</span> <span class='ocrx_word' id='word_1_54' title='bbox 988 679 1136 746; x_wconf 77' lang='lat' dir='ltr'>carnalem</span> <span class='ocrx_word' id='word_1_55' title='bbox 1158 703 1239 742; x_wconf 89' lang='lat' dir='ltr'>esum</span> 
     </span>
     <span class='ocr_line' id='line_1_7' title="bbox 108 755 1239 838; baseline 0 -20"><span class='ocrx_word' id='word_1_56' title='bbox 108 780 141 818; x_wconf 86' lang='lat' dir='ltr'>ex</span> <span class='ocrx_word' id='word_1_57' title='bbox 162 758 272 819; x_wconf 90' lang='lat' dir='ltr'>Christi</span> <span class='ocrx_word' id='word_1_58' title='bbox 290 759 385 819; x_wconf 86' lang='lat' dir='ltr'>verbis</span> <span class='ocrx_word' id='word_1_59' title='bbox 407 756 512 818; x_wconf 88' lang='lat' dir='ltr'>elicere</span> <span class='ocrx_word' id='word_1_60' title='bbox 545 755 645 831; x_wconf 89' lang='lat' dir='ltr'>libuit,</span> <span class='ocrx_word' id='word_1_61' title='bbox 675 777 728 816; x_wconf 92' lang='lat' dir='ltr'>suo</span> <span class='ocrx_word' id='word_1_62' title='bbox 760 758 890 814; x_wconf 90' lang='lat' dir='ltr'>isorum</span> <span class='ocrx_word' id='word_1_63' title='bbox 911 756 1091 836; x_wconf 89' lang='lat' dir='ltr'>praeiudicio</span> <span class='ocrx_word' id='word_1_64' title='bbox 1112 757 1239 838; x_wconf 76' lang='lat' dir='ltr'>abrepti,</span> 
     </span>
     <span class='ocr_line' id='line_1_8' title="bbox 107 832 1237 916; baseline 0 -21"><span class='ocrx_word' id='word_1_65' title='bbox 107 855 226 896; x_wconf 83' lang='lat' dir='ltr'>necesse</span> <span class='ocrx_word' id='word_1_66' title='bbox 246 834 411 894; x_wconf 90' lang='lat' dir='ltr'>hahuerunt</span> <span class='ocrx_word' id='word_1_67' title='bbox 430 832 572 916; x_wconf 78' lang='lat' dir='ltr'>argutiam</span> <span class='ocrx_word' id='word_1_68' title='bbox 593 833 667 892; x_wconf 85' lang='lat' dir='ltr'>b&#39;anc</span> <span class='ocrx_word' id='word_1_69' title='bbox 687 851 756 891; x_wconf 84' lang='lat' dir='ltr'>excu</span> <span class='ocrx_word' id='word_1_70' title='bbox 780 851 839 904; x_wconf 89' lang='lat' dir='ltr'>ere,</span> <span class='ocrx_word' id='word_1_71' title='bbox 859 832 905 890; x_wconf 89' lang='lat' dir='ltr'>cni</span> <span class='ocrx_word' id='word_1_72' title='bbox 925 833 1062 893; x_wconf 80' lang='lat' dir='ltr'>reclamat</span> <span class='ocrx_word' id='word_1_73' title='bbox 1078 844 1139 894; x_wconf 83' lang='lat' dir='ltr'>tots</span> <span class='ocrx_word' id='word_1_74' title='bbox 1157 834 1237 895; x_wconf 92' lang='lat' dir='ltr'>Scri-</span> 
     </span>
     <span class='ocr_line' id='line_1_9' title="bbox 107 907 1239 992; baseline 0.001 -21"><span class='ocrx_word' id='word_1_75' title='bbox 107 925 202 992; x_wconf 89' lang='lat' dir='ltr'>ptura.</span> <span class='ocrx_word' id='word_1_76' title='bbox 256 912 421 990; x_wconf 84' lang='lat' dir='ltr'>Quicquam</span> <span class='ocrx_word' id='word_1_77' title='bbox 445 929 519 969; x_wconf 78' lang='lat' dir='ltr'>vero</span> <span class='ocrx_word' id='word_1_78' title='bbox 539 929 555 968; x_wconf 91' lang='lat' dir='ltr'>a</span> <span class='ocrx_word' id='word_1_79' title='bbox 576 909 662 969; x_wconf 90' lang='lat' dir='ltr'>nohis</span> <span class='ocrx_word' id='word_1_80' title='bbox 686 907 817 968; x_wconf 90' lang='lat' dir='ltr'>imminui</span> <span class='ocrx_word' id='word_1_81' title='bbox 837 907 874 966; x_wconf 87' lang='lat' dir='ltr'>de</span> <span class='ocrx_word' id='word_1_82' title='bbox 901 909 1034 988; x_wconf 90' lang='lat' dir='ltr'>potentia</span> <span class='ocrx_word' id='word_1_83' title='bbox 1053 909 1126 981; x_wconf 90' lang='lat' dir='ltr'>Dei,</span> <span class='ocrx_word' id='word_1_84' title='bbox 1147 933 1178 971; x_wconf 89' lang='lat' dir='ltr'>us</span> <span class='ocrx_word' id='word_1_85' title='bbox 1202 931 1239 972; x_wconf 89' lang='lat' dir='ltr'>ue</span> 
     </span>
     <span class='ocr_line' id='line_1_10' title="bbox 108 933 1240 1076; baseline 0.001 -30"><span class='ocrx_word' id='word_1_86' title='bbox 108 1008 143 1046; x_wconf 89' lang='lat' dir='ltr'>eo</span> <span class='ocrx_word' id='word_1_87' title='bbox 166 987 267 1048; x_wconf 87' lang='lat' dir='ltr'>salsum</span> <span class='ocrx_word' id='word_1_88' title='bbox 288 999 342 1059; x_wconf 89' lang='lat' dir='ltr'>est,</span> <span class='ocrx_word' id='word_1_89' title='bbox 362 1001 394 1047; x_wconf 90' lang='lat' dir='ltr'>ut</span> <span class='ocrx_word' id='word_1_90' title='bbox 415 998 513 1046; x_wconf 87' lang='lat' dir='ltr'>nostra</span> <span class='ocrx_word' id='word_1_91' title='bbox 527 985 660 1045; x_wconf 90' lang='lat' dir='ltr'>doctrina</span> <span class='ocrx_word' id='word_1_92' title='bbox 681 985 812 1076; x_wconf 90' lang='lat' dir='ltr'>apprime</span> <span class='ocrx_word' id='word_1_93' title='bbox 832 984 1018 1064; x_wconf 88' lang='lat' dir='ltr'>magnificum</span> <span class='ocrx_word' id='word_1_94' title='bbox 1037 987 1075 1045; x_wconf 90' lang='lat' dir='ltr'>sit</span> <span class='ocrx_word' id='word_1_95' title='bbox 1094 987 1155 1046; x_wconf 89' lang='lat' dir='ltr'>eius</span> <span class='ocrx_word' id='word_1_96' title='bbox 1175 933 1240 1047; x_wconf 73' lang='lat' dir='ltr'>silo·</span> 
     </span>
     <span class='ocr_line' id='line_1_11' title="bbox 106 1054 1241 1146; baseline 0.002 -23"><span class='ocrx_word' id='word_1_97' title='bbox 106 1066 196 1146; x_wconf 87' lang='lat' dir='ltr'>gium.</span> <span class='ocrx_word' id='word_1_98' title='bbox 215 1098 254 1110; x_wconf 81' lang='lat'>-·</span> <span class='ocrx_word' id='word_1_99' title='bbox 283 1063 343 1122; x_wconf 88' lang='lat' dir='ltr'>Sed</span> <span class='ocrx_word' id='word_1_100' title='bbox 364 1065 431 1144; x_wconf 87' lang='lat' dir='ltr'>quia</span> <span class='ocrx_word' id='word_1_101' title='bbox 449 1082 566 1143; x_wconf 84' lang='lat' dir='ltr'>semper</span> <span class='ocrx_word' id='word_1_102' title='bbox 585 1083 640 1122; x_wconf 91' lang='lat' dir='ltr'>nos</span> <span class='ocrx_word' id='word_1_103' title='bbox 659 1061 836 1134; x_wconf 88' lang='lat' dir='ltr'>insuuulant,</span> <span class='ocrx_word' id='word_1_104' title='bbox 857 1054 985 1121; x_wconf 77' lang='lat' dir='ltr'>fraudari</span> <span class='ocrx_word' id='word_1_105' title='bbox 994 1061 1091 1121; x_wconf 89' lang='lat' dir='ltr'>Deum</span> <span class='ocrx_word' id='word_1_106' title='bbox 1110 1085 1165 1123; x_wconf 91' lang='lat' dir='ltr'>suo</span> <span class='ocrx_word' id='word_1_107' title='bbox 1186 1064 1241 1125; x_wconf 92' lang='lat' dir='ltr'>bo·</span> 
     </span>
     <span class='ocr_line' id='line_1_12' title="bbox 108 1138 1241 1220; baseline 0.002 -21"><span class='ocrx_word' id='word_1_108' title='bbox 108 1161 198 1215; x_wconf 92' lang='lat' dir='ltr'>nore,</span> <span class='ocrx_word' id='word_1_109' title='bbox 218 1141 286 1199; x_wconf 86' lang='lat' dir='ltr'>durh</span> <span class='ocrx_word' id='word_1_110' title='bbox 307 1141 480 1220; x_wconf 80' lang='lat' dir='ltr'>respuimus,</span> <span class='ocrx_word' id='word_1_111' title='bbox 522 1139 579 1198; x_wconf 91' lang='lat' dir='ltr'>uod</span> <span class='ocrx_word' id='word_1_112' title='bbox 599 1138 758 1198; x_wconf 89' lang='lat' dir='ltr'>secundum</span> <span class='ocrx_word' id='word_1_113' title='bbox 780 1157 964 1197; x_wconf 88' lang='lat' dir='ltr'>communem</span> <span class='ocrx_word' id='word_1_114' title='bbox 984 1145 1108 1199; x_wconf 88' lang='lat' dir='ltr'>sensum&#39;</span> <span class='ocrx_word' id='word_1_115' title='bbox 1121 1139 1241 1202; x_wconf 82' lang='lat' dir='ltr'>difficile</span> 
     </span>
     <span class='ocr_line' id='line_1_13' title="bbox 109 1212 1239 1296; baseline 0.002 -21"><span class='ocrx_word' id='word_1_116' title='bbox 109 1229 152 1276; x_wconf 91' lang='lat' dir='ltr'>est</span> <span class='ocrx_word' id='word_1_117' title='bbox 171 1217 298 1291; x_wconf 88' lang='lat' dir='ltr'>creditu,</span> <span class='ocrx_word' id='word_1_118' title='bbox 323 1217 393 1276; x_wconf 89' lang='lat' dir='ltr'>licet</span> <span class='ocrx_word' id='word_1_119' title='bbox 413 1235 466 1275; x_wconf 92' lang='lat' dir='ltr'>ore</span> <span class='ocrx_word' id='word_1_120' title='bbox 487 1213 510 1274; x_wconf 83' lang='lat' dir='ltr'><strong>G</strong></span> <span class='ocrx_word' id='word_1_121' title='bbox 533 1215 594 1274; x_wconf 91' lang='lat' dir='ltr'>risti</span> <span class='ocrx_word' id='word_1_122' title='bbox 614 1214 785 1294; x_wconf 87' lang='lat' dir='ltr'>promissum</span> <span class='ocrx_word' id='word_1_123' title='bbox 806 1212 907 1272; x_wconf 87' lang='lat' dir='ltr'>luerit:</span> <span class='ocrx_word' id='word_1_124' title='bbox 933 1214 1040 1275; x_wconf 86' lang='lat' dir='ltr'>iterum</span> <span class='ocrx_word' id='word_1_125' title='bbox 1060 1217 1239 1296; x_wconf 88' lang='lat' dir='ltr'>respondeo,</span> 
     </span>
     <span class='ocr_line' id='line_1_14' title="bbox 108 1290 1335 1372; baseline 0.003 -21"><span class='ocrx_word' id='word_1_126' title='bbox 108 1293 188 1371; x_wconf 93' lang='lat' dir='ltr'>quod</span> <span class='ocrx_word' id='word_1_127' title='bbox 209 1312 312 1372; x_wconf 91' lang='lat' dir='ltr'>nuper,</span> <span class='ocrx_word' id='word_1_128' title='bbox 333 1312 386 1353; x_wconf 90' lang='lat' dir='ltr'>nos</span> <span class='ocrx_word' id='word_1_129' title='bbox 405 1292 436 1350; x_wconf 89' lang='lat' dir='ltr'>in</span> <span class='ocrx_word' id='word_1_130' title='bbox 457 1291 524 1351; x_wconf 89' lang='lat' dir='ltr'>fidei</span> <span class='ocrx_word' id='word_1_131' title='bbox 544 1290 687 1372; x_wconf 84' lang='lat' dir='ltr'>mysteriis</span> <span class='ocrx_word' id='word_1_132' title='bbox 707 1310 823 1350; x_wconf 88' lang='lat' dir='ltr'>sensnm</span> <span class='ocrx_word' id='word_1_133' title='bbox 843 1310 1028 1351; x_wconf 89' lang='lat' dir='ltr'>communem</span> <span class='ocrx_word' id='word_1_134' title='bbox 1049 1312 1110 1352; x_wconf 92' lang='lat' dir='ltr'>non</span> <span class='ocrx_word' id='word_1_135' title='bbox 1131 1313 1239 1356; x_wconf 90' lang='lat' dir='ltr'>consu·</span> <span class='ocrx_word' id='word_1_136' title='bbox 1329 1331 1335 1344; x_wconf 90' lang='lat'><strong>·</strong></span> 
     </span>
     <span class='ocr_line' id='line_1_15' title="bbox 108 1366 1274 1449; baseline 0.003 -22"><span class='ocrx_word' id='word_1_137' title='bbox 108 1369 179 1443; x_wconf 89' lang='lat' dir='ltr'>lere,</span> <span class='ocrx_word' id='word_1_138' title='bbox 198 1370 249 1429; x_wconf 91' lang='lat' dir='ltr'>sed</span> <span class='ocrx_word' id='word_1_139' title='bbox 268 1369 382 1449; x_wconf 87' lang='lat' dir='ltr'>placida</span> <span class='ocrx_word' id='word_1_140' title='bbox 394 1368 544 1429; x_wconf 73' lang='lat' dir='ltr'>docilitate</span> <span class='ocrx_word' id='word_1_141' title='bbox 564 1379 594 1427; x_wconf 89' lang='lat' dir='ltr'>et</span> <span class='ocrx_word' id='word_1_142' title='bbox 613 1367 717 1447; x_wconf 90' lang='lat' dir='ltr'>spiritu</span> <span class='ocrx_word' id='word_1_143' title='bbox 730 1366 966 1441; x_wconf 88' lang='lat' dir='ltr'>mansuetudinis,</span> <span class='ocrx_word' id='word_1_144' title='bbox 987 1388 1073 1447; x_wconf 92' lang='lat' dir='ltr'>quem</span> <span class='ocrx_word' id='word_1_145' title='bbox 1085 1388 1239 1430; x_wconf 90' lang='lat' dir='ltr'>commen·</span> <span class='ocrx_word' id='word_1_146' title='bbox 1266 1416 1274 1422; x_wconf 87' lang='lat'>.</span> 
     </span>
     <span class='ocr_line' id='line_1_16' title="bbox 108 1441 1239 1524; baseline 0.003 -20"><span class='ocrx_word' id='word_1_147' title='bbox 108 1445 157 1505; x_wconf 82' lang='lat' dir='ltr'>dat</span> <span class='ocrx_word' id='word_1_148' title='bbox 175 1446 301 1505; x_wconf 88' lang='lat' dir='ltr'>Iacobus</span> <span class='ocrx_word' id='word_1_149' title='bbox 320 1448 364 1524; x_wconf 88' lang='lat'>(1,</span> <span class='ocrx_word' id='word_1_150' title='bbox 377 1446 452 1521; x_wconf 71' lang='lat' dir='ltr'>tt),</span> <span class='ocrx_word' id='word_1_151' title='bbox 471 1444 618 1523; x_wconf 87' lang='lat' dir='ltr'>suscipere</span> <span class='ocrx_word' id='word_1_152' title='bbox 639 1443 800 1523; x_wconf 83' lang='lat' dir='ltr'>prolectam</span> <span class='ocrx_word' id='word_1_153' title='bbox 822 1462 838 1501; x_wconf 88' lang='lat' dir='ltr'>e</span> <span class='ocrx_word' id='word_1_154' title='bbox 857 1441 943 1502; x_wconf 91' lang='lat' dir='ltr'>coelo</span> <span class='ocrx_word' id='word_1_155' title='bbox 965 1443 1138 1504; x_wconf 82' lang='lat' dir='ltr'>doctrinam.</span> <span class='ocrx_word' id='word_1_156' title='bbox 1178 1447 1239 1508; x_wconf 87' lang='lat' dir='ltr'>Sed</span> 
     </span>
     <span class='ocr_line' id='line_1_17' title="bbox 59 1518 1239 1612; baseline 0.003 -32"><span class='ocrx_word' id='word_1_157' title='bbox 59 1590 65 1599; x_wconf 17' lang='grc' dir='ltr'>κ</span> <span class='ocrx_word' id='word_1_158' title='bbox 107 1520 138 1580; x_wconf 93' lang='lat' dir='ltr'>in</span> <span class='ocrx_word' id='word_1_159' title='bbox 160 1542 218 1600; x_wconf 91' lang='lat' dir='ltr'>quo</span> <span class='ocrx_word' id='word_1_160' title='bbox 240 1521 293 1600; x_wconf 87' lang='lat' dir='ltr'>ipsi</span> <span class='ocrx_word' id='word_1_161' title='bbox 312 1521 476 1612; x_wconf 88' lang='lat' dir='ltr'>perniciose</span> <span class='ocrx_word' id='word_1_162' title='bbox 497 1534 605 1594; x_wconf 90' lang='lat' dir='ltr'>errant,</span> <span class='ocrx_word' id='word_1_163' title='bbox 625 1539 679 1578; x_wconf 87' lang='lat' dir='ltr'>nos</span> <span class='ocrx_word' id='word_1_164' title='bbox 698 1518 799 1578; x_wconf 88' lang='lat' dir='ltr'>utilem</span> <span class='ocrx_word' id='word_1_165' title='bbox 819 1519 1053 1579; x_wconf 72' lang='lat' dir='ltr'>moderationem</span> <span class='ocrx_word' id='word_1_166' title='bbox 1072 1521 1156 1601; x_wconf 91' lang='lat' dir='ltr'>sequi</span> <span class='ocrx_word' id='word_1_167' title='bbox 1176 1544 1239 1585; x_wconf 93' lang='lat' dir='ltr'>non</span> 
     </span>
     <span class='ocr_line' id='line_1_18' title="bbox 109 1595 1238 1675; baseline 0.001 -16"><span class='ocrx_word' id='word_1_168' title='bbox 109 1599 254 1659; x_wconf 78' lang='lat' dir='ltr'>diffiteor:</span> <span class='ocrx_word' id='word_1_169' title='bbox 282 1597 326 1656; x_wconf 84' lang='lat' dir='ltr'>ills</span> <span class='ocrx_word' id='word_1_170' title='bbox 350 1597 456 1657; x_wconf 89' lang='lat' dir='ltr'>auditis</span> <span class='ocrx_word' id='word_1_171' title='bbox 478 1596 588 1658; x_wconf 86' lang='lat' dir='ltr'>Christi</span> <span class='ocrx_word' id='word_1_172' title='bbox 606 1595 720 1670; x_wconf 82' lang='lat' dir='ltr'>verbis,</span> <span class='ocrx_word' id='word_1_173' title='bbox 740 1595 807 1656; x_wconf 91' lang='lat' dir='ltr'>Hoc</span> <span class='ocrx_word' id='word_1_174' title='bbox 827 1607 872 1654; x_wconf 90' lang='lat' dir='ltr'>est</span> <span class='ocrx_word' id='word_1_175' title='bbox 892 1615 999 1675; x_wconf 89' lang='lat' dir='ltr'>eorpus</span> <span class='ocrx_word' id='word_1_176' title='bbox 1017 1617 1130 1672; x_wconf 89' lang='lat' dir='ltr'>meum,</span> <span class='ocrx_word' id='word_1_177' title='bbox 1150 1598 1238 1660; x_wconf 89' lang='lat' dir='ltr'>mira-</span> 
     </span>
     <span class='ocr_line' id='line_1_19' title="bbox 108 1670 1238 1750; baseline 0.004 -18"><span class='ocrx_word' id='word_1_178' title='bbox 108 1673 205 1733; x_wconf 88' lang='lat' dir='ltr'>culum</span> <span class='ocrx_word' id='word_1_179' title='bbox 226 1672 262 1732; x_wconf 92' lang='lat' dir='ltr'>ab</span> <span class='ocrx_word' id='word_1_180' title='bbox 289 1675 350 1733; x_wconf 90' lang='lat' dir='ltr'>eius</span> <span class='ocrx_word' id='word_1_181' title='bbox 380 1685 479 1733; x_wconf 89' lang='lat' dir='ltr'>mente</span> <span class='ocrx_word' id='word_1_182' title='bbox 504 1672 726 1732; x_wconf 89' lang='lat' dir='ltr'>remotissimum</span> <span class='ocrx_word' id='word_1_183' title='bbox 753 1670 959 1750; x_wconf 88' lang='lat' dir='ltr'>imaginantur.</span> <span class='ocrx_word' id='word_1_184' title='bbox 983 1707 1022 1718; x_wconf 89' lang='lat'>-—</span> <span class='ocrx_word' id='word_1_185' title='bbox 1060 1672 1122 1733; x_wconf 90' lang='lat' dir='ltr'>Ubi</span> <span class='ocrx_word' id='word_1_186' title='bbox 1142 1687 1238 1737; x_wconf 89' lang='lat' dir='ltr'>autem</span> 
     </span>
     <span class='ocr_line' id='line_1_20' title="bbox 108 1747 1238 1832; baseline 0.004 -23"><span class='ocrx_word' id='word_1_187' title='bbox 108 1770 141 1809; x_wconf 83' lang='lat' dir='ltr'>ex</span> <span class='ocrx_word' id='word_1_188' title='bbox 162 1750 219 1809; x_wconf 91' lang='lat' dir='ltr'>boc</span> <span class='ocrx_word' id='word_1_189' title='bbox 239 1762 407 1809; x_wconf 89' lang='lat' dir='ltr'>commento</span> <span class='ocrx_word' id='word_1_190' title='bbox 427 1761 584 1832; x_wconf 88' lang='lat' dir='ltr'>emergunt</span> <span class='ocrx_word' id='word_1_191' title='bbox 604 1749 708 1809; x_wconf 85' lang='lat' dir='ltr'>loedse</span> <span class='ocrx_word' id='word_1_192' title='bbox 727 1747 937 1821; x_wconf 86' lang='lat' dir='ltr'>absurditates,</span> <span class='ocrx_word' id='word_1_193' title='bbox 960 1749 1027 1827; x_wconf 86' lang='lat' dir='ltr'>qnia</span> <span class='ocrx_word' id='word_1_194' title='bbox 1047 1748 1103 1808; x_wconf 89' lang='lat' dir='ltr'>iarn</span> <span class='ocrx_word' id='word_1_195' title='bbox 1124 1752 1238 1830; x_wconf 90' lang='lat' dir='ltr'>praeci-</span> 
     </span>
     <span class='ocr_line' id='line_1_21' title="bbox 108 1824 1241 1905; baseline 0.004 -21"><span class='ocrx_word' id='word_1_196' title='bbox 108 1826 162 1905; x_wconf 93' lang='lat' dir='ltr'>piti</span> <span class='ocrx_word' id='word_1_197' title='bbox 182 1825 369 1885; x_wconf 79' lang='lat' dir='ltr'>festinatione</span> <span class='ocrx_word' id='word_1_198' title='bbox 389 1826 415 1885; x_wconf 87' lang='lat' dir='ltr'>la</span> <span class='ocrx_word' id='word_1_199' title='bbox 440 1845 510 1886; x_wconf 89' lang='lat' dir='ltr'>neos</span> <span class='ocrx_word' id='word_1_200' title='bbox 529 1825 699 1898; x_wconf 87' lang='lat' dir='ltr'>induerunt,</span> <span class='ocrx_word' id='word_1_201' title='bbox 718 1824 893 1905; x_wconf 87' lang='lat' dir='ltr'>demergunt</span> <span class='ocrx_word' id='word_1_202' title='bbox 903 1843 934 1885; x_wconf 92' lang='lat' dir='ltr'>se</span> <span class='ocrx_word' id='word_1_203' title='bbox 954 1824 984 1884; x_wconf 93' lang='lat' dir='ltr'>in</span> <span class='ocrx_word' id='word_1_204' title='bbox 997 1824 1131 1905; x_wconf 83' lang='lat' dir='ltr'>abyssum</span> <span class='ocrx_word' id='word_1_205' title='bbox 1144 1830 1241 1890; x_wconf 88' lang='lat' dir='ltr'>omni·</span> 
     </span>
     <span class='ocr_line' id='line_1_22' title="bbox 130 1900 1239 1983; baseline 0.005 -22"><span class='ocrx_word' id='word_1_206' title='bbox 130 1900 257 1961; x_wconf 90' lang='lat' dir='ltr'>otentiae</span> <span class='ocrx_word' id='word_1_207' title='bbox 276 1902 348 1961; x_wconf 89' lang='lat' dir='ltr'>Dei:</span> <span class='ocrx_word' id='word_1_208' title='bbox 374 1914 406 1961; x_wconf 91' lang='lat' dir='ltr'>ut</span> <span class='ocrx_word' id='word_1_209' title='bbox 453 1922 490 1963; x_wconf 92' lang='lat' dir='ltr'>oc</span> <span class='ocrx_word' id='word_1_210' title='bbox 510 1900 599 1961; x_wconf 90' lang='lat' dir='ltr'>modo</span> <span class='ocrx_word' id='word_1_211' title='bbox 619 1900 747 1961; x_wconf 88' lang='lat' dir='ltr'>veritatis</span> <span class='ocrx_word' id='word_1_212' title='bbox 768 1900 861 1961; x_wconf 89' lang='lat' dir='ltr'>lucem</span> <span class='ocrx_word' id='word_1_213' title='bbox 882 1900 1066 1983; x_wconf 85' lang='lat' dir='ltr'>exstinguant</span> <span class='ocrx_word' id='word_1_214' title='bbox 1075 1902 1120 1979; x_wconf 52' lang='grc' dir='ltr'>ΙΜ).</span> <span class='ocrx_word' id='word_1_215' title='bbox 1159 1903 1239 1966; x_wconf 88' lang='lat' dir='ltr'>Hinc</span> 
     </span>
     <span class='ocr_line' id='line_1_23' title="bbox 108 1924 1240 2058; baseline 0.003 -21"><span class='ocrx_word' id='word_1_216' title='bbox 108 1924 236 2037; x_wconf 73' lang='lat' dir='ltr'>lastuosa</span> <span class='ocrx_word' id='word_1_217' title='bbox 256 1977 305 2038; x_wconf 90' lang='lat' dir='ltr'>illa</span> <span class='ocrx_word' id='word_1_218' title='bbox 324 1980 494 2055; x_wconf 72' lang='lat' dir='ltr'>morositas,</span> <span class='ocrx_word' id='word_1_219' title='bbox 526 1976 670 2037; x_wconf 87' lang='lat' dir='ltr'>Nolumus</span> <span class='ocrx_word' id='word_1_220' title='bbox 689 1977 779 2049; x_wconf 89' lang='lat' dir='ltr'>scire,</span> <span class='ocrx_word' id='word_1_221' title='bbox 799 1976 949 2056; x_wconf 90' lang='lat' dir='ltr'>quomodo</span> <span class='ocrx_word' id='word_1_222' title='bbox 970 1978 1023 2038; x_wconf 91' lang='lat' dir='ltr'>suh</span> <span class='ocrx_word' id='word_1_223' title='bbox 1048 1999 1124 2058; x_wconf 90' lang='lat' dir='ltr'>pane</span> <span class='ocrx_word' id='word_1_224' title='bbox 1151 1978 1240 2044; x_wconf 87' lang='lat' dir='ltr'>lateat</span> 
     </span>
     <span class='ocr_line' id='line_1_24' title="bbox 110 2052 1239 2135; baseline 0.003 -20"><span class='ocrx_word' id='word_1_225' title='bbox 110 2056 256 2129; x_wconf 91' lang='lat' dir='ltr'>Christus,</span> <span class='ocrx_word' id='word_1_226' title='bbox 287 2054 340 2115; x_wconf 88' lang='lat' dir='ltr'>hsc</span> <span class='ocrx_word' id='word_1_227' title='bbox 370 2055 459 2135; x_wconf 92' lang='lat' dir='ltr'>ipsius</span> <span class='ocrx_word' id='word_1_228' title='bbox 479 2075 553 2115; x_wconf 84' lang='lat' dir='ltr'>voce</span> <span class='ocrx_word' id='word_1_229' title='bbox 572 2052 722 2128; x_wconf 91' lang='lat' dir='ltr'>contenti,</span> <span class='ocrx_word' id='word_1_230' title='bbox 752 2054 819 2113; x_wconf 89' lang='lat' dir='ltr'>Hoc</span> <span class='ocrx_word' id='word_1_231' title='bbox 840 2064 884 2113; x_wconf 90' lang='lat' dir='ltr'>est</span> <span class='ocrx_word' id='word_1_232' title='bbox 904 2073 1010 2133; x_wconf 89' lang='lat' dir='ltr'>corpus</span> <span class='ocrx_word' id='word_1_233' title='bbox 1030 2074 1135 2114; x_wconf 89' lang='lat' dir='ltr'>meum.</span> <span class='ocrx_word' id='word_1_234' title='bbox 1175 2059 1239 2121; x_wconf 89' lang='lat' dir='ltr'>Nos</span> 
     </span>
    </p>
   </div>
   <div class='ocr_carea' id='block_1_3' title="bbox 108 2128 1341 2211">
    <p class='ocr_par' dir='ltr' id='par_1_3' title="bbox 108 2128 1341 2211">
     <span class='ocr_line' id='line_1_25' title="bbox 108 2128 1341 2211; baseline -0.001 -21"><span class='ocrx_word' id='word_1_235' title='bbox 108 2151 194 2205; x_wconf 89' lang='lat' dir='ltr'>vero,</span> <span class='ocrx_word' id='word_1_236' title='bbox 227 2142 258 2190; x_wconf 90' lang='lat' dir='ltr'>ut</span> <span class='ocrx_word' id='word_1_237' title='bbox 281 2133 312 2189; x_wconf 90' lang='lat' dir='ltr'>in</span> <span class='ocrx_word' id='word_1_238' title='bbox 336 2142 398 2190; x_wconf 86' lang='lat' dir='ltr'>tota</span> <span class='ocrx_word' id='word_1_239' title='bbox 419 2132 586 2210; x_wconf 86' lang='lat' dir='ltr'>Scriptura,</span> <span class='ocrx_word' id='word_1_240' title='bbox 615 2150 714 2190; x_wconf 86' lang='lat' dir='ltr'>sanam</span> <span class='ocrx_word' id='word_1_241' title='bbox 747 2129 830 2190; x_wconf 92' lang='lat' dir='ltr'>huius</span> <span class='ocrx_word' id='word_1_242' title='bbox 850 2128 910 2190; x_wconf 88' lang='lat' dir='ltr'>loci</span> <span class='ocrx_word' id='word_1_243' title='bbox 929 2129 1154 2211; x_wconf 87' lang='lat' dir='ltr'>intelligentiam</span> <span class='ocrx_word' id='word_1_244' title='bbox 1175 2155 1239 2196; x_wconf 90' lang='lat' dir='ltr'>non</span> <span class='ocrx_word' id='word_1_245' title='bbox 1338 2180 1341 2189; x_wconf 73' lang='grc'><strong><em>,</em></strong></span> 
     </span>
    </p>
   </div>
   <div class='ocr_carea' id='block_1_4' title="bbox 105 2206 1248 3740">
    <p class='ocr_par' dir='ltr' id='par_1_4' title="bbox 105 2206 1248 3740">
     <span class='ocr_line' id='line_1_26' title="bbox 108 2206 1238 2298; baseline -0.005 -31"><span class='ocrx_word' id='word_1_246' title='bbox 108 2209 223 2267; x_wconf 90' lang='lat' dir='ltr'>minore</span> <span class='ocrx_word' id='word_1_247' title='bbox 243 2206 428 2281; x_wconf 90' lang='lat' dir='ltr'>obedientia,</span> <span class='ocrx_word' id='word_1_248' title='bbox 447 2229 534 2287; x_wconf 87' lang='lat' dir='ltr'>qnam</span> <span class='ocrx_word' id='word_1_249' title='bbox 559 2228 628 2267; x_wconf 84' lang='lat' dir='ltr'>cura</span> <span class='ocrx_word' id='word_1_250' title='bbox 649 2209 789 2298; x_wconf 75' lang='lat' dir='ltr'>consequi</span> <span class='ocrx_word' id='word_1_251' title='bbox 808 2207 971 2266; x_wconf 89' lang='lat' dir='ltr'>studemus:</span> <span class='ocrx_word' id='word_1_252' title='bbox 992 2217 1089 2286; x_wconf 89' lang='lat' dir='ltr'>neque</span> <span class='ocrx_word' id='word_1_253' title='bbox 1109 2229 1238 2292; x_wconf 87' lang='lat' dir='ltr'>praepo.</span> 
     </span>
     <span class='ocr_line' id='line_1_27' title="bbox 107 2283 1240 2363; baseline 0.004 -19"><span class='ocrx_word' id='word_1_254' title='bbox 107 2297 187 2345; x_wconf 90' lang='lat' dir='ltr'>stero</span> <span class='ocrx_word' id='word_1_255' title='bbox 218 2283 334 2344; x_wconf 82' lang='lat' dir='ltr'>fervore</span> <span class='ocrx_word' id='word_1_256' title='bbox 365 2297 476 2343; x_wconf 91' lang='lat' dir='ltr'>temere</span> <span class='ocrx_word' id='word_1_257' title='bbox 506 2283 656 2362; x_wconf 87' lang='lat' dir='ltr'>arripimus</span> <span class='ocrx_word' id='word_1_258' title='bbox 677 2294 707 2342; x_wconf 90' lang='lat' dir='ltr'>et</span> <span class='ocrx_word' id='word_1_259' title='bbox 731 2301 796 2343; x_wconf 86' lang='lat' dir='ltr'>srne</span> <span class='ocrx_word' id='word_1_260' title='bbox 815 2283 942 2357; x_wconf 91' lang='lat' dir='ltr'>delectu,</span> <span class='ocrx_word' id='word_1_261' title='bbox 961 2285 1041 2363; x_wconf 92' lang='lat' dir='ltr'>quod</span> <span class='ocrx_word' id='word_1_262' title='bbox 1061 2285 1188 2363; x_wconf 83' lang='lat' dir='ltr'>primurn</span> <span class='ocrx_word' id='word_1_263' title='bbox 1207 2309 1240 2350; x_wconf 90' lang='lat' dir='ltr'>se</span> 
     </span>
     <span class='ocr_line' id='line_1_28' title="bbox 106 2357 1239 2442; baseline 0.006 -23"><span class='ocrx_word' id='word_1_264' title='bbox 106 2360 253 2420; x_wconf 86' lang='lat' dir='ltr'>mentibus</span> <span class='ocrx_word' id='word_1_265' title='bbox 272 2362 379 2420; x_wconf 88' lang='lat' dir='ltr'>nostris</span> <span class='ocrx_word' id='word_1_266' title='bbox 398 2361 522 2442; x_wconf 84' lang='lat' dir='ltr'>ingerit,</span> <span class='ocrx_word' id='word_1_267' title='bbox 540 2360 607 2431; x_wconf 90' lang='lat' dir='ltr'>sed,</span> <span class='ocrx_word' id='word_1_268' title='bbox 626 2357 724 2420; x_wconf 89' lang='lat' dir='ltr'>sedula</span> <span class='ocrx_word' id='word_1_269' title='bbox 745 2358 936 2419; x_wconf 89' lang='lat' dir='ltr'>meditatione</span> <span class='ocrx_word' id='word_1_270' title='bbox 955 2359 1099 2434; x_wconf 88' lang='lat' dir='ltr'>adbibita,</span> <span class='ocrx_word' id='word_1_271' title='bbox 1122 2383 1239 2426; x_wconf 87' lang='lat' dir='ltr'>sensum</span> 
     </span>
     <span class='ocr_line' id='line_1_29' title="bbox 107 2435 1241 2519; baseline 0.005 -22"><span class='ocrx_word' id='word_1_272' title='bbox 107 2437 320 2516; x_wconf 86' lang='lat' dir='ltr'>amplectimur,</span> <span class='ocrx_word' id='word_1_273' title='bbox 340 2458 426 2516; x_wconf 90' lang='lat' dir='ltr'>quem</span> <span class='ocrx_word' id='word_1_274' title='bbox 447 2437 572 2517; x_wconf 87' lang='lat' dir='ltr'>Spiritus</span> <span class='ocrx_word' id='word_1_275' title='bbox 592 2437 650 2496; x_wconf 87' lang='lat' dir='ltr'>Dei</span> <span class='ocrx_word' id='word_1_276' title='bbox 668 2437 813 2517; x_wconf 82' lang='lat' dir='ltr'>suggerit:</span> <span class='ocrx_word' id='word_1_277' title='bbox 835 2455 895 2515; x_wconf 91' lang='lat' dir='ltr'>quo</span> <span class='ocrx_word' id='word_1_278' title='bbox 916 2435 995 2512; x_wconf 79' lang='lat' dir='ltr'>freti,</span> <span class='ocrx_word' id='word_1_279' title='bbox 1014 2437 1187 2519; x_wconf 89' lang='lat' dir='ltr'>despicimus</span> <span class='ocrx_word' id='word_1_280' title='bbox 1207 2463 1241 2503; x_wconf 82' lang='lat' dir='ltr'>ex</span> 
     </span>
     <span class='ocr_line' id='line_1_30' title="bbox 107 2513 1239 2595; baseline 0.005 -21"><span class='ocrx_word' id='word_1_281' title='bbox 107 2516 180 2588; x_wconf 87' lang='lat' dir='ltr'>alto,</span> <span class='ocrx_word' id='word_1_282' title='bbox 202 2513 340 2592; x_wconf 88' lang='lat' dir='ltr'>quicquid</span> <span class='ocrx_word' id='word_1_283' title='bbox 360 2527 494 2573; x_wconf 91' lang='lat' dir='ltr'>terrenae</span> <span class='ocrx_word' id='word_1_284' title='bbox 513 2513 672 2594; x_wconf 89' lang='lat' dir='ltr'>sapientiae</span> <span class='ocrx_word' id='word_1_285' title='bbox 692 2525 796 2573; x_wconf 88' lang='lat' dir='ltr'>contra</span> <span class='ocrx_word' id='word_1_286' title='bbox 817 2513 988 2593; x_wconf 90' lang='lat' dir='ltr'>opponitur.</span> <span class='ocrx_word' id='word_1_287' title='bbox 1028 2513 1093 2576; x_wconf 91' lang='lat' dir='ltr'>Imo</span> <span class='ocrx_word' id='word_1_288' title='bbox 1114 2518 1239 2595; x_wconf 83' lang='lat' dir='ltr'>captivas</span> 
     </span>
     <span class='ocr_line' id='line_1_31' title="bbox 105 2588 1241 2669; baseline 0.004 -19"><span class='ocrx_word' id='word_1_289' title='bbox 105 2606 239 2651; x_wconf 87' lang='lat' dir='ltr'>tenemus</span> <span class='ocrx_word' id='word_1_290' title='bbox 259 2602 371 2649; x_wconf 89' lang='lat' dir='ltr'>mentes</span> <span class='ocrx_word' id='word_1_291' title='bbox 391 2590 519 2663; x_wconf 82' lang='lat' dir='ltr'>nostras,</span> <span class='ocrx_word' id='word_1_292' title='bbox 543 2611 580 2648; x_wconf 90' lang='lat' dir='ltr'>ne</span> <span class='ocrx_word' id='word_1_293' title='bbox 599 2589 724 2650; x_wconf 80' lang='lat' dir='ltr'>verbulo</span> <span class='ocrx_word' id='word_1_294' title='bbox 753 2589 888 2649; x_wconf 81' lang='lat' dir='ltr'>duntaxat</span> <span class='ocrx_word' id='word_1_295' title='bbox 907 2588 1097 2669; x_wconf 91' lang='lat' dir='ltr'>obstrepere,</span> <span class='ocrx_word' id='word_1_296' title='bbox 1126 2613 1159 2652; x_wconf 90' lang='lat' dir='ltr'>ac</span> <span class='ocrx_word' id='word_1_297' title='bbox 1187 2593 1241 2654; x_wconf 90' lang='lat' dir='ltr'>hu·</span> 
     </span>
     <span class='ocr_line' id='line_1_32' title="bbox 105 2667 1240 2749; baseline 0.004 -22"><span class='ocrx_word' id='word_1_298' title='bbox 105 2668 263 2742; x_wconf 85' lang='lat' dir='ltr'>miliamns,</span> <span class='ocrx_word' id='word_1_299' title='bbox 293 2687 331 2726; x_wconf 91' lang='lat' dir='ltr'>ne</span> <span class='ocrx_word' id='word_1_300' title='bbox 354 2668 507 2749; x_wconf 89' lang='lat' dir='ltr'>insurgere</span> <span class='ocrx_word' id='word_1_301' title='bbox 531 2667 666 2727; x_wconf 88' lang='lat' dir='ltr'>audeant.</span> <span class='ocrx_word' id='word_1_302' title='bbox 714 2667 792 2725; x_wconf 88' lang='lat' dir='ltr'>llinc</span> <span class='ocrx_word' id='word_1_303' title='bbox 811 2677 878 2725; x_wconf 87' lang='lat' dir='ltr'>nata</span> <span class='ocrx_word' id='word_1_304' title='bbox 899 2678 943 2726; x_wconf 87' lang='lat' dir='ltr'>est</span> <span class='ocrx_word' id='word_1_305' title='bbox 967 2667 1110 2745; x_wconf 80' lang='lat' dir='ltr'>expositio</span> <span class='ocrx_word' id='word_1_306' title='bbox 1130 2670 1240 2731; x_wconf 84' lang='lat' dir='ltr'>verho-</span> 
     </span>
     <span class='ocr_line' id='line_1_33' title="bbox 107 2742 1248 2822; baseline 0.004 -19"><span class='ocrx_word' id='word_1_307' title='bbox 107 2767 170 2803; x_wconf 92' lang='lat' dir='ltr'>rnm</span> <span class='ocrx_word' id='word_1_308' title='bbox 193 2743 320 2816; x_wconf 76' lang='lat' dir='ltr'>Christi,</span> <span class='ocrx_word' id='word_1_309' title='bbox 351 2765 436 2822; x_wconf 88' lang='lat' dir='ltr'>quam</span> <span class='ocrx_word' id='word_1_310' title='bbox 461 2764 495 2802; x_wconf 84' lang='lat' dir='ltr'>es</span> <span class='ocrx_word' id='word_1_311' title='bbox 519 2757 664 2822; x_wconf 89' lang='lat' dir='ltr'>perpetuo</span> <span class='ocrx_word' id='word_1_312' title='bbox 685 2742 856 2821; x_wconf 89' lang='lat' dir='ltr'>Scripturae</span> <span class='ocrx_word' id='word_1_313' title='bbox 876 2763 928 2800; x_wconf 90' lang='lat' dir='ltr'>usn</span> <span class='ocrx_word' id='word_1_314' title='bbox 948 2745 1136 2803; x_wconf 84' lang='lat' dir='ltr'>sacramentis</span> <span class='ocrx_word' id='word_1_315' title='bbox 1157 2755 1248 2807; x_wconf 67' lang='lat' dir='ltr'>com-⁵</span> 
     </span>
     <span class='ocr_line' id='line_1_34' title="bbox 106 2819 1239 2892; baseline 0.005 -13"><span class='ocrx_word' id='word_1_316' title='bbox 106 2838 224 2879; x_wconf 89' lang='lat' dir='ltr'>munem</span> <span class='ocrx_word' id='word_1_317' title='bbox 245 2837 323 2892; x_wconf 91' lang='lat' dir='ltr'>esse,</span> <span class='ocrx_word' id='word_1_318' title='bbox 356 2839 458 2878; x_wconf 89' lang='lat' dir='ltr'>omues</span> <span class='ocrx_word' id='word_1_319' title='bbox 477 2821 507 2877; x_wconf 91' lang='lat' dir='ltr'>in</span> <span class='ocrx_word' id='word_1_320' title='bbox 529 2828 562 2878; x_wconf 85' lang='lat' dir='ltr'>ea</span> <span class='ocrx_word' id='word_1_321' title='bbox 582 2819 771 2878; x_wconf 88' lang='lat' dir='ltr'>mediocriter</span> <span class='ocrx_word' id='word_1_322' title='bbox 789 2820 895 2877; x_wconf 85' lang='lat' dir='ltr'>versati</span> <span class='ocrx_word' id='word_1_323' title='bbox 914 2830 1034 2878; x_wconf 89' lang='lat' dir='ltr'>norunt.</span> <span class='ocrx_word' id='word_1_324' title='bbox 1075 2821 1147 2881; x_wconf 59' lang='lat' dir='ltr'>&#39;Nec</span> <span class='ocrx_word' id='word_1_325' title='bbox 1167 2843 1239 2885; x_wconf 84' lang='lat' dir='ltr'>vero</span> 
     </span>
     <span class='ocr_line' id='line_1_35' title="bbox 109 2894 1240 2974; baseline 0.005 -20"><span class='ocrx_word' id='word_1_326' title='bbox 109 2897 190 2954; x_wconf 79' lang='lat' dir='ltr'>nefas</span> <span class='ocrx_word' id='word_1_327' title='bbox 211 2913 271 2953; x_wconf 88' lang='lat' dir='ltr'>esse</span> <span class='ocrx_word' id='word_1_328' title='bbox 293 2894 378 2954; x_wconf 92' lang='lat' dir='ltr'>nohis</span> <span class='ocrx_word' id='word_1_329' title='bbox 399 2895 545 2967; x_wconf 88' lang='lat' dir='ltr'>ducimus,</span> <span class='ocrx_word' id='word_1_330' title='bbox 575 2905 691 2953; x_wconf 88' lang='lat' dir='ltr'>sanctae</span> <span class='ocrx_word' id='word_1_331' title='bbox 712 2894 842 2974; x_wconf 88' lang='lat' dir='ltr'>Virginis</span> <span class='ocrx_word' id='word_1_332' title='bbox 862 2894 1011 2973; x_wconf 84' lang='lat' dir='ltr'>exemplo,</span> <span class='ocrx_word' id='word_1_333' title='bbox 1040 2895 1071 2954; x_wconf 93' lang='lat' dir='ltr'>in</span> <span class='ocrx_word' id='word_1_334' title='bbox 1097 2917 1129 2956; x_wconf 89' lang='lat' dir='ltr'>rc</span> <span class='ocrx_word' id='word_1_335' title='bbox 1150 2898 1240 2962; x_wconf 89' lang='lat' dir='ltr'>ardua</span> 
     </span>
     <span class='ocr_line' id='line_1_36' title="bbox 106 2969 1202 3049; baseline -0.004 -16"><span class='ocrx_word' id='word_1_336' title='bbox 106 2972 255 3046; x_wconf 87' lang='lat' dir='ltr'>sciscitari,</span> <span class='ocrx_word' id='word_1_337' title='bbox 275 2969 425 3047; x_wconf 89' lang='lat' dir='ltr'>quomodo</span> <span class='ocrx_word' id='word_1_338' title='bbox 446 2970 509 3028; x_wconf 89' lang='lat' dir='ltr'>fieri</span> <span class='ocrx_word' id='word_1_339' title='bbox 528 2971 618 3049; x_wconf 90' lang='lat' dir='ltr'>possit</span> <span class='ocrx_word' id='word_1_340' title='bbox 636 2969 722 3045; x_wconf 85' lang='lat' dir='ltr'>(Luc.</span> <span class='ocrx_word' id='word_1_341' title='bbox 735 2978 764 3041; x_wconf 84' lang='lat'>1,</span> <span class='ocrx_word' id='word_1_342' title='bbox 775 2969 849 3046; x_wconf 79' lang='grc'><strong>34.).</strong></span> <span class='ocrx_word' id='word_1_343' title='bbox 1197 3029 1202 3046; x_wconf 64' lang='grc'><em>,</em></span> 
     </span>
     <span class='ocr_line' id='line_1_37' title="bbox 182 3044 1240 3138; baseline 0.007 -32"><span class='ocrx_word' id='word_1_344' title='bbox 182 3052 229 3111; x_wconf 79' lang='grc'>26.</span> <span class='ocrx_word' id='word_1_345' title='bbox 268 3047 328 3106; x_wconf 90' lang='lat' dir='ltr'>Sed</span> <span class='ocrx_word' id='word_1_346' title='bbox 349 3048 416 3138; x_wconf 91' lang='lat' dir='ltr'>qnia</span> <span class='ocrx_word' id='word_1_347' title='bbox 436 3044 510 3104; x_wconf 90' lang='lat' dir='ltr'>nihil</span> <span class='ocrx_word' id='word_1_348' title='bbox 528 3045 564 3104; x_wconf 92' lang='lat' dir='ltr'>ad</span> <span class='ocrx_word' id='word_1_349' title='bbox 583 3045 812 3105; x_wconf 85' lang='lat' dir='ltr'>confirmandam</span> <span class='ocrx_word' id='word_1_350' title='bbox 836 3047 952 3127; x_wconf 91' lang='lat' dir='ltr'>piorum</span> <span class='ocrx_word' id='word_1_351' title='bbox 972 3045 1059 3108; x_wconf 86' lang='lat' dir='ltr'>fidem</span> <span class='ocrx_word' id='word_1_352' title='bbox 1080 3051 1170 3131; x_wconf 83' lang='lat' dir='ltr'>magis</span> <span class='ocrx_word' id='word_1_353' title='bbox 1189 3073 1240 3114; x_wconf 82' lang='lat' dir='ltr'>sa-</span> 
     </span>
     <span class='ocr_line' id='line_1_38' title="bbox 106 3122 1239 3205; baseline 0.004 -18"><span class='ocrx_word' id='word_1_354' title='bbox 106 3126 190 3196; x_wconf 90' lang='lat' dir='ltr'>lebit,</span> <span class='ocrx_word' id='word_1_355' title='bbox 210 3145 295 3203; x_wconf 88' lang='lat' dir='ltr'>qnam</span> <span class='ocrx_word' id='word_1_356' title='bbox 316 3124 366 3182; x_wconf 86' lang='lat' dir='ltr'>ubs</span> <span class='ocrx_word' id='word_1_357' title='bbox 387 3122 553 3195; x_wconf 86' lang='lat' dir='ltr'>didicerint,</span> <span class='ocrx_word' id='word_1_358' title='bbox 573 3143 657 3202; x_wconf 85' lang='lat' dir='ltr'>quarn</span> <span class='ocrx_word' id='word_1_359' title='bbox 678 3122 826 3201; x_wconf 88' lang='lat' dir='ltr'>posuimus</span> <span class='ocrx_word' id='word_1_360' title='bbox 846 3123 1020 3200; x_wconf 89' lang='lat' dir='ltr'>doctrinam,</span> <span class='ocrx_word' id='word_1_361' title='bbox 1040 3145 1074 3185; x_wconf 83' lang='lat' dir='ltr'>ex</span> <span class='ocrx_word' id='word_1_362' title='bbox 1092 3147 1168 3205; x_wconf 90' lang='lat' dir='ltr'>puro</span> <span class='ocrx_word' id='word_1_363' title='bbox 1181 3128 1239 3191; x_wconf 86' lang='lat' dir='ltr'>Dei</span> 
     </span>
     <span class='ocr_line' id='line_1_39' title="bbox 106 3199 1238 3285; baseline 0.001 -23"><span class='ocrx_word' id='word_1_364' title='bbox 106 3203 197 3265; x_wconf 83' lang='lat' dir='ltr'>verbo</span> <span class='ocrx_word' id='word_1_365' title='bbox 217 3213 361 3281; x_wconf 86' lang='lat' dir='ltr'>sumptam</span> <span class='ocrx_word' id='word_1_366' title='bbox 383 3220 444 3259; x_wconf 89' lang='lat' dir='ltr'>esse</span> <span class='ocrx_word' id='word_1_367' title='bbox 477 3201 537 3258; x_wconf 90' lang='lat' dir='ltr'>eius</span> <span class='ocrx_word' id='word_1_368' title='bbox 559 3218 596 3257; x_wconf 92' lang='lat' dir='ltr'>ue</span> <span class='ocrx_word' id='word_1_369' title='bbox 620 3199 786 3261; x_wconf 85' lang='lat' dir='ltr'>auctoritati</span> <span class='ocrx_word' id='word_1_370' title='bbox 811 3200 913 3259; x_wconf 89' lang='lat' dir='ltr'>inniti:</span> <span class='ocrx_word' id='word_1_371' title='bbox 946 3200 1004 3260; x_wconf 88' lang='lat' dir='ltr'>hoc</span> <span class='ocrx_word' id='word_1_372' title='bbox 1024 3223 1160 3282; x_wconf 91' lang='lat' dir='ltr'>quoque,</span> <span class='ocrx_word' id='word_1_373' title='bbox 1180 3226 1238 3285; x_wconf 84' lang='lat' dir='ltr'>qua</span> 
     </span>
     <span class='ocr_line' id='line_1_40' title="bbox 108 3220 1240 3362; baseline 0.002 -22"><span class='ocrx_word' id='word_1_374' title='bbox 108 3293 224 3362; x_wconf 88' lang='lat' dir='ltr'>potero,</span> <span class='ocrx_word' id='word_1_375' title='bbox 245 3278 387 3338; x_wconf 89' lang='lat' dir='ltr'>brevitate</span> <span class='ocrx_word' id='word_1_376' title='bbox 407 3276 525 3355; x_wconf 90' lang='lat' dir='ltr'>planum</span> <span class='ocrx_word' id='word_1_377' title='bbox 539 3220 658 3336; x_wconf 84' lang='lat' dir='ltr'>luciam.</span> <span class='ocrx_word' id='word_1_378' title='bbox 686 3275 802 3355; x_wconf 86' lang='lat' dir='ltr'>Corpus</span> <span class='ocrx_word' id='word_1_379' title='bbox 814 3276 935 3351; x_wconf 87' lang='lat' dir='ltr'>Christi,</span> <span class='ocrx_word' id='word_1_380' title='bbox 955 3297 988 3336; x_wconf 88' lang='lat' dir='ltr'>ex</span> <span class='ocrx_word' id='word_1_381' title='bbox 1000 3299 1060 3357; x_wconf 90' lang='lat' dir='ltr'>quo</span> <span class='ocrx_word' id='word_1_382' title='bbox 1073 3283 1240 3359; x_wconf 84' lang='lat' dir='ltr'>resurrexit,</span> 
     </span>
     <span class='ocr_line' id='line_1_41' title="bbox 107 3352 1238 3431; baseline 0.002 -14"><span class='ocrx_word' id='word_1_383' title='bbox 107 3378 168 3417; x_wconf 91' lang='lat' dir='ltr'>non</span> <span class='ocrx_word' id='word_1_384' title='bbox 189 3354 378 3430; x_wconf 77' lang='lat' dir='ltr'>Aristoteles,</span> <span class='ocrx_word' id='word_1_385' title='bbox 408 3353 459 3413; x_wconf 93' lang='lat' dir='ltr'>sed</span> <span class='ocrx_word' id='word_1_386' title='bbox 480 3352 606 3431; x_wconf 89' lang='lat' dir='ltr'>Spiritus</span> <span class='ocrx_word' id='word_1_387' title='bbox 625 3363 740 3412; x_wconf 87' lang='lat' dir='ltr'>sanctus</span> <span class='ocrx_word' id='word_1_388' title='bbox 758 3352 848 3412; x_wconf 87' lang='lat' dir='ltr'>tradit</span> <span class='ocrx_word' id='word_1_389' title='bbox 871 3353 982 3413; x_wconf 79' lang='lat' dir='ltr'>finitura</span> <span class='ocrx_word' id='word_1_390' title='bbox 1010 3375 1072 3415; x_wconf 86' lang='lat' dir='ltr'>esse</span> <span class='ocrx_word' id='word_1_391' title='bbox 1097 3376 1130 3416; x_wconf 89' lang='lat' dir='ltr'>ac</span> <span class='ocrx_word' id='word_1_392' title='bbox 1148 3359 1238 3420; x_wconf 83' lang='lat' dir='ltr'>coelo</span> 
     </span>
     <span class='ocr_line' id='line_1_42' title="bbox 108 3428 1235 3512; baseline 0.002 -19"><span class='ocrx_word' id='word_1_393' title='bbox 108 3431 318 3510; x_wconf 85' lang='lat' dir='ltr'>comprehendi</span> <span class='ocrx_word' id='word_1_394' title='bbox 337 3451 428 3511; x_wconf 90' lang='lat' dir='ltr'>usque</span> <span class='ocrx_word' id='word_1_395' title='bbox 448 3430 483 3489; x_wconf 90' lang='lat' dir='ltr'>ad</span> <span class='ocrx_word' id='word_1_396' title='bbox 504 3429 637 3489; x_wconf 91' lang='lat' dir='ltr'>ultimum</span> <span class='ocrx_word' id='word_1_397' title='bbox 648 3428 733 3487; x_wconf 92' lang='lat' dir='ltr'>diem.</span> <span class='ocrx_word' id='word_1_398' title='bbox 771 3428 835 3489; x_wconf 84' lang='lat' dir='ltr'>Nec</span> <span class='ocrx_word' id='word_1_399' title='bbox 855 3449 902 3487; x_wconf 92' lang='lat' dir='ltr'>me</span> <span class='ocrx_word' id='word_1_400' title='bbox 922 3428 1003 3506; x_wconf 85' lang='lat' dir='ltr'>latet,</span> <span class='ocrx_word' id='word_1_401' title='bbox 1021 3431 1115 3504; x_wconf 89' lang='lat' dir='ltr'>locos,</span> <span class='ocrx_word' id='word_1_402' title='bbox 1135 3434 1185 3512; x_wconf 89' lang='lat' dir='ltr'>qni</span> <span class='ocrx_word' id='word_1_403' title='bbox 1205 3436 1235 3496; x_wconf 91' lang='lat' dir='ltr'>in</span> 
     </span>
     <span class='ocr_line' id='line_1_43' title="bbox 109 3503 1238 3587; baseline 0.003 -17"><span class='ocrx_word' id='word_1_404' title='bbox 109 3512 183 3570; x_wconf 86' lang='lat' dir='ltr'>bane</span> <span class='ocrx_word' id='word_1_405' title='bbox 203 3528 264 3567; x_wconf 89' lang='lat' dir='ltr'>rem</span> <span class='ocrx_word' id='word_1_406' title='bbox 286 3510 427 3582; x_wconf 90' lang='lat' dir='ltr'>citantur,</span> <span class='ocrx_word' id='word_1_407' title='bbox 458 3527 560 3568; x_wconf 87' lang='lat' dir='ltr'>secure</span> <span class='ocrx_word' id='word_1_408' title='bbox 579 3506 615 3567; x_wconf 88' lang='lat' dir='ltr'>ab</span> <span class='ocrx_word' id='word_1_409' title='bbox 636 3506 704 3585; x_wconf 87' lang='lat' dir='ltr'>ipsis</span> <span class='ocrx_word' id='word_1_410' title='bbox 724 3503 814 3565; x_wconf 86' lang='lat' dir='ltr'>eludi.</span> <span class='ocrx_word' id='word_1_411' title='bbox 855 3505 981 3580; x_wconf 86' lang='lat' dir='ltr'>Quoties</span> <span class='ocrx_word' id='word_1_412' title='bbox 1001 3506 1073 3567; x_wconf 89' lang='lat' dir='ltr'>dicit</span> <span class='ocrx_word' id='word_1_413' title='bbox 1093 3508 1238 3587; x_wconf 83' lang='lat' dir='ltr'>Christus,</span> 
     </span>
     <span class='ocr_line' id='line_1_44' title="bbox 107 3582 1239 3661; baseline 0.001 -14"><span class='ocrx_word' id='word_1_414' title='bbox 107 3607 138 3648; x_wconf 89' lang='lat' dir='ltr'>se</span> <span class='ocrx_word' id='word_1_415' title='bbox 159 3583 304 3646; x_wconf 85' lang='lat' dir='ltr'>abiturum</span> <span class='ocrx_word' id='word_1_416' title='bbox 326 3586 429 3645; x_wconf 88' lang='lat' dir='ltr'>relicto</span> <span class='ocrx_word' id='word_1_417' title='bbox 449 3583 560 3644; x_wconf 88' lang='lat' dir='ltr'>mundo</span> <span class='ocrx_word' id='word_1_418' title='bbox 581 3584 782 3661; x_wconf 79' lang='lat' dir='ltr'>(10.1s,2.es</span> <span class='ocrx_word' id='word_1_419' title='bbox 796 3584 877 3659; x_wconf 61' lang='grc'>28),</span> <span class='ocrx_word' id='word_1_420' title='bbox 903 3582 1062 3661; x_wconf 78' lang='lat' dir='ltr'>excipiunt,</span> <span class='ocrx_word' id='word_1_421' title='bbox 1082 3584 1239 3648; x_wconf 87' lang='lat' dir='ltr'>discessum</span> 
     </span>
     <span class='ocr_line' id='line_1_45' title="bbox 107 3658 1240 3740; baseline 0.003 -18"><span class='ocrx_word' id='word_1_422' title='bbox 107 3660 187 3722; x_wconf 91' lang='lat' dir='ltr'>illum</span> <span class='ocrx_word' id='word_1_423' title='bbox 208 3661 279 3719; x_wconf 89' lang='lat' dir='ltr'>nihil</span> <span class='ocrx_word' id='word_1_424' title='bbox 300 3662 376 3720; x_wconf 90' lang='lat' dir='ltr'>aliud</span> <span class='ocrx_word' id='word_1_425' title='bbox 389 3681 458 3722; x_wconf 83' lang='lat' dir='ltr'>esse</span> <span class='ocrx_word' id='word_1_426' title='bbox 472 3682 556 3740; x_wconf 89' lang='lat' dir='ltr'>quam</span> <span class='ocrx_word' id='word_1_427' title='bbox 574 3659 764 3719; x_wconf 88' lang='lat' dir='ltr'>mutationem</span> <span class='ocrx_word' id='word_1_428' title='bbox 785 3658 917 3719; x_wconf 83' lang='lat' dir='ltr'>mortalis</span> <span class='ocrx_word' id='word_1_429' title='bbox 932 3671 1031 3720; x_wconf 86' lang='lat' dir='ltr'>status.</span> <span class='ocrx_word' id='word_1_430' title='bbox 1068 3660 1160 3740; x_wconf 78' lang='lat' dir='ltr'>Atqui</span> <span class='ocrx_word' id='word_1_431' title='bbox 1182 3663 1240 3725; x_wconf 88' lang='lat' dir='ltr'>hoc</span> 
     </span>
    </p>
   </div>
   <div class='ocr_carea' id='block_1_5' title="bbox 108 3735 1241 3873">
    <p class='ocr_par' dir='ltr' id='par_1_5' title="bbox 108 3735 1241 3873">
     <span class='ocr_line' id='line_1_46' title="bbox 108 3735 1241 3873; baseline 0.004 -76"><span class='ocrx_word' id='word_1_432' title='bbox 108 3739 197 3797; x_wconf 89' lang='lat' dir='ltr'>modo</span> <span class='ocrx_word' id='word_1_433' title='bbox 219 3759 278 3797; x_wconf 90' lang='lat' dir='ltr'>non</span> <span class='ocrx_word' id='word_1_434' title='bbox 298 3738 487 3797; x_wconf 87' lang='lat' dir='ltr'>substitueret</span> <span class='ocrx_word' id='word_1_435' title='bbox 506 3737 639 3799; x_wconf 87' lang='lat' dir='ltr'>Christus</span> <span class='ocrx_word' id='word_1_436' title='bbox 659 3735 800 3814; x_wconf 91' lang='lat' dir='ltr'>Spiritum</span> <span class='ocrx_word' id='word_1_437' title='bbox 819 3747 971 3808; x_wconf 87' lang='lat' dir='ltr'>sanetum,</span> <span class='ocrx_word' id='word_1_438' title='bbox 999 3735 1182 3873; x_wconf 91' lang='lat' dir='ltr'>supplendo,</span> <span class='ocrx_word' id='word_1_439' title='bbox 1206 3749 1241 3801; x_wconf 91' lang='lat' dir='ltr'>ut</span> 
     </span>
    </p>
   </div>
   <div class='ocr_carea' id='block_1_6' title="bbox 107 3811 1241 4048">
    <p class='ocr_par' dir='ltr' id='par_1_6' title="bbox 107 3811 1241 4048">
     <span class='ocr_line' id='line_1_47' title="bbox 107 3811 1034 3895; baseline -0.003 -20"><span class='ocrx_word' id='word_1_440' title='bbox 107 3815 284 3895; x_wconf 89' lang='lat' dir='ltr'>loquuntur,</span> <span class='ocrx_word' id='word_1_441' title='bbox 315 3814 463 3875; x_wconf 84' lang='lat' dir='ltr'>absentiae</span> <span class='ocrx_word' id='word_1_442' title='bbox 493 3834 561 3875; x_wconf 89' lang='lat' dir='ltr'>suae</span> <span class='ocrx_word' id='word_1_443' title='bbox 593 3813 735 3888; x_wconf 84' lang='lat' dir='ltr'>defectui,</span> <span class='ocrx_word' id='word_1_444' title='bbox 764 3813 882 3892; x_wconf 88' lang='lat' dir='ltr'>qnando</span> <span class='ocrx_word' id='word_1_445' title='bbox 908 3813 938 3872; x_wconf 90' lang='lat' dir='ltr'>in</span> <span class='ocrx_word' id='word_1_446' title='bbox 959 3811 1034 3872; x_wconf 89' lang='lat' dir='ltr'>illius</span> 
     </span>
     <span class='ocr_line' id='line_1_48' title="bbox 108 3889 1241 3970; baseline 0.001 -18"><span class='ocrx_word' id='word_1_447' title='bbox 108 3891 237 3953; x_wconf 83' lang='lat' dir='ltr'>succedit</span> <span class='ocrx_word' id='word_1_448' title='bbox 265 3911 318 3949; x_wconf 89' lang='lat' dir='ltr'>nec</span> <span class='ocrx_word' id='word_1_449' title='bbox 343 3913 456 3949; x_wconf 88' lang='lat' dir='ltr'>rursum</span> <span class='ocrx_word' id='word_1_450' title='bbox 477 3890 627 3951; x_wconf 89' lang='lat' dir='ltr'>descendit</span> <span class='ocrx_word' id='word_1_451' title='bbox 646 3890 779 3951; x_wconf 89' lang='lat' dir='ltr'>Christus</span> <span class='ocrx_word' id='word_1_452' title='bbox 798 3890 860 3969; x_wconf 87' lang='lat' dir='ltr'>ipse</span> <span class='ocrx_word' id='word_1_453' title='bbox 881 3911 914 3949; x_wconf 83' lang='lat' dir='ltr'>es</span> <span class='ocrx_word' id='word_1_454' title='bbox 934 3889 1056 3949; x_wconf 85' lang='lat' dir='ltr'>coelesti</span> <span class='ocrx_word' id='word_1_455' title='bbox 1075 3890 1187 3970; x_wconf 89' lang='lat' dir='ltr'>gloria,</span> <span class='ocrx_word' id='word_1_456' title='bbox 1207 3904 1241 3953; x_wconf 87' lang='lat' dir='ltr'>ut</span> 
     </span>
     <span class='ocr_line' id='line_1_49' title="bbox 108 3966 1239 4048; baseline 0.001 -19"><span class='ocrx_word' id='word_1_457' title='bbox 108 3969 309 4029; x_wconf 86' lang='lat' dir='ltr'>conditionem</span> <span class='ocrx_word' id='word_1_458' title='bbox 330 3968 460 4028; x_wconf 87' lang='lat' dir='ltr'>mortalis</span> <span class='ocrx_word' id='word_1_459' title='bbox 480 3969 555 4028; x_wconf 81' lang='lat' dir='ltr'>vitae</span> <span class='ocrx_word' id='word_1_460' title='bbox 573 3967 742 4048; x_wconf 81' lang='lat' dir='ltr'>susciperet</span> <span class='ocrx_word' id='word_1_461' title='bbox 787 3966 882 4027; x_wconf 78' lang='lat' dir='ltr'>Certe‘</span> <span class='ocrx_word' id='word_1_462' title='bbox 902 3966 1041 4026; x_wconf 77' lang='lat' dir='ltr'>adventus</span> <span class='ocrx_word' id='word_1_463' title='bbox 1060 3967 1189 4046; x_wconf 90' lang='lat' dir='ltr'>Spiritus</span> <span class='ocrx_word' id='word_1_464' title='bbox 1208 3981 1239 4030; x_wconf 87' lang='lat' dir='ltr'>et</span> 
     </span>
    </p>
   </div>
   <div class='ocr_carea' id='block_1_7' title="bbox 1070 3834 1239 3877">
    <p class='ocr_par' dir='ltr' id='par_1_7' title="bbox 1070 3834 1239 3877">
     <span class='ocr_line' id='line_1_50' title="bbox 1070 3834 1239 3877; baseline 0.03 -4"><span class='ocrx_word' id='word_1_465' title='bbox 1070 3834 1156 3873; x_wconf 76' lang='lat' dir='ltr'>ocum</span> <span class='ocrx_word' id='word_1_466' title='bbox 1176 3837 1239 3877; x_wconf 77' lang='lat' dir='ltr'>110ss</span> 
     </span>
    </p>
   </div>
   <div class='ocr_carea' id='block_1_8' title="bbox 109 4135 227 4144">
    <p class='ocr_par' dir='ltr' id='par_1_8' title="bbox 109 4135 227 4144">
     <span class='ocr_line' id='line_1_51' title="bbox 109 4135 227 4144; baseline 0.017 -2"><span class='ocrx_word' id='word_1_467' title='bbox 109 4135 227 4144; x_wconf 69' lang='lat'>-0—</span> 
     </span>
    </p>
   </div>
   <div class='ocr_carea' id='block_1_9' title="bbox 109 4224 1242 4417">
    <p class='ocr_par' dir='ltr' id='par_1_9' title="bbox 109 4224 1242 4417">
     <span class='ocr_line' id='line_1_52' title="bbox 176 4224 1242 4347; baseline -0.002 -68"><span class='ocrx_word' id='word_1_468' title='bbox 176 4227 204 4295; x_wconf 55' lang='grc'>’)</span> <span class='ocrx_word' id='word_1_469' title='bbox 224 4228 267 4280; x_wconf 91' lang='lat' dir='ltr'>Sic</span> <span class='ocrx_word' id='word_1_470' title='bbox 291 4229 323 4279; x_wconf 90' lang='lat' dir='ltr'>de</span> <span class='ocrx_word' id='word_1_471' title='bbox 341 4227 495 4308; x_wconf 61' lang='lat' dir='ltr'>quibusdum</span> <span class='ocrx_word' id='word_1_472' title='bbox 513 4229 654 4305; x_wconf 13' lang='lat' dir='ltr'>&#39;Anguem</span> <span class='ocrx_word' id='word_1_473' title='bbox 676 4241 747 4347; x_wconf 74' lang='lat' dir='ltr'>epist.</span> <span class='ocrx_word' id='word_1_474' title='bbox 764 4227 821 4284; x_wconf 77' lang='lat'>1⁰5.</span> <span class='ocrx_word' id='word_1_475' title='bbox 855 4224 979 4307; x_wconf 62' lang='lat' dir='ltr'>„illisum</span> <span class='ocrx_word' id='word_1_476' title='bbox 996 4224 1109 4297; x_wconf 86' lang='lat' dir='ltr'>(inquit)</span> <span class='ocrx_word' id='word_1_477' title='bbox 1126 4245 1186 4278; x_wconf 89' lang='lat' dir='ltr'>cnm</span> <span class='ocrx_word' id='word_1_478' title='bbox 1202 4225 1242 4280; x_wconf 84' lang='lat' dir='ltr'>bia</span> 
     </span>
     <span class='ocr_line' id='line_1_53' title="bbox 109 4306 1241 4417; baseline 0 -69"><span class='ocrx_word' id='word_1_479' title='bbox 109 4310 275 4417; x_wconf 47' lang='lat' dir='ltr'>pppiplcpp&#39;u‘pur</span> <span class='ocrx_word' id='word_1_480' title='bbox 300 4310 435 4364; x_wconf 74' lang='lat' dir='ltr'>angusnn,</span> <span class='ocrx_word' id='word_1_481' title='bbox 460 4308 603 4374; x_wconf 18' lang='lat' dir='ltr'>rnpqnantu</span> <span class='ocrx_word' id='word_1_482' title='bbox 624 4315 652 4351; x_wconf 88' lang='lat' dir='ltr'>se</span> <span class='ocrx_word' id='word_1_483' title='bbox 675 4315 689 4348; x_wconf 86' lang='lat' dir='ltr'>s</span> <span class='ocrx_word' id='word_1_484' title='bbox 709 4309 784 4367; x_wconf 81' lang='lat' dir='ltr'>rupte</span> <span class='ocrx_word' id='word_1_485' title='bbox 806 4307 989 4366; x_wconf 75' lang='lat' dir='ltr'>praecipitent,</span> <span class='ocrx_word' id='word_1_486' title='bbox 1013 4308 1155 4391; x_wconf 64' lang='lat' dir='ltr'>metuentes</span> <span class='ocrx_word' id='word_1_487' title='bbox 1177 4306 1241 4348; x_wconf 78' lang='lat' dir='ltr'>retra</span> 
     </span>
    </p>
   </div>
   <div class='ocr_carea' id='block_1_10' title="bbox 883 4429 955 4494">
    <p class='ocr_par' dir='ltr' id='par_1_10' title="bbox 883 4429 955 4494">
     <span class='ocr_line' id='line_1_54' title="bbox 883 4429 955 4494; baseline 0 -20"><span class='ocrx_word' id='word_1_488' title='bbox 883 4429 955 4494; x_wconf 63' lang='lat'>27*</span> 
     </span>
    </p>
   </div>
   <div class='ocr_carea' id='block_1_11' title="bbox 0 0 1356 4732">
    <p class='ocr_par' dir='ltr' id='par_1_11' title="bbox 0 0 1356 4732">
     <span class='ocr_line' id='line_1_55' title="bbox 0 0 1356 4732; baseline 0 0"><span class='ocrx_word' id='word_1_489' title='bbox 0 0 1356 4732; x_wconf 95' lang='lat' dir='ltr'> </span> 
     </span>
    </p>
   </div>
  </div>
 </body>
</html>
