2700 4732
134 226 193 292 arr
529 217 682 283 cmm
723 218 885 284 cunm.

136 368 193 430 bus
210 364 355 449 peccatis:
377 363 430 426 ubl
448 362 575 447 turpiter
593 376 624 426 et
642 364 733 447 impie
751 350 912 443 definiunt,
925 363 1045 425 nonnisi
1063 361 1101 424 de
1119 362 1274 426 venalibus

136 445 266 529 peccatis
284 442 418 523 quotidie
442 442 489 525 agi
505 443 736 577 'poenitentiam
780 442 924 509 Similiter
942 462 1039 502 crasso
1066 460 1169 502 errore
1187 441 1276 503 valde

73 530 76 535 '
118 541 170 583 se
188 529 330 601 torquent
352 518 384 579 in
405 518 485 578 dicto
537 518 698 600 ieronymi,
720 518 933 600 poenitentiam
959 538 1021 578 esse
1044 518 1202 578 secundam
1228 531 1275 579 ta-

137 596 238 661 bulam
258 607 325 675 post
349 594 545 677 naufragium:
578 595 688 674 inquo
716 594 875 655 ostendunt
901 615 933 656 se
964 615 1113 673 nunqnam
1139 615 1156 654 a
1182 593 1275 655 bruto

138 686 260 809 stqpore
271 671 435 753 evigilasse,
457 682 491 731 ut
508 668 688 731 millesimam
710 671 846 733 vitiorum
865 693 984 733 snorum
1004 683 1117 753 partem
1135 671 1183 732 vel
1202 692 1277 753 pro·

139 773 175 815 cu
206 748 361 811 sentirent.
1209 776 1212 791 =

215 832 245 890 2.
281 823 379 884 Velim
404 835 499 884 autem
530 822 760 884 animadvertant
790 822 932 898 lectores,
961 843 1022 882 uon
1054 821 1103 883 bic
1133 822 1170 883 de
1199 823 1275 884 asini

139 902 244 965 umbra
259 901 345 960 rixam
359 920 432 973 esse,
450 900 501 960 sed
522 922 583 960 rem
600 902 731 960 omnium
750 900 872 961 maxime
891 900 994 961 seriam
1016 900 1146 975 tractari,
1165 919 1276 979 nempe

140 980 178 1042 de
197 989 383 1060 peccatorum
404 976 584 1037 remissione.
605 977 706 1051 Quum
717 977 794 1036 enim
814 977 869 1037 tria
888 977 923 1036 ad
944 977 1159 1057 poenitentiam
1172 976 1275 1056 requi-

79 1050 83 1063 ’
139 1067 221 1130 runt,
241 1053 499 1147 compunctionem
520 1052 628 1126 cordis,
650 1052 710 1114 oris
730 1052 959 1126 confessionem,
979 1053 1077 1132 operis
1097 1051 1274 1113 satisfactio-

138 1151 211 1195 nem
220 1129 271 1208 *),
290 1127 374 1190 srmul
394 1129 430 1188 ad
450 1128 662 1210 impetrandam
682 1141 871 1208 peccatorum
891 1129 1092 1190 remissionem
1113 1128 1298 1189 necessaria·

139 1224 204 1272 esse
223 1206 341 1266 docent.
370 1205 486 1284 Siquid
505 1215 602 1266 antem
621 1206 651 1265 iu
669 1216 734 1281 tota
754 1204 983 1286 religionescire
1004 1218 1104 1267 nostra
1122 1205 1225 1279 relert,
1243 1204 1277 1265 id

139 1282 324 1347 certereiert
334 1281 465 1355 maxime,
485 1301 591 1362 nempe
611 1280 777 1362 intelligere
788 1303 822 1341 ac
835 1282 929 1361 probe
946 1293 1060 1355 tenere,
1079 1281 1276 1363 oneratione,

140 1381 199 1443 qua
209 1359 286 1449 lege,
303 1378 360 1450 qua
370 1357 553 1431 conditione,
565 1378 621 1449 qua
633 1357 771 1418 facilitate
783 1368 833 1418 aut
843 1358 1013 1419 difficultate
1024 1359 1193 1419 obtineatur
1243 1379 1278 1418 c-

28 1472 32 1479 ·
140 1447 273 1500 catorum
286 1434 428 1494 remissio.
448 1434 529 1494 Haec
541 1435 644 1495 notitia
655 1434 709 1494 nisi
724 1433 875 1514 perspicua
887 1446 1023 1514 certaque
1036 1446 1204 1508 constatuu
1218 1434 1278 1495 lam

140 1513 266 1575 omuino
286 1510 430 1590 requiem,
450 1509 558 1570 nullam
577 1532 642 1571 cum
658 1511 726 1571 Deo
745 1530 857 1591 pacem,
877 1509 985 1570 nullam
1006 1511 1138 1572 fiduciam
1159 1523 1209 1572 aut
1227 1530 1277 1572 se-

140 1589 297 1652 curitatem
316 1586 426 1647 babere
444 1598 543 1667 potest
562 1588 756 1648 conscientia:
780 1587 832 1646 sed
852 1589 964 1647 assidue
984 1588 1126 1668 trepidat,
1151 1588 1277 1648 llnctua·

141 1677 202 1739 tur,
219 1674 342 1733 aestuat,
361 1663 517 1738 cruciatur,
536 1663 693 1741 diyexatur,
713 1664 824 1736 ltorret,
844 1664 919 1738 odit,
937 1685 970 1724 ac
988 1664 1065 1746 sugit
1083 1675 1277 1744 conspectum

142 1740 213 1803 Dei.
264 1738 382 1816 Quodsi
406 1738 442 1799 ab
468 1738 512 1798 bis
543 1739 763 1801 conditionibus
783 1741 893 1831 pendet
912 1754 1100 1820 peccatorum
1128 1740 1277 1816 remissio,

164 1818 251 1879 nibus
281 1837 346 1877 eam
370 1815 425 1895 ipsi
458 1815 592 1897 alligant,
620 1817 694 1876 nibil
724 1815 811 1876 nobrs
840 1819 971 1877 miserius
1000 1837 1055 1877 nec
1084 1816 1278 1898 deploratins.

143 1838 367 1965 dmentem,
394 1891 520 1970 primam
544 1893 724 1953 obtinendae
747 1891 849 1952 neniae
869 1906 979 1973 partem
1002 1892 1128 1968 iaciunt,
1153 1912 1280 1973 eamque

143 1972 272 2034 debitum
292 1970 426 2051 exigunt,
445 1964 503 2030 boc
523 1981 567 2030 est
584 1969 690 2029 iustam
712 1981 741 2028 et
760 1969 892 2049 plenam:
913 1970 963 2030 sed
983 1970 1100 2030 interim
1120 1968 1182 2030 nbn
1203 1989 1281 2030 con·

143 2048 286 2119 stituunt,
304 2045 422 2127 quando
441 2065 560 2106 securus
579 2045 682 2126 aliquis
701 2064 763 2106 esse
783 2045 888 2125 possit,
907 2067 939 2107 se
964 2045 1017 2107 bac
1040 2045 1220 2107 contritione
1240 2045 1280 2107 ad

115 2132 118 2149 ¹
143 2125 252 2186 iustum
271 2121 390 2182 modum
408 2121 578 2181 defunctum
598 2141 669 2183 esse.
707 2122 851 2201 Equidem
866 2123 968 2182 sedulo
989 2134 1020 2182 et
1037 2123 1144 2183 acriter
1162 2125 1279 2185 instau-

144 2200 214 2262 dum
234 2217 297 2260 esse
322 2198 431 2272 fateor,
461 2209 495 2258 ut
518 2199 641 2278 quisque
664 2218 761 2259 amare
786 2199 924 2258 dedendo
976 2210 1073 2259 ereata
1093 2220 1159 2275 sna,
1190 2220 1222 2261 se
1240 2199 1281 2262 ad

143 2296 248 2338 eorum
268 2273 480 2354 displicentiam
500 2286 530 2333 et
554 2276 654 2334 odium
679 2276 768 2355 magis
797 2287 889 2335 acuat.
939 2221 1020 2335 llaec
1041 2276 1118 2335 enim
1145 2287 1279 2339 estnon

143 2351 325 2496 poenitendg
343 2350 471 2485 quistiqtia,
491 2370 567 2442 quae
586 2351 798 2442 poenitentiam
817 2352 913 2444 gignit
931 2354 962 2412 in
982 2351 1102 2412 salutem
1123 2352 1182 2432 (ll.
1203 2352 1280 2446 Qut.

145 2427 1280 2585 rstllpn‘nt,ttttlttltlttttttlttn,lltttlttttttt

143 2580 193 2642 bic
209 2599 282 2642 vero
301 2579 423 2638 miserae
443 2580 639 2640 conscientiae
659 2580 740 2640 miris
756 2582 850 2641 modis
869 2594 1057 2660 torquentur,
1077 2593 1107 2641 et
1127 2583 1280 2664 exagitan-

144 2669 205 2732 tur,
225 2656 293 2716 dum
312 2654 367 2716 sibi
388 2654 515 2716 debitam
536 2669 722 2736 peccatorum
738 2658 948 2717 contritionem
969 2659 1080 2738 imponi
1092 2658 1203 2732 vident,
1222 2678 1281 2720 nec

145 2743 341 2813 assequuntur
361 2730 452 2791 debiti
471 2753 646 2805 mensnram,
665 2744 699 2792 ut
718 2754 814 2794 secum
836 2735 995 2794 decernere
1016 2736 1137 2814 possint,
1157 2754 1189 2794 se
1209 2756 1281 2816 per·

128 2808 266 2873 ·solvisse
286 2807 366 2889 qnod
386 2808 543 2868 debebant.
581 2809 615 2869 Si
635 2809 759 2871 dixerint
778 2810 943 2870 laciendum
964 2811 1043 2889 qnod
1065 2810 1094 2870 in
1115 2811 1203 2871 nobis
1223 2823 1282 2888 est,

146 2887 253 2948 eodem
272 2904 388 2966 semper
406 2885 596 2946 revolvimur:
628 2886 744 2965 quando
777 2888 853 2946 enirn
878 2887 999 2945 audebit
1023 2886 1079 2947 sibi
1104 2888 1281 2968 promittere

167 2962 299 3044 uispiam,
319 2982 421 3022 omnes
440 2981 472 3022 se
485 2963 559 3023 vires
572 2963 730 3023 contulisse
750 2963 786 3025 ad
806 2963 933 3045 lugenda
952 2964 1091 3042 peccata?
1129 2963 1190 3023 Ubi
1204 2984 1279 3058 ergo

146 2985 197 3100 diu
226 3059 325 3099 secum
349 3038 476 3098 luctatus
500 3051 530 3098 et
554 3038 650 3131 longis
675 3040 879 3100 certaminibus
909 3040 1050 3099 exercitae
1082 3042 1281 3102 conscientiae

145 3128 267 3196 portum
285 3115 415 3190 taudem,
434 3116 463 3174 in
485 3137 545 3194 quo
566 3115 726 3190 resedeant,
745 3138 804 3176 non
825 3117 992 3176 inveniunt:
1014 3129 1047 3176 ut
1065 3136 1096 3176 se
1115 3117 1210 3197 aliqua
1218 3119 1281 3179 sal-

146 3204 206 3251 tem
228 3203 312 3271 parte
330 3190 452 3265 leniant,
472 3190 607 3251 dolorem
626 3212 642 3252 a
662 3212 692 3251 se
705 3205 890 3272 extorquent,
910 3192 1090 3277 etlacrymas
1102 3195 1281 3274 exprimunt,

147 3267 252 3348 quibus
271 3287 352 3326 snam
371 3267 582 3327 contritionem
602 3268 763 3359 perficiant.
1160 3270 1174 3283 '

221 3349 250 3409 3.
290 3342 406 3417 Quodsi
425 3362 473 3401 me
493 3343 663 3403 calumniari
686 3346 783 3405 siunt:
809 3345 955 3425 prodeant
973 3365 1044 3407 sane
1064 3360 1095 3409 et
1113 3368 1204 3408 unum
1225 3348 1281 3410 ali-

147 3438 234 3500 queru
255 3418 429 3493 ostendant,
454 3419 504 3500 qui
523 3419 688 3480 huiusmodi
709 3423 895 3483 contritionis
922 3423 1056 3485 doctrina
1079 3422 1125 3484 vel
1149 3445 1210 3485 uon
1242 3426 1282 3486 sit

146 3495 183 3556 ad
203 3494 437 3574 desperationem
456 3495 588 3557 adactus:
612 3496 662 3557 rel
685 3498 899 3558 simulationem
926 3499 1052 3576 doloris,
1078 3501 1189 3561 iudicio
1208 3501 1282 3577 Dei,

145 3592 203 3652 pro
222 3590 293 3632 vero
314 3569 434 3645 dolore,
459 3592 521 3632 nou
541 3575 724 3653 opposuerit.
774 3575 905 3636 Diximus
926 3587 957 3636 et
976 3579 1029 3636 nos
1050 3578 1178 3657 quodem
1199 3576 1281 3652 loco,

144 3667 294 3727 nunquam
313 3647 377 3706 sine
396 3648 579 3727 poenitentia
599 3649 741 3711 obvenire
760 3665 947 3729 peccatorum
968 3655 1178 3728 remissionem,
1197 3656 1281 3735 quod

144 3722 219 3785 nulli
239 3723 293 3783 nisi
314 3723 433 3799 afflicti,
453 3735 483 3784 et
502 3738 689 3805 peccatorum
710 3727 889 3788 conscientia
909 3728 1067 3804 vulnerati,
1086 3730 1145 3790 Dei
1164 3731 1282 3792 miseri-

145 3799 275 3861 cordium
296 3798 454 3880 implorare
472 3803 585 3863 sincere
599 3814 740 3893 possunt:
760 3803 811 3864 scd
831 3804 915 3863 simul
934 3805 1101 3883 adiecimus,
1120 3809 1282 3887 poeniten-

88 3920 92 3929 ·
143 3877 216 3937 tiam
236 3895 299 3936 non
318 3895 382 3936 csse
400 3898 514 3939 eausam
535 3879 714 3940 remissionis
755 3893 930 3942 eccatorum.
977 3881 1031 3943 Illa
1050 3894 1149 3943 autem
1168 3883 1282 3946 ambua-

79 3956 82 3969 ²
145 3973 211 4015 rum
229 3962 377 4016 tormenta
395 3953 572 4030 sustulimus,
592 3956 672 4035 quod
692 3901 790 4019 dedita
811 3957 981 4037 praestanda
1001 3959 1046 4019 sit
1084 3959 1281 4021 Peccatorem

127 4268 132 4279 ι
210 4191 421 4278 ’)ῑιιώοτιιε
438 4210 557 4264 adversus
575 4211 679 4266 Bullam
691 4212 839 4268 Antichristi
858 4229 904 4269 art.
921 4217 944 4270 6.
964 4216 1083 4278 ostendit,
1100 4238 1149 4269 nce
1168 4217 1280 4271 exScri-

142 4288 233 4347 ptura,
258 4296 307 4332 uee
324 4297 354 4332 ea
370 4278 463 4334 mustis
479 4277 641 4338 Ductoribus
667 4281 753 4354 loqui.
778 4283 823 4353 qni
849 4298 899 4338 tres
924 4283 969 4339 bas
991 4287 1166 4355 poeniteutiae
1192 4302 1281 4356 parter

81 4357 282 4412 .,0ms„
