2700 4732
167 194 210 259 {ab
572 186 649 249 ΠΒ.
669 188 696 248 1.
732 185 825 255 ,CAR
844 185 899 248 Vl.
927 173 931 184 '

167 330 276 392 senurl
295 327 413 410 quidem
432 328 538 393 talibus
557 329 744 425 spectaculis:
764 329 817 393 sed
836 329 872 391 ad
892 327 970 390 illam
990 327 1221 410 perspiciendam
1241 349 1305 391 non

167 426 230 468 esse
250 406 337 468 nobis
361 404 479 481 oculos,
498 408 556 469 nisi
575 410 719 471 interiore
740 406 800 468 Dei
817 405 998 469 revelatione
1039 425 1071 466 er
1089 404 1178 467 fidem
1197 404 1308 467 illumi·

169 497 290 545 nentur.
342 484 448 563 Neque
473 484 581 546 Paulus
605 484 860 564 (Βοω.1,19.),
889 481 941 543 ubi
959 424 1049 543 tradit
1067 482 1199 562 patelieri
1219 480 1311 617 'quod

169 560 410 641 cognoscendum
431 572 475 621 est
495 562 531 623 de
550 562 619 623 Deo
639 582 673 622 ex
697 560 800 622 mnndi
825 559 990 635 creatione,
1020 557 1109 618 talem
1137 559 1215 618 mani
1231 570 1309 619 esta·

169 637 283 703 tionem
304 636 438 717 designat
478 658 531 698 uae
551 638 703 700 bominum
723 636 900 720 perspicacia
924 634 1206 714 comprehendatur:
1232 634 1308 713 quin

169 714 269 794 potius
290 735 353 773 eam
375 659 504 773 ostendit
525 736 585 776 non
607 714 865 796 ultra1pr0cedere
886 711 942 772 nisi
963 723 995 770 ut
1014 711 1174 772 reddantur
1187 711 1308 771 incucu-

168 788 276 850 sabiles
295 790 377 867 (Act.
397 796 451 863 17,
469 794 543 869 ᾗ).
588 790 672 851 Idem
692 810 812 870 qnoque
836 787 952 849 tametsi
972 786 1080 849 alieubi
1100 798 1189 869 negat
1207 787 1308 847 Deua

168 865 273 946 procul
293 866 505 947 vestigandum,
523 878 629 949 utpote
646 869 697 949 qui
717 869 793 927 intra
813 887 869 927 nos
889 863 1019 924 habitet:
1039 864 1097 925 alio
1117 877 1215 923 tamen
1237 863 1307 924 loeo

170 943 259 1003 docet
299 963 419 1003 norsum
438 945 537 1004 valeat
556 944 700 1005 eiusmodi
720 941 936 1036 propinquitas.
976 940 1039 1012 „In
1060 941 1241 1021 praeteritis,
1261 941 1309 1001 in·

171 1019 257 1098 „quit
276 963 359 1097 ddct.
379 1026 433 1096 14,
453 1022 529 1097 17.)‚
547 1020 788 1103 generationibus
808 1018 942 1099 permisit
960 1017 1105 1076 Dominus
1127 1014 1240 1076 Gentes
1261 1017 1309 1079 in·

169 1095 273 1178 „gredi
295 1095 349 1156 viis
367 1097 438 1170 suis,
457 1118 517 1157 non
539 1110 639 1157 tamen
658 1117 689 1156 se
709 1099 804 1176 ipsum
823 1095 888 1156 sine
906 1092 1078 1154 testimonio
1099 1092 1234 1228 reliquit,
1255 1092 1311 1153 be·

169 1171 340 1245 ,‚neluciens
360 1191 377 1230 e
395 1175 493 1243 coelo,
514 1174 584 1233 dans
604 1173 714 1253 pluvias
728 1184 758 1232 et
768 1184 901 1251 tempora
923 1169 1084 1243 fructifera,
1103 1171 1162 1249 imp
1175 1189 1226 1230 ens
1239 1168 1309 1230 cibo

171 1261 224 1321 „et
244 1247 353 1308 laetitia
374 1250 464 1308 corda
486 1250 658 1309 bominum“
678 1248 759 1327 (Aet.
773 1248 951 1325 tutent).
991 1246 1149 1325 Utcunque
1161 1266 1232 1328 ergo
1245 1266 1308 1306 non

171 1324 348 1382 destituatur
366 1326 537 1386 testimonio
557 1326 719 1398 Dominus,
744 1323 812 1382 dum
854 1322 956 1382 lurima
978 1332 1008 1380 et
1026 1325 1103 1383 varia
1124 1321 1310 1404 benignitate

171 1398 305 1457 homines
326 1399 355 1457 in
376 1403 419 1458 sui
440 1402 641 1480 cognitionem
662 1399 788 1460 suaviter
806 1343 911 1458 allicit:
936 1399 995 1457 vias
1015 1407 1111 1455 tamen
1131 1416 1212 1473 suas,
1231 1394 1259 1456 b.
1280 1414 1311 1457 e.

172 1473 302 1535 exitiales
323 1495 449 1549 errores,
470 1488 627 1556 propterea
646 1476 730 1555 sequi
750 1495 811 1534 non
834 1473 980 1532 desinunt.

246 1557 293 1614 15.
333 1552 510 1631 Quanquam
535 1564 632 1611 autem
653 1550 779 1611 naturali
804 1548 943 1609 facultate
965 1547 1115 1607 deficimur
1150 1546 1312 1628 quominus

170 1625 208 1686 ad
228 1647 329 1706 puram
351 1647 443 1706 usque
462 1639 492 1687 et
512 1628 651 1721 liquidam
671 1627 730 1687 Dei
750 1625 953 1708 cognitionem
981 1589 1182 1684 conscendere
1207 1621 1310 1685 liceatt

171 1703 238 1782 quia
259 1714 357 1761 tamen
378 1702 566 1766 hebetudinis
590 1706 692 1764 vitium
718 1702 795 1762 iutra
820 1722 876 1762 nos
901 1712 961 1775 est,
986 1700 1117 1781 praecisa
1144 1710 1189 1761 est
1212 1700 1312 1761 omnia

43 1834 48 1851 ,
170 1779 386 1860 tergiversatio.
425 1781 530 1860 Neque
556 1780 635 1839 enim
659 1780 856 1862 ignorantiam
876 1778 916 1837 sic
937 1787 1105 1858 praeterere
1127 1775 1216 1851 licet,
1236 1776 1312 1858 quin
1336 1832 1339 1837 .

73 1916 78 1921 ,
171 1874 287 1934 semper
307 1866 338 1915 et
356 1856 489 1938 ignaviae
509 1870 541 1917 et
565 1856 784 1938 ingratitudinis
804 1852 851 1915 rel
872 1853 1052 1913 conscientia
1080 1854 1089 1911 i
1111 1874 1141 1914 sa
1162 1873 1217 1913 nos
1236 1872 1326 1913 eon·.

174 1932 281 1992 vincat.
318 1930 417 2013 Digna
442 1933 556 1994 scilicet
576 1953 651 2013 quae
677 1932 848 1993 admittatur
868 1929 1022 2002 defensio,
1047 1929 1070 1988 si
1091 1873 1182 1989 bomo
1202 1928 1239 1989 ad
1258 1948 1313 1989 au·

172 2006 310 2067 diendaru
329 2009 483 2069 veritatem
503 2029 589 2069 aures
608 2010 663 2070 sibi
684 2008 810 2069 defuisse
831 2006 984 2079 obtendat,
1004 2005 1040 2065 ad
1061 2027 1147 2085 quam
1167 2025 1312 2066 enarran-

173 2083 238 2143 dam
258 2097 419 2164 suppetunt
439 2087 525 2145 mutis
545 2085 685 2146 creaturis
705 2085 770 2165 plus
793 2104 878 2163 quam
904 2100 1030 2143 canorae
1049 2103 1153 2143 voces:
1173 2083 1197 2143 sl
1217 2080 1314 2145 oculis

123 2214 128 2222 .
171 2181 203 2219 se
224 2180 286 2218 non
306 2181 393 2240 posse
414 2162 512 2221 videre
533 2175 684 2237 causetur,
706 2161 785 2242 quod
807 2161 870 2219 sine
894 2158 987 2218 oculis
1014 2170 1166 2219 creaturae
1185 2157 1314 2218 demon·

171 2247 283 2296 strant:
309 2237 332 2295 si
358 2239 464 2298 mentis
490 2236 722 2298 imbecillitatem
749 2249 881 2310 excuset,
906 2233 956 2294 ubi
979 2255 1082 2295 omues
1105 2234 1168 2295 sine
1194 2234 1313 2296 ratione

172 2324 323 2372 creaturae
334 2313 480 2373 erudiunt.
523 2315 625 2389 Quare
645 2313 728 2373 omui
769 2333 865 2372 rursus
878 2313 1063 2371 excusatione
1083 2313 1190 2370 merito
1212 2308 1312 2371 exclu-

174 2389 286 2462 dimur,
318 2389 399 2468 quod
419 2392 484 2473 vagi
514 2403 543 2451 et
572 2390 708 2526 palqntes
736 2334 919 2450 aberramus:
951 2409 1041 2467 quum
1066 2390 1164 2446 ursinis
1199 2398 1313 2447 rectam

172 2466 246 2524 siam
267 2466 480 2527 demonstrent
529 2468 569 2526 Se
651 2466 658 2481 '

173 2541 242 2601 ilum
263 2541 318 2616 sit,
349 2543 430 2622 quod
450 2564 550 2604 semen
572 2544 695 2605 notitiae
714 2543 789 2619 Dei,
821 2561 854 2601 ex
880 2540 1007 2600 mirabili
1036 2552 1158 2600 naturae
1185 2539 1314 2601 artificio

172 2617 321 2679 ruentibus
341 2618 398 2680 suis
418 2622 597 2701 inspersum,
623 2641 692 2680 mox
711 2629 922 2698 corrumpunt,
952 2637 990 2676 ne
1011 2615 1046 2676 ad
1067 2616 1182 2698 frugem
1202 2616 1313 2677 bonam

173 2715 206 2754 ae
225 2696 369 2754 sinceram
390 2697 559 2777 perveniat:
580 2697 759 2758 verissimum
779 2706 877 2754 tamen
893 2706 946 2767 est,
966 2693 1043 2752 ouda
1063 2692 1117 2753 ista
1138 2705 1168 2752 et
1187 2692 1315 2774 simplici

174 2769 391 2846 testificatione,
412 2793 487 2852 quae
507 2774 564 2833 Ilei
585 2773 697 2854 gloriae
717 2794 733 2832 a
755 2770 895 2831 creaturis
915 2769 1071 2851 magnifice
1091 2769 1240 2841 redditur,
1260 2788 1314 2829 ne·

173 2866 318 2926 quaquam
339 2868 394 2910 uos
413 2850 596 2910 sufficienter
616 2849 735 2908 erudiri.
775 2847 869 2908 Simul
885 2846 963 2905 cuim
983 2867 1017 2905 ac
1036 2845 1185 2906 modicum
1206 2845 1314 2905 divini-

172 2923 241 2982 tatis
262 2936 377 3006 gustum
402 2945 438 2985 er
463 2927 564 2987 mundi
592 2926 796 3021 speculatione
817 2923 1021 2983 delibavimus:
1046 2943 1117 2983 vero
1139 2924 1207 2982 lleo
1228 2941 1316 3001 prae·

173 3000 327 3075 termissn,
353 3003 415 3062 eius
435 3002 503 3063 lobo
524 3024 637 3063 somnia
658 3013 688 3061 et
707 3014 822 3083 spectra
843 2999 958 3060 cerebri
979 2999 1071 3059 nostri
1093 2999 1248 3080 erigimus,
1278 3020 1315 3061 ae

610 2487 705 2543 enim,
732 2478 881 2545 utcunque
902 2463 1053 2523 bominum
1074 2464 1145 2524 vitie
1165 2463 1314 2543 imputan-

173 3077 312 3151 iustitiae,
333 3079 503 3215 sapientiae,
523 3079 676 3152 bonitatis,
697 3078 848 3158 potentiae
870 3077 985 3137 laudem
1006 3076 1042 3134 ab
1065 3076 1130 3155 ipso
1150 3079 1235 3135 fonte
1255 3073 1316 3139 bue

143 3184 147 3197 ·
174 3163 205 3212 et
224 3152 295 3212 illuc
316 3166 359 3212 tra
383 3156 501 3216 ucimus.
547 3155 731 3230 Quotidiano
752 3174 844 3235 porro
866 3155 927 3213 cius
947 3151 1023 3211 facta
1044 3152 1082 3211 ita
1104 3165 1153 3211 aut
1174 3150 1318 3213 obscura·

173 3250 237 3290 mus
256 3241 307 3289 aut
326 3228 496 3293 invertimus
538 3251 604 3291 rave
625 3230 823 3305 aestimando,
849 3241 883 3290 ut
902 3241 933 3289 ct
956 3250 1036 3291 suain
1063 3228 1118 3290 illis
1138 3227 1262 3315 gloriam
1284 3240 1319 3297 et

175 3306 290 3367 auctori
311 3305 439 3369 debitam
459 3254 576 3369 laudem
597 3307 816 3391 praeripiamus.

567 3609 822 3683 CAPUT
874 3608 934 3679 W.

176 3800 226 3863 Ut
243 3797 286 3862 ad
304 3799 416 3863 Deum
436 3813 650 3864 creatorem
669 3803 751 3883 quis
774 3800 982 3883 perveniat,
1008 3820 1099 3883 opus
1126 3818 1207 3859 esse
1226 3800 1320 3861 scri.

509 3907 617 3975 ptura
637 3895 727 3956 duee
748 3904 783 3956 et
801 3895 990 3978 magistra.

215 4090 219 4095 ·
252 4069 335 4162 Ergo
355 4090 522 4162 quanquam
541 4068 694 4133 hominum
714 4070 956 4162 ingratitudinem
975 4070 1044 4133 satis
1064 4088 1211 4151 superque
1231 4068 1320 4158 omni

176 4146 843 4305 ttltllttlttl‘{alltldl‘s{td}
869 4148 1320 4285 {tltttldttttlttt

113 4342 117 4351 -
177 4310 274 4377 reatu,
293 4301 406 4362 cunctis
425 4302 489 4362 sina
509 4302 683 4384 exceptione
704 4321 812 4362 numen
832 4322 916 4365 suum
928 4302 1106 4362 delineatum
1124 4300 1156 4359 in
1175 4294 1320 4361 creaturis
