2596 4726
142 224 201 285 206
542 210 617 273 unt.
637 212 691 273 tv,
729 208 817 275 CAP.
835 208 877 273 11.

143 362 295 425 stitionum
314 356 454 439 congerie
472 354 665 417 deformatus:
686 344 818 417 doctrina
837 354 1021 449 (citraquam
1032 324 1259 417 Glarislianisnus

144 460 206 499 non
227 438 356 511 constat)
376 446 437 495 tota
456 431 567 513 sepulta
584 444 614 493 et
625 432 756 513 explosa:
776 432 885 512 publici
894 444 1067 505 conventus,
1087 429 1258 492 idololatriae

145 527 177 575 et
196 512 350 592 impietatis
368 508 495 571 scholae.
539 508 640 582 Quare
658 508 769 569 nullum
789 521 833 569 est
853 508 1027 590 periculum,
1046 527 1087 569 ne
1106 508 1144 567 ab
1164 507 1258 567 exitiali

144 604 191 651 tot
211 589 387 671 flagitiorum
408 585 632 665 participatione
652 585 855 659 desciscendo,
885 584 922 645 ab
949 585 1071 645 ecclesia
1092 584 1201 645 Christi
1224 584 1259 657 di·

144 666 293 725 vellamnr.
317 663 477 729 ,Ecclesiae
497 661 664 721 communio
685 682 744 721 non
766 682 798 722 ea
818 662 883 741 lege
903 662 1032 721 instituta
1045 674 1100 733 est,
1120 672 1156 719 ut
1174 660 1259 721 uinea·

146 743 206 802 lum
227 742 263 801 sit
282 761 340 819 quo
361 738 537 809 idololatria,
557 737 714 815 impietate,
734 738 897 817 ignorantia
911 736 967 798 Dei
985 737 1110 817 aliisque
1129 735 1257 797 maloruu

148 818 307 901 generibus
327 815 504 873 irretiamur:
536 812 587 871 sed
614 814 711 891 potius
754 835 790 874 uo
811 816 843 872 in
863 814 968 874 timore
988 814 1061 887 Dei,
1094 824 1126 873 et
1145 812 1258 873 veritatis

148 894 316 955 obedientia
335 892 519 949 retineamur.
558 888 712 969 lllagnifiee
731 834 772 949 illi
786 889 902 969 quidem
913 910 993 949 suam
1014 890 1101 950 nobis
1122 888 1258 949 ecclesian

148 969 364 1035 commendant,
385 985 486 1043 nequa
507 963 561 1022 alia
582 963 611 1021 in
632 966 741 1026 mundo
762 985 823 1025 esse
843 966 986 1025 videatur:
1006 976 1122 1044 postea,
1141 964 1259 1043 quasire

148 1045 298 1117 conlecta,
324 1062 424 1100 ornnes
442 1039 639 1101 schismaticos
659 1060 721 1101 esse
745 1041 942 1117 constituunt,
974 1040 1082 1121 quial)
1103 1042 1167 1101 eius
1186 1060 1258 1121 quan

148 1124 274 1203 pingunt
293 1116 431 1177 ecciesiae
451 1115 618 1175 obedientia
644 1116 806 1177 subducere
825 1138 871 1178 se:
891 1136 993 1177 omnes
1013 1116 1196 1187 haereticos,
1217 1114 1259 1195 qui

149 1209 250 1259 eontra
271 1195 331 1253 eius
358 1194 518 1251 doctrinam
543 1192 649 1251 mutire
674 1192 781 1253 audent
800 1194 872 1272 (rid.
892 1205 962 1253 sect.
981 1195 1033 1269 5.).
1085 1192 1147 1253 Sed
1167 1192 1259 1273 quibat

146 1270 309 1333 rationibus
327 1289 423 1329 veram
442 1288 473 1327 se
493 1266 642 1327 ecclesiam
661 1268 769 1329 habere
789 1268 981 1330 confirmant?
1008 1268 1152 1351 Allegant
1171 1290 1204 1329 ea
1219 1286 1259 1327 re·

147 1347 231 1409 tustis
251 1344 402 1405 annalibus
422 1343 493 1423 quid
512 1343 582 1405 olim
601 1345 631 1405 in
651 1344 750 1419 ltalia,
769 1346 799 1405 in
820 1345 933 1421 Gallia,
957 1346 988 1405 in
1007 1345 1153 1425 Hispania
1174 1344 1258 1405 tuerit

147 1426 177 1484 A
195 1424 307 1483 sanctis·
319 1420 374 1480 illis
393 1421 477 1495 viris,
496 1422 547 1499 qui
565 1442 632 1482 sana
653 1421 788 1481 doctrina
808 1422 967 1481 fundarunt
985 1422 1206 1501 excitaruntqne
1220 1438 1260 1479 ec-

148 1500 263 1572 clesias,
282 1498 503 1575 doctrinamque
524 1497 613 1577 ipsam
628 1509 657 1557 et
669 1498 1046 1559 ecclcsiaeaedilicationem
1066 1519 1122 1559 suo
1132 1496 1261 1579 sanguine

148 1575 344 1649 stabilierunt,
362 1594 393 1633 se
414 1574 556 1653 originem
576 1575 691 1633 ducere.
742 1575 897 1635 Ecclesiam
916 1594 986 1635 vero
1005 1574 1047 1635 sic
1068 1586 1098 1635 et
1116 1572 1262 1655 spirituali·

149 1652 203 1711 bus
223 1651 324 1725 donia,
349 1661 379 1709 ct
397 1650 555 1731 Martyrum
579 1652 720 1731 sanguine
744 1652 820 1731 apud
840 1671 871 1712 se
890 1662 1106 1725 consecratam,
1133 1670 1185 1731 per
1205 1652 1261 1709 etia

147 1727 361 1808 Episcoporum
372 1725 553 1785 successione
566 1738 764 1787 conservatam
786 1726 927 1787 fuissene
948 1728 1149 1787 intercideret.
1181 1672 1260 1787 ion-

149 1814 313 1864 memorant
332 1802 431 1881 quanti
457 1800 531 1860 banc
556 1802 769 1862 successionem
794 1804 917 1863 iecerint
940 1804 1095 1877 Itonaeos,
1116 1802 1261 1861 Tertullia-

148 1902 213 1955 nus,
233 1880 388 1961 Origenes,
406 1880 596 1957 Augustinus,
618 1879 714 1937 etalii
734 1879 787 1956 (cl'.
803 1879 852 1938 lin.
871 1890 941 1939 sect.
951 1883 1007 1957 3.).
1049 1878 1149 1954 Quam
1169 1876 1259 1939 frivola

151 1958 210 2018 sint
229 1958 282 2017 ista
303 1967 333 2013 et
353 1956 439 2034 plane
458 1956 582 2029 ludicra,
603 1954 703 2014 laciam
725 1968 756 2015 ut
783 1956 864 2015 nullo
892 1958 1015 2037 negotio
1035 1955 1202 2037 intelligant
1217 1952 1259 2033 qui

149 2054 262 2093 mecum
283 2051 315 2091 ea
335 2030 482 2111 paululum
502 2031 665 2110 expendere
684 2031 793 2091 volent.
830 2032 972 2111 Equidem
993 2052 1044 2092 eos
1060 2052 1181 2113 quoque
1198 2030 1257 2091 bor-

149 2122 230 2169 tarer
249 2120 281 2167 ut
302 2107 357 2167 huc
381 2107 506 2166 animum
526 2108 603 2166 serio
624 2107 818 2182 adverterent,
837 2109 860 2167 si
880 2109 950 2187 quid
970 2109 1108 2170 docendo
1129 2106 1258 2187 proficere

148 2204 196 2244 me
216 2184 291 2264 apud
311 2204 363 2243 eos
384 2203 468 2263 posse
492 2182 685 2243 confiderem:
715 2183 764 2243 sed
790 2186 906 2263 quando
931 2185 1000 2258 illis,
1020 2185 1126 2245 omissa
1146 2182 1257 2243 veritrt'a

148 2263 274 2335 ratione,
293 2259 350 2319 hoc
370 2281 459 2318 unum
479 2259 661 2351 propositum
674 2272 716 2319 cst
730 2282 902 2397 quacunque
914 2272 1043 2354 'possunt
1055 2259 1099 2321 via
1119 2280 1179 2351 pern
1189 2278 1256 2393 sdqaq

872 2359 923 2397 onr
942 2360 996 2397 ιιιι
1017 2350 1048 2396 et
1066 2356 1130 2395 verr
1149 2348 1192 2397 stu
1211 2354 1256 2394 rost

149 2356 252 2473 agere,
272 2357 362 2416 pauca
383 2348 494 2395 tantum
515 2336 622 2406 dream,
642 2336 745 2416 quibus
769 2356 831 2397 sese

149 2434 165 2472 a

150 2510 203 2551 cur
222 2509 283 2547 non
304 2486 429 2546 Alricam
458 2492 564 2559 citent,
589 2500 618 2545 et
638 2490 823 2568 Aegyptum,
848 2502 878 2549 ct
902 2502 992 2551 totam
1012 2488 1119 2549 Asiam.
1157 2490 1254 2565 bernpe

150 2566 215 2645 quia
247 2566 275 2623 iu
302 2564 436 2624 onuribus
466 2563 522 2621 illis
553 2564 722 2642 regionibus
749 2566 832 2625 desiit
858 2587 935 2627 saera
963 2566 1032 2625 lracc
1056 2566 1252 2645 Episcopomru

149 2642 308 2715 successio,
339 2644 418 2700 cuius
445 2638 586 2699 beneficio
612 2660 642 2697 se
668 2640 800 2700 ecclesias
825 2644 976 2702 retinuisse
1006 2644 1178 2723 gloriantur.
1214 2638 1251 2697 Eo

149 2720 238 2799 igitur
258 2717 401 2787 recidunt,
422 2737 452 2776 se
473 2717 538 2777 ideo
558 2736 653 2773 veram
675 2716 782 2775 babere
802 2719 968 2793 ecclesiam,
989 2720 1054 2799 quia
1074 2738 1108 2777 es
1128 2738 1183 2798 quo
1201 2732 1252 2774 esse

150 2795 264 2874 coepit,
296 2816 355 2852 non
386 2793 475 2853 luerit
493 2794 643 2927 Episcopis
669 2793 818 2853 destituta:
840 2808 992 2930 perpetua·
1006 2794 1082 2853 enirn
1104 2794 1176 2853 serie
1193 2792 1251 2850 alios

208 2432 310 2471 eorum
336 2412 519 2492 captionibus
543 2412 677 2491 expedire
702 2424 818 2492 queant.
860 2412 988 2473 Primum
1013 2413 1049 2474 ab
1082 2412 1138 2473 illis
1181 2428 1254 2471 natru

149 2872 210 2931 aliis
234 2872 412 2931 successisse.
462 2870 521 2929 Sed
547 2871 595 2949 qui
639 2870 661 2927 si
688 2868 839 2928 Graeciam
870 2872 888 2930 il
903 2872 924 2931 is
956 2872 1108 2953 regenam?
1146 2870 1252 2945 Quaero

148 2948 238 3029 igitur
258 2949 361 3006 iterum
383 2946 418 3005 ab
441 2948 518 3025 ipsis,
538 2968 589 3005 cur
609 2946 684 3024 apud
705 2946 834 3005 Graecos
854 2947 970 3027 periisse
991 2948 1141 3007 ecclesiam
1160 2946 1252 3013 dicant,

148 3024 224 3104 apud
249 3046 322 3103 quos
354 3043 500 3099 uunquam
532 3022 694 3101 interrupta
721 3023 774 3081 luit
804 3022 848 3083 illa
873 3024 1085 3104 Episcoporum
1117 3018 1252 3091 successio,

149 3102 248 3171 unica,
269 3120 370 3158 eorum
392 3098 549 3188 opinione,
569 3097 706 3156 ecclesiae
726 3111 822 3159 custos
842 3113 871 3159 et
895 3100 1098 3161 conservatrix.
1138 3098 1253 3159 Graecos

149 3175 258 3234 laciunt
276 3176 485 3235 schismaticos:
507 3191 565 3251 quo
586 3174 666 3231 iure?
687 3176 752 3252 quia
771 3197 786 3234 a
806 3177 874 3236 sede
886 3176 1056 3255 Apostolica
1072 3170 1255 3243 desciscendo,

147 3249 329 3330 privilegium
350 3250 548 3329 perdiderunt.
588 3249 686 3321 Quid?
711 3273 808 3311 annon
835 3253 927 3313 inulto
953 3253 1041 3336 magis
1066 3253 1186 3332 perdere
1203 3266 1255 3307 me·

148 3336 250 3384 rentur
270 3328 318 3403 qni
338 3326 487 3385 aClrristo
508 3325 570 3403 ipso
592 3325 748 3388 deliciunt?
786 3330 925 3419 Sequitur
945 3350 1016 3411 crgo
1037 3329 1186 3389 evanidum
1204 3340 1256 3385 esst

148 3414 325 3480 praetextum
346 3401 549 3474 successionis,
581 3401 633 3459 nisi
656 3402 763 3462 Christi
788 3418 952 3478 veritatem,
984 3428 1071 3485 quam
1095 3426 1114 3465 a
1137 3402 1256 3485 patribus

146 3498 200 3570 per
220 3498 335 3536 uranum
356 3479 531 3555 acceperint,
550 3477 652 3537 salsam
667 3491 696 3537 et
715 3480 912 3561 incorruptam
933 3484 1042 3563 posteri
1063 3481 1256 3553 retinemus

147 3576 178 3613 ιιι
199 3574 231 3612 ea
252 3565 449 3633 permaneant.

222 3636 250 3694 3.
291 3632 369 3711 lirgo
392 3650 450 3687 nnn
472 3628 547 3687 aliud
568 3629 655 3689 hodie
676 3634 870 3711 praetendunt
890 3633 1100 3705 Romanenses,
1118 3654 1202 3713 quam
1216 3632 1257 3691 lu·

147 3705 234 3765 dacos
254 3707 323 3765 olim
345 3706 512 3765 obtendisse
531 3720 667 3797 apparet,
688 3731 774 3787 quum
796 3711 958 3783 (suscitatis,
979 3711 1152 3802 impietatis,
1171 3708 1258 3769 idolo·

146 3781 246 3840 latriae
266 3781 449 3859 aPropbetis
462 3781 580 3841 Domini
602 3800 801 3863 arguerentur.
841 3788 913 3845 Nam
935 3799 966 3845 ut
986 3786 1026 3845 illr
1046 3787 1198 3866 templum,
1216 3800 1257 3845 ee·

147 3858 306 3933 remonias,
338 3857 499 3918 sacerdotia
523 3860 651 3939 gloriose
677 3861 837 3933 iactabant,
889 3862 972 3921 uibus
999 3862 1086 3923 rebus
1107 3860 1257 3929 ecclesiam,
1292 3893 1295 3937 2

145 3954 264 4014 magno,
286 3947 316 3993 ut
336 3934 390 3991 sibi
401 3934 584 4009 videbantur,
603 3936 773 4017 argumento
791 3884 999 3999 irretiebantur:
1019 3938 1060 3998 ita
1080 3960 1136 4017 pro
1148 3936 1256 3998 ecclesia
1290 3959 1295 4012 ς

146 4021 279 4069 externae
300 4010 437 4088 quaedam
458 4010 552 4071 larvae
570 4011 606 4071 ab
629 4014 671 4073 liis
688 4026 887 4093 opponuntur,
907 4035 980 4093 quae
1000 4013 1089 4095 longe
1108 4034 1195 4095 saepe
1212 4010 1255 4071 alr-
1290 4015 1295 4061 ἕ

145 4086 268 4145 suntab
290 4086 426 4158 ecclesia,
455 4100 485 4146 et
510 4089 580 4147 citra
601 4110 670 4167 quas
702 4090 821 4149 ecclesia
855 4093 965 4181 optime
996 4102 1129 4150 constare
1161 4096 1254 4170 potest

147 4160 247 4233 Quare
267 4182 362 4240 neque
382 4163 437 4222 alio
459 4178 631 4246 argumento
652 4166 795 4226 refutandi
817 4169 901 4227 nobis
926 4180 1007 4241 scirit,
1032 4189 1116 4246 quam
1137 4186 1194 4244 quo
1212 4161 1253 4221 ad·

144 4257 241 4297 versus
272 4241 386 4296 stultam
419 4238 497 4299 illam
523 4241 696 4300 ludaeorum
729 4242 932 4302 confidentiam
958 4244 1105 4327 pugnabat
1128 4239 1252 4300 ieremias
1285 4284 1288 4289 .

142 4316 252 4387 (7‚t.):
272 4334 379 4392 nempe
397 4336 459 4389 „ne
470 4317 634 4399 glorientur
653 4317 682 4377 in
695 4319 789 4379 verbis
800 4322 997 4396 mendacibus,
1017 4322 1154 4393 dicentes,
1173 4316 1250 4375 Teu·
