2700 4732
525 194 601 255 tto.
622 194 679 253 lll.
720 194 809 255 cte.
831 195 867 252 V.
1203 196 1261 259 437

113 338 255 418 „Omnes
274 336 401 419 (iuquit)
421 336 557 399 sistemus
576 337 611 398 ad
630 336 760 397 'tribuual
782 336 903 397 Christi.
944 334 1094 417 Scriptum
1115 348 1159 397 est
1169 336 1257 413 enim,

112 415 218 493 „Viro
238 434 312 498 ego,
336 413 407 474 mibi
430 414 567 475 flectetur
587 435 676 475 omne
696 419 806 507 geuu,“
827 425 883 473 etc.
922 412 1012 494 Atqui
1042 413 1073 473 io
1098 432 1165 473 curn
1189 432 1256 474 mo·

112 492 190 553 (loru
208 490 478 573 interpretatione
498 490 583 566 lieet,
608 490 688 571 quod
709 511 739 551 ru
759 487 938 571 Apocalypsi
961 494 1005 567 (5,
1025 490 1088 566 13.)
1115 488 1254 552 babetur:

113 566 271 647 „Omnem
292 578 466 644 creaturam,
487 568 614 647 quaein
635 566 733 641 coelo,
751 578 781 626 et
801 586 875 645 quae
894 586 984 646 super
998 577 1119 640 terram,
1139 578 1256 645 etquae

111 642 195 723 „sut
213 655 310 717 terra,
339 654 369 703 et
388 662 461 723 quae
480 644 511 703 in
531 644 619 717 mari,
650 656 681 703 et
700 662 774 723 quae
793 644 823 702 in
843 642 912 722 ipsis
931 652 1016 715 sunt,
1041 642 1139 701 omnia
1160 642 1256 704 andivi
1337 654 1340 666 '

113 720 279 799 „dicentia,
299 718 423 779 Sedeuti
441 720 472 778 io
491 718 615 792 throno,
634 731 665 780 et
683 720 783 802 Agno,
804 719 970 778 benedictio
992 730 1022 777 et
1035 717 1176 778 honoret
1188 719 1255 801 glo·

113 796 186 874 „ria
204 807 235 856 et
253 806 383 875 potestas
403 796 434 855 in
453 794 568 856 saecula
587 795 803 856 saecrrlorum.“
824 794 858 854 Id
880 795 998 875 quidem
1009 794 1094 854 facile
1106 794 1254 855 concedo:

111 872 171 937 sed
190 870 289 953 quales
309 871 356 932 bie
375 883 521 931 creaturas
540 872 687 931 recenseri
706 870 830 953 putant?
863 872 956 932 Certo
976 870 1055 930 euim
1076 872 1181 931 certius
1200 880 1255 1007 erg

115 960 152 1011 et
172 949 288 1009 ratione
309 959 441 1008 carentes
462 959 492 1008 et
511 948 679 1008 inanimatas
704 947 924 1028 comprehendi.
984 948 1056 1023 Quo
1087 967 1150 1007 non
1176 947 1232 1007 aliu

114 1014 293 1097 affirma‘tur,
312 1032 399 1103 quatu
418 1024 545 1105 singulas
564 1023 645 1084 orbis
670 1036 781 1105 partes,
801 1046 817 1084 a
837 1046 951 1085 summo
971 1022 1124 1084 coelorum
1135 1022 1256 1099 vertice,

113 1102 156 1163 ad
176 1120 268 1181 usque
287 1112 383 1159 terrae
417 1112 566 1172 centrum,
595 1120 649 1161 suo
680 1101 770 1160 modo
792 1100 943 1161 Creatoris
963 1100 1087 1183 gloriam
1107 1120 1253 1160 enarrare.

116 1177 213 1271 Quod
233 1197 267 1236 ex
280 1176 521 1236 Maccahaeorum
543 1176 664 1236 historia
683 1180 726 1313 5⁶2.
739 1176 847 1249 lib.1·t,
858 1180 922 1256 43.)
941 1177 1108 1257 proterunt,
1129 1196 1255 1256 respou-

111 1274 202 1317 asooe
230 1273 292 1313 nou
324 1253 352 1312 di
396 1252 486 1328 abor,
515 1273 553 1312 ne
579 1274 654 1333 opus
680 1253 750 1312 ilud
771 1253 870 1314 ridear
890 1255 919 1313 iu
940 1272 1089 1314 sacrorum
1109 1253 1269 1313 librorum,

112 1328 283 1411 catalogum
315 1349 347 1389 re
362 1349 436 1389 erre.
495 1328 535 1389 At
564 1328 793 1410 Augustinus
811 1330 846 1406 ¹¹⁵)
874 1351 935 1423 pro
965 1328 1109 1391 canonico
1139 1330 1253 1410 recipit.

108 1404 249 1469 Primum
289 1426 354 1464 uam
375 1417 453 1465 certa
466 1405 542 1465 lide?
561 1405 764 1485 „Scripturam
784 1406 913 1487 (iuquit)
932 1405 1171 1467 Maccahaeorum
1191 1426 1254 1466 noo

109 1481 252 1561 „babent
286 1482 370 1542 udaei
389 1482 465 1543 sieut
483 1483 609 1564 Legem,
629 1482 807 1562 Prophetas,
828 1495 858 1542 et
878 1483 1025 1553 Psalmos,
1045 1481 1151 1561 quibus
1171 1482 1254 1543 testi·

109 1560 269 1637 „monium
287 1557 582 1637 perbibetllomiuus
601 1570 739 1638 tanquam
760 1559 881 1619 testibus
901 1559 970 1635 suis,
990 1559 1101 1633 dicens,
1122 1558 1254 1638 Oporte-

108 1634 191 1715 „bat
204 1634 318 1715 impleri
338 1635 446 1709 omnia,
467 1656 541 1715 quae
560 1634 668 1715 scripta
685 1647 755 1694 suut
773 1635 802 1694 in
824 1636 916 1717 Lege,
935 1648 965 1694 et
985 1634 1115 1705 Psalmis,
1135 1647 1166 1695 et
1178 1636 1255 1695 Pro-

109 1710 234 1793 „pbetis
245 1711 281 1770 de
293 1710 488 1790 m'e(1.uc.2t,
495 1714 566 1789 tt).
586 1710 646 1770 Sed
659 1731 727 1771 rece
750 1723 778 1771 ta
791 1713 880 1773 catab
894 1710 1016 1775 ecclesia
1025 1732 1085 1771 non
1097 1711 1255 1785 inutiliter,

110 1788 163 1865 „ri
177 1787 275 1848 sobrie
283 1786 397 1869 legatur
407 1788 452 1846 rel
465 1787 628 1863 audiatur,“
640 1799 695 1846 etc.
716 1733 916 1870 liieronymus
936 1799 1034 1847 autem
1053 1786 1116 1847 sine
1137 1787 1254 1849 dubita·

110 1864 213 1939 tione,
231 1863 350 1922 minime
369 1863 466 1923 valere
486 1868 546 1923 eins
565 1865 771 1924 auctoritatem
796 1865 831 1924 ad
858 1864 1012 1925 asserenda
1038 1863 1175 1957 dogmata
1197 1862 1252 1923 do-

111 1948 176 2003 cet.
213 1938 252 1999 Et
270 1957 304 1997 ex
323 1938 424 1999 libello
445 1939 496 1999 illo
515 1952 646 2013 vetusto,
666 1940 717 2018 qui
737 1939 790 1999 sub
812 1941 931 2000 nonrine
943 1939 1084 2021 Cypriam
1104 1937 1140 2005 de
1157 1960 1252 2015 eapo-

109 2016 218 2077 stasne
234 2013 364 2093 Symboli
387 2014 573 2088 inscribitur,
605 2029 706 2096 aperte
726 2028 840 2076 constat
860 2017 957 2076 locum
978 2015 1091 2076 nullum
1110 2016 1140 2075 iu
1160 2017 1253 2077 veteri

110 2090 240 2153 eeclesia
261 2092 404 2151 babuisse.
443 2092 482 2150 Et
502 2092 571 2171 quid
593 2093 698 2152 frustra
719 2091 764 2153 hic
778 2092 947 2153 contendo?
969 2091 1060 2166 Quasi
1074 2094 1252 2171 auctoripse

109 2188 181 2231 nott
199 2167 264 2229 satis
282 2169 429 2243 ostendat,
449 2181 590 2248 qnantum
609 2169 666 2228 sihi
687 2169 878 2229 deserendum
896 2171 950 2244 sit,
992 2190 1060 2228 uum
1084 2165 1199 2229 reniam
1219 2169 1251 2227 in

110 2244 178 2305 fine
201 2257 352 2325 precatur,
387 2246 410 2304 si
436 2245 505 2324 qnid
537 2247 631 2306 miuus
657 2245 734 2304 bene
760 2246 864 2306 dixerit
894 2245 950 2322 (Π.
975 2294 985 2304 .
1007 2266 1067 2305 aec.
1094 2253 1145 2335 ψ,
1178 2246 1250 2322 38).

112 2320 207 2383 Certe
227 2320 277 2401 qui
297 2322 404 2401 scripta
424 2343 475 2380 sua
496 2321 629 2402 indigere
650 2322 733 2381 venia
754 2323 873 2395 fatetur,
904 2322 1031 2402 Spiritus
1062 2323 1154 2382 sancti
1183 2342 1251 2383 ora·

107 2396 184 2459 tuta
203 2417 265 2457 uon
286 2417 349 2456 csse
369 2396 481 2457 clamat.
519 2399 604 2457 Adde
624 2397 703 2477 quod
724 2419 785 2457 noo
806 2398 863 2458 alio
884 2397 1252 2459 nominelaudaturiudae

110 2474 227 2557 pietas,
257 2473 313 2533 nisi
343 2474 410 2553 quia
441 2494 521 2553 spem
552 2475 664 2534 firmam
689 2474 726 2533 de
746 2475 848 2535 ultima
867 2475 1085 2534 resurrectione
1105 2474 1251 2547 hahuerit,

110 2548 167 2611 ttbi
184 2548 367 2609 oblationem
388 2553 466 2608 misit
485 2571 539 2629 pro
559 2552 683 2611 mortuis
701 2551 946 2632 Hierosolymam.
984 2552 1029 2611 Ne
1052 2571 1090 2610 ue
1114 2553 1193 2610 enim
1213 2552 1250 2611 ad

109 2627 241 2708 pretium
260 2626 470 2706 redemptionis
491 2628 581 2687 trahit
601 2628 736 2707 Scriptor
756 2628 906 2703 historiae,
928 2629 1006 2706 quod
1026 2573 1076 2687 ihc
1101 2628 1177 2709 egit:
1197 2628 1250 2689 sed

112 2714 149 2763 ut
167 2714 318 2763 consortes
338 2714 474 2762 aeternae
495 2706 569 2763 vitae
589 2716 685 2763 essent
705 2726 770 2762 cnm
791 2704 910 2783 reliquis
941 2704 1086 2777 fidelibus,
1116 2705 1167 2785 qui
1192 2723 1248 2784 pro

113 2780 206 2860 patria
226 2791 257 2837 et
276 2779 422 2859 religione
442 2781 652 2840 occubuerant.
692 2781 910 2860 superstitione
935 2780 1053 2859 quidem
1074 2791 1105 2838 et
1123 2798 1253 2860 praepo·'

113 2864 194 2915 rtem
212 2854 279 2914 zelo
300 2877 361 2914 non
382 2856 473 2916 caruit
494 2857 549 2916 hoc
571 2857 694 2916 iactum:
713 2856 764 2917 sed
779 2855 940 2937 plusquam
953 2857 1025 2917 fatui
1038 2868 1117 2930 sunt,
1136 2856 1186 2934 qui
1202 2877 1249 2915 sa·

111 2928 253 2993 edictum
273 2931 367 3013 legale
387 2933 421 2992 ad
442 2955 496 2992 nos
517 2954 608 3013 usque
627 2933 762 2992 trahunt:
786 2933 903 3012 quando
923 2932 1051 3013 adventu
1065 2931 1175 2992 Christi
1193 2932 1249 2992 sci·

109 3028 176 3068 mus
194 3028 307 3069 cessare
328 3010 452 3088 quaein
473 3032 525 3068 usu
546 3023 617 3069 tunc
637 3009 766 3069 fuerunt.

187 3088 219 3149 9.
259 3086 369 3143 Verum
391 3085 501 3145 habent
521 3087 661 3146 invictum
681 3106 807 3146 cuneum
829 3086 859 3146 in
879 3083 983 3160 Paulo,
1002 3085 1053 3164 qni
1072 3105 1134 3145 nou
1153 3083 1192 3146 ita
1203 3083 1248 3145 ia·

108 3158 169 3227 eile
190 3161 310 3241 percelli
322 3175 418 3240 queat.
443 3163 497 3235 „Si
511 3164 573 3242 quis
587 3163 808 3243 superaedificat
823 3162 932 3242 (inquit
942 3161 1087 3243 I.Cor.·3,
1098 3162 1249 3254 12—15.),

107 3258 221 3316 „super
241 3239 460 3298 fundamentum
482 3239 555 3315 lroc,
575 3261 693 3313 aurum,
711 3252 882 3321 argentum,
902 3238 1010 3319 lapides
1029 3239 1192 3320 pretiosos,
1212 3238 1249 3299 h-

107 3332 204 3395 „gna,
224 3314 356 3388 foenum,
375 3315 526 3395 stipulam:
548 3317 774 3396 uniuscuiusque
795 3337 879 3396 opus,
900 3315 984 3395 quale
1002 3316 1051 3391 sit,
1071 3315 1248 3375 diesDomi·

105 3390 164 3467 „ni
195 3390 407 3451 manifestabit:
449 3392 528 3471 quod
560 3395 589 3451 in
626 3394 696 3474 igue
727 3392 922 3452 revelabitur:
959 3404 990 3451 et
1019 3392 1187 3453 uniuscuius
1209 3412 1248 3452 ue

106 3487 186 3547 opus
216 3467 301 3548 quale
330 3469 382 3541 sit,
423 3469 498 3549 iguis
535 3469 681 3549 probabit.
739 3470 773 3528 Si
810 3470 890 3529 cuius
926 3488 999 3549 opus
1036 3470 1154 3541 arserit,
1189 3414 1246 3529 be·

106 3544 301 3619 „trimenturu
322 3547 460 3624 patietur,
480 3545 542 3624 ipse
562 3559 659 3606 antem
678 3545 773 3606 salvus
793 3547 864 3605 erit:
884 3546 935 3606 sed
956 3545 1036 3625 quasi
1049 3545 1246 3627 perignem.“

108 3618 187 3695 Quis
207 3621 375 3700 (inquiunt)
407 3621 456 3681 ille
476 3623 551 3702 ignis
572 3643 634 3683 esse
654 3633 753 3704 potest
772 3623 825 3681 nisi
846 3623 1046 3704 purgatorius,
1076 3640 1131 3700 per
1157 3641 1243 3700 quem

129 3710 298 3757 erratorum
318 3699 419 3758 sordes
439 3697 665 3779 absterguntur,
685 3718 745 3778 quo
766 3698 831 3779 puri
851 3699 1049 3790 ingrediamur
1068 3697 1100 3757 iu
1118 3717 1244 3778 regnum

141 3775 187 3833 ei?
205 3773 296 3852 Atqui
315 3774 402 3833 alium
423 3795 486 3834 esse
505 3789 659 3835 senserunt
678 3786 807 3835 veterum
828 3774 1043 3856 plerique'**),
1064 3794 1170 3855 nempe
1190 3774 1245 3832 tri-

106 3849 292 3911 bulationem
311 3872 363 3910 seu
383 3872 514 3924 crucem,
540 3874 593 3932 per
635 3874 699 3911 uam
719 3852 864 3911 Dominus
884 3873 951 3912 suns
972 3850 1125 3923 examinat,
1156 3868 1194 3908 uo
1213 3849 1244 3909 iu

104 3927 204 3988 earnis
222 3926 357 3988 sordibus
377 3929 576 4008 acquiescant:
603 3875 691 4009 iiique
711 3928 804 3988 multo
824 3928 1005 4008 probabilius
1025 3948 1110 4007 quarn
1131 3927 1244 4025 Purga-

176 4194 205 4261 e)
223 4194 264 4247 Cf.
281 4200 386 4261 August.
405 4211 496 4248 contra
512 4199 652 4250 secundam
671 4196 812 4249 Gaudentii
829 4160 963 4266 epistolam
988 4214 1047 4264 cap.
1065 4196 1106 4249 ’Β

105 4262 441 4402 [ω”ἒηξῦἒγᾶῑοαοωυῃ
465 4266 620 4330 Augustinus
642 4279 667 4317 et
690 4264 742 4323 alii.
778 4262 838 4317 Vid.
860 4266 965 4330 August
989 4261 1095 4317 Eurbir.
1118 4264 1151 4315 ad
1175 4260 1242 4314 bau·
