2700 4732
523 186 598 249 ΜΒ.
618 190 676 250 lll.
715 122 805 251 (ΞΜ).
824 188 888 251 XX.
1208 194 1268 255 tta

125 329 294 413 gratitudo,
326 330 429 413 partim
462 331 640 413 malignitas:
673 333 792 395 andacia
817 341 944 394 vernet
968 330 1077 393 iurlosa
1102 332 1262 411 protervia,

125 418 266 486 quantum
288 409 368 468 inse
388 418 449 484 est,
461 410 577 470 deleat?
603 410 747 489 Crepent,
766 409 846 487 licet,
867 428 969 471 omnes
989 404 1070 499 iinpii
1084 428 1150 471 curn
1171 409 1261 469 sacri·

125 484 191 565 lega
214 504 265 543 sua
291 482 429 558 libidine,
449 484 524 544 resul
549 497 695 546 ettamen
717 486 845 547 nominis
864 485 922 545 Dei
942 497 1088 545 sanctitas.
1126 485 1189 546 Nec
1209 483 1261 545 abs

124 580 157 620 re
182 558 323 621 exclamat
342 560 492 641 Propheta
513 504 605 639 (l'sal.
625 570 680 635 48,
699 566 777 641 11.>:
802 563 908 634 „sieut
933 582 1042 622 nomen
1066 561 1261 635 tuumrlleus,

123 636 244 697 italam
269 648 318 697 tua
343 638 373 696 in
399 659 501 698 omnes
528 641 599 699 fines
626 644 753 700 terrae.“
800 641 875 699 Nam
901 638 1068 718 ubicunque
1094 638 1274 711 innotuerit,

122 713 221 786 Deus,
252 713 315 772 beri
336 734 396 773 non
418 726 516 795 potest
536 718 606 796 quin
631 737 662 775 se
683 716 836 796 proferant
856 715 917 775 eius
944 715 1081 787 virtutes,
1115 714 1259 794 potentia,

122 790 251 863 bonitas,
269 790 419 870 sapientia,
440 791 557 865 iustitia,
579 792 786 863 misericordia,
806 792 921 865 veritas,
940 813 1016 869 quae
1036 791 1066 850 in
1085 791 1145 849 eius
1165 789 1258 850 admi-

123 870 267 925 rationem
293 887 347 926 nos
372 869 501 947 rapiant,
534 881 563 929 et
594 871 717 929 incitent
745 870 781 928 ad
810 868 1014 929 celebrandam
1042 867 1102 926 eius
1132 866 1257 927 laudem.

122 941 202 1016 Quia
224 962 294 1024 ergo
315 955 371 1002 tarn
394 945 514 1025 indigne
532 966 583 1005 sua
604 946 671 1005 Deo
691 946 827 1007 sanctitas
840 946 964 1036 eripitur
984 945 1012 1002 in
1033 945 1129 1016 terris,
1147 944 1171 1003 si
1192 964 1257 1003 eam

119 1030 251 1078 asserere
271 1018 356 1078 nobis
377 1024 560 1094 non'datur,
585 1021 687 1081 saitem
707 1022 842 1081 iubemur
867 1042 928 1080 erus
949 1041 1047 1080 curam
1066 1020 1144 1080 votis
1164 1019 1256 1080 susci-

120 1114 201 1175 pere.
221 1130 257 1141 -
297 1096 415 1155 Summa
437 1110 491 1172 rst,
513 1111 544 1157 ιιι
565 1112 699 1179 optemus
718 1120 801 1158 suum
822 1097 922 1157 baberi
943 1097 1010 1156 Deo
1031 1097 1174 1158 bonorem
1190 1098 1255 1175 'quo

120 1172 226 1251 dignus
247 1184 305 1246 est,
330 1186 362 1232 ut
389 1196 538 1251 nunqnam
560 1175 597 1233 tle
623 1176 686 1255 ipso
713 1175 872 1254 loquantur
897 1175 941 1234 vel
969 1174 1103 1255 cogitent
1123 1173 1255 1233 bomines

117 1247 312 1309 ainesumma
333 1253 539 1311 veneratione:
572 1253 617 1312 cui
639 1253 801 1332 opponitur
828 1250 1012 1330 profanatio,
1044 1269 1118 1329 quae
1138 1267 1255 1327 semper

119 1324 241 1384 nimium
262 1325 291 1382 in
313 1325 422 1385 mundo
443 1326 567 1407 vrrlgaris
589 1328 659 1401 suit,
691 1340 723 1387 ut
745 1327 832 1386 bodie
851 1327 945 1387 adbuc
965 1339 1118 1406 grassatur.
1156 1325 1255 1405 Atque

118 1400 190 1460 binc
210 1402 360 1480 petitionis
381 1405 553 1477 necessitas,
579 1425 681 1483 quam,
701 1406 725 1464 si
746 1405 901 1463 mediocris
921 1405 999 1462 inter
1019 1423 1072 1462 nos
1093 1402 1185 1480 pietas
1209 1400 1254 1461 vi-

115 1490 218 1559 geret,
237 1498 443 1557 supervacuam
465 1501 527 1540 esse
548 1480 680 1540 decebat.
720 1480 835 1555 Quodsi
857 1482 913 1540 llei
935 1479 1047 1538 nomini
1067 1500 1116 1537 sna
1137 1487 1254 1537 constat

115 1553 268 1626 sanctitas,
292 1554 342 1613 ubi
362 1556 398 1614 ab
424 1556 486 1616 aliis
507 1558 642 1617 omnibus
662 1576 746 1638 segre
769 1570 847 1617 atum
876 1577 984 1615 meram
1026 1554 1127 1614 loriam
1147 1555 1253 1633 spirat:
1294 1586 1300 1606 ι

115 1628 164 1689 bic
186 1650 247 1689 non
268 1642 382 1690 tantum
409 1645 510 1711 petere
535 1634 681 1707 iubemur,
707 1578 839 1693 utbeus
859 1654 971 1692 sacrum
991 1574 1062 1690 idat
1084 1649 1194 1689 nomen
1214 1629 1252 1689 ab

114 1708 198 1765 omni
218 1719 389 1787 contemptu
411 1721 440 1767 et
459 1709 619 1790 ignominia
639 1710 777 1786 vindicet,
795 1710 845 1770 sed
867 1710 954 1768 etiarn
974 1719 1006 1766 ιιι
1025 1707 1061 1766 ad
1083 1705 1145 1765 eius
1165 1725 1253 1763 rere-

114 1784 241 1841 rentiam
259 1783 376 1865 subigat
394 1797 490 1845 tutum
513 1788 668 1845 humanum
711 1808 793 1847 enus.
814 1820 850 1833 -
890 1786 951 1844 lam
972 1804 1060 1862 quum
1081 1781 1162 1841 Deus
1182 1802 1252 1860 par·

112 1858 167 1919 tin
179 1859 324 1933 doctrina,
344 1863 449 1940 partim
460 1864 598 1943 operibus
609 1883 640 1922 se
652 1807 738 1924 nobis
748 1862 923 1935 manifestet,
942 1880 1003 1919 non
1024 1857 1109 1918 aliter
1129 1878 1145 1917 a
1165 1856 1252 1919 nobis

113 1935 321 2011 sanctificatur,
352 1940 481 2017 quamsi
514 1951 638 2019 utraque
671 1940 700 2000 in
727 1953 810 2018 parte
835 1939 994 1997 tribuamus
1015 1938 1041 1995 ei
1062 1933 1142 2013 quod
1166 1954 1251 1994 suum

114 2022 175 2085 est,
196 2023 285 2091 atque
305 2014 344 2073 ita
366 2015 505 2094 quicquid
527 2016 563 2076 ab
585 2019 648 2093 ipso
674 2017 840 2095 proiectum
862 2016 933 2086 erit,
957 2011 1169 2090 amplexemur:
1195 2028 1251 2070 nec

113 2086 230 2147 laudem
257 2110 339 2148 suam
369 2091 446 2169 apud
479 2112 532 2151 nos
558 2093 652 2151 minus
679 2093 796 2153 obtinet
822 2092 883 2150 eius
906 2088 1045 2150 severitas
1072 2108 1159 2166 quam
1188 2084 1251 2146 cle-

112 2163 238 2226 mentia:
257 2167 376 2244 quando
397 2169 426 2226 iu
448 2169 600 2247 multiplici
618 2189 741 2246 operum
763 2169 926 2228 ditersitnte
945 2165 1057 2247 gloriae
1076 2182 1144 2222 suae
1165 2172 1251 2224 notes

112 2240 274 2320 insculpsit,
294 2263 368 2320 quae
389 2245 604 2304 consessionem
626 2243 716 2304 laudis
737 2246 842 2304 merito
863 2265 896 2302 ex
913 2241 1049 2301 oninibus
1069 2240 1174 2320 linguis
1195 2237 1251 2298 eli-

112 2318 202 2377 ciant.
242 2318 287 2378 lta
306 2318 357 2379 fiet
377 2332 408 2379 ut
421 2320 572 2400 Scriptura
591 2322 694 2380 iustam
715 2321 793 2401 apud
809 2341 863 2380 nos
881 2319 1086 2380 auctoritatem
1106 2316 1251 2391 obtineat,

112 2413 168 2453 nec
188 2390 263 2454 ullus
284 2408 403 2455 eventus
427 2399 564 2477 impediat
583 2397 833 2479 benedictionem,
854 2417 939 2488 quam
959 2396 1040 2453 Deus
1059 2395 1088 2452 in
1109 2404 1175 2452 toto
1194 2412 1250 2473 gu·

112 2467 295 2530 bernationis
326 2473 427 2530 mundi
453 2495 538 2533 cursu
559 2487 696 2534 meretur.
748 2476 815 2534 lluc
835 2485 922 2532 ettam
949 2492 1061 2531 rursum
1083 2468 1178 2529 tendit
1197 2488 1250 2549 pe·

112 2546 192 2620 titio,
213 2558 245 2606 ut
265 2551 358 2607 omnis
379 2549 522 2628 impietas,
542 2572 616 2630 quae
635 2564 766 2612 sanctum
787 2550 844 2610 boc
865 2570 974 2609 nomen
993 2546 1118 2627 polluit,
1147 2555 1250 2624 pereat

111 2636 201 2703 atque
222 2623 387 2684 aboleatur:
414 2648 605 2719 quaecunque
627 2628 701 2688 banc
720 2627 980 2688 sanctificationem
1001 2623 1176 2694 obscurant,
1196 2631 1248 2680 aut

111 2701 293 2775 diminuunt,
326 2713 383 2760 tam
410 2704 640 2764 obtrectationes
660 2727 746 2783 quam
778 2704 904 2763 ludibria
936 2701 1092 2761 lacessant:
1122 2719 1155 2756 ac
1177 2697 1247 2755 dum

108 2776 262 2856 sacrilegia
289 2779 387 2838 omnia
417 2781 577 2860 compescit
596 2782 692 2856 Deus,
723 2782 814 2861 magis
839 2800 873 2838 ac
899 2778 988 2858 magis
1020 2770 1088 2834 binc
1107 2773 1248 2833 clarescat

110 2855 172 2913 eius
194 2856 334 2913 maiestas.

187 2936 235 2995 42.
273 2930 408 2990 Secunda
422 2932 537 3012 petitio,
557 2944 590 2992 ut
603 2932 795 3006 „adveniat
816 2950 965 3012 regnum
978 2929 1083 2988 θεῖς’*
1103 2942 1178 3017 qnae
1190 2922 1245 3013 etsi

108 3005 182 3067 nibil
203 3007 337 3066 continet
357 3029 480 3082 novum,
506 3011 634 3088 aprima
660 3021 756 3068 tamen
783 3029 844 3067 non
870 3005 933 3066 sine
957 3005 1072 3065 ratione
1092 3002 1247 3082 distingua-

109 3095 174 3143 tur:
203 3087 270 3162 quia
289 3085 312 3142 si
339 3097 466 3144 nostram
494 3087 523 3143 in
546 3104 577 3144 re
599 3087 729 3144 omnium
750 3084 871 3143 maxima
890 3078 1115 3144 somnolentiam
1135 3096 1244 3156 expen-

109 3160 220 3229 dimus,
241 3160 320 3238 quud
343 3182 444 3241 perse
466 3162 646 3221 notissimum
668 3182 730 3220 esse
750 3160 908 3234 debuerat,
929 3157 1060 3238 pluribus
1080 3154 1182 3244 verbis
1197 3150 1245 3245 in:

110 3237 220 3296 culcari
246 3258 354 3315 operae
376 3240 501 3316 pretium
527 3250 580 3297 est.
631 3238 790 3317 Postquam
818 3257 890 3318 ergo
910 3237 1007 3295 Deum
1038 3251 1142 3314 rogare
1173 3250 1244 3290 cussa
1329 3284 1335 3289 .

107 3332 218 3385 sumus,
237 3325 270 3371 ιιι
282 3327 348 3393 agat
369 3315 398 3373 in
416 3315 561 3389 ordinem,
581 3336 613 3374 ac
632 3315 751 3374 tandem
772 3334 890 3393 prorsus
910 3309 1006 3372 deleat
1024 3307 1162 3390 quicquid
1182 3326 1244 3365 ma·

108 3389 204 3449 culam
224 3392 354 3471 aspergit
373 3411 455 3449 sacro
482 3392 542 3450 eius
569 3394 694 3450 nomini:
721 3391 776 3448 iam
801 3389 920 3448 additur
944 3388 1068 3447 alterurn
1091 3384 1186 3445 simile
1211 3390 1244 3442 et

108 3465 172 3524 lere
192 3464 269 3524 idem
290 3480 403 3540 vntum,
424 3480 455 3525 ut
476 3488 598 3549 regnum
611 3469 671 3526 eius
690 3466 834 3526 adveniat.
862 3465 923 3524 Etsi
942 3476 1039 3523 autem
1052 3461 1136 3543 regni
1157 3458 1242 3519 buius

107 3542 243 3601 definitio
275 3556 383 3602 antea
416 3543 502 3602 nobis
529 3546 622 3622 posita
648 3554 706 3615 est,
738 3542 866 3601 breuiter
889 3562 968 3600 nunc
992 3550 1111 3619 repeto,
1141 3537 1240 3595 Deum

108 3636 251 3700 regnare,
276 3621 326 3678 ubi
348 3619 479 3678 homines
501 3632 558 3679 tnrn
579 3621 622 3679 sui
648 3618 843 3701 abnegatione
862 3638 951 3697 quana
967 3615 1067 3674 mundi
1087 3626 1240 3673 terrenae-

106 3716 164 3773 que
185 3695 260 3753 vitae
281 3708 451 3774 contemptu
478 3697 553 3755 illius
580 3696 705 3755 iustitiae
730 3714 761 3755 se
781 3694 936 3766 addicunt,
964 3704 996 3751 ut
1020 3691 1055 3750 ad
1081 3688 1240 3749 coelestem

108 3771 195 3832 vitam
208 3775 336 3851 aspirent
348 3772 491 3851 (eiCalv.
500 3773 528 3830 in
539 3775 637 3831 llarrn.
647 3771 808 3848 Mariba).
839 3770 884 3830 lta
895 3769 968 3828 (luae
978 3779 1047 3827 sunt
1057 3765 1141 3825 buius
1155 3761 1241 3843 regni

105 3861 219 3926 partes:
241 3850 346 3922 altera,
368 3863 398 3908 ιιι
417 3850 498 3907 Deus
520 3871 619 3984 pravas
639 3869 740 3908 ornnes
761 3848 853 3906 carnis
873 3846 1061 3923 cupiditates,
1081 3860 1156 3921 quae
1175 3851 1240 3898 tur·

105 3925 207 3984 matim
242 3938 344 3984 contra
374 3946 439 3985 eum
473 3927 519 3984 bel
534 3928 699 4006 igerantur,
728 3924 856 4004 Spiritus
884 3924 928 3982 sui
958 3922 1065 3979 virtute
1093 3917 1239 3996 corrigatt

107 4001 216 4060 deinde
236 4011 268 4059 ut
288 4022 387 4061 sensns
414 4024 515 4062 omnes
538 4014 653 4061 nostros
674 4001 782 4060 lormet
800 4001 837 4059 ad
858 3997 971 4079 imperii
991 3996 1035 4056 sui
1054 3993 1239 4085 obsequium.

107 4077 212 4156 Itaque
233 4098 292 4136 non
314 4078 361 4136 alii
381 4079 544 4159 legitimum
569 4078 704 4139 ordinem
723 4087 828 4137 tenent
850 4076 882 4157 in
909 4075 961 4134 bac
982 4091 1086 4153 prece,
1115 4069 1171 4131 nasi
1190 4067 1243 4147 qut

107 4173 124 4212 a
145 4172 177 4213 se
196 4153 265 4233 ipsis
285 4153 440 4234 incipiunt,
460 4176 567 4235 nempe
587 4166 619 4214 ut
637 4165 802 4237 purgentur
819 4148 994 4233 corruptelis
1006 4146 1242 4239 omnibus,qnae

107 4230 297 4309 tranquillum
326 4231 410 4313 regni
434 4231 492 4291 Dei
518 4244 624 4292 statum
650 4229 841 4313 perturbant,
864 4241 896 4290 et
918 4226 1077 4310 puritatem
1096 4223 1242 4284 iuberent.

106 4306 172 4369 Iam
191 4307 258 4387 qnia
278 4309 401 4369 rerbmn
412 4308 470 4369 Dei
490 4309 583 4375 instar
600 4308 710 4394 sceptri
728 4307 804 4391 regii
823 4316 879 4381 eat,
896 4302 1013 4387 precari
1028 4300 1079 4366 bic
1095 4298 1247 4377 luteum,
