2700 4732
112 198 152 261 10
562 192 795 256 ennututto

114 335 215 417 decio
242 343 301 437 (ΙΙ.
320 339 449 418 Thess,
477 343 511 428 2,
540 343 636 436 ll.)?
674 338 841 417 Miracula
868 353 952 442 ergo
977 340 1077 415 uobis
1103 340 1244 416 minime

112 454 249 546 desunt,
274 442 494 559 eaque'certa
509 486 573 544 uec
589 457 719 555 cavillis
734 456 894 533 obnoxia.
946 462 1046 554 Quae
1066 476 1181 534 autem
1195 457 1242 533 illi

112 604 180 680 pro
205 604 242 651 se
265 573 471 668 obtendunt,
481 605 615 651 merae
634 593 715 650 sunt
724 580 872 650 Satanae
889 573 1075 663 illusiones,
1097 573 1242 679 quando

113 697 236 771 avero
250 693 317 769 Dei
339 691 390 767 sui
413 691 507 769 cultu
528 693 571 768 ad
589 694 772 769 vanitatem
800 690 971 795 populum
993 692 1243 769 abducunt-
1268 710 1271 717 '

112 814 147 889 d.
169 818 354 887 Praeterea
373 810 585 887 calumniose
609 810 710 885 nobis
722 817 843 895 Patres
857 827 1043 912 opponunt
1064 812 1242 914 (antiquos

111 947 146 1005 ct
167 928 319 1005 melioris
333 929 449 1007 adhuc
463 927 591 1005 saeculi
612 927 796 1030 scriptores
820 925 1001 1030 intelligo),
1022 928 1090 1003 acsi
1106 956 1167 1002 eos
1180 929 1242 1003 ha-

110 1047 233 1157 berent
257 1077 339 1126 suae
364 1032 547 1152 impietatis
573 1047 832 1147 suffragatores,
858 1073 1010 1147 quorum
1038 1046 1241 1122 auctoritate

110 1165 140 1242 si
164 1156 397 1243 dirimendum
423 1183 597 1241 certamen
619 1183 717 1253 esset,
741 1166 866 1241 melior
890 1165 1056 1247 victoriae
1080 1194 1161 1266 pars
1188 1169 1241 1261 (ut

110 1283 363 1361 modestissime
389 1284 492 1361 etiam
517 1281 658 1385 loquar)
690 1283 732 1358 ad
768 1313 831 1359 nos
854 1284 1066 1390 inclinaret..
1106 1289 1239 1386 Verum

110 1431 219 1506 quum
241 1401 350 1480 multa
373 1401 550 1508 praeclare
563 1417 597 1475 et
611 1401 783 1503 sapienter
795 1402 839 1477 ab
863 1401 928 1478 illis
941 1401 1102 1479 Patribus
1113 1401 1240 1504 scripta

110 1522 193 1613 sint,
208 1522 260 1610 ¹in
292 1519 500 1627 quibusdam
527 1549 612 1602 veno
636 1518 700 1594 itlis
729 1519 891 1597 acciderit
915 1518 1012 1625 quod
1039 1519 1239 1595 hominibus

109 1639 206 1730 solet,
228 1639 282 1715 isti
308 1631 502 1743 pii¹scilicet
522 1637 592 1728 filii,
617 1667 685 1740 qna
707 1657 787 1715 sunt
813 1656 847 1714 et
871 1640 1001 1742 ingenii
1018 1656 1051 1715 et
1071 1637 1188 1719 iudicii
1206 1654 1240 1712 et

109 1758 213 1836 animi
240 1757 454 1848 dexteritate,
480 1786 603 1834 eorum
630 1772 764 1834 tantum
792 1758 907 1862 lapsus
933 1776 966 1834 et
992 1787 1127 1835 errores
1154 1755 1238 1831 ado·
1265 1830 1267 1837 ,

108 1896 204 1954 rant:
222 1905 312 1981 quae
334 1873 528 1952 benedicta
554 1891 644 1966 sunt,
668 1874 721 1951 vel
747 1905 819 1951 non
846 1878 1043 1968 observant,
1061 1875 1119 1959 ,vel
1142 1874 1238 1955 dissi-

108 1994 252 2081 mulant,
263 1994 317 2070 vel
330 2010 576 2097 corrumpunt:
596 2010 633 2069 ut
655 1992 749 2069 dicas
765 2022 909 2096 prorsus
928 1995 992 2071 illis
1006 2023 1110 2071 curae
1124 1995 1239 2082 fuisse,

107 2113 251 2189 inaure
277 2111 392 2216 legere
415 2131 576 2188 stercora.
628 2117 722 2186 Turn
748 2112 918 2216 improbis
934 2111 1146 2195 clamoribus
1172 2141 1238 2187 nos

108 2231 262 2308 obruunt
284 2259 348 2306 ceu
374 2235 518 2306 Patmm
542 2246 802 2332 contemptores
825 2247 858 2306 et
883 2229 1111 2327 adversarios.
1160 2235 1237 2308 Nos

107 2379 193 2428 vero
208 2347 298 2424 adeo
323 2345 400 2422 illos
426 2376 498 2422 nou
513 2349 779 2436 contemnimus,
803 2364 843 2422 ut
866 2349 893 2422 si
916 2346 955 2422 id
979 2348 1168 2451 praesentis
1184 2347 1236 2422 in·

107 2468 213 2544 stituti
237 2481 341 2554 esset,
373 2464 470 2541 nullo
504 2466 643 2570 negotio
672 2464 756 2538 mihi
786 2463 886 2541 liceat
908 2464 1089 2540 meliorem
1113 2492 1236 2540 eorum

106 2600 253 2690 partem,
277 2612 366 2685 quae
392 2582 499 2658 hodie
526 2612 544 2658 a
573 2581 674 2656 nobis
690 2579 863 2673 dicuutur,
886 2582 1043 2686 ipsorum
1063 2583 1236 2685 suffragiis

107 2700 349 2805 comprobare.
400 2702 457 2777 Sic
482 2718 596 2776 tamen
622 2701 657 2774 in
677 2729 800 2774 eorum
826 2700 959 2804 scriptis
982 2730 1171 2790 versamur,
1192 2719 1236 2777 ut

106 2848 244 2923 semper
268 2820 527 2894 meminerimus
553 2822 593 2914 (1.
615 2817 696 2894 Cor.
715 2823 750 2907 3,
766 2821 939 2895 21-23.
963 2821 1013 2921 cs
1027 2825 1234 2919 Angustia.

93 2936 263 3041 'ep.28.):
290 2938 407 3012 omnia
434 2953 554 3012 nostra
579 2966 653 3012 esse
667 2965 758 3038 quae
780 2935 881 3011 nobis
896 2937 1054 3027 serviant,
1078 2967 1151 3011 uon
1169 2937 1234 3012 do-

104 3057 296 3142 minentur,
321 3082 386 3128 nos
409 3069 525 3129 autem
547 3054 649 3129 unius
675 3054 812 3142 Christi,
837 3054 893 3129 cui
917 3055 1136 3157 peremnia,
1161 3056 1235 3130 sine

105 3174 316 3276 exceptione,
339 3170 534 3273 parendum
560 3173 611 3247 sit.
662 3177 766 3246 Hunc
786 3170 958 3248 delectum
974 3173 1116 3274 quinon
1131 3189 1234 3262 tenet,

104 3290 189 3368 nihil
200 3290 235 3365 in
257 3287 423 3390 religione
436 3290 659 3366 coustitutum
676 3288 827 3379 habebit,
850 3289 993 3392 quando
1013 3290 1120 3367 multa
1133 3292 1234 3394 iguo-

104 3424 227 3486 rarunt
252 3406 359 3482 sancti
377 3406 439 3481 viri
464 3406 526 3482 illi:
553 3437 657 3511 saepe
681 3407 770 3483 inter
794 3437 831 3483 se
854 3409 1103 3498 conflictantur,
1128 3409 1234 3485 iuter·

105 3526 189 3602 dnm
204 3512 312 3601 etiam
322 3554 440 3600 secum
462 3525 526 3629 ipsi
538 3542 705 3629 pugnant.
743 3532 827 3602 Non
839 3525 911 3600 sine
928 3554 1031 3603 causa
1044 3527 1234 3629 (inquiunt)

104 3674 125 3720 a
149 3642 340 3721 Salomone
352 3644 478 3739 (Pron.
494 3648 555 3734 22,
566 3643 642 3738 28)
669 3641 910 3729 admonemur,
936 3673 980 3719 ne
1004 3630 1233 3745 transgredia-

104 3791 186 3838 mur
207 3761 367 3864 antiquos
387 3762 553 3838 terminos
572 3791 661 3864 quos
688 3779 880 3864 posuemnt
906 3779 1019 3865 patres
1033 3760 1151 3836 nostri.
1188 3771 1234 3843 At

76 3886 177 3961 'non
194 3877 316 3953 eadem
330 3895 383 3954 est
405 3877 525 3980 regula
547 3879 582 3953 in
604 3908 768 3982 agrorum
793 3878 956 3954 limitibus
979 3896 1013 3954 et
1034 3878 1233 3959 obedientia

103 3997 208 4073 srdeie
227 3995 404 4098 quaszic
428 4014 664 4101 comparatam
680 4027 753 4073 esse
776 4013 924 4100 oportet,
946 4015 985 4076 ut
1011 3997 1233 4088 obliviscatur

104 4113 275 4218 populum
299 4143 399 4188 suum
412 4117 445 4186 e't
457 4112 603 4188 domum
627 4116 735 4219 patris
748 4115 800 4191 sui
813 4117 966 4214 (Psdt'),
978 4122 1061 4212 11.).
1093 4116 1231 4215 Quodsi

102 4246 286 4333 tantopere
303 4231 452 4334 gestiunt
475 4225 703 4336 ἀλληγορεἵν,
730 4263 792 4311 cur
818 4263 890 4311 non
902 4233 1091 4339 Apostolos
1115 4234 1231 4338 potius

103 4377 209 4457 quam
237 4346 320 4426 alios
347 4348 486 4456 quosvis
499 4355 620 4434 Patres
648 4354 928 4460 interpretantur,
951 4352 1110 4463 aquibus
1129 4382 1229 4459 prae-
