2700 4732
358 228 364 235 “
446 226 523 291 tm
541 226 599 289 ΠΙ.
638 226 729 293 CAP.
747 226 862 290 xxm.
1172 234 1231 300 ttt

96 369 165 433 filiis
182 370 242 433 suls
260 370 474 451 praedestinat,
486 370 566 433 ¹illos
584 370 647 433 vult
670 328 831 433 excludere.
874 369 938 433 ttee
960 389 1032 434 rero
1061 370 1226 438 tolerabilia

97 460 146 509 eat
163 446 315 508 bominum
335 449 498 528 protervia,
521 447 546 507 si
566 448 623 507 Dei
641 448 734 509 verbo
755 447 863 509 irenari
881 466 993 509 senon
1013 448 1150 529 sustinet,
1173 452 1226 513 ubi

96 524 196 607 agitur
214 524 250 582 de
271 522 557 659 incomprebensibili
576 526 638 583 eius
664 523 788 585 consilio
808 525 886 604 quod
906 523 1002 606 angeli
1020 525 1074 605 ipsi
1094 526 1226 588 adorant.

94 600 292 691 Atqnionune
320 622 355 659 au
378 601 477 691 ivimus
509 601 725 691 indurationem
756 622 816 661 non
841 600 935 660 minus
960 602 990 659 in
1010 622 1098 661 manu
1117 602 1174 663 Dei
1194 616 1226 666 et

95 676 304 831 illitis?
324 677 667 831 ttttssttttt?'lttt
692 677 863 813 rdttt‘tt
881 675 1225 833 ltltilllddd

96 828 820 994 tonaret‚sustentantium
835 828 939 964 aas
953 830 1224 987 sacratus
1326 952 1329 957 ,

97 978 252 1069 mndouse
284 982 437 1059 expedient
467 980 502 1038 ab
538 980 585 1040 rlla
617 979 726 1039 Christi
759 982 903 1040 sententia
933 980 1223 1105 (tlatth.15,1.tp:

98 1054 228 1131 „Omnes
247 1055 351 1129 arbor,
377 1077 463 1191 poam
493 1076 554 1116 non
585 1055 724 1135 plantavit
743 1056 833 1115 Pater
862 1077 960 1128 meus,
991 1056 1225 1121 eradicabitur.“

98 1132 213 1210 Aperte
232 1131 319 1192 exitio
338 1132 373 1192 ad
396 1133 432 1193 iei
453 1143 482 1191 et
501 1132 637 1192 devoveri
656 1132 786 1205 audiunt,
805 1150 995 1211 quoscunque
1015 1133 1148 1194 coelestis
1168 1137 1225 1197 Pa-

97 1218 149 1265 ter
176 1207 308 1291 dignatus
340 1228 400 1268 non
432 1219 491 1280 est,
511 1210 590 1287 quasi
610 1228 704 1268 sacras
729 1208 849 1270 arbores
869 1208 898 1267 in
919 1228 990 1288 agro
1009 1229 1063 1268 sno
1105 1209 1225 1271 lentare.

99 1282 135 1342 si
154 1282 211 1343 boc
230 1282 445 1363 reprobationis
469 1286 584 1377 signum
609 1303 670 1343 esse
690 1295 814 1364 negant,
840 1282 911 1342 nibil
932 1296 975 1344 est
999 1294 1058 1345 tana
1082 1232 1102 1344 l

1094 1287 1102 1344 i
1125 1287 1223 1348 nidum

98 1360 180 1439 quod
201 1359 256 1419 illis
297 1372 364 1419 neat
404 1360 511 1420 roban.
563 1360 677 1434 Quodsi
696 1360 869 1437 obstrepere
887 1379 948 1419 non
973 1307 1123 1434 desinenti
1152 1383 1226 1424 eon·

97 1446 182 1495 tenta
202 1436 239 1495 sit
258 1382 325 1495 filei
344 1382 485 1496 sobrietas
507 1436 559 1496 bec
579 1434 661 1495 Pauli
679 1435 882 1495 admonitione
902 1435 1003 1513 (Rom.
1020 1443 1050 1510 9,
1068 1441 1142 1512 22),
1160 1460 1224 1501 non
1266 1444 1269 1449 '

97 1528 165 1571 esse
183 1532 295 1571 causam
316 1512 446 1591 litigandi
467 1532 531 1571 eum
552 1512 636 1585 Deo,
664 1510 689 1573 si
707 1510 743 1571 ab
764 1532 821 1569 una
846 1524 929 1588 parte
947 1511 1048 1572 rolens
1068 1515 1225 1577 ostendere

96 1585 187 1659 iram,
218 1599 247 1646 et
271 1599 371 1646 notam
393 1589 487 1648 lacere
509 1588 669 1666 potentiam
688 1607 785 1660 suam,
815 1585 891 1645 ierat
909 1588 939 1645 in
957 1586 1048 1647 multa
1067 1588 1223 1652 tolerantia

97 1674 135 1722 et
151 1662 269 1722 lenitate
288 1683 353 1722 vasa
374 1666 434 1723 irae
454 1676 590 1743 apparata
610 1664 640 1721 in
661 1663 825 1722 interitum:
856 1662 891 1722 ab
912 1662 1118 1722 alternantem
1139 1678 1225 1728 notas

98 1737 188 1799 faeiat
208 1739 316 1798 divitias
352 1738 444 1800 loriae
463 1758 531 1798 suae
550 1759 619 1818 erga
631 1759 693 1799 vasa
705 1738 932 1812 misericordiae,
950 1758 1024 1817 quae
1044 1744 1226 1821 praeparavit

97 1814 133 1873 in
153 1815 284 1897 gloriam.
325 1759 494 1876 dbservent
513 1816 654 1889 lectores,
674 1826 705 1873 ut
724 1835 820 1873 ansam
841 1814 963 1875 susurris
983 1827 1013 1874 et
1032 1814 1225 1878 obtrectatio·

97 1889 186 1951 nibus
205 1892 354 1970 praecidat
372 1891 493 1963 Paulus,
516 1912 658 1949 summum
679 1891 747 1949 dare
771 1890 923 1980 imperium
944 1891 1005 1949 irae
1025 1903 1055 1950 et
1073 1893 1225 1971 potentiae

96 1964 174 2026 Dei:
196 1969 261 2045 quia
281 1968 412 2048 iniquom
435 1980 477 2026 est
497 1966 607 2025 calculo
630 1978 731 2024 nostro
751 1965 856 2025 subnci
876 1965 1022 2044 profunda
1040 1966 1088 2027 illa
1108 1969 1224 2047 iudicia,

98 2064 174 2123 quae
200 2064 299 2103 sensus
324 2064 425 2102 omnes
453 2056 570 2101 nostros
593 2043 761 2104 absorbent.
780 2080 817 2090 -
857 2042 947 2116 Quod
973 2043 1151 2121 respondent
1170 2046 1223 2106 ad·

97 2120 218 2179 versarii
240 2119 372 2178 [rivolum
395 2132 448 2191 est,
468 2120 562 2177 Deum
584 2140 644 2177 non
666 2139 783 2196 prorsus
804 2117 939 2191 relicere,
958 2140 1032 2197 quos
1052 2118 1223 2182 in'lenitate

99 2195 218 2269 tolerat,
236 2196 286 2255 sed
307 2216 446 2286 suspenso
467 2215 584 2253 manere
606 2214 673 2274 erga
695 2214 745 2253 eos
765 2195 877 2267 animo,
903 2195 925 2253 si
947 2195 1024 2253 sorte
1044 2197 1222 2276 resipiscant.

100 2272 193 2347 Quasi
212 2292 282 2330 sero
304 2272 470 2352 patientiam
492 2272 557 2329 Deo
578 2270 689 2331 tribuat
709 2271 829 2341 Paulus,
850 2290 905 2348 qua
927 2291 1027 2329 eorum
1054 2275 1224 2334 conversio·

99 2369 169 2407 nem
190 2360 345 2427 exspectet,
365 2369 438 2426 qrros
463 2347 534 2407 dicit
559 2358 670 2426 aptatos
694 2364 756 2406 esse
780 2345 814 2406 ad
834 2346 992 2406 interitum.
1030 2346 1123 2408 Recte
1146 2349 1224 2411 enirn

97 2424 329 2504 Augustinus
349 2422 444 2482 locum
466 2424 541 2481 bunc
563 2423 705 2502 explicans
727 2422 821 2501 [cont.
841 2422 945 2482 Iulian.
958 2422 1008 2482 lib.
1019 2430 1047 2488 5.
1059 2444 1085 2483 c.
1098 2425 1153 2505 5.],
1172 2426 1225 2487 ubi

98 2501 232 2580 potentia
251 2499 422 2558 tolerantiae
442 2499 623 2579 adiungitur,
643 2500 740 2557 Deum
761 2519 820 2557 non
841 2500 952 2572 sinere,
977 2500 1028 2559 sed
1047 2500 1153 2562 virtute
1172 2523 1224 2563 sua

97 2576 255 2635 moderari.
304 2576 424 2634 Addunt
454 2576 538 2633 ctiam
566 2597 625 2635 non
653 2575 704 2634 abs
723 2595 756 2634 re
780 2595 844 2633 vasa
869 2576 929 2635 irae
950 2576 1006 2634 dici
1030 2589 1165 2655 apparata
1186 2579 1221 2638 ad

98 2654 264 2726 interitum,
294 2674 355 2711 vasa
376 2663 470 2709 autern
497 2651 712 2710 misericordiae
731 2651 827 2709 Deum
848 2671 1046 2731 praeparasse:
1080 2652 1223 2730 quiahoc

96 2728 190 2789 modo
209 2728 307 2788 salutis
327 2728 440 2786 laudem
461 2728 525 2785 Deo
551 2728 669 2786 ascribit
693 2740 722 2784 et
741 2726 879 2786 vindicat:
912 2727 1083 2807 perditionis
1108 2729 1222 2806 eulpam

97 2804 197 2864 reiicit
216 2807 245 2862 in
266 2825 327 2878 eos,
347 2805 395 2883 qni
420 2804 541 2882 proprio
567 2804 689 2861 arbitrio
710 2805 797 2881 ipsam
822 2802 877 2860 sibi
902 2814 1059 2862 arcessunt.
1111 2805 1170 2863 Sed
1191 2816 1224 2864 ut

97 2880 158 2941 illis
178 2881 335 2939 concedam
361 2879 469 2938 diversa
499 2879 640 2958 loquendi
667 2879 758 2938 lorma
779 2877 898 2935 Paulum
925 2879 1108 2957 asperitatem
1130 2880 1224 2939 lenire

96 2957 207 3038 prioris
226 2956 363 3015 membri:
384 2956 501 3013 minime
522 2967 615 3013 tamen
637 2966 864 3013 consentaneum
885 2966 943 3028 est,
990 2956 1222 3031 raeparationem

96 3032 135 3092 ad
157 3031 305 3091 interitum
326 3031 382 3091 alio
402 3030 559 3090 transferre
572 3051 658 3111 quam
678 3030 712 3089 ad
734 3051 868 3089 arcanum
889 2975 1040 3090 consilium
1053 3030 1122 3090 llei:
1163 3033 1222 3092 uod

97 3109 187 3169 etiam
208 3107 295 3188 paulo
316 3120 383 3166 ante
403 3108 432 3165 in
454 3120 590 3167 contextu
602 3107 747 3181 asseritur,
768 3106 858 3181 Quod
870 3107 950 3165 Deus
969 3053 1223 3169 excitaveritlha-

94 3204 237 3257 raonem,
260 3184 381 3254 deinde,
405 3204 478 3262 quos
497 3183 559 3242 vult
582 3182 707 3242 induret.
760 3183 847 3243 Unde
872 3183 1003 3260 sequitur
1021 3181 1223 3244 absconditum

97 3261 159 3319 Dei
179 3261 330 3318 consilium
346 3259 549 3318 obdurationis
570 3278 630 3317 esse
651 3280 772 3317 causam.
811 3259 877 3318 lloc
896 3259 996 3317 saltem
1007 3258 1129 3319 obtineo
1141 3260 1223 3351 quod

96 3334 189 3395 tradit
212 3336 438 3416 Augustinus
465 3335 516 3413 [de
541 3335 682 3413 praedest.
703 3336 801 3394 Sanct.
822 3334 872 3393 lib.
894 3341 921 3398 1.
942 3354 1005 3413 cap·
1025 3337 1082 3413 2.]‚
1113 3336 1164 3395 ubi
1189 3356 1223 3396 ex

96 3412 175 3491 lupis
194 3411 271 3471 Deus
293 3431 361 3470 oves
383 3410 464 3470 lacit:
486 3412 575 3490 gratia
596 3413 762 3488 potentiore
783 3433 834 3471 eos
853 3411 1024 3486 reformare,
1043 3423 1076 3470 ut
1087 3412 1223 3471 dometur

94 3508 201 3549 eornm
222 3488 353 3547 durities:
374 3488 499 3566 proinde
517 3486 679 3545 obstinatos
699 3488 765 3547 ideo
786 3490 1012 3559 nonconrertit,
1032 3488 1097 3579 quia
1118 3500 1245 3566 poten·.

93 3565 203 3699 tiorpm
224 3564 308 3698 illanp¹
321 3566 441 3643 gratiam
462 3583 521 3621 non
543 3565 646 3622 exserit
665 3564 755 3638 Deus,
774 3583 830 3643 qua
850 3583 911 3622 non
932 3563 1097 3623 destituitur
1115 3563 1140 3622 si
1159 3583 1232 3639 eam,

121 3661 154 3700 ro
169 3660 234 3700 erre
252 3660 286 3699 ve
311 3653 349 3699 et.

95 3663 118 3722 p
173 3723 202 3780 2.
240 3718 321 3775 llaec
335 3715 452 3806 quidem
473 3714 527 3794 piis
548 3725 578 3772 et
588 3714 726 3774 modestis
746 3713 861 3774 abunde
880 3712 1063 3787 sufficerent,
1083 3723 1114 3772 et
1131 3712 1224 3793 quise

94 3792 231 3853 homines
251 3793 484 3851 reminiscuntur.
516 3788 594 3864 Quia
605 3802 702 3850 tamen
713 3811 775 3849 non
788 3810 873 3849 unam
891 3789 951 3849 blas
974 3786 1223 3868 bemiaespecieln

94 3868 236 3930 virulenti
256 3869 302 3927 isti
317 3888 401 3927 canes
414 3877 555 3926 eromunt
575 3879 676 3926 contra
687 3867 795 3941 Deum,
815 3867 848 3926 ad
869 3810 1003 3945 singulas,
1024 3876 1111 3942 prout
1123 3885 1168 3925 res
1179 3864 1224 3924 le·

95 3956 161 4016 ret,
185 3944 435 4022 respondebimus.
486 3942 585 4003 Multis
605 3943 699 4002 modis
720 3964 784 4002 cum
806 3944 871 4001 Deo
893 3939 1010 4021 litigant
1028 3940 1108 3999 stulti
1130 3940 1224 3999 homi·

96 4039 167 4090 nes,
192 4021 271 4098 quasi
293 4040 358 4078 enm
384 4030 504 4077 teneant
524 4019 581 4078 suis
601 4019 850 4077 criminationibus
875 4017 1044 4077 obnoxium.
1093 4017 1224 4076 Primum

97 4114 172 4175 ergo
192 4096 385 4173 interrogant,
405 4115 463 4173 quo
483 4093 547 4152 iure
566 4093 623 4153 suis
644 4094 783 4154 creaturis
802 4095 938 4154 irascatur
948 4092 1104 4167 Dominus,
1122 4111 1140 4149 a
1159 4092 1224 4172 qui·

97 4171 156 4229 bus
175 4171 253 4229 nulla
273 4184 341 4229 ante
361 4170 474 4229 oflensa
493 4181 668 4248 provocatus
688 4169 790 4230 luerit:
811 4192 876 4228 narn
897 4169 983 4228 exitio
996 4168 1224 4246 devoverequns

98 4246 252 4327 placuerit,
271 4245 387 4326 tyranni
406 4245 497 4326 magis
517 4244 649 4323 libidini,
674 4264 758 4324 quam
778 4246 925 4327 legitimae
944 4243 1046 4305 iudicis
1063 4245 1226 4305 sententiae

97 4324 269 4383 convenire.
306 4323 378 4384 Esse
397 4320 488 4405 igitur
507 4343 560 4384 eur
579 4343 644 4383 cum
656 4322 722 4383 Deo
737 4320 924 4461 ⁶¹P⁰⁵¹¹¹lss¹¹i
937 4318 1082 4399 homines,
1099 4319 1124 4383 si
1141 4318 1225 4381 nodo
1294 4348 1298 4357 ·
