2700 4732
375 136 382 161 s
621 132 637 155 .¹
666 136 677 155 -ι
807 134 810 141 ·

132 190 139 213 Ι
781 186 802 225 ¹=

1 315 2 321 Ν
113 224 154 288 so
383 275 389 297 ,
613 218 745 309 mnus

102 364 164 434 'lo
192 330 298 460 Qualis
316 360 408 426 lsomo
427 362 467 426 sit
485 375 617 440 creatus,
636 366 690 429 nbi
709 366 747 428 de
765 366 880 428 animae
900 365 1101 444 facultatibus,
1120 365 1157 427 de
1176 366 1248 428 ima·

190 462 261 536 gine
280 443 354 520 Dei,
380 442 476 504 libero
500 442 642 520 arbitrio,
667 456 699 505 et
717 444 809 526 prima
827 455 951 506 naturae
968 444 1137 528 integritate
1157 443 1249 505 disse-

192 533 275 582 rrtnr.

31 620 41 637 .
115 602 163 664 16.
188 596 284 671 Deum
304 617 355 657 sua
373 597 483 658 virtute
500 595 643 657 mundum
662 617 679 657 a
700 617 733 658 se
751 597 902 660 conditum
921 591 1027 660 lovere
1046 618 1081 660 ac
1099 597 1193 673 tueri,
1216 606 1248 657 et

191 674 320 757 singulas
340 673 402 735 eins
421 684 520 754 partes
538 693 590 733 sua
609 674 793 755 providentia
812 695 927 756 regere.

115 756 163 817 17.
192 750 345 825 Quorsum
366 761 397 810 et
414 751 444 809 in
465 768 553 830 quem
572 770 695 831 scopum
714 751 869 811 reserenda
888 751 926 812 sit
945 752 1016 811 haec
1036 750 1186 826 doctrina,
1215 760 1248 808 nt

192 826 280 888 nobis
300 839 417 887 constet
436 826 497 886 eius
517 824 636 885 utilitas.

116 907 163 969 18.
189 902 288 963 Deum
307 904 347 964 ita
366 903 524 982 impiorum
538 903 696 995 operanti,
716 914 747 964 et
756 904 869 966 animos
888 905 1009 965 flectere
1019 903 1056 965 ad
1067 901 1248 983 exsequenda

192 1000 244 1041 sna
262 980 379 1064 indicia,
399 991 432 1040 ut
450 1001 539 1060 purus
559 1000 622 1060 rpse
642 980 678 1041 ab
699 981 781 1042 omni
800 980 868 1042 labe
888 993 1016 1042 maneat.

354 1302 569 1368 LIBER
618 1300 1013 1371 SECUNDUS.

118 1520 172 1581 ne
196 1517 416 1602 cognitione
435 1516 504 1577 nes
528 1517 788 1600 redemptoris
812 1519 847 1579 sn
874 1494 1048 1592 ctrina,
1072 1537 1164 1599 quse
1188 1518 1249 1578 1³2-

117 1623 236 1684 tribus
255 1620 321 1684 suls
342 1619 441 1704 Lege
461 1621 631 1717 primpm,
651 1619 786 1680 deinde
807 1633 841 1681 et
860 1621 970 1683 nobis
990 1621 1027 1680 in
1047 1618 1249 1702 Evangelio

548 1721 744 1817 patelsctu
763 1733 827 1784 est

562 1917 692 1980 Castra
710 1918 808 1978 XVII.

136 2106 166 2166 t.
190 2097 275 2160 Adae
293 2097 376 2178 lapsu
396 2108 426 2157 et
445 2096 629 2171 delectione,
647 2107 743 2158 totum
763 2097 921 2157 humanum
941 2116 1034 2178 genus
1053 2094 1251 2158 maledictioni

193 2177 285 2237 fnisse
304 2174 463 2266 addictum,
483 2185 513 2234 et
532 2195 548 2233 a
568 2175 663 2253 prima
682 2173 799 2255 origine
819 2173 1029 2255 degenerasse,
1050 2173 1102 2234 nbi
1124 2174 1160 2234 de
1180 2194 1250 2254 pec·

127 2312 164 2398 ‘2
187 2249 496 2419 Iciatirlsiillrgsmilliitrii
520 2325 659 2387 libertate
678 2347 758 2388 nune
777 2344 839 2387 esse
865 2326 1038 2408 spoliatum,
1070 2339 1101 2387 et
1126 2325 1251 2389 miserae

193 2405 326 2468 servituti
344 2403 504 2463 addietum.

135 2491 165 2552 a.
189 2483 384 2560 Escorrnpta
404 2480 530 2541 hominis
549 2491 651 2541 natura
672 2477 745 2541 nilsil
764 2478 994 2551 nisidamnabile
1004 2481 1137 2560 prodire.

37 2584 39 2594 ¹
136 2570 165 2627 4.
192 2558 355 2634 Quomodo
376 2569 517 2637 operetur
535 2556 617 2618 Deus
636 2557 667 2616 iu
687 2557 826 2616 cordilsus
846 2557 1007 2617 hominnm.

32 4412 56 4451 ι
95 4382 107 4417 t

133 2645 163 2705 5.
191 2634 404 2774 {lbieetipnum
423 2633 578 2711 refutatio,
600 2653 674 2714 quae
694 2654 748 2714 pro
769 2634 943 2696 detentione
961 2634 1050 2696 lilseri
1068 2634 1182 2697 arbitrii
1206 2635 1250 2699 af·

155 2747 161 2757 .
208 2712 265 2773 erri
283 2731 316 2771 so
331 2722 389 2773 ent.

134 2797 165 2859 6.
192 2787 314 2850 Homini
355 2786 449 2847 erditn
470 2786 664 2866 quaerendam
685 2786 716 2846 in
738 2786 859 2848 Christo
879 2787 1114 2869 redemptionem
1135 2790 1209 2850 ease.

135 2876 164 2937 ’7.
190 2867 304 2949 Legem
324 2808 412 2929 titisse
438 2862 551 2938 datam,
577 2885 639 2925 non
659 2885 735 2945 quae
761 2864 903 2945 populum
922 2877 1053 2926 veterem
1077 2870 1107 2926 in
1127 2885 1159 2927 se
1178 2865 1250 2926 reti-

191 2953 288 3080 npret
306 2940 358 3002 sed
378 2959 452 3020 qnae
472 2941 688 3021 soveret'spem
707 2941 807 3004 salutis
826 2943 858 3002 in
879 2940 998 3004 Christo
1018 2942 1166 3023 usquead
1186 2942 1249 3015 sius

194 3041 212 3082 a
233 3029 363 3080 rentum.

134 3106 164 3166 8.
189 3096 277 3179 Legis
296 3091 416 3156 moralis
436 3092 601 3173 explicatio.

134 3184 164 3243 9.
190 3172 357 3247 Christum,
402 3170 511 3235 uamvis
535 3170 589 3231 sub
608 3172 691 3253 Lege
715 3171 830 3233 ludaeis
854 3171 990 3255 cognitus
1015 3170 1121 3248 luerit,
1149 3181 1248 3232 tamen

192 3247 356 3329 Evangelio
377 3189 493 3308 demum
515 3247 674 3308 exhibitum
693 3248 791 3309 luisse.

116 3334 165 3398 1⁰.
191 3326 240 3386 De
258 3322 448 3386 similitudine
466 3324 573 3385 veteris
592 3336 623 3384 et
641 3326 711 3387 novi
731 3323 921 3386 Testamenti.

116 3413 165 3473 11·
190 3403 239 3463 Ila
258 3398 428 3464 dillerentia
445 3401 532 3461 unius
552 3401 735 3462 Testamenti
755 3402 792 3461 ab
812 3400 915 3461 altero.
952 3454 956 3459 .

117 3489 167 3550 12.
194 3479 362 3615 {hliuma
392 3487 426 3537 nt
444 3477 616 3538 Mediatoris
637 3478 768 3539 officium
786 3487 967 3557 praestaret,
998 3477 1165 3557 oportuisse
1187 3477 1253 3537 lieri

216 3574 356 3617 ominem.
884 3595 886 3600 -
1272 3572 1277 3583 ¹

116 3639 164 3702 1³.
190 3631 338 3694 Christum
356 3649 455 3690 reram
475 3629 620 3691 humanae
639 3630 734 3693 earnis
752 3629 941 3691 substantiam
961 3629 1098 3694 induisse.

116 3719 166 3779 14.
189 3706 354 3784 Quomodo
374 3707 448 3767 duae
467 3718 590 3768 naturae
608 3707 780 3768 Mediatoris
800 3706 931 3768 eitieiant
949 3727 1117 3788 personam.

120 3793 169 3853 15.
194 3784 240 3846 Ut
263 3785 385 3846 sciamus
405 3803 545 3875 quorsum
569 3783 670 3845 missus
696 3783 786 3844 luerit
804 3782 938 3845 Christus
961 3784 1104 3861 aPatre,
1126 3795 1158 3845 et
1181 3783 1253 3867 quid

197 3860 285 3922 nobis
304 3860 454 3932 attulerit,
477 3862 532 3921 tria
551 3860 735 3941 potissimum
754 3859 911 3940 spectanda
935 3861 966 3925 iu
986 3881 1023 3922 eo
1043 3880 1121 3939 esse,
1146 3878 1253 3924 munus

192 3937 413 4019 Propheticum,
431 3936 580 4018 Regnum,
599 3947 630 3997 et
648 3936 864 3999 Sacerdotium.

115 4020 162 4082 16-
184 4013 347 4090 Quomodo
362 4013 572 4095 Redemptoris
589 4025 687 4093 partes
705 4011 871 4093 impleverit
884 4011 1028 4088 Christus,
1047 4024 1082 4074 ut
1099 4012 1188 4074 nobis
1206 4032 1253 4074 sa·

70 4156 73 4167 ,
191 4090 478 4171 tuum-acquireres,
496 4089 548 4150 ulsi
567 4090 605 4151 de
618 4102 719 4151 morte
731 4101 761 4150 et
775 4091 992 4152 resurrectione
1011 4090 1073 4152 eius
1091 4090 1200 4174 agitur,
1221 4100 1253 4153 et

193 4168 225 4228 in
245 4166 361 4229 eoelum
381 4186 513 4228 ascensu.

116 4249 164 4313 17.
188 4243 333 4382 lgeeptgtet
364 4244 471 4383 ¹ptsseppie
491 4242 550 4307 diei
559 4240 709 4364 Christum
728 4242 815 4309 uulsis
834 4244 1029 4326 promeritum
1044 4263 1109 4307 esse
1127 4243 1253 4326 gratiam
