2596 4726
136 208 195 269 dlii)
538 202 616 265 LIB.
634 200 690 261 IV.
729 200 817 264 cut.
837 200 864 259 1.

142 343 278 417 delicere,
298 344 348 405 ubi
368 364 430 404 non
443 344 573 405 omnium
593 364 690 406 morea
709 342 755 407 rel
774 354 877 405 nostm
897 340 1006 403 iudicio
1025 340 1075 403 rel
1086 340 1266 405 Christianae

143 421 230 480 etiam
250 422 424 498 professioni
444 422 632 482 satisfaciunt

217 502 264 559 19.
303 498 363 556 lam
383 497 492 557 Christi
511 510 541 557 et
553 496 764 577 Apostolorum
780 494 928 555 saeculum
948 494 1033 573 quale
1052 493 1130 553 fuit?
1166 493 1266 573 Neque

142 582 239 630 tamen
259 572 400 663 impedire
414 574 508 653 potuit
521 573 670 653 desperata
690 572 739 633 illa
749 571 968 633 Pharisaeorum
987 571 1136 649 impietas,
1154 580 1264 649 ecquae

142 658 213 706 tunc
233 668 334 727 passum
354 652 496 731 regnabat
515 649 653 709 dissoluta
671 648 785 708 vivendi
804 648 936 721 licentia,
966 647 1037 725 quin
1058 646 1164 705 iisdem
1183 644 1263 705 sarm

142 743 209 783 cum
218 725 332 813 populo
345 736 507 797 uterentur,
527 736 557 783 rt
575 725 604 783 in
626 746 713 783 unum
727 745 792 784 cum
805 723 924 802 reliquis
943 722 1085 815 templum
1097 722 1135 781 ad
1155 720 1264 801 publica

140 798 292 879 religroms
311 802 443 861 exercitia
464 802 665 861 convenirent.
712 800 801 859 Unde
820 800 866 873 id,
892 800 945 858 nisi
964 818 1031 878 qura
1056 798 1195 859 sciebant
1209 816 1264 855 ma

141 872 238 933 lorum
257 877 395 937 societate
413 877 532 938 minime
550 876 655 955 pollui,
675 878 725 954 qui
751 897 821 955 pura
848 876 1028 936 conscientia
1052 872 1160 935 iisdem
1183 872 1261 933 ratri

143 952 409 1011 communicarent?
459 952 491 1011 si
510 973 597 1030 quern
618 974 719 1032 parum
738 963 858 1011 movent
875 951 1042 1029 Prophetae
1069 960 1100 1009 et
1118 948 1260 1029 Apostoli,

141 1024 193 1085 ille
217 1026 318 1087 saltem
344 1028 452 1089 Christi
481 1028 649 1087 auctoritati
678 1027 850 1107 acquiescat
897 1026 979 1085 Bene
1003 1046 1078 1109 ergo
1103 1026 1261 1107 Cyprianus

141 1100 205 1177 [lib.
222 1108 251 1167 3.
271 1106 353 1182 epist.
372 1104 431 1183 5.]:
462 1104 545 1180 „Etsi
564 1105 700 1164 ridentur
718 1104 842 1193 (inquit)
866 1102 896 1161 iu
923 1102 1043 1163 ecclesia
1063 1104 1196 1178 zizania,
1218 1110 1260 1159 art

141 1197 231 1253 „rasa
250 1177 377 1257 impura,
399 1202 458 1239 non
480 1191 637 1239 esttamen
658 1180 784 1259 curipsr
804 1178 980 1239 deecclesia
1001 1178 1188 1239 recedamus:
1210 1196 1259 1235 no·

140 1254 207 1329 „bis
225 1257 315 1314 modo
336 1256 537 1329 laborandum,
557 1270 589 1315 ut
609 1256 784 1315 frumentum
806 1276 867 1315 esse
887 1256 1043 1333 possimus:
1066 1254 1156 1315 nobis
1175 1252 1260 1315 danda

135 1349 251 1417 „opera
271 1344 300 1390 et
320 1345 457 1410 quantum
478 1334 547 1393 licet
566 1333 761 1403 innitendum,
780 1344 813 1391 ut
831 1353 881 1392 ras
900 1350 1018 1389 aureum
1030 1329 1076 1390 rel
1096 1342 1259 1413 argentean

140 1406 257 1481 „simus
288 1408 452 1472 ,Caeterum
473 1409 571 1469 fictilia
590 1430 654 1469 vasa
674 1406 874 1489 confringere,
893 1406 982 1466 solius
1000 1406 1127 1466 Domini
1148 1418 1202 1482 ert,
1218 1404 1258 1465 eui

140 1493 193 1559 „et
211 1484 290 1579 virga
312 1484 405 1545 ferrea
426 1487 491 1546 «lata
511 1498 569 1545 est:
600 1506 655 1545 nec
675 1476 824 1563 quistinam
844 1484 915 1557 sibi,
947 1482 1026 1561 quod
1050 1483 1259 1561 propriumest

139 1558 220 1635 „soli
238 1560 332 1637 lilio,
358 1563 500 1635 vindicet,
530 1575 564 1621 ut
582 1561 617 1621 ad
638 1582 732 1620 aream
753 1560 946 1619 ventilandam
966 1570 996 1617 et
1016 1557 1198 1639 purgandam
1208 1576 1258 1693 pa·

139 1636 237 1711 „leam
255 1638 387 1711 sufficiat,
406 1639 574 1716 zizaniaque
588 1637 685 1698 omnia
706 1636 831 1696 humano
852 1635 960 1695 iudicio
979 1634 1173 1717 segreganda.
1229 1654 1258 1691 n-

139 1713 252 1791 „pcrba
273 1726 316 1774 est
335 1716 388 1775 ista
408 1715 582 1791 obstinatio,
603 1726 633 1773 et
650 1712 790 1791 sacrilega
811 1710 1017 1792 praesumptio,
1036 1732 1126 1789 quam
1145 1710 1201 1772 sibi
1217 1710 1257 1769 fu·

138 1808 211 1863 „ror
231 1810 334 1868 pravus
353 1792 493 1851 assumit“
512 1803 567 1851 etc.
605 1790 707 1849 Fixum
719 1790 809 1869 igitur
823 1800 979 1865 utrumque
997 1787 1121 1845 istorum
1141 1796 1257 1859 marest,

139 1863 213 1923 nibil
232 1868 423 1927 excusationis
443 1888 509 1928 enm
530 1865 653 1941 habere,
673 1868 722 1945 qui
743 1877 889 1925 externam
915 1861 1055 1923 ecclesiae
1081 1862 1257 1923 commuuio·

138 1960 207 1999 nem
230 1956 337 2020 sponte
362 1944 485 2019 deserit,
514 1943 565 2003 ubi
585 1943 642 2002 Dei
665 1941 786 2002 verbum
811 1940 1009 2020 praedicatur,
1039 1949 1071 1998 et
1088 1948 1256 2001 sacramenta

138 2016 392 2079 administrantur:
422 2020 528 2078 deinde
552 2019 625 2078 nibil
650 2018 767 2078 obstare
786 2018 832 2075 rel
856 2036 1014 2096 paucorum
1033 2014 1081 2076 rel
1105 2016 1255 2077 nunon-
1287 2074 1294 2085 ,

137 2093 217 2166 vitia,
236 2095 391 2173 quominus
411 2096 469 2155 illic
488 2097 545 2154 rite
565 2095 738 2155 ceremoniis
758 2095 850 2153 aDeo
870 2091 1009 2152 institutis
1028 2092 1118 2151 fidem
1138 2102 1254 2153 nostram
1291 2126 1294 2143 ·

135 2170 340 2247 profiteamurs
370 2171 437 2250 quia
458 2192 513 2230 nec
533 2170 649 2231 alterius
668 2171 727 2231 sive
751 2170 890 2251 pastoris,
920 2168 980 2228 sire
1005 2166 1112 2247 privati
1140 2166 1254 2249 indigni·

136 2253 199 2303 tate
223 2244 348 2305 laeditur
378 2247 425 2325 pia
456 2248 650 2323 couscientia,
684 2267 739 2307 nec
763 2248 857 2305 minus
883 2265 956 2323 pura
980 2256 1054 2305 suot
1071 2264 1105 2303 ac
1131 2242 1253 2305 alutaris

137 2322 274 2399 mysterio
292 2320 404 2381 bomini
423 2334 525 2383 sancto
545 2335 576 2383 et
594 2336 688 2398 recto,
707 2324 774 2403 quia
789 2320 873 2382 simul
884 2320 921 2379 ab
932 2320 1052 2399 impuris
1063 2330 1251 2381 attrectentur.

212 2400 260 2459 20.
299 2396 384 2456 Ultra
404 2399 489 2457 etiam
512 2400 698 2479 progreditur
717 2420 817 2459 eorum
838 2396 992 2458 morositas
1012 2407 1042 2455 et
1063 2397 1168 2459 fastus:
1195 2392 1251 2487 qui!

138 2469 288 2529 ecclesiam
309 2492 369 2531 non
382 2488 555 2553 agnoscunt,
575 2475 630 2533 nisi
642 2475 766 2534 minimis
779 2474 940 2553 quibusque
956 2473 1052 2532 naevis
1072 2494 1184 2551 puram,
1200 2488 1250 2529 rmo

138 2544 240 2624 probis
261 2547 430 2607 doctoribus
450 2562 634 2609 srrcceuseut:
656 2552 722 2627 quia
743 2551 841 2609 fideles
861 2551 896 2608 ad
916 2548 1083 2627 profectum
1105 2544 1247 2613 hortando.

137 2634 200 2681 tota
220 2623 277 2683 rita
297 2624 350 2683 sub
371 2625 507 2684 vitiorum
529 2646 619 2684 (serere
639 2646 758 2705 gemere
784 2626 923 2698 doceant,
953 2636 981 2683 et
1001 2624 1036 2682 ad
1056 2624 1170 2684 veniam
1189 2642 1247 2681 cou-

137 2698 250 2777 fugere.
301 2702 367 2759 Hoc
392 2703 468 2760 enim
493 2702 582 2760 modo
609 2704 716 2761 iactant
740 2722 756 2760 a
787 2702 967 2779 perfectione
993 2700 1107 2759 abduci.
1157 2701 1247 2759 Fateor

137 2775 256 2853 quidem
277 2776 306 2835 in
333 2780 461 2859 urgenda
489 2780 669 2857 perfectione
689 2798 749 2836 non
771 2778 850 2835 lente
870 2778 914 2835 rel
936 2777 1039 2858 frigide
1059 2776 1246 2843 laborandum,

137 2871 171 2909 ac
192 2852 398 2913 multominus·
420 2856 587 2914 cessandum
608 2876 683 2913 esse:
715 2854 764 2913 sed
790 2854 851 2912 cius
878 2854 998 2924 fiducia,
1030 2852 1099 2909 dum
1119 2848 1245 2910 adlsutin

137 2947 223 2987 cursu
242 2950 355 3003 sumus,
386 2932 516 2989 imbuere
536 2933 661 3003 animos,
686 2930 861 2989 diabolicum
882 2950 943 2987 csse
969 2939 1167 2987 commentum
1183 2924 1245 2983 dico.

136 3002 242 3082 Itaque
262 3005 291 3062 in
311 3005 445 3085 symbolo
459 3005 597 3064 ccclesiae
616 3018 802 3083 peccatorum
822 3006 951 3064 remissio
965 3004 1097 3083 apposite
1115 2996 1245 3063 subnecti·

137 3090 200 3136 tur:
228 3080 301 3138 lianc
327 3080 402 3137 enim
430 3103 488 3137 nou
510 3093 729 3159 consequuntur
754 3081 807 3138 nisi
832 3082 887 3139 soli
913 3081 988 3139 iltius
1008 3080 1085 3137 eires
1104 3100 1138 3139 ac
1157 3078 1245 3137 done·

135 3155 211 3225 stici‚
231 3157 475 3232 quemadmodum
494 3156 521 3212 le
545 3158 601 3213 itur
620 3157 695 3235 apud
718 3155 895 3233 Propltetam
915 3158 1046 3231 (leodi,
1060 3157 1134 3232 24.)
1171 3153 1245 3211 l'rae·

137 3228 242 3287 cedere
266 3249 337 3309 ergo
365 3231 454 3290 debet
477 3250 510 3289 ae
533 3231 639 3289 ilieatie
664 3231 797 3291 coelestis
817 3233 990 3306 ierusalem,
1019 3233 1049 3290 in
1075 3252 1133 3310 qua
1157 3224 1246 3289 deinde

135 3302 317 3383 induigentia
338 3304 408 3365 hacc
429 3307 485 3365 Dei
504 3306 600 3365 locum
621 3306 740 3381 lrabeat,
767 3320 798 3365 ut
817 3310 983 3387 quicunque
1003 3308 1038 3365 ad
1060 3328 1122 3367 earn
1142 3320 1248 3366 conces·

136 3380 245 3450 serint,
274 3398 375 3438 eorum
402 3381 534 3440 deleatur
560 3382 703 3461 iniquitas.
753 3384 829 3441 Dico
850 3395 945 3443 autem
967 3382 1112 3442 aedificari
1159 3382 1247 3439 rimun

137 3466 296 3532 oportere,
323 3476 383 3513 nou
404 3458 483 3534 quod
505 3456 624 3517 ecclesia
644 3459 707 3517 sine
728 3472 914 3537 pcccatorum
935 3460 1105 3518 remissione
1124 3404 1179 3517 ulla
1196 3470 1248 3513 esre

136 3542 239 3610 queat:
259 3530 309 3590 sed
330 3532 397 3608 quio
415 3533 641 3593 misericordiam
661 3556 738 3593 suam
758 3535 903 3594 Dominus
924 3557 983 3593 nou
1005 3534 1140 3625 promisit
1159 3530 1209 3592 nisi
1223 3528 1248 3590 iu

135 3618 302 3667 sauctorum
324 3610 539 3666 communione,
593 3611 645 3669 Est
666 3630 738 3690 ergo
762 3612 871 3690 primus
894 3611 981 3670 uobis
1006 3633 1036 3669 ru
1057 3610 1205 3670 ecclesiam
1221 3622 1251 3663 ac

135 3704 168 3742 re
192 3704 260 3742 num
284 3682 342 3740 Dei
365 3684 527 3763 ingressus,
558 3697 742 3764 peccatorum
769 3688 913 3745 remissio:
948 3688 1010 3745 sine
1037 3708 1094 3765 qua
1119 3682 1192 3745 nihil
1214 3690 1251 3741 est

135 3702 222 3819 nolis
243 3780 308 3819 cum
320 3759 386 3817 Deo
407 3760 532 3819 foederis
553 3773 602 3821 aut
612 3762 835 3820 coniunctionis.
864 3763 912 3820 Sic
924 3764 1001 3820 euim
1023 3763 1145 3842 perl'ro
1168 3760 1251 3818 hetam

135 3833 267 3913 loquitur
279 3836 365 3925 (llos.
375 3840 457 3907 217.
467 3846 497 3893 et
508 3838 584 3913 18.):
604 3838 659 3910 „In
680 3836 728 3895 illa
740 3838 787 3894 die
806 3839 966 3970 percutiam
978 3840 1062 3898 vobis
1083 3838 1132 3896 foe
1154 3852 1252 3895 uacum

135 3910 250 3985 „bestia
271 3932 344 3989 agri,
362 3932 426 3969 cum
448 3910 566 3971 volucre
586 3912 661 3971 coeli
681 3924 710 3971 et
728 3914 824 3990 reptii
847 3926 950 3971 terrae.
989 3916 1113 3987 flrenm,
1133 3910 1253 3993 gladium

136 3998 189 4061 „et
208 3986 316 4045 bellum
337 3999 485 4045 conteram
507 3989 543 4045 dc
563 4000 656 4059 terra,
677 4000 706 4045 et
727 3987 854 4047 dormire
875 3990 976 4048 faciam
998 3990 1131 4049 homines
1152 3987 1201 4046 abs
1221 4001 1254 4043 ue

136 4072 282 4138 „terrore
332 4062 525 4140 Desponsabo
550 4083 601 4122 vos
627 4063 696 4120 milri
728 4063 757 4121 in
789 4066 1006 4143 sempiternum.
1055 4006 1255 4155 Desponaalo,

133 4136 287 4216 „iuquam
305 4138 336 4195 in
356 4138 474 4211 iustitia,
493 4137 523 4196 in
543 4138 662 4211 iudicio,
681 4139 710 4196 iu
731 4139 928 4200 misericordia
948 4154 979 4201 et
997 4138 1255 4200 miserationibus*

133 4212 273 4274 Videmus
289 4212 414 4292 qualiter
433 4232 485 4291 per
504 4232 583 4273 suam
602 4214 828 4275 misericordiam
849 4237 904 4275 nos
923 4218 978 4277 sibi
990 4212 1136 4276 Dominus
1155 4232 1255 4275 recon-

132 4287 222 4350 ciliet,
259 4290 312 4353 Sic
330 4286 466 4366 cratini,
496 4286 565 4351 dum
583 4290 725 4372 praedicit
745 4290 977 4375 recolligendum
997 4292 1157 4375 populum,
1175 4306 1255 4374 quen
