2700 4732
517 86 524 121 l

91 168 218 267 'm'
419 278 422 285 ,
523 196 850 285 mnwn
959 204 963 213 ¹

122 362 250 423 uuquam
269 342 375 417 anima,
394 342 520 404 naturali
539 364 625 405 sensu
645 344 730 420 l'reta,
748 344 930 406 subodorata
949 354 993 405 eat
1010 342 1041 403 in
1060 342 1106 413 his
1124 352 1159 406 et
1176 344 1227 407 riu

122 417 199 483 libus
218 420 345 501 positum
365 440 427 480 esse
446 419 607 502 legitimum
627 420 684 482 Dei
703 421 832 483 cultum?
855 422 930 481 Nam
950 441 1042 500 quarm
1059 420 1167 482 vehant
1184 442 1227 503 pn

121 496 184 556 lani
209 498 343 557 homiues
362 497 460 556 Deum
485 496 599 569 colere,
625 497 735 557 etiamsi
761 499 871 559 centies
898 510 1074 557 revocentur
1094 496 1131 557 ah
1157 498 1227 558 inan'

122 572 177 633 hus
201 575 258 635 suis
283 574 382 655 nugis,
406 594 522 652 semper
546 586 645 632 tamen
670 573 739 633 illuc
764 573 945 635 relabuntur.
991 574 1109 655 Negant
1134 572 1227 653 quide

121 648 238 731 placere
257 650 325 710 Deo
346 650 502 722 sacrificia,
524 649 579 709 nisi
598 651 716 709 accedat
736 650 842 709 mentis
866 648 1032 710 sinceritas:
1057 670 1119 729 quo
1138 662 1227 709 testas

120 740 170 788 tur
188 727 297 806 aliquid
315 746 347 787 se
368 727 524 803 concipere
544 725 580 785 de
599 725 742 805 spirituali
762 726 819 785 Dei
839 727 929 797 cultu,
949 745 1036 803 quem
1054 736 1154 785 tamem
1175 724 1227 787 l'alr

120 806 294 863 commentis
312 803 409 862 statim
434 814 617 880 pervertunt
660 804 734 863 Nam
776 802 892 882 uicquid
916 802 953 861 de
974 821 1010 860 eo
1030 802 1091 860 Lex
1110 820 1227 882 praem

120 880 176 954 hit,
195 898 294 940 verum
315 898 378 938 esse
397 899 545 957 nunquam
565 877 620 937 illis
644 824 813 958 persuaderi
834 880 951 959 poterit.
1002 878 1148 938 Dicamne
1167 896 1227 958 prat

119 968 196 1015 stare
216 955 274 1015 ulla
290 952 470 1033 perspicacia
490 966 633 1029 mentem,
653 975 727 1032 quae
747 975 803 1014 nec
823 976 876 1034 per
894 974 926 1015 se
944 974 1058 1034 sapere,
1077 973 1134 1013 nec
1152 954 1227 1015 mori

118 1032 249 1091 tionibus
269 1031 429 1090 auscultare
441 1030 533 1090 valet?
563 1031 598 1089 ln
618 1030 762 1090 secirndae
782 1029 899 1090 tabulae
918 1030 1080 1110 praeceptis
1099 1028 1227 1111 aliquant

118 1108 185 1187 plus
204 1107 294 1167 hahet
313 1105 543 1186 intelligentiae,
574 1126 634 1184 quo
654 1106 766 1167 scilicet
784 1108 820 1167 ad
841 1107 930 1167 civilis
950 1105 1182 1168 interhominea
1200 1124 1227 1167 at

118 1183 232 1244 cietatis
251 1185 504 1243 conservationem
526 1183 645 1261 propius
666 1183 818 1244 accedunt.
863 1183 1038 1260 Quanquam
1058 1193 1090 1241 et
1108 1182 1158 1243 hic
1174 1180 1227 1241 clcll

118 1261 217 1339 quium
244 1259 389 1319 interdum
416 1261 474 1339 pati
501 1258 744 1338 deprehenditur:
771 1259 1011 1319 excellentissimo
1038 1259 1116 1317 enim
1143 1258 1227 1337 cuiqa

117 1337 238 1417 ingenio
258 1334 491 1395 absurdissimum
513 1347 574 1409 est,
598 1335 726 1413 iniquam
745 1356 779 1395 ac
803 1335 887 1395 nimis
907 1334 1094 1414 imperiosam
1113 1332 1227 1395 domina

116 1413 230 1472 tionem
249 1412 337 1486 serre,
356 1412 380 1471 si
399 1433 454 1492 qna
475 1411 565 1470 modo
586 1412 700 1470 ratione
719 1412 869 1491 depellere
888 1422 984 1491 queat.
1023 1411 1086 1469 Nec
1104 1409 1185 1470 alind
1203 1428 1227 1471 ta

115 1489 256 1548 iudicium
280 1486 422 1547 humanae
447 1488 583 1561 rationis,
615 1507 700 1565 quam
729 1488 841 1547 seruilis
866 1506 927 1547 esse
958 1485 1125 1565 abiectiqoe
1149 1484 1227 1547 auin

137 1566 262 1625 atieuter
274 1585 335 1624 eam
358 1564 452 1624 ferre:
470 1585 585 1622 rursum
605 1562 721 1623 honesti
742 1564 921 1645 ingenuique
940 1564 1082 1643 pectoris,
1101 1573 1227 1623 escum

145 1662 179 1701 ec
206 1661 277 1701 vero
309 1640 478 1701 iniuriarum
511 1640 585 1700 ultio
616 1661 671 1718 pro
696 1641 767 1699 vitio
793 1641 908 1699 ducitur
938 1638 1015 1730 apud
1046 1638 1227 1719 philosopher

114 1718 207 1797 Atqui
227 1719 371 1777 Dominus
392 1717 480 1775 nimia
500 1716 553 1776 ista
573 1717 754 1797 ingenuitate
774 1718 924 1788 damnata,
950 1716 1029 1775 illam
1050 1716 1127 1795 apud
1147 1714 1227 1777 hou*

115 1815 168 1854 nes
187 1795 324 1853 irrlamem
364 1794 512 1854 atientiam
531 1796 589 1853 suis
613 1792 793 1871 praescrihit„
845 1792 976 1851 Omnino
1000 1803 1099 1851 autem
1124 1792 1157 1851 in
1178 1790 1227 1853 nul

113 1891 198 1931 versa
217 1872 305 1952 Legis
322 1814 528 1930 ohservatiune
548 1868 779 1949 perspicientiam
801 1880 929 1928 nostram
950 1868 1227 1960 lugitcontnpiam

113 1949 173 2008 tiae
191 1947 413 2013 aminadversio.
439 1946 519 2005 ”Non
541 1946 619 2005 enim
639 1945 741 2005 adduci
760 1967 792 2005 se
810 1945 933 2005 sustinet
952 1943 1082 2005 animalis
1093 1945 1196 2020 homo,
1212 1960 1227 2005 1

113 2024 302 2103 cupiditatum
322 2045 437 2083 suarum
457 2022 579 2082 morbus
600 2034 802 2101 recognoscat.
841 2022 920 2080 hnte
937 2021 1102 2080 suffocatur
1122 2024 1227 2081 natan

113 2100 322 2178 lumen,quam
333 2100 369 2158 ad
389 2100 514 2189 primum
534 2098 617 2156 huius
637 2097 731 2177 abyssi
751 2100 911 2179 ingressum
923 2097 1048 2157 accedat
1086 2096 1163 2155 Nam
1174 2096 1227 2165 dua

113 2175 282 2256 philosophi
303 2198 357 2255 pro
373 2176 450 2233 vitiis
471 2187 575 2234 notant
594 2175 802 2233 immoderatos
816 2174 904 2235 ammi
924 2186 1031 2246 motus,
1051 2172 1118 2233 illos
1130 2184 1227 2233 enta!

113 2266 157 2313 tes
178 2264 208 2311 et
226 2273 256 2311 se
267 2250 454 2312 crassioribus
474 2252 563 2331 signis
583 2261 746 2309 exserentes
765 2250 947 2331 intelligunt:
967 2269 1043 2329 quae
1060 2262 1161 2311 autem
1179 2248 1227 2331 ptr

112 2329 177 2388 cide
198 2329 319 2388 titillant
336 2328 464 2389 animum
484 2347 572 2407 prava
591 2324 749 2403 desideria,
768 2326 851 2386 nihili
871 2338 1019 2407 reputant.
1039 2325 1112 2404 (rid.
1131 2328 1227 2431 capi

112 2414 183 2466 acet.
203 2412 250 2469 49.

187 2487 235 2545 ⁶25.
254 2406 377 2554 )Quare
396 2490 533 2559 utsupra
553 2478 658 2539 merito
678 2477 870 2559 reprehensus
882 2492 925 2540 est
937 2479 1033 2551 Plato,
1051 2476 1133 2559 qnod
1143 2476 1227 2540 onai

111 2568 231 2637 peccata
252 2557 261 2616 i
285 2557 435 2615 nocentiae
455 2557 615 2636 iinputarit,
634 2556 673 2615 ita
694 2569 845 2615 eteorum
865 2569 908 2616 est
928 2556 1106 2636 repudianda
1128 2554 1227 2635 opinio

132 2633 162 2691 ui
182 2578 342 2693 consslltarn
362 2632 500 2692 malitiam
520 2643 549 2691 et
568 2633 738 2712 pravitatem
759 2634 788 2690 in
810 2634 945 2693 omnihus
986 2631 1092 2693 eccatis
1110 2630 1227 2693 intem

111 2656 181 2769 dere
200 2710 329 2770 tradunt.
366 2709 495 2769 Nimium
515 2712 593 2768 enini
614 2711 786 2788 experimur,
799 2711 914 2788 quotics
933 2654 1144 2769 lallamurcuna
1163 2706 1227 2769 hott!

111 2798 212 2845 nostra
235 2787 410 2847 intentione.
462 2786 524 2846 Tot
552 2785 688 2845 obruitur
718 2786 975 2846 hallucinationem
1004 2785 1109 2844 luroris
1140 2790 1227 2845 nualn'

111 2862 197 2936 ratio,
215 2875 263 2923 tot
282 2864 431 2921 erroribus
451 2874 494 2922 est
514 2862 656 2936 obnoxia,
676 2863 705 2920 in
725 2874 771 2923 tot
790 2862 997 2941 impedimenta
1018 2861 1173 2951 impingit,
1192 2870 1227 2921 tat

110 2940 250 3020 angustiis
279 2939 425 3012 irretitur,
456 2951 488 2998 ut
513 2938 667 3016 plurimum
694 2953 807 2998 acerta
828 2940 990 2999 directione
1009 2938 1093 2996 absit
1140 2936 1227 3013 Quat!

108 3036 180 3074 vero
206 3014 290 3075 nihili
312 3016 349 3075 sit
374 3036 471 3075 coram
497 3013 628 3074 Domino
656 3015 685 3072 in
711 3018 822 3075 cunctis
850 3018 926 3073 vitae
958 3014 1103 3095 partibus,
1131 3010 1227 3073 ΡιιιΙιΙ

65 3101 73 3113 “
110 3092 240 3151 ostendit
258 3090 314 3168 (ll.
328 3094 398 3153 Cor.
417 3098 446 3165 3,
465 3092 519 3167 5.),
540 3092 606 3149 duim
627 3103 716 3171 negat
736 3114 789 3151 cros
808 3092 932 3151 idoneos
952 3091 1001 3170 qui
1021 3094 1184 3173 cogitemus

109 3168 196 3228 nobis
208 3168 367 3247 quippiam,
387 3180 524 3247 tanquam
545 3188 578 3225 ex
599 3168 693 3227 nohis.
732 3170 799 3229 Non
821 3167 1017 3227 devoluntate
1036 3165 1170 3246 loquitur
1188 3176 1227 3225 aaa

109 3244 234 3303 aflectu:
255 3246 307 3302 sed
328 3246 385 3304 hoc
404 3263 522 3323 quoqne
543 3244 643 3302 adiurit
662 3245 757 3315 nohis,
778 3264 815 3303 ne
834 3257 968 3324 putemus
988 3245 1018 3302 in
1038 3254 1167 3302 mentem
1184 3260 1227 3309 ,νο

108 3320 173 3379 nire
192 3319 278 3379 nobis
299 3340 394 3400 posse,
413 3322 562 3399 quomodo
583 3320 640 3379 rite
661 3323 807 3410 quippiam
828 3321 980 3402 agendum,
996 3321 1042 3379 sit.
1081 3321 1166 3379 Itane
1186 3316 1227 3379 dtr

107 3408 226 3475 prasata
247 3410 290 3456 est
310 3399 404 3457 omnis
430 3397 589 3471 industria,
614 3398 833 3487 perspicientia,
858 3396 1067 3477 intelligentia,
1093 3417 1178 3468 cura,
1203 3406 1227 3465 td

38 3504 41 3509 ·
106 3484 221 3539 rectum
240 3473 311 3532 nihil
333 3494 429 3532 coram
444 3473 575 3533 Domino
596 3488 759 3554 excogitare
779 3486 829 3532 aut
849 3474 980 3532 meditari
996 3473 1104 3551 queat?
1142 3470 1227 3533 Nohl

108 3548 256 3622 nimirum,
278 3551 327 3629 qui
353 3552 473 3610 rationis
493 3551 657 3628 acumine(
682 3573 746 3608 nam
766 3550 1004 3628 pretiosissimam
1025 3549 1126 3608 dotem
1146 3568 1227 3641 repa·

105 3626 213 3704 tamus)
242 3646 330 3707 aegre
350 3628 475 3705 patimur
498 3626 632 3705 spoliari,
661 3573 766 3687 durum
792 3627 821 3687 id
846 3626 929 3684 nimis
948 3626 1079 3684 videturs
1111 3624 1227 3705 Spintn'

105 3713 202 3763 autem
222 3715 324 3762 sancto
344 3703 556 3781 aequissimum,
577 3706 625 3781 qui
646 3705 729 3763 novit
747 3723 848 3762 omnes
858 3700 1055 3781 cogitationes
1071 3702 1227 3781 sapienta}

104 3800 190 3838 vanas
211 3797 272 3837 esse
292 3780 416 3856 (eser,
436 3782 514 3856 11.):
536 3791 565 3838 et
585 3781 634 3858 qui
656 3780 732 3839 clare
751 3781 933 3859 pronuntiat,
953 3798 1042 3836 omne
1061 3777 1227 3860 figmenta!

104 3854 224 3914 hermani
243 3856 339 3914 cordis
358 3855 561 3916 tantummodo
581 3857 688 3915 malum
708 3855 801 3929 (Gen.
813 3863 844 3927 6,
856 3861 883 3919 3.
901 3868 931 3914 ct
946 3858 976 3927 8,
988 3858 1060 3931 th).
1100 3854 1135 3913 Si
1151 3853 1227 3935 quio·

104 3931 173 4010 quid
192 3930 343 4012 ingenium
363 3944 494 3991 nostrum
516 3934 655 4013 concipit,
675 3934 783 4014 agitat,
802 3933 944 4005 instituit,
963 3929 1099 4002 molitur,
1118 3946 1227 4011 semp!

47 4026 50 4031 '
104 4008 209 4067 rrialurn
230 4020 288 4082 est,
335 4008 363 4067 ui
389 4009 418 4066 in
439 4021 567 4067 mentem
588 4007 674 4069 nohis
693 4008 793 4068 veniat
811 4009 962 4068 instituere
1004 4006 1062 4066 uod
1082 4006 1151 4068 Deo
1171 4008 1227 4087 pla*

104 4096 183 4153 ceat,
214 4085 262 4144 cni
290 4030 353 4144 sdla
384 4086 519 4144 sanctitas
550 4097 579 4144 et
605 4086 715 4144 iustitia
739 4097 858 4165 accepta
883 4084 945 4144 est?
982 4029 1027 4143 lta
1052 4082 1154 4143 uidere
1178 4092 1227 4155 est,

103 4159 207 4219 meinis
233 4172 350 4222 nostrae
375 4160 535 4231 rationem,
566 4182 687 4297 quospso
711 4182 742 4221 se
761 4174 871 4235 vertat,
900 4180 963 4219 esse
982 4158 1104 4219 vanitati
1128 4160 1227 4219 misen

630 4264 637 4297 Ι

103 4235 266 4295 obnoxiam.
291 4238 384 4299 Huius
396 4237 600 4299 imbecillitatis
615 4260 628 4297 s
661 4238 669 4296 i
680 4238 815 4297 conscius
827 4249 890 4296 erat
899 4236 993 4296 David
1005 4234 1069 4310 (Ps-
1080 4242 1148 4309 119,
1157 4234 1227 4309 34).

103 4334 193 4372 ouum
225 4313 346 4391 petebat
375 4314 432 4376 sibi
462 4314 525 4376 dari
554 4314 735 4375 intellectum
766 4314 802 4376 ad
834 4314 968 4374 mandata
995 4311 1122 4372 Domini
1149 4320 1227 4371 roeta
