2700 4732
88 216 150 283 882
468 210 544 273 nm.
564 208 622 273 m.
661 208 751 276 cte.
771 212 811 273 11.

88 358 297 433 obscurarum,
319 356 514 440 praesentiam
533 354 713 436 absentium,
731 357 1011 423 demonstrationem
1031 353 1225 419 occultarum.

88 436 229 519 Mysteria
249 435 306 495 Dei
325 435 422 509 enim,
446 433 608 494 cuiusmodi
626 447 695 495 sunt
714 454 789 515 qnae
808 434 843 495 ad
863 434 985 494 salutem
1005 446 1135 495 nostram
1156 455 1225 515 per·

89 516 198 588 tinent,
217 513 248 571 in
273 531 434 591 seruaque
453 513 501 589 (ut
517 510 636 586 dicitur)
656 522 761 573 natura
779 511 861 572 cerui
881 532 941 571 uon
962 522 1226 591 pessuma-rernm

89 589 202 672 ipsein
227 590 289 650 eina
312 587 406 648 verbo
434 586 570 648 duntaxat
592 588 757 662 iutuemur,
785 588 866 648 cuius
890 589 996 647 veritas
1021 587 1064 649 aic
1087 608 1226 667 persuasa

90 686 154 727 ease
174 665 260 726 nobis
281 664 385 736 debet,
407 674 442 723 ut
461 683 516 743 pro
537 663 615 723 iacto
636 664 818 745 impletoque
839 663 1004 723 babendum
1025 664 1063 723 sit
1082 664 1225 755 quicquid

89 743 231 824 loquitur.
273 742 321 801 Ad
346 740 433 801 talem
452 760 524 799 vero
550 739 663 799 divinae
688 741 827 801 bonitatis
872 752 966 800 ustum
991 740 1227 819 percipiendum,

91 818 244 900 quomodo
269 837 301 878 ae
324 815 439 877 attollat
462 817 590 889 animus,
621 816 692 896 quin
723 817 809 877 simul
834 761 871 878 al
897 817 1105 876 redamandum
1125 815 1225 877 Deum

73 906 171 957 'totus
190 892 385 954 accendatur?
423 892 503 951 Vere
514 894 590 951 enirn
612 894 752 974 cognosci
770 893 818 953 illa
837 891 1143 955 suauitatisallluentia
1160 914 1226 953 non

89 983 204 1053 potest,
227 991 315 1049 quam
335 970 416 1028 Deus
442 969 613 1030 timentibus
637 989 668 1029 se
688 970 867 1045 recondidit,
895 981 1009 1029 utnon
1029 966 1115 1028 simul
1135 968 1227 1029 rebe·

89 1059 205 1109 menter
224 1045 342 1105 alliciat.
382 1044 480 1119 Quem
501 1057 598 1105 autern
617 1045 708 1105 semel
725 1045 834 1120 affecit,
854 1046 970 1127 penitus
989 1043 1026 1105 ad
1045 1064 1077 1105 ae
1096 1044 1177 1127 rapit
1194 1056 1227 1107 et

90 1124 188 1184 elsert.
225 1122 355 1214 Proinde
374 1122 479 1180 mirum
500 1132 627 1212 nonest,
646 1122 671 1182 si
690 1142 856 1214 perversum
868 1143 921 1183 cor
931 1134 961 1181 et
973 1121 1126 1213 obliquum
1145 1142 1227 1182 nnn·

90 1197 768 1346 ltt'lttl'bltttltlt’ltllttmttilt
789 1198 1042 1337 'tt'tlltlttlr
1058 1198 1227 1357 :letali

90 1354 193 1445 adyta,
225 1370 300 1431 quae
328 1350 475 1430 profanari
499 1350 605 1430 impuri
632 1351 727 1411 cordis
753 1352 884 1435 ingressu
904 1373 965 1413 non
985 1351 1079 1410 decet.
1131 1348 1228 1425 Quod

73 1450 171 1490 ,euim
191 1429 309 1487 tradunt
329 1425 517 1499 Scholastici,
543 1427 691 1486 caritatem
712 1427 770 1488 fide
790 1451 822 1489 ac
842 1447 894 1508 spe
914 1429 1042 1509 priorem
1064 1445 1141 1503 esse,
1161 1445 1228 1486 me-

90 1528 156 1568 rum
176 1517 220 1565 est
239 1502 462 1564 deliramentum
484 1501 537 1582 [cl.
558 1502 641 1562 Sent.
661 1502 711 1562 lib.
723 1510 752 1569 3.
774 1505 839 1564 dist.
848 1512 896 1570 ⁶25.
916 1516 946 1563 et
965 1503 1109 1584 saepius]:
1129 1524 1229 1583 quan·

92 1581 250 1663 eloquidem
269 1580 332 1640 sola
357 1588 401 1639 est
419 1577 503 1654 fides,
524 1579 648 1658 quaein
670 1581 754 1641 nobis
775 1584 923 1640 caritatem
948 1582 1073 1661 primum
1114 1590 1228 1641 encrat.

84 1659 216 1733 Quanto
237 1658 344 1717 rectius
363 1655 570 1716 Bernardus
583 1655 680 1733 [serm.
692 1662 719 1720 1.
731 1659 761 1716 in
773 1657 1034 1738 AnnuntiationeJ:
1055 1700 1074 1731 „
1103 1655 1229 1717 estimo·

89 1736 210 1814 „niunr,
227 1734 351 1813 'iuquit,
382 1731 593 1807 conscientiae,
625 1731 704 1810 quod
728 1733 844 1814 piorum
868 1734 992 1816 gloriam
1012 1745 1098 1795 vocat
1115 1731 1228 1793 Paulna

90 1811 169 1890 „(lI.
189 1810 263 1871 Cor.
276 1808 390 1887 1,12.),
408 1808 439 1867 in
458 1808 551 1868 tribus
571 1809 731 1869 consistere
751 1811 849 1870 credo.
888 1812 1015 1871 Necesse
1027 1812 1106 1871 enim
1125 1806 1227 1891 primo

90 1887 327 1978 „omn-ium‘eat,
351 1884 472 1976 credere
492 1885 572 1975 quod
597 1886 797 1980 remissionem
824 1898 1009 1978 peccatorum
1031 1886 1141 1947 babere
1160 1898 1227 1945 non

90 1985 293 2119 sltem:
308 1960 596 2118 ttzsstdtlsstl'tti
611 1961 1151 2130 ltul‘ttltt¹¹tl?¹ll,tttt¹¹'
1165 1960 1228 2097 lsi

91 2116 202 2196 „vitam
223 2128 371 2176 aeternam
392 2112 479 2173 nullis
495 2125 579 2204 potes
598 2115 738 2194 operibus
756 2116 931 2195 promereri,
953 2116 1007 2176 ursi
1027 2121 1117 2199 gratis
1137 2059 1227 2175 <letae

91 2205 145 2271 „et
163 2193 244 2253 ittae*
281 2189 375 2250 Paulo
396 2201 463 2270 post
480 2190 612 2250 subiicit:
633 2192 713 2252 llaec
733 2213 795 2252 non
814 2192 960 2266 sulficere,
979 2193 1030 2252 sed
1044 2211 1106 2252 esse
1127 2188 1224 2272 quotl-
1250 2246 1253 2251 .

91 2272 157 2330 darn
178 2268 248 2328 fidel
265 2268 397 2327 initium:
418 2266 485 2345 quia
506 2266 653 2326 credendo
674 2281 792 2347 peccata
813 2289 873 2328 uon
894 2288 980 2349 posse
1000 2268 1111 2329 remitti
1131 2265 1225 2327 misia

90 2347 170 2420 Deo,
189 2344 273 2406 simul
294 2356 396 2403 tenere
416 2355 554 2421 oporteat
572 2343 689 2404 remissa
707 2345 795 2405 nobis
815 2365 887 2419 esse,
906 2347 1002 2405 donec
1021 2344 1109 2406 etiam
1128 2340 1228 2427 Spiri-

90 2435 141 2513 tua
156 2421 249 2481 sancti
266 2419 438 2480 testimonio
459 2419 587 2499 persuasi
606 2420 704 2495 aimus,
721 2421 846 2513 §alutem
866 2421 952 2481 nobis
965 2441 1026 2482 ease
1047 2420 1225 2513 repositam:

91 2519 168 2636 liii,
188 2496 1075 2656 33ῗωῖξῖξὲρίῗῖἒέῗέξιὶιωωῗῖἒῗιοᾜίῗηςῗξεῗίῗμῖἱ.
1094 2514 1228 2631 pff‘ilff

91 2674 156 2711 rum
177 2649 249 2709 baec
269 2660 300 2706 et
319 2647 375 2707 alia
393 2647 452 2707 artis
472 2645 544 2706 locis
563 2650 712 2710 tractanda
725 2664 824 2711 erunt:
846 2673 924 2712 nuuc
945 2663 1055 2712 tantum
1068 2648 1139 2731 quid
1150 2646 1226 2709 fidet

90 2729 153 2811 ipae
172 2726 220 2800 ait,
240 2724 350 2784 babere
370 2723 504 2785 sufficiat.

167 2811 214 2867 42.
253 2803 315 2861 Iam
335 2819 405 2860 vero
425 2799 665 2878 ubicunqueviva
685 2802 742 2863 erit
761 2801 831 2863 baec
842 2802 924 2875 fides,
944 2803 1008 2862 sieri
1028 2823 1089 2862 uon
1102 2800 1226 2883 poterit,
1253 2786 1259 2807 ’

91 2881 163 2963 quin
182 2899 264 2960 spem
284 2890 422 2944 aeternae
440 2875 539 2937 salutis
560 2877 696 2937 comitem
715 2899 813 2939 secum
834 2880 941 2939 babeat
961 2879 1158 2955 individuam,
1177 2878 1225 2939 ael

91 2959 190 3040 potius
211 2976 294 3016 exse
314 2954 418 3036 gignat
429 2965 460 3013 et
471 2965 596 3013 cxaerat:
618 2974 673 3090 apra
683 2955 806 3031 sublata,
827 2956 987 3036 quamlibet
1007 2957 1114 3015 diserte
1134 2967 1225 3036 atque

90 3047 196 3095 ornate
216 3033 253 3092 de
277 3030 336 3091 fide
362 3030 547 3105 disseramus,
578 3030 688 3090 nulum
714 3032 827 3092 babere'
847 3033 1056 3093 convincimur.
1104 3031 1181 3093 Nem
1199 3029 1226 3093 ti

91 3110 163 3171 lidea
183 3112 232 3188 (ut
250 3108 382 3188 auditum
403 3105 461 3183 cst)
486 3118 565 3165 certa
592 3119 637 3167 est
662 3108 698 3167 de
722 3108 844 3168 veritate
868 3109 925 3168 Dei
951 3107 1122 3188 persuasio,
1141 3106 1224 3188 qnod

90 3207 147 3247 nec
167 3184 285 3245 mentiri
304 3183 403 3259 nobis,
425 3203 480 3242 nec
496 3181 607 3258 fallere,
626 3204 681 3244 nec
701 3184 783 3244 irrita
796 3205 856 3245 esse
870 3198 971 3263 queat:
993 3186 1043 3265 qui
1062 3184 1138 3245 banc
1158 3204 1224 3245 cex-

89 3261 246 3323 titudinem
267 3269 483 3339 conceperunt,
502 3259 585 3318 simul
607 3260 740 3340 prolecto
762 3274 930 3342 exspectant
950 3261 1025 3335 lore,
1046 3274 1076 3321 ut
1097 3261 1224 3341 promis·

89 3339 188 3399 aiones
207 3356 271 3397 sues
290 3337 373 3395 Deus
393 3346 536 3414 praestet,
561 3355 636 3415 quae
662 3356 764 3397 eorurn
785 3338 972 3418 persuasione
997 3338 1116 3398 nonnisi
1133 3354 1224 3397 verae

35 3416 53 3473 .’
91 3434 154 3476 erac
180 3424 319 3494 possunt:
345 3424 379 3470 ut
401 3414 431 3472 in
462 3432 572 3472 summa
604 3411 678 3471 nibil
701 3412 779 3473 aliud
803 3415 841 3475 sit
859 3434 924 3505 spes
944 3436 1030 3493 quana
1051 3433 1156 3474 eornm
1176 3433 1224 3473 ex·

89 3491 244 3571 spectatio,
265 3508 340 3568 quae
359 3507 427 3547 vere
446 3488 543 3548 allen
563 3492 703 3568 promissa
723 3489 794 3551 fides
807 3492 939 3551 credidit.
979 3490 1023 3550 lta
1042 3489 1113 3550 fides
1125 3490 1223 3561 Deum

88 3586 222 3627 veracem
242 3564 383 3626 creditas
407 3584 436 3625 es
456 3576 613 3645 exspectat,
632 3566 713 3624 utin
733 3568 874 3648 temporis
894 3568 1050 3628 occasione
1070 3566 1222 3627 veritatem

89 3654 171 3705 auam
191 3642 340 3703 exhibente
372 3586 444 3701 tides
468 3641 563 3701 credit
588 3639 674 3701 nobis
695 3662 756 3702 esre
776 3644 907 3702 Patrem:
937 3664 1002 3724 spes
1023 3654 1171 3723 exspectat
1189 3652 1224 3703 ut

89 3741 122 3782 ae
140 3720 228 3780 talem
250 3738 319 3800 erga
339 3738 394 3779 nos
413 3736 529 3797 semper
569 3730 645 3778 erat:
665 3717 736 3779 fides
747 3719 841 3779 datam
862 3719 947 3780 nobis
967 3722 1053 3779 vitam
1073 3731 1223 3780 aeternam

91 3795 199 3858 credit:
224 3814 290 3875 spes
310 3805 458 3873 exspectat
482 3737 692 3873 utaliquando
719 3796 880 3855 reveletur:
905 3795 976 3856 fides
1001 3796 1223 3856 fundamentum

90 3884 150 3948 est,
169 3873 215 3934 eui
234 3891 300 3952 spes
320 3868 477 3931 incumbit:
501 3891 567 3950 spes
593 3870 679 3930 fidem
705 3871 808 3932 alitae
828 3873 961 3933 sustinet.
1012 3872 1055 3932 Ut
1075 3872 1153 3931 enirn
1173 3890 1223 3931 ex·

88 3961 221 4029 spectare
240 3947 335 4006 aDeo
348 3967 436 4008 nemo
447 3947 600 4027 quicquam
622 3959 728 4027 potest,
747 3949 802 4008 nisi
823 3950 872 4027 qni
893 3949 971 4028 prius
990 3948 1052 4009 eius
1094 3947 1223 4008 romiasis

90 4024 263 4086 crediderit:
289 4024 328 4082 ita
353 4044 452 4084 rursus
476 4022 545 4082 fidei
571 4034 689 4083 nostrae
714 4025 961 4100 imbecillitatem,
986 4045 1023 4083 ne
1042 3968 1122 4084 velut
1147 4024 1224 4085 sessa

90 4101 242 4178 concidat,
273 4099 409 4159 sustiueri
441 4120 474 4159 ac
506 4100 600 4160 foveri
623 4103 772 4237 patienter
795 4103 940 4182 sperando
971 4112 1001 4159 et
1026 4099 1223 4182 exspectando

88 4190 218 4259 oportet.
258 4175 327 4251 Qua
346 4176 461 4235 ratione
480 4177 587 4237 Paulus
607 4182 620 4255 (

87 4254 120 4314 in
144 4272 197 4334 ape
222 4252 360 4315 collocat.
406 4252 482 4312 Nam
507 4272 542 4313 ea
570 4253 700 4323 domin
727 4255 845 4314 silentio
873 4255 1033 4314 Dominum
1063 4264 1224 4333 exspectat,

87 4329 178 4393 iidem
195 4330 348 4410 continet,
365 4347 404 4390 ne
423 4328 508 4392 nimis
528 4328 695 4394 festinando
715 4330 902 4413 praecipitet:
924 4331 1091 4409 confirmat,
1111 4349 1149 4391 ne
1168 4351 1224 4392 ra·

650 4198 708 4237 om.
727 4183 762 4251 8,
781 4181 843 4254 24.)
868 4181 923 4238 rite
943 4178 1064 4238 salutem
1089 4189 1223 4238 nostram
