2700 4732
496 218 870 303 mmmm
1192 249 1252 310 m

108 384 224 449 censeri
243 384 319 465 apud
344 405 400 445 nos
427 398 557 447 meretur
583 388 641 448 hoc
666 386 869 468 privilegium,
902 384 970 445 dum
1001 372 1170 467 unigenitos¹
1191 385 1248 446 Dei

109 462 204 524 Filius
222 462 312 523 verba
337 462 425 522 nobis
448 462 479 522 in
505 485 539 525 os
567 467 717 547 suggerit,
746 483 822 544 quae
851 474 980 521 mentem
1010 475 1140 524 nostram
1165 463 1248 523 omni

108 538 305 601 haesitatione
324 539 487 618 expediant

186 622 235 681 35.
273 617 357 674 llaec
376 616 480 675 orandi
500 636 551 677 seu
572 616 678 691 forma,
697 636 748 678 seu
768 611 880 698 regula,
899 636 956 674 sex
969 613 1155 688 petitionibu
1173 637 1247 675 con-

107 693 211 755 stituta
230 704 283 751 est.
322 693 397 751 Nam
418 713 456 750 ne
476 692 509 753 iis
530 694 676 768 accedam,
697 693 748 774 qui
765 707 872 767 septem
890 692 1033 770 capitibus
1053 693 1248 772 distinguunt,

109 768 182 830 lacit
201 770 282 848 quod
307 769 486 828 adversativa
513 769 645 828 dictione
670 770 823 829 interiecta
848 768 963 828 videtur
983 769 1166 849 Evangelistn
1187 769 1246 827 duo

107 843 159 905 illa
178 845 309 904 membra
328 844 453 905 voluisse
473 846 551 904 inter
569 866 600 906 se
621 846 771 928 colligere,
791 847 850 906 acsi
869 845 997 921 dixisset,
1016 846 1063 904 Ne
1083 847 1248 904 tentatione

109 943 130 981 o
154 920 238 1001 primi
259 942 313 982 nos
332 920 423 993 sinas,
457 923 527 1001 quin
553 923 652 1002 potius
673 935 791 983 nostrae
816 921 963 1003 fragilitati
984 942 1071 1000 opem
1097 922 1187 995 ieras,
1215 933 1247 980 et

108 943 228 1069 liberes,
249 1018 286 1057 ne
305 997 535 1058 succumbamus.
576 999 736 1059 Nobiscum
751 1000 846 1060 etiam'
857 999 999 1071 sentiunt,
1018 1010 1130 1058 veteres
1151 996 1247 1058 eecle-

108 1082 171 1139 siae
189 1073 347 1154 scriptores
359 1073 407 1149 *):
428 1087 460 1134 ut
480 1075 536 1134 ianr
559 1076 638 1154 quod
658 1077 786 1155 septimo
807 1075 875 1136 loco
895 1075 973 1152 apud
993 1075 1173 1134 Matthaeum
1194 1074 1245 1133 ad·

109 1152 202 1211 ditum
223 1161 283 1222 est,
315 1150 462 1229 exegetice
489 1151 523 1211 ad
549 1163 657 1211 sextam
684 1152 857 1232 petitionem
884 1151 1071 1211 referendum
1095 1152 1140 1210 sit.
1187 1152 1248 1210 'la-

107 1226 196 1288 metsi
225 1238 323 1285 autem
344 1227 486 1286 eiusmodi
508 1239 551 1287 est
572 1239 632 1287 tota
653 1229 759 1302 oratio,
779 1240 812 1288 ut
831 1227 940 1308 ubique
960 1226 1074 1310 gloriae
1094 1228 1152 1287 Dei
1171 1228 1246 1288 ratio

109 1303 252 1384 imprimis
280 1303 412 1362 habenda
437 1305 488 1362 sit:
517 1305 629 1382 priores
654 1317 751 1364 tamen
778 1317 838 1365 tres
862 1306 1021 1383 petitiones
1046 1304 1103 1364 Dei
1133 1304 1246 1385 gloriae

107 1379 300 1461 peculiariter
320 1379 479 1439 destinatae
499 1393 582 1454 sunt,
608 1402 693 1460 quam
714 1381 806 1441 solam
827 1382 856 1440 in
876 1382 932 1441 illis
952 1383 1059 1440 intueri
1080 1402 1134 1441 nos
1154 1400 1245 1460 opor-

106 1469 164 1531 tet,
184 1454 266 1515 nullo
287 1456 435 1515 commodi
456 1457 548 1516 nostri
568 1459 723 1534 (utaiuut)
741 1469 886 1537 respectu.
914 1458 990 1517 Tres
1005 1458 1134 1535 reliquae
1152 1457 1246 1518 nostri

107 1554 209 1596 euram
231 1544 353 1613 gerunt,
378 1554 412 1592 ac
455 1534 554 1612 roprie
575 1535 608 1594 iis
629 1554 704 1613 quae
725 1554 757 1591 ex
778 1557 831 1594 usu
851 1545 954 1593 nostro
974 1545 1043 1593 sunt
1058 1534 1244 1624 postulandis

108 1622 180 1673 sunt
199 1612 369 1690 assignatae.
450 1620 570 1688 tqunm
598 1631 706 1669 nomen
727 1611 784 1669 Dei
808 1611 979 1670 sanctificari
1005 1624 1145 1690 petimus,
1177 1611 1245 1690 quia

106 1687 239 1771 probare
259 1685 322 1745 vult
339 1685 436 1758 Deus,
455 1687 584 1765 gratisne
616 1709 650 1746 an
682 1707 735 1765 spe
760 1686 901 1747 mercedis
926 1698 1038 1746 ametur
1063 1707 1078 1745 a
1103 1686 1190 1746 nobis
1216 1697 1247 1746 et

109 1766 240 1837 colatur,
271 1760 343 1820 nibil
369 1774 430 1821 tum
452 1767 488 1820 de
510 1775 612 1822 nostro
633 1764 791 1822 commodo
811 1763 1000 1843 cogitandum
1022 1774 1078 1822 est:
1110 1762 1160 1820 sed
1182 1763 1245 1821 eins

108 1840 205 1924 gloria
227 1839 311 1899 nobis
332 1839 524 1918 proponenda
540 1852 595 1912 est,
616 1861 702 1919 quam
723 1840 842 1899 intentis
854 1839 947 1899 oculis
966 1861 1053 1898 unam
1065 1839 1244 1899 intueamur:

107 1936 167 1978 nec
195 1915 282 1977 aliter
306 1916 336 1973 in
369 1915 488 1992 reliquis
520 1915 686 1974 huiusmodi
717 1915 855 1994 precibus
882 1916 1007 1975 allectos
1032 1936 1095 1976 esse
1119 1917 1160 1975 las
1192 1927 1244 1975 est.

105 1994 209 2073 Atque
230 1992 286 2061 boc
296 1990 413 2070 quidem
435 1993 528 2070 ipsum
550 1993 636 2051 nobis
656 1993 686 2050 iu
704 2013 842 2073 magnum
854 1992 1041 2052 commodum
1055 1992 1143 2065 cedit,
1162 1992 1244 2071 quod

109 2072 180 2131 dum
206 2069 246 2129 ita
275 2079 307 2127 ut
327 2069 452 2147 petimus
471 2068 682 2140 sanctificator,
707 2070 745 2128 sit
765 2070 852 2128 etiam
873 2080 973 2128 nostra
992 2068 1116 2128 vicissim
1137 2069 1244 2128 saneti-

74 2198 77 2203 .
107 2146 217 2208 ficatio.
255 2145 317 2204 Sed
338 2144 373 2203 ad
396 2145 560 2204 buiusmodi
586 2145 742 2204 utilitatem
768 2146 847 2205 oculi
874 2145 967 2204 nostri
987 2149 1037 2224 (ot
1055 2145 1164 2205 dictum
1185 2146 1245 2223 est)

107 2222 269 2286 connivere
288 2242 321 2280 ac
364 2221 560 2280 uodammodo
580 2221 731 2281 coecutire
751 2221 877 2294 debent,
903 2241 940 2281 ne
959 2223 989 2279 in
1009 2222 1101 2301 ipsam
1121 2223 1244 2282 omnino

107 2300 275 2380 respiciant.
357 2297 409 2356 tsi
436 2297 531 2357 omnis
562 2315 628 2377 spes
658 2298 762 2379 privati
787 2299 881 2358 nostri
906 2298 978 2358 boni
1004 2297 1133 2377 praecisa
1159 2309 1246 2374 esset,

108 2378 181 2437 baec
201 2388 298 2435 tamen
319 2373 527 2446 sanctificatio,
548 2385 578 2433 et
596 2374 652 2433 alia
673 2394 747 2466 quae
767 2375 803 2436 ad
823 2375 881 2434 Dei
901 2374 1023 2456 gloriam
1045 2375 1208 2454 pertinent,
1229 2397 1244 2435 a

108 2451 196 2514 nobis
216 2450 312 2530 optari
339 2462 368 2509 et
395 2450 529 2529 precibus
549 2451 690 2529 postulari
712 2473 773 2511 non
801 2451 944 2511 desinant.
997 2451 1037 2510 Ut
1058 2451 1087 2510 in
1109 2452 1245 2531 exemplis

106 2529 199 2593 Moris
219 2540 250 2586 et
269 2526 352 2585 Pauli
372 2539 518 2606 spectatur
538 2528 646 2605 (Exod.
665 2532 713 2599 32,
732 2534 779 2592 32.
799 2528 887 2589 Rom.
906 2537 936 2601 9,
955 2531 1010 2604 3.),
1031 2527 1137 2607 quibus
1156 2548 1244 2608 grave

106 2628 169 2667 non
192 2604 247 2664 suit
267 2614 379 2662 mentes
401 2614 431 2660 et
450 2602 552 2663 oculos
573 2625 589 2662 a
610 2624 640 2663 se
661 2604 729 2683 ipsis
748 2618 892 2679 avertere,
912 2626 945 2665 ac
956 2605 1120 2662 vehementi
1143 2606 1243 2663 ineen-

105 2701 201 2763 soque
219 2679 286 2740 zelo
306 2701 389 2739 suum
409 2679 539 2814 ipsorum
561 2680 711 2739 interitum
733 2694 880 2761 expetere,
900 2692 932 2739 ut
955 2681 1000 2739 vel
1018 2700 1071 2739 suo
1090 2681 1244 2760 dispendio

106 2760 233 2844 gloriam
246 2768 408 2836 etregnum
451 2755 476 2814 ei
492 2769 717 2846 promoverent.
737 2757 862 2817 Rursum
878 2778 965 2835 quum
987 2776 1091 2835 panem
1113 2770 1245 2816 nostrum
1332 2764 1339 2775 “

105 2835 313 2917 quotidianum
333 2832 419 2892 nobis
440 2832 499 2891 darr
522 2833 659 2912 petimus=
690 2835 806 2893 tametsi
826 2845 961 2913 optemus
981 2833 1060 2910 quod
1083 2845 1126 2891 est
1151 2832 1244 2892 nostri

106 2909 273 2982 commodi,
293 2922 389 2968 tamen
413 2909 457 2968 hic
473 2930 591 2988 quoque
605 2909 660 2970 Dei
681 2910 805 2991 gloriam
818 2911 1142 3000 quaererepraesertim
1154 2906 1244 2968 debe·

105 3010 182 3063 mus,
202 2998 235 3047 ut
254 3007 292 3045 ne
312 2987 431 3063 petituri
443 2985 559 3064 quidem
570 2986 670 3060 simus,
690 2986 744 3045 nisi
763 2987 794 3044 in
809 3006 870 3045 erus
885 2984 1010 3068 gloriam
1021 2998 1134 3069 vergat.
1159 2987 1246 3046 Nune

106 3067 144 3128 ad
165 3067 258 3146 ipsam
277 3063 420 3123 orationis
441 3062 659 3122 enarrationem
680 3064 893 3146 aggrediamur.

352 3179 463 3239 Pater
490 3192 636 3255 noster,
660 3180 720 3261 qui
747 3200 783 3241 es
809 3179 845 3239 in
872 3178 1000 3240 coelis.

185 3297 232 3358 θα
270 3289 402 3350 Primum
422 3290 451 3349 in
473 3289 536 3370 ipso
557 3290 658 3351 limine
677 3290 807 3351 occurrit
826 3290 905 3370 quod
926 3302 1012 3350 antea
1031 3288 1152 3351 diximus
1187 3291 1243 3352 vid.

107 3381 180 3435 sert.
199 3366 365 3446 17-19.]‚
396 3387 514 3425 omnem
535 3389 550 3427 a
571 3368 656 3428 nobis
677 3369 842 3428 orationem
863 3365 969 3426 ollerri
989 3367 1057 3427 Deo
1078 3388 1140 3427 non
1159 3369 1244 3429 aiter

107 3447 219 3509 debere
239 3466 327 3524 quam
348 3445 376 3502 io
399 3443 509 3503 Christi
535 3445 670 3503 nomine:
699 3456 731 3503 nt
756 3444 839 3503 nullo
863 3443 922 3503 alio
948 3443 1070 3503 nomine
1094 3443 1136 3502 illi
1161 3465 1243 3504 com·
1318 3511 1321 3517 ⁴

104 3523 241 3586 mendaci
260 3532 368 3600 potest.
406 3521 479 3578 Nam
501 3542 534 3579 es
555 3542 614 3600 quo
626 3521 744 3580 Patrem
760 3519 1014 3593 vocamusDeum,
1034 3540 1143 3578 nomen
1163 3533 1245 3579 certe

108 3600 220 3664 Christi
238 3595 472 3718 praetendimus:
504 3619 560 3675 qua
587 3597 663 3656 enim
684 3597 789 3657 fiducia
807 3596 906 3655 Deum
926 3595 1029 3674 aliquis
1049 3596 1167 3657 Patrem
1187 3617 1244 3655 no·

107 3677 246 3738 minaret.
271 3674 336 3765 quis
363 3673 418 3732 buc
444 3673 615 3733 temeritatis
642 3685 865 3753 prorumperet,
890 3682 923 3731 ut
940 3672 997 3732 sibi
1017 3684 1170 3750 usurparet
1191 3671 1245 3732 bo·

107 3773 213 3816 norem
234 3750 301 3811 Filii
321 3750 389 3822 Dei,
410 3750 463 3809 nisi
484 3751 513 3807 in
536 3750 655 3811 Christo
675 3750 807 3831 adoptati
826 3770 952 3809 essemus
970 3749 1001 3806 io
1020 3748 1096 3808 lilios
1116 3748 1245 3830 gratiae?

108 3830 173 3907 Qui
193 3851 284 3908 quum
303 3846 387 3886 verus
407 3827 444 3886 sit
463 3826 566 3898 Filius,
586 3826 675 3887 nobis
695 3827 726 3886 in
747 3828 865 3886 fratrem
886 3822 923 3884 ab
942 3824 1008 3903 ipso
1029 3824 1111 3884 datus
1132 3837 1190 3884 est:
1211 3837 1245 3885 ut

128 3905 190 3967 uod
220 3916 322 3965 natura
354 3903 362 3961 i
386 3924 416 3962 se
448 3904 598 3982 proprium
619 3903 728 3976 habet,
757 3899 926 3981 adoptionis
946 3900 1091 3961 beneficio
1111 3914 1244 3960 nostrum

106 3930 176 4059 iat,
196 3981 221 4042 si
239 3993 349 4040 tantam
368 3925 594 4040 beneficentiam
615 3991 693 4057 certa
714 3979 771 4040 lide
790 3977 1002 4058 amplectimur.
1042 3976 1244 4052 Quemadmo-
1307 4006 1311 4021 ¹

108 4060 179 4120 dum
198 4059 327 4119 Ioannes
347 4058 402 4132 ait,
422 4057 517 4117 datam
540 4076 601 4117 esse
621 4067 796 4137 potestatem
816 4054 850 4115 iis
869 4055 921 4134 qui
941 4052 1065 4141 creduut
1084 4053 1114 4113 iu
1135 4073 1244 4114 nomen

177 4304 206 4376 l)
225 4307 354 4371 August.
372 4306 399 4357 in
417 4305 552 4360 Enehirid.
571 4304 858 4375 adLaurenteapdld·
876 4301 1044 4380 Chrysost.
1055 4302 1083 4357 io
1100 4320 1181 4374 opere
1195 4301 1246 4355 im·

107 4375 175 4444 perd
191 4374 242 4431 vid
257 4376 302 4428 fin.
318 4386 379 4428 sset.
395 4372 442 4428 5³.
895 4436 947 4502 8,
1041 4468 1044 4477 Ι
