2700 4732
30 4340 33 4347 ·
102 4336 160 4388 sap.

101 212 165 275 tto
494 202 573 266 HR.
591 203 649 265 ttt
688 203 778 268 CAP.
796 203 850 265 vt.

103 358 291 411 mortuorunt
331 357 453 410 atronus
472 366 535 409 esse
554 358 689 430 appetat,
708 346 822 440 frigidis
841 357 922 407 certe
939 340 1244 419 verisimilitudinibus

102 444 225 489 neuros
244 424 297 485 resl
318 435 359 500 et,
378 425 430 504 qui
448 424 529 504 prius
549 436 633 485 erant
650 422 778 485 solliciti.
804 424 888 484 Haec
897 424 976 484 enim
991 445 1049 483 una
1063 434 1108 483 est
1121 422 1243 497 fultura,

106 502 177 583 quia
196 499 318 561 invaluit
336 500 521 562 cousuetudo
541 513 574 592 ut
592 518 693 582 preces
713 498 908 560 adhibeantur
926 520 982 580 pro
1003 498 1143 573 mortuis,
1177 519 1241 593 oon

29 722 35 733 x
107 575 466 743 :ttezti‘tttlttsltf
481 576 644 732 ,tfl'tt
663 576 1104 742 ,ftf‘tttttgrftftftt
1118 580 1244 711 'titt

106 749 182 811 quae
202 727 303 789 fallere
323 741 426 808 nequit
443 749 559 809 semper
578 729 704 789 tenenda
725 739 783 802 est,
813 728 854 789 fas
886 750 947 789 non
973 749 1034 790 esse
1054 750 1084 787 ro
1104 748 1187 809 prees
1210 750 1242 787 us

100 805 215 866 nostris
267 805 401 885 uinquam
434 806 543 865 afferre
574 805 744 885 proprium,
775 804 825 864 sed
856 816 923 865 vota
950 817 1050 864 nostra
1070 804 1128 865 Dei
1148 803 1241 865 verbo

104 825 286 944 subiicienha
311 901 389 942 esse:
421 881 487 962 quia
502 901 603 962 ,penes
629 879 691 941 eius
715 880 867 941 arbitrium
889 892 933 941 est
953 882 1151 961 praescribere
1192 879 1242 941 uitl

105 960 170 1039 peti
188 957 269 1018 velit.
317 955 407 1018 Nunc
436 979 527 1037 quum
559 968 622 1018 tota
642 957 702 1017 Les
722 970 752 1018 et
771 957 965 1039 Evangelium
987 978 1024 1017 ne
1043 978 1102 1017 una
1122 900 1242 1037 quibem

104 1033 217 1115 syllaba
237 1033 403 1095 libertatem
423 1046 584 1116 suggerant
603 1033 706 1094 orandi
726 1054 781 1115 pro
801 1033 935 1105 mortuis,
966 1033 1134 1113 profanatio
1155 1034 1242 1094 invo-

105 1111 231 1173 cationis
250 1110 308 1170 Dei
328 1122 372 1170 est
390 1120 506 1171 tentare
526 1110 591 1192 plus
610 1131 695 1189 quam
716 1109 801 1170 nobis
815 1110 982 1189 praecipiat.
1003 1111 1112 1170 Verum
1124 1110 1242 1205 negle-

104 1185 385 1253 rienturadversarii
405 1187 510 1262 nostri,
529 1187 609 1267 quasi
628 1198 760 1247 veterem
780 1186 931 1245 eeclesiam
952 1187 1060 1247 erroris
1078 1188 1243 1249 suisocsam

105 1259 243 1335 habeant,
262 1261 329 1321 dico
350 1280 413 1321 esse
432 1262 555 1343 longum
575 1262 741 1323 discrimen.
779 1261 1149 1343 Agebantillimemoriam
1162 1283 1243 1324 mor·
1288 1304 1290 1311 ·

103 1346 237 1411 tuorum,
258 1356 297 1396 ne
316 1337 485 1396 riderentur
504 1358 621 1398 omnem
642 1337 678 1397 de
697 1338 766 1417 ipsis
785 1359 884 1397 curam
905 1338 1058 1398 abiecisse:
1085 1340 1137 1399 sed
1157 1338 1243 1399 simul
1275 1386 1290 1401 .

103 1410 275 1473 fatebantur
293 1432 324 1471 se
344 1411 480 1474 dubitare
499 1413 537 1472 de
555 1415 685 1493 ipsorum
704 1425 796 1474 statu:
818 1414 855 1472 de
874 1414 1056 1505 Purgatorio
1074 1427 1156 1475 certe
1166 1416 1242 1475 adeo
1276 1444 1290 1473 ι

95 1486 179 1549 vnihil
197 1486 376 1565 auerchant,
394 1501 429 1549 ut
447 1510 502 1571 pro
523 1509 556 1549 re
574 1490 685 1549 incerta
706 1489 858 1549 haberent.
896 1492 950 1551 Istr
973 1489 1053 1569 quod
1073 1491 1110 1549 de
1129 1490 1290 1572 Purgaffi-

103 1563 186 1625 torio
205 1565 404 1639 somniarunt,
423 1586 479 1647 pro
499 1565 567 1626 fidei
588 1565 626 1624 do
650 1577 725 1624 mate
746 1563 846 1624 haberi
865 1566 928 1624 sinc
949 1566 1120 1645 quaestione
1140 1578 1290 1647 postu·-

103 1638 175 1701 lant.
219 1640 267 1701 llli
286 1662 375 1721 parce
395 1654 426 1702 et
443 1653 557 1702 tantum
581 1652 614 1701 ut
628 1584 879 1721 befungerentur,
908 1642 939 1700 in
964 1643 1174 1727 communione
1198 1662 1290 1703 sa·-

104 1736 174 1779 crae
194 1716 317 1779 Coenae
341 1739 411 1779 suos
442 1729 576 1778 mortuos
605 1718 673 1778 Deo
703 1717 958 1778 commendabant.
997 1717 1037 1776 lli
1057 1731 1290 1779 mortuorunt

103 1792 1290 1943 ttt‘ttiiltttftt'‘ttfltttt²⁰¹¹tttttltfltttllfthttffi:

54 1990 57 2001 .
103 1936 243 2005 stimonia
264 1944 400 2023 proferre
419 1890 508 2005 mihis
528 1944 604 2004 haud
625 1943 744 2025 difficile
764 1956 840 2004 esset
849 1945 898 2021 *),
918 1965 993 2023 quae
1012 1955 1090 2006 totas
1110 1943 1174 2006 illas
1185 1964 1290 2027 pro<

103 2021 229 2082 mortuis
260 2037 378 2099 preces,
409 2040 485 2100 quae
514 2032 587 2080 tunc
619 2020 741 2080 usitatae
776 2032 875 2094 erant,
911 2020 1067 2081 manifeste
1097 2032 1290 2081 everunt-fi

105 2094 204 2169 Quale
229 2107 274 2156 est
293 2094 350 2156 hoc
372 2096 583 2176 Augustini,
614 2117 704 2176 quum
732 2095 978 2156 resurrectionem
1004 2097 1097 2157 carnis
1130 2100 1167 2157 et'
1190 2114 1290 2157 ae—

103 2181 218 2232 ternam
237 2169 363 2253 gloriam
384 2175 544 2252 easpectari
564 2172 653 2233 docet
672 2170 709 2231 ah
735 2173 886 2233 omnibns:
907 2173 1039 2252 requiem
1057 2190 1149 2250 uero,
1167 2192 1290 2255 quae

103 2258 174 2327 post
192 2259 318 2308 mortem
337 2248 480 2328 sequitur,
498 2261 569 2309 tunc
589 2269 827 2340 unumquemque
846 2249 996 2328 accipere,
1015 2249 1038 2309 si
1064 2249 1171 2330 dignus
1188 2258 1290 2323 este

104 2342 195 2402 quum
207 2325 342 2388 moritur.
361 2324 465 2404 Itaque
478 2324 543 2403 pios
557 2343 658 2385 omnes
670 2345 731 2384 non
742 2346 837 2385 minus
848 2345 934 2404 quam
948 2324 1112 2405 Prophetas
1123 2337 1153 2385 et
1159 2323 1290 2407 Apo—

103 2398 198 2460 stolos
204 2411 235 2459 et
241 2400 386 2481 Martyres
396 2400 516 2461 statima
527 2414 636 2474 morte,
648 2401 735 2461 beata
746 2400 844 2481 quiete
858 2402 917 2461 frui
929 2412 1061 2461 testatur.
1082 2400 1116 2459 Si
1127 2400 1273 2462 saliret

105 2492 209 2535 eorum
231 2476 373 2551 conditio,
393 2476 540 2557 quidillis,
559 2477 696 2552 obsecro,
715 2478 873 2537 conferent
885 2489 1002 2539 nostrae
1014 2476 1134 2558 preces?
1154 2476 1265 2539 cras-

41 2586 43 2591 ·
104 2549 198 2612 riores
229 2550 292 2613 illas
316 2552 555 2630 superstitiones,
587 2553 692 2633 quibus
716 2552 889 2633 simplicium
914 2553 1027 2613 animos
1052 2552 1247 2630 fascinarent,

19 2656 25 2665 ·
105 2626 229 2688 omitto:
250 2648 324 2707 quae
342 2641 441 2689 tamen
460 2642 530 2689 sunt
549 2629 735 2703 innumerae,
762 2641 793 2688 et
812 2630 969 2709 pleraeque
989 2628 1063 2690 adeo
1105 2641 1242 2691 ortessu-

104 2721 165 2778 sae,
184 2716 219 2765 ut
237 2703 320 2797 null-o
339 2704 472 2797 honesto·
486 2705 588 2795 colore
607 2718 775 2785 praetexere
799 2705 873 2796 ipsas
893 2706 1014 2785 possint.
1071 2651 1141 2796 Illas
1165 2726 1241 2787 quo·

103 2799 164 2917 :¹:¹5
175 2782 1240 2934 ltttlttittttltfttt‘tsst’ntttsttuttthttlzftttttt

104 2935 390 3073 commerqqratione
407 2936 478 3001 ratis
497 2933 649 2998 habebunt
672 2934 719 2997 hic
738 2935 780 3016 pii
799 2934 937 3013 lectores,
955 2934 1240 2999 undecouscientia

104 3030 170 3073 tuas
188 3025 232 3076 sta
255 3024 346 3073 arant.
1231 3052 1235 3061 ·

483 3348 746 3425 CAPUT
796 3349 858 3420 VI.

104 3537 160 3599 De
179 3538 254 3603 vita
278 3530 434 3603 bominis
454 3541 680 3606 Christianis
710 3564 750 3604 ao
775 3545 948 3625 primum,
978 3541 1111 3624 quihus
1136 3557 1283 3671 πμ(

276 3634 411 3696 mentis
429 3634 470 3696 ad
496 3656 571 3697 enm
590 3657 655 3697 nos
676 3635 847 3697 hortetur
866 3637 1070 3718 Scriptura.
1279 3710 1282 3715 Ι

174 3809 251 3880 Quao
267 3811 319 3867 hoc
335 3824 406 3866 sexto
425 3833 480 3885 cap.
498 3828 524 3866 et
541 3827 655 3884 qssatnor
670 3815 836 3885 sequentibus
853 3816 887 3868 de
903 3814 963 3867 Vita
975 3813 1088 3867 homiuis
1101 3810 1246 3870 Christiani
1273 3736 1282 3857 i

103 3895 275 3967 disputantur,
301 3915 333 3950 eo
351 3897 445 3950 ordine
461 3896 581 3952 videntur
597 3916 651 3953 esse
668 3912 796 3966 congesta,
818 3913 848 3952 ut
868 3899 957 3953 omnia
974 3900 1008 3952 ad
1026 3902 1081 3953 duo
1098 3901 1245 3974 praecipua
1282 3892 1285 3897 ¹

104 3980 189 4052 eapita
205 3982 295 4038 referri
311 3981 420 4053 possint·
1182 3988 1191 4003 ''

170 4250 217 4376 *pa
226 4250 405 4390 (3quwa
434 4252 524 4311 homil.
554 4254 582 4308 in
611 4253 702 4307 loauu.
727 4254 770 4308 49.
798 4283 830 4296 -
876 4255 919 4308 De
943 4253 1016 4308 Cirit.
1042 4254 1094 4307 Dei
1126 4254 1173 4307 lib.
1200 4258 1245 4312 21.
1263 4202 1285 4365 l

1236 4638 1239 4643 -
1275 4498 1290 4686 l
