2700 4732
506 211 579 272 tto.
600 212 656 271 ΙΙΙ.
697 212 785 273 (loe.
807 210 862 271 ΙΙΙ,
1198 216 1257 279 ωδ

111 376 191 418 mus.
227 354 269 415 Et
285 352 379 417 loilis
407 354 489 416 locus
516 358 562 433 (⁶2,
581 358 644 432 31.)
673 356 734 416 aliis
754 354 952 436 intelligendis
973 372 1033 413 oon
1056 374 1157 434 pamm
1177 354 1257 416 vale-

112 432 176 493 bit:
195 430 353 509 „scindite
372 431 592 506 cordavestra,
612 445 642 492 et
662 454 723 491 non
744 432 913 493 vestimenta
932 438 1056 491 vestra.“
1091 432 1258 512 Utrumque

115 508 209 569 etiam
229 507 362 568 breviter
381 528 547 589 expressum
567 520 612 569 cst
632 509 674 567 bis
695 507 796 567 iacobi
817 507 913 568 verbis
938 511 983 583 (d,
1001 512 1059 583 tid:
1092 507 1257 580 „biundate

112 584 253 647 scelerati
271 603 386 660 manus,
406 598 530 675 purgate
549 586 638 645 corda
659 584 824 665 duplices:“
845 584 895 644 ubi
917 583 1007 663 priori
1027 585 1144 662 quidem
1163 605 1258 644 mem-

114 662 175 723 bro
193 661 323 723 accersio
339 674 476 741 ponitur,
496 661 564 722 lons
582 672 680 721 tamen
701 674 731 721 et
750 660 927 742 principium
948 659 1257 736 deindcmonstratnr,
1298 690 1301 695 ·

115 755 226 819 nempe
245 736 454 819 abstergendas
473 758 537 799 esse
556 737 686 799 occultas
705 739 823 814 sordes,
854 749 887 797 ot
910 738 1002 796 uitare
1028 738 1059 795 in
1079 739 1144 829 ipso
1164 738 1258 797 corde

115 814 249 907 erigatur
260 812 337 873 Deo.
356 814 493 874 -Sunt
513 826 665 896 praeterea
684 826 715 874 ct
734 827 851 875 esterna
871 813 966 894 aliqua
985 814 1131 888 exercitia,
1150 814 1257 893 quibos

115 892 257 973 privatim
276 890 367 950 veluti
386 891 521 950 remediis
541 891 586 952 vel
605 891 641 951 ad
661 912 717 951 nos
736 890 941 965 humiliandos,
960 889 1009 949 vel
1029 890 1065 949 ad
1079 891 1256 951 domandam

114 987 238 1029 carnem
257 978 388 1028 nostram
409 968 532 1028 utimur:
553 966 673 1047 publice'
690 987 761 1026 vero
781 967 815 1027 ad
837 967 1054 1046 resipiscentiae
1073 967 1257 1027 testificatio-

115 1064 197 1106 nem.
245 1044 394 1105 Emnnant
422 1056 520 1104 autem
552 1044 590 1104 ab
621 1043 669 1104 illa
690 1045 833 1116 vindicta,
862 1042 899 1103 de
920 1063 977 1136 qua
997 1042 1130 1123 loquitur
1149 1032 1257 1103 Paulus

115 1120 178 1201 (ΙΙ.
197 1119 272 1183 Cor.
292 1120 420 1195 7,11.):
449 1119 592 1199 siquidem
623 1122 695 1181 baec
723 1119 826 1180 afflicti
855 1120 944 1180 anion
968 1124 1037 1181 sudt
1056 1121 1194 1202 propria,
1224 1118 1255 1179 io

113 1195 271 1279 squalore,
300 1196 430 1279 gemitu,
460 1194 594 1277 lacrymis
615 1216 691 1257 esse:
714 1196 816 1278 lugere
834 1195 1024 1277 splendorem
1045 1207 1076 1257 et
1094 1196 1258 1275 quemlibet

112 1285 307 1355 apparatum,
337 1274 474 1333 omnibns
499 1272 609 1333 deliciis
628 1292 660 1334 sc
678 1273 824 1332 abdicare.
882 1274 1000 1332 Deinde
1031 1275 1054 1333 is
1085 1274 1136 1353 qui
1155 1274 1259 1347 sentit,

111 1360 259 1430 qnantum
279 1347 385 1409 malurn
405 1349 445 1409 sit
462 1351 559 1413 camis
579 1347 721 1421 rebellio,
744 1348 873 1410 remedia
898 1350 997 1410 omnia
1016 1350 1131 1431 quaerit
1150 1350 1258 1430 quibus

112 1428 266 1487 coereeat
303 1426 461 1487 Praeterea
479 1426 530 1504 qui
550 1427 627 1486 bene
641 1427 763 1507 cogitat,
782 1448 868 1505 quam
888 1446 977 1507 grave
1000 1429 1040 1486 sit
1058 1425 1180 1485 violasse
1199 1426 1258 1485 Dei

113 1500 277 1569 iustitiam,
307 1500 461 1581 quiescere
491 1521 551 1560 non
585 1513 683 1580 potest
711 1501 807 1561 donec
827 1505 858 1560 io
878 1523 929 1562 sua
949 1501 1114 1561 bumilitate
1132 1501 1259 1581 gloriam

113 1576 236 1639 dederit
253 1576 331 1637 Deo.
370 1576 523 1638 Eiusmodi
542 1577 679 1637 exercitia
692 1597 779 1658 saepe
799 1591 1034 1637 commemorant
1059 1578 1165 1638 vetusti
1184 1578 1259 1639 scri-

114 1666 231 1737 ptores,
249 1673 340 1733 quum
353 1653 391 1712 de
411 1654 612 1732 poenitentiae
634 1653 776 1713 fructibus
796 1652 967 1731 loquuntur.
1007 1657 1185 1733 Quanquam
1206 1676 1257 1714 au-

114 1742 179 1793 tem
208 1729 271 1789 vim
302 1729 505 1809 poenitentiae
535 1731 655 1790 minime
686 1730 717 1789 iu
744 1729 799 1789 illis
819 1741 982 1809 reponenti
1022 1731 1138 1790 veniam
1159 1742 1258 1790 tamen

116 1806 191 1868 mibi
203 1805 317 1868 dabunt
336 1804 474 1879 lectores,
493 1807 517 1866 si
536 1807 636 1867 dinero
657 1805 737 1886 quod
756 1807 869 1866 sentio:
889 1806 954 1886 plus
973 1828 1070 1887 aequo
1090 1817 1170 1881 certe
1191 1807 1260 1867 insi·

114 1896 198 1945 rtere
215 1884 249 1943 io
268 1882 312 1943 bis
332 1882 401 1941 mibi
421 1883 566 1943 videntur.
616 1881 660 1942 dc
679 1882 703 1942 si
725 1883 789 1961 quis
808 1883 971 1973 prudenter
996 1882 1156 1963 expendat,
1186 1882 1259 1943 mibi

113 1964 169 2041 (ut
185 1960 291 2041 spero)
321 1959 514 2033 mentietur,
545 1958 703 2039 dupliciter
729 1979 781 2019 cos
812 1959 932 2020 modum
963 1960 1125 2020 excessisse.
1182 1960 1259 2021 Nam

115 2057 209 2119 quum
228 2046 388 2116 tantopere
409 2048 562 2128 urgerent,
580 2055 614 2096 oc
634 2034 797 2096 immodicis
818 2035 922 2117 elogiis
941 2036 1183 2097 commendarent
1192 2058 1260 2096 eor·

115 2111 253 2194 poralem
277 2110 358 2171 illam
383 2111 581 2191 disciplinam,
613 2113 670 2171 boc
690 2112 807 2191 quidem
828 2112 1096 2193 consequebantur,
1123 2124 1155 2170 ot
1175 2112 1260 2193 plebs

115 2208 185 2251 eam
215 2186 326 2249 maiore
356 2188 456 2247 studio
485 2188 728 2268 amplecteretur:
759 2189 810 2251 sed
841 2190 922 2269 quod
948 2189 1037 2271 longe
1057 2189 1175 2250 maioris
1194 2210 1260 2250 mo·

115 2263 215 2325 menti
232 2283 296 2325 este
315 2263 415 2339 debet,
435 2264 655 2345 quodammodo
676 2265 882 2326 obscurabant.
940 2264 1058 2326 Deinde
1082 2267 1112 2324 io
1138 2266 1259 2348 exigen-

116 2341 167 2403 dis
184 2340 425 2423 castigationibus
451 2340 571 2402 luenrnt
594 2341 743 2420 aliquanto
764 2343 930 2435 rigidiores,
975 2363 1041 2402 uam
1062 2341 1137 2403 ierat
1162 2342 1260 2404 eccle·

115 2416 236 2481 tiattica
253 2417 457 2490 mansuetudo,
477 2418 723 2496 quemadmodum
744 2418 812 2479 alibi
832 2364 1017 2479 tractandum
1038 2419 1106 2480 erit.

196 2500 244 2561 17.
283 2493 344 2552 Sed
366 2494 432 2572 qnia
454 2495 601 2568 nonnulli,
623 2494 690 2553 dum
710 2496 824 2570 fletum,
845 2495 985 2555 ieiunium
1007 2497 1177 2557 etcinerem
1190 2518 1258 2558 cum

116 2570 192 2633 alibi
213 2570 395 2650 frequenter,
417 2583 476 2628 tom
498 2572 671 2650 praesertim
691 2572 767 2651 apud
787 2572 1050 2647 Io'clem.(·2,1‘2.)
1076 2594 1258 2634 commemo·

116 2648 181 2708 rari
199 2648 336 2718 audiunt,
356 2648 540 2726 praecipuam
561 2649 617 2707 resi
640 2648 778 2706 iscentiae
799 2661 909 2729 partem
931 2649 1043 2707 ieiunio
1064 2650 1175 2708 etlletu
1196 2670 1258 2709 me-

118 2724 245 2799 tiuntur,
265 2722 395 2783 tollenda
415 2736 459 2782 est
479 2742 581 2782 eorum
614 2671 813 2784 liallocinatio.
871 2725 963 2799 Quod
997 2726 1033 2782 de
1064 2727 1260 2786 connectione

122 2798 216 2861 totius
232 2800 329 2861 cordis
350 2799 385 2858 ad
404 2800 576 2873 Dominum,
595 2800 691 2879 deque
710 2802 850 2860 scissione
863 2822 924 2859 non
938 2802 1191 2876 vestimentorum,
1206 2802 1259 2862 sed

122 2874 299 2938 cordisillic
323 2876 446 2950 dicitur,
477 2876 697 2956 resipiscentiae
722 2878 875 2956 proprium
902 2889 961 2937 est:
992 2878 1078 2937 fletus
1103 2890 1201 2937 autem
1227 2890 1260 2939 et

121 2952 279 3027 ieiunium,
312 2973 373 3012 non
401 2964 433 3011 ut
457 2965 598 3031 perpetua
619 2966 668 3013 aut
687 2955 848 3013 necessaria
868 2954 929 3012 eius
950 2952 1056 3012 eliceto
1077 2952 1258 3013 subnectun-

119 3044 181 3103 tur,
198 3030 248 3090 sed
267 3028 425 3108 specialem
447 3028 556 3089 babent
574 3030 828 3089 circumstantiam.
881 3030 1032 3102 Quoniam
1056 3030 1258 3121 gravissimum

103 3116 112 3151 Ι
119 3107 238 3167 ludaeis
256 3106 399 3165 escidium
420 3105 573 3165 imminere
592 3108 765 3166 vaticinatus
786 3107 895 3175 luerat,
915 3107 986 3164 iram
1005 3107 1064 3165 Dei
1083 3106 1186 3167 suadet
1205 3128 1259 3167 au·

117 3195 277 3259 terertere,
298 3202 359 3240 noo
380 3194 492 3241 tantum
513 3183 721 3263 resipiscendo,
749 3184 800 3241 sed
832 3183 977 3242 moeroris
997 3182 1104 3243 indicia
1136 3203 1206 3264 prae
1225 3204 1258 3244 se

118 3259 256 3319 ferendo.
309 3259 446 3332 (inoliter
477 3260 552 3317 enim
583 3262 721 3338 promissa
750 3259 857 3333 barba,
886 3261 1003 3339 impexo
1023 3260 1147 3339 capillo,
1178 3260 1259 3341 pulla

116 3349 218 3409 reste,
243 3358 277 3397 su
301 3335 417 3415 pliciter
445 3356 477 3394 se
507 3336 661 3395 demittere
684 3334 761 3395 solet
780 3356 846 3396 reus
868 3336 903 3395 ad
923 3336 1133 3397 conciliandam
1155 3337 1258 3399 iudicia

116 3356 362 3475 misericordiam:
395 3412 434 3470 ita
455 3410 536 3484 illos,
560 3434 649 3493 quum
670 3413 712 3472 rei
732 3425 889 3493 agerentur
908 3434 1006 3473 coram
1026 3413 1084 3473 Dei
1105 3413 1260 3491 tribunali,

118 3492 184 3552 eius
202 3489 386 3551 severitatem
407 3487 565 3548 miserabili
587 3488 686 3548 babitu
700 3489 851 3568 deprecari
871 3490 1039 3569 oportebat.
1080 3491 1259 3569 Quanquam

116 3577 220 3629 autem
251 3567 325 3626 cinis
355 3577 386 3625 et
404 3585 504 3624 saccus
523 3565 578 3624 illis
599 3567 676 3625 sorte
696 3565 879 3645 temporibus
906 3567 996 3646 magis
1022 3567 1259 3629 conveniebant:

117 3642 208 3703 fletur
227 3654 324 3702 tamen
346 3653 377 3700 et
396 3641 497 3700 ieiunii
516 3641 599 3701 valde
619 3655 821 3721 opportunum
842 3641 907 3701 sore
927 3643 1005 3702 inter
1021 3665 1074 3702 nos
1087 3664 1169 3702 usum
1183 3665 1258 3704 cun-

117 3729 193 3793 stat,
245 3719 339 3778 uoties
369 3718 483 3778 cladem
506 3718 633 3796 aliquam
660 3731 719 3853 nup²
735 3718 927 3779 calamitatem
947 3720 1034 3779 nobis
1054 3720 1160 3779 minari
1180 3721 1261 3781 risus

116 3795 210 3856 luerit
260 3795 385 3856 ominus.
437 3794 478 3852 Se
504 3795 582 3852 enim
608 3794 643 3854 ad
665 3794 694 3853 ul
721 3816 843 3855 noema
868 3798 962 3873 parari
983 3808 1013 3856 et
1033 3796 1257 3875 quodammodo

115 3872 225 3932 armari
246 3872 410 3942 denuntiat,
430 3870 480 3930 ubi
501 3871 662 3948 periculum
683 3891 824 3950 apparere
844 3818 923 3933 licie
961 3873 1044 3930 liene
1069 3874 1160 3954 igitur
1178 3874 1258 3932 Pro-

115 3948 220 4028 pbeta,
263 3949 293 4007 oi
311 3968 379 4007 suos
399 3947 434 4006 ad
455 3948 556 4005 lictum
577 3961 607 4007 et
627 3947 783 4021 ieiunium,
803 3948 859 4008 boc
879 3948 979 4008 estad
999 3970 1117 4008 reorum
1137 3949 1258 4009 inoesti-

114 4026 189 4086 tiam
209 3970 392 4096 cobortatur,
412 4024 449 4082 de
469 4045 595 4101 quorum
614 4024 730 4104 flagitiis
751 4025 938 4085 constitutam
955 4026 1155 4104 quaestionem
1165 4025 1258 4116 paulo

116 4113 189 4162 ante
208 4102 327 4161 dixerat.
367 4100 625 4174 Quemadmodum
645 4120 700 4160 nec
720 4101 795 4160 orale
816 4101 904 4161 bodie
929 4103 1055 4163 fecerint
1069 4101 1258 4164 ecclesiastici

117 4189 263 4259 perteret,
293 4178 318 4237 si
345 4176 412 4235 dum
440 4177 659 4254 impendentem
685 4198 806 4237 suorum
831 4179 992 4239 cervicibus·
1011 4179 1125 4239 ruinam
1145 4179 1258 4252 vident,

118 4254 157 4314 ad
175 4255 317 4317 ieiunium
337 4265 367 4314 et
379 4254 488 4343 ⁴fletum
510 4255 727 4342 properandum
750 4254 963 4315 vociferentur:
995 4256 1086 4315 modo
1112 4256 1192 4335 quod
1212 4267 1260 4316 est

120 4332 310 4413 praecipuum
330 4349 441 4394 mucre
461 4341 493 4392 ct
510 4330 671 4393 intentiore
698 4351 767 4392 cura
792 4342 823 4391 et
853 4352 946 4412 opera
976 4352 1093 4414 semper
1124 4342 1260 4415 urgeant,
