2700 4732
93 220 155 287 128
479 214 556 277 ΠΒ.
575 215 634 277 111.
674 216 763 281 cte.
782 218 846 281 XX.

95 360 205 435 leonis,
222 360 320 421 statius
341 358 403 420 eius
423 358 561 423 dentibus
579 383 615 425 nc
633 362 782 445 unguibus
801 363 1000 444 discerpendi,
1018 366 1085 429 eius
1104 364 1230 433 lancibus

96 436 297 521 deglutiendi,
318 436 374 495 nisi
393 457 448 496 nos
467 436 614 499 Dominus
634 459 651 500 ε
671 440 766 499 media
786 452 882 503 morte
902 441 1025 523 eripiat:
1061 443 1122 505 boc
1140 456 1229 507 tameo

96 514 185 577 simul
204 514 346 586 scientes,
371 514 450 592 quod
471 516 496 573 si
513 516 660 577 Dominus
684 517 793 590 aderit,
823 539 858 577 ac
886 539 941 597 pro
961 518 1054 581 nobis
1072 522 1230 585 tacentibus

95 664 100 673 ¹
121 590 253 674 ugnabit,
273 592 302 650 in
324 589 386 649 eius
406 590 516 651 virtute
537 591 674 654 faciemus
694 594 830 654 virtutem
850 595 943 671 (Psal.
963 602 1020 670 60,
1040 604 1117 661 14..
1158 598 1229 661 (Ion-

94 614 192 731 Xdant
210 667 258 728 alii
284 680 316 726 ut
336 667 438 725 volent
459 671 585 748 propriis
605 670 692 730 liberi
711 670 825 729 arbitrii
851 674 938 751 (quas
958 692 1028 733 ase
1050 673 1088 733 ba
1114 694 1166 735 ere
1183 674 1230 736 sibi

94 746 250 823 videntur)
271 743 456 803 facultatibus
484 764 517 803 ac
541 745 666 807 viribus:
699 747 786 805 nobis
814 747 881 806 satis
905 749 961 820 sit,
991 750 1077 828 quod
1127 751 1231 811 uallei

95 823 207 885 virtute
226 835 334 882 stamus
355 842 388 880 ac
408 821 545 881 valemus.
589 823 659 882 Plus
679 836 776 883 autem
797 825 850 883 ista
871 828 1003 903 precatio
1017 828 1231 907 complectitur,

95 920 185 981 quarn
207 899 299 979 prima
319 896 417 977 specie
437 918 506 976 prae
526 918 557 958 se
578 898 667 960 serat:
687 920 754 959 nam
773 899 866 959 silici
880 901 1008 980 Spiritus
1024 902 1122 963 virtus
1141 916 1230 965 nostra

96 988 143 1038 est
162 974 199 1035 ad
220 987 367 1035 certamen
379 994 455 1035 cum
474 973 582 1035 Satana
603 976 842 1057 depugnandum,
861 977 1013 1037 victorium
1035 980 1157 1041 referre
1173 992 1231 1041 auu

96 1074 160 1115 uon
181 1052 352 1130 poterimus,
373 1071 458 1128 quam
478 1049 531 1111 illo
552 1050 632 1131 pleni
643 1073 762 1111 omnem
783 1052 876 1113 carnis
896 1066 1016 1115 nostrae
1037 1055 1231 1119 infirmitate·

96 1130 269 1191 cauerimus.
314 1127 468 1187 ASatana
489 1126 578 1209 igitur
598 1140 628 1187 et
647 1142 769 1208 peccato
790 1130 858 1189 dnm
901 1130 1004 1191 etimus
1025 1131 1167 1205 liberari,
1184 1154 1232 1195 ao·

94 1208 140 1269 vis
182 1208 273 1264 ratiae
293 1202 351 1261 Dei
377 1202 566 1271 incrementis
586 1203 759 1285 locupletari
783 1151 908 1266 subincle
928 1207 1112 1288 expetimuss
1145 1210 1232 1271 doacc

95 1283 133 1345 ad
152 1225 277 1371 ρῆειιιιιιι
293 1280 326 1340 iis
345 1279 463 1370 referti,
489 1278 527 1340 de
547 1280 726 1373 omniomalo
746 1282 968 1374 triumphemus.
988 1320 1029 1377 .-
1069 1285 1233 1380 Durum&

94 1356 569 1513 tttit'ssffldtl‘lt‘ettlt'tlttt
584 1359 768 1495 {illabili
788 1371 1177 1515 'ttti‘tldttfttt
1190 1384 1234 1499 ii

95 1513 175 1575 cobo
193 1512 323 1588 (1,13.).
363 1510 424 1570 Sed
445 1510 501 1569 iam
523 1530 556 1569 ex
575 1523 659 1590 parte
674 1510 768 1570 soluta
781 1512 912 1591 quaestio
931 1525 986 1590 est,
1007 1514 1094 1595 quod
1106 1517 1232 1577 omniun

94 1590 301 1663 tentationem,
323 1587 427 1667 quibus
446 1587 607 1661 vincimur,
627 1589 864 1668 conrupiscentia
885 1602 985 1650 nostra
1006 1592 1137 1671 proprie
1156 1611 1233 1655 cassa

95 1678 149 1742 est,
169 1667 297 1744 ideoque
310 1662 423 1743 culpam
435 1663 570 1724 sustinet.
607 1665 713 1744 Neque
725 1664 802 1725 aliud
815 1665 876 1725 vult
887 1666 1014 1727 Iacobus
1027 1668 1121 1746 (ibid.
1134 1668 1233 1745 mid),

93 1764 182 1824 qoam
204 1743 310 1802 frustra
332 1754 361 1800 et
380 1740 486 1801 iniuste
505 1740 535 1800 in
551 1740 648 1800 Deum
669 1742 726 1801 vita
746 1743 910 1817 transcribi,
931 1764 1006 1822 quae
1027 1744 1121 1808 uobis
1141 1746 1183 1805 im

91 1833 157 1881 tare
176 1820 327 1900 cogimur:
360 1817 428 1897 quia
451 1839 550 1878 sumus
580 1838 684 1877 eorum
712 1817 798 1877 nobis
822 1820 940 1879 conscii.
992 1820 1162 1883 Caeterum
1199 1842 1231 1883 ue

91 1895 276 1973 uouebant,
295 1895 451 1974 quominus
471 1915 526 1954 nos
538 1893 619 1954 Deus
639 1893 690 1953 ubi
709 1894 749 1954 ita
761 1893 850 1954 visum
872 1906 916 1955 est
928 1896 1055 1958 Satanae
1074 1898 1233 1979 mancipet,

93 1976 232 2056 proiiciat
256 1973 285 2033 in
310 1992 427 2032 sensnm
451 1970 611 2062 reprobum
631 1970 790 2107 foedasque
810 1972 1000 2059 cupiditates,
1031 1986 1130 2055 atque
1149 1975 1229 2036 tuin

91 2052 274 2113 tentationes
295 2048 429 2123 inducat,
460 2059 537 2107 msto
559 2047 676 2125 quidem
701 2047 731 2107 iu
755 2048 827 2121 iero,
855 2069 943 2129 saepe
968 2063 1070 2111 tamen
1098 2050 1229 2119 occulto:

93 2128 162 2209 quia
182 2147 270 2208 saepe
290 2125 457 2185 bominibus
477 2122 648 2183 abscondita
669 2136 715 2184 est
734 2145 828 2198 causa,
848 2146 923 2204 quae
943 2138 1043 2186 tamen
1063 2130 1151 2207 apud
1169 2148 1229 2189 ειιι

92 2216 173 2267 certa
193 2216 246 2264 est.
297 2202 386 2261 Unde
410 2200 559 2280 colligitur
583 2220 644 2260 non
666 2220 729 2261 esse
752 2202 942 2282 impropriam
963 2202 1230 2283 loquutione-,si

91 2281 222 2363 persuasi
242 2302 339 2340 sumus
360 2299 419 2339 nou
434 2277 544 2412 absque
564 2277 679 2337 ratione
698 2277 792 2357 ipsum
812 2280 900 2338 toties
920 2278 1039 2355 minari,
1057 2304 1156 2362 quum
1168 2302 1228 2421 lg}

91 2358 242 2421 cutientur
260 2354 405 2416 coecitate
426 2366 493 2413 eto
519 2354 673 2414 duratione
694 2354 791 2415 cordis
811 2355 949 2435 reprobi,
970 2356 1043 2419 baec
1062 2372 1152 2421 certa

90 2435 237 2499 ¹vindictae
255 2452 324 2492 suae
345 2432 530 2492 documenta.

167 2517 215 2575 47.
255 2509 282 2567 T
286 2528 331 2570 res
350 2508 421 2569 istae
441 2507 640 2587 precationes,
664 2506 770 2585 quibus
790 2506 979 2587 peculiariter
996 2530 1053 2570 nus
1073 2531 1113 2572 ac
1135 2524 1229 2573 nostre

89 2587 270 2649 omniaDeo
290 2587 537 2655 commendamus,
557 2583 709 2642 evidenter
728 2584 888 2645 ostendunt
899 2586 978 2664 quod
998 2598 1090 2647 auten
1113 2589 1228 2649 dirimas

89 2665 163 2744 (sid.
183 2676 254 2724 sect.
272 2668 320 2731 38.
340 2675 371 2723 et
389 2665 469 2742 39.),
499 2659 732 2721 Christianorum
759 2662 909 2721 orationes
933 2661 1065 2741 publicas
1095 2686 1163 2727 esse
1180 2666 1227 2725 de·

90 2743 176 2819 bere,
196 2762 229 2801 ac
249 2741 277 2799 in
299 2740 445 2822 publicam
459 2736 596 2798 ecclesiae
608 2736 840 2797 aedificationem
858 2738 1144 2821 communionisque
1162 2742 1227 2803 fide»

89 2819 163 2881 lium
187 2817 353 2899 proiectum
377 2829 518 2898 spectare.
567 2815 648 2873 Non'
669 2813 746 2872 euim
776 2814 832 2874 sibi
853 2815 976 2895 quisque
1000 2817 1148 2895 privatim¹
1169 2818 1226 2879 dari

89 2893 617 2991 quicquampostulatrverumomnes
629 2892 836 2963 incommune,
849 2911 953 2973 panem
966 2905 1117 2969 ιιοειιιιιιι,
1131 2894 1226 2957 remis·

61 2964 70 2979 ¹
87 2993 202 3035 sconem
217 2984 416 3054 pcccatorum,
435 2991 474 3029 ne
493 2969 664 3029 inducamur
683 2968 712 3025 in
725 2969 931 3041 tentationem,
950 2980 984 3028 ut
1002 2989 1019 3029 a
1037 2972 1176 3055 maligno
1193 2970 1226 3032 li·

88 3051 237 3124 beremur,
256 3049 410 3127 poscimus.
450 3046 544 3105 Causa
565 3056 716 3124 praetcrea
727 3043 888 3118 subiicitur,
908 3067 960 3105 cur
980 3057 1062 3108 tanta
1083 3052 1127 3110 sit
1145 3048 1226 3111 nobis

89 3140 121 3188 ct
140 3126 259 3207 petendi
278 3124 408 3197 audacia,
428 3134 458 3182 et
475 3122 581 3180 fiducia
602 3119 756 3180 obtinendi
778 3121 1225 3207 [vid.sect.11·sq.et36.sq.]s

88 3223 165 3285 quae
184 3203 298 3262 tametsi
319 3203 348 3261 in
369 3199 463 3259 latinis
477 3197 695 3277 ‚exemplaribus
715 3218 776 3257 nors
798 3210 903 3272 exstat,
928 3198 1019 3280 magis
1045 3212 1151 3263 tamen
1176 3224 1225 3284 ap-

86 3279 184 3360 posite
214 3278 261 3338 bic
290 3278 433 3358 quadrat,
462 3294 548 3354 quam
581 3284 614 3333 ut
645 3272 807 3333 omittenda
832 3275 979 3335 videatur:
1010 3297 1125 3359 nempe
1149 3278 1226 3361 quod
1264 3298 1266 3307 ·

86 3355 192 3432 „eius
212 3366 324 3414 estre
357 3375 437 3413 num
459 3364 493 3411 ει
539 3350 699 3421 olentia,
722 3361 760 3410 et
778 3351 897 3433 gloria
917 3353 952 3410 in
979 3355 1135 3416 saecula
1154 3376 1227 3418 sae-

86 3431 288 3493 culorum.“
369 3451 419 3490 aec
447 3372 539 3489 sclicla
565 3426 779 3505 tranquillaque
801 3440 844 3488 est
868 3428 935 3487 fidei
956 3440 1078 3491 nostrae
1099 3436 1227 3514 requies:

86 3531 154 3569 narn
174 3508 198 3568 ai
219 3520 318 3568 nostra
340 3506 481 3589 dignitate
506 3516 622 3563 nostrae
643 3504 709 3562 lleo
737 3504 885 3564 orationes
905 3508 1164 3571 commendandae
1183 3532 1225 3571 es·

85 3598 170 3660 sent,
189 3584 253 3664 quis
272 3584 316 3642 vel
338 3585 444 3642 mutire
464 3601 562 3640 coram
585 3599 621 3639 eo
645 3580 784 3639 auderet?
822 3581 926 3652 Nunc,
953 3594 985 3641 ut
1009 3588 1172 3647 miserrimi
1190 3588 1227 3649 si·

84 3683 160 3736 mus,
180 3672 213 3720 ut
231 3660 362 3721 omniurn
382 3657 585 3739 indignissimi,
605 3668 637 3716 ut
657 3657 737 3715 omni
757 3657 1011 3718 commendatione
1033 3664 1133 3735 vacui,
1152 3686 1227 3725 nun·

85 3759 174 3819 quam
194 3750 291 3797 tamen
312 3736 490 3796 orandinus
511 3755 593 3794 causa
620 3733 750 3807 deficiet,
771 3755 919 3813 nunquam
943 3735 1047 3797 fiducia
1068 3738 1225 3801 destituet:

108 3815 206 3875 nando
222 3834 276 3874 nec
289 3813 367 3872 Patri
383 3802 484 3871 nostrd
496 3831 620 3892 regnum
640 3832 734 3883 suum,
754 3812 900 3890 putentia,
920 3809 1013 3894 gloria
1028 3814 1108 3894 eripi
1119 3828 1226 3897 potest.
1264 3866 1266 3877 .

115 3891 241 3952 dlinem
262 3889 393 3961 additur,
423 3889 547 3947 Amen:
579 3908 638 3965 quo
659 3886 748 3946 ardor
768 3887 903 3947 desiderii
923 3908 954 3946 err
978 3890 1114 3969 rimitur,
1146 3894 1224 3954 olsta'·

84 3966 175 4029 nendi
195 3986 271 4045 quae
290 3986 306 4025 a
326 3965 394 4025 Deo
415 3966 504 4044 petita
524 3975 606 4024 sunt:
638 3976 668 4023 et
687 3983 752 4041 spes
773 3976 873 4023 nostra
894 3911 1104 4043 conirmatur,
1125 3969 1224 4031 buius·

82 4044 165 4104 modi
185 4042 283 4103 omnia
310 4042 364 4101 iam
391 4042 545 4131 impetrata
571 4060 647 4113 csse,
679 4052 709 4097 et
739 4052 821 4099 certo
852 4041 938 4101 nobis
970 4062 1150 4107 concessum
1175 4046 1222 4107 iri:

84 4118 204 4199 qnando
224 4140 240 4179 a
259 4118 327 4180 Deo
368 4136 488 4177 romrssa
507 4129 591 4188 sunt,
610 4116 660 4196 qui
681 4113 782 4176 fallere
803 4137 862 4176 non
885 4128 991 4196 potest.
1043 4120 1083 4179 nr
1110 4144 1149 4184 ue
1169 4122 1222 4185 boc

24 4194 27 4201 ’
51 4260 54 4265 ,
82 4194 225 4257 convenit
249 4216 314 4255 curu
339 4139 389 4253 alla
410 4214 496 4273 quam
521 4195 600 4273 prius
631 4191 781 4252 retulimus
810 4192 948 4253 formulas
980 4194 1064 4269 „Fac
1124 4202 1223 4261 outre

81 4282 207 4353 propter
225 4290 334 4331 nomen
354 4282 455 4345 tuom,
485 4291 546 4330 non
580 4282 702 4349 propter
733 4291 788 4330 nos
813 4283 862 4329 aut
886 4269 1222 4337 iustitiam'nostrama“

80 4366 140 4429 qua
159 4366 220 4410 non
239 4358 353 4408 tantuma
374 4346 461 4407 finem
482 4359 619 4410 votorum
638 4366 759 4407 suorum
780 4347 946 4427 exprimunt
964 4351 1079 4428 sancti,
1104 4352 1159 4415 scd
1182 4352 1221 4415 ia·
