2700 4732
492 213 569 278 sss.
589 215 643 276 1v.
683 213 773 278 car.
793 214 864 280 vu.
953 286 957 295 ,
1189 219 1250 283 sss
1303 188 1309 211 '

108 324 255 435 fuissem,
275 360 311 421 ad
331 360 407 421 banc
426 380 488 421 rem
509 359 575 420 iore
594 360 734 436 idoneos,
758 372 846 443 rogat
863 370 898 421 ut
917 368 1041 441 propter
1058 359 1183 422 aliorum
1203 362 1249 423 vi·

109 439 190 499 tium
212 450 242 497 et
262 436 499 529 ineptitudinem,
517 436 703 517 gubernandi
713 437 789 498 vices
800 439 837 498 ad
856 456 889 499 se
906 437 1127 498 transferantur.
1154 437 1248 512 Quod

109 513 256 596 singulari
276 513 429 604 privilegio
450 526 480 572 et
499 525 576 572 extra
593 514 726 573 ordinem
746 513 867 592 petitur,
885 534 946 574 non
967 523 1012 573 est
1027 525 1107 574 certe
1119 533 1153 574 ex
1164 535 1248 577 eom·

110 591 200 651 annui
219 591 294 671 lege.
333 590 393 650 Ubi
414 591 471 649 hoe
490 601 603 650 tantum
617 589 801 668 praeteritur,
820 609 967 670 opuscsse
988 609 1069 650 noro
1081 590 1140 651 alio
1182 610 1247 650 rae·

110 668 198 740 side,
229 670 297 745 quia
323 686 355 726 se
377 667 454 725 male
479 677 628 747 gesserant
657 667 787 745 priores:
820 674 1052 745 constat'neque
1071 678 1139 727 aute
1159 612 1247 728 luisse

112 743 242 814 iactum,
271 763 368 821 neque
422 754 575 832 erpetuurn
605 761 667 801 esse
699 741 821 802 debere:
852 742 903 802 sed
929 742 1089 821 praesentis
1109 743 1248 805 duntaxat

112 819 241 899 periculi
265 819 371 878 intuitu
397 765 471 877 leri.
521 818 651 879 Primum
681 818 770 900 igitur
795 817 891 877 locum
918 817 1006 877 babet
1029 818 1059 878 iu
1081 818 1247 881 Chalcedo-

112 895 203 957 nensi
223 894 360 955 Concilio
379 895 517 954 Pontifex
537 894 701 969 Romanus,
732 914 793 954 nou
822 894 902 973 quod
926 893 988 954 sedi
1013 894 1070 955 ltoe
1093 895 1247 972 debeatur,

111 972 170 1033 sed
190 971 255 1050 quia
274 971 402 1050 synodus
422 971 502 1052 gravi
522 981 553 1029 et
572 982 642 1051 apto
656 969 842 1030 moderatore
855 969 1032 1044 destituitur,
1051 971 1119 1031 dum
1139 973 1159 1032 ii
1192 993 1247 1033 uos

113 1047 426 1185 tittn‘ttl‘tt‘ts
441 1045 1173 1184 tl‘ttt'ttl‘ttttltt‘ttlll‘tttzt
1188 1068 1247 1187 ll?

114 1199 208 1260 bavit.
248 1147 399 1278 Siquidelln
419 1146 506 1278 quurll
527 1199 563 1258 ad
584 1166 715 1279 quiritam
733 1199 877 1279 synodum
891 1145 1245 1276 Conuamtslapoltunlm,

113 1297 195 1356 quae
213 1276 304 1357 longo
325 1289 393 1355 post
411 1289 547 1356 tempore
567 1288 610 1336 est
630 1276 745 1350 habita,
776 1274 887 1356 legatos
915 1297 983 1337 suos
1008 1276 1152 1352 mitteret,
1182 1299 1246 1338 non
1299 1330 1303 1336 .

111 1355 225 1415 rixatus
245 1366 289 1412 est
308 1352 344 1412 de
363 1354 455 1432 prima
475 1352 559 1424 sede,
590 1352 641 1413 sed
660 1353 798 1412 lllennam
818 1351 1014 1413 Patriarcham
1035 1353 1247 1415 Constantino·

112 1428 281 1524 politanum
296 1430 466 1520 praesidere
493 1428 578 1520 facile
597 1450 695 1520 passus
715 1440 767 1488 est.
810 1428 855 1488 lta
879 1431 909 1487 in
931 1422 1068 1489 Concilio
1092 1428 1245 1507 Coniugi·

111 1506 427 1671 332thth
441 1504 1246 1671 lttlsslttttlttt‘,tltsltttltlttttn‘tt

113 1668 196 1721 esset
220 1659 256 1716 de
280 1658 406 1717 Romans
426 1658 577 1729 Pontificis
602 1659 788 1718 auctoritate.
840 1657 922 1730 Quin
947 1660 1033 1718 ctiam
1059 1657 1188 1719 habitum
1213 1661 1245 1721 in

111 1736 180 1817 ipsa
200 1734 283 1795 Italia
308 1736 364 1794 luit
383 1734 550 1794 Concilium
576 1734 737 1794 universale
762 1733 996 1813 (Aquileiense),
1025 1735 1072 1795 cui
1095 1735 1244 1798 Romanus

109 1809 272 1902 episcopus
296 1832 357 1871 non
387 1810 529 1871 interluit.
576 1811 715 1871 Praeerat
742 1810 930 1884 Ambrosius,
965 1809 1015 1890 qui
1038 1823 1110 1872 tune
1138 1811 1246 1894 insigni

109 1899 292 1949 auctorrtate
312 1887 444 1967 pollebat
469 1887 546 1967 apud
566 1888 735 1960 Caesarem,
766 1885 845 1946 nulla
869 1886 928 1947 illic
948 1887 1100 1949 Pontificis
1119 1887 1245 1948 Romani

111 1964 153 2025 fit
170 1964 291 2023 mentio.
329 1965 410 2044 Ergo
430 1975 501 2023 tune
520 1964 669 2023 Ambrosii
689 1964 831 2045 dignitate
850 1962 958 2024 sactum
978 1975 1033 2041 est,
1051 1975 1085 2025 ut
1102 1962 1246 2026 illustrior

112 2051 195 2101 estet
213 2040 440 2103 Mediolanensis
460 2041 543 2100 sedes
564 2063 648 2120 quarn
669 2039 812 2101 Romana.

194 2122 223 2182 a
262 2115 414 2190 Quantum
435 2116 470 2176 ad
490 2117 583 2208 ipsum
609 2115 723 2176 titulum
750 2117 905 2197 primatus,
937 2127 967 2178 et
991 2116 1063 2177 alios
1087 2117 1244 2197 superbiae

109 2191 229 2267 titulos,
248 2193 352 2272 quibus
371 2215 450 2254 nunc
469 2194 640 2253 mirabiliter
657 2213 689 2253 se
707 2193 805 2266 iactat,
824 2205 947 2254 nonest
967 2193 1085 2254 difficile
1104 2194 1244 2287 iudicare²

137 2270 236 2329 nando
257 2281 287 2329 et
306 2271 431 2349 qualiter
450 2269 645 2350 obrepserint.
684 2271 946 2350 Cyprianussaepe
967 2270 1098 2330 meminit
1109 2269 1245 2332 Cornelis

109 2290 183 2427 alb.
195 2352 223 2409 2
236 2347 320 2426 epist
328 2351 357 2408 2.
369 2359 399 2406 et
418 2346 468 2405 lib.
480 2352 508 2409 4.
529 2367 574 2426 ep.
586 2349 646 2424 6.):
667 2366 763 2426 neque
782 2346 841 2405 alio
861 2347 981 2407 nomine
1000 2348 1094 2427 ipsum
1113 2346 1233 2428 insignit

109 2444 203 2505 quam
224 2421 334 2497 fratris,
367 2435 418 2482 aut
436 2422 619 2502 coepiscopi,
643 2434 694 2482 aut
712 2422 852 2504 collegae.
903 2423 949 2489 Ad
971 2422 1023 2483 Ste
1046 2423 1151 2483 bonum
1171 2442 1247 2484 vero·

111 2519 207 2581 quum
219 2498 329 2571 scribit,
348 2498 482 2560 Cornelii
492 2519 700 2575 successorem,
721 2521 782 2559 non
802 2500 892 2560 modo
913 2519 979 2559 eum
998 2444 1053 2560 sili
1074 2510 1104 2559 et
1122 2499 1242 2580 reliquis

110 2574 1243 2733 tttttltt{tlttillt“tsl'ly‘ssttlllttttt‘ttttltl‘tt}

103 2730 265 2804 ,censuerit
283 2739 345 2788 tota
370 2727 489 2788 eeclesia
510 2730 659 2789 Africana.
704 2729 806 2788 Vetuit
829 2730 905 2788 enim
928 2728 1096 2789 Concilium
1116 2728 1243 2788 Cartba-

110 2803 241 2887 ginense
258 2806 337 2886 (cap.
355 2808 435 2882 42),
466 2825 504 2863 ne
529 2806 592 2884 quis
616 2806 756 2883 Princeps
783 2805 967 2864 sacerdotum
992 2816 1160 2877 vocaretur,
1191 2814 1243 2864 aut

111 2880 229 2963 primns
259 2880 425 2961 episcopus:
456 2881 506 2941 sed
535 2893 647 2940 tantum
679 2883 790 2961 primae
813 2881 888 2940 sedis
912 2880 1073 2960 episcopus.
1125 2879 1242 2954 Quodsi

110 2957 273 3019 vetustiora
292 2970 480 3017 monumenta
500 2959 562 3035 quis
583 2956 714 3032 evolvat,
748 2959 874 3036 reperiet
900 2957 1047 3016 communi
1072 2956 1169 3017 fratris
1187 2977 1243 3036 ap·
1330 3032 1333 3037 Ι

109 3031 273 3117 pellatione
285 3047 455 3094 contentum
475 3047 545 3093 tunc
567 3035 653 3093 luisse
664 3036 828 3093 llomanum
842 3033 1018 3113 episcopum.
1040 3031 1130 3094 Certe
1141 3055 1243 3113 quam·

111 3109 167 3171 diu
187 3110 301 3170 duravit
318 3110 455 3171 ecclesiae
474 3132 540 3169 vera
562 3122 590 3168 et
610 3131 681 3189 pura
702 3111 800 3183 iacies,
819 3110 873 3170 ista
893 3110 992 3169 omnia
1009 3109 1165 3189 superbiae
1184 3129 1242 3170 no·

110 3185 206 3259 anina,
219 3187 324 3265 quibus
344 3188 519 3247 insolescere
533 3199 631 3266 postea
644 3188 743 3321 coepit
761 3187 893 3247 Karmana
913 3184 1006 3257 sedes,
1025 3205 1143 3265 prorsus
1157 3196 1242 3247 erant

108 3263 258 3324 inaudita:
279 3264 348 3344 quid
369 3277 444 3324 esset
462 3285 587 3323 summus
600 3263 689 3323 Ponti
702 3285 745 3335 ex,
766 3276 795 3323 et
815 3264 931 3323 unicum
944 3262 1084 3322 ecclesiae
1103 3264 1133 3321 in
1152 3264 1241 3324 terris

111 3350 216 3418 caput,
234 3341 425 3400 nesciebatur.
467 3340 581 3413 Quodsi
602 3339 659 3398 tale
670 3341 740 3431 quid
760 3359 874 3400 suasere
894 3338 948 3399 sibi
968 3359 1053 3398 ausus
1067 3338 1242 3400 luissetllo·

109 3434 218 3477 manus
236 3416 403 3497 episcopus,
424 3429 507 3476 erant
532 3416 642 3476 cordati
662 3418 715 3477 vrri
735 3418 784 3496 qui
810 3438 875 3479 mos
895 3417 955 3474 eius
974 3415 1124 3475 stultitiam
1144 3416 1241 3497 repri-

107 3501 240 3553 merent.
276 3492 473 3572 Hieronymus
486 3516 573 3572 quum
584 3493 733 3553 Romanus
754 3490 1007 3573 essetpresbyter,
1024 3513 1085 3551 non
1097 3491 1240 3574 malignus

109 3568 219 3629 tuitio
239 3571 431 3648 praedicanda
453 3571 589 3629 ecclesiae
609 3589 676 3629 suae
696 3569 853 3651 dignitate,
879 3580 1018 3648 quantum
1045 3589 1090 3628 res
1110 3579 1140 3626 et
1166 3581 1240 3628 tem·

109 3664 220 3738 porum
244 3657 335 3706 status
381 3647 559 3706 atiebautur:
586 3646 714 3705 videmus
738 3659 835 3705 mmen
861 3646 985 3725 qualiter
1010 3645 1101 3724 ipsam
1121 3664 1240 3735 quoque

106 3741 145 3783 art
165 3720 300 3810 ordinem
321 3668 443 3803 resligat.
483 3723 537 3797 „Si
547 3723 701 3782 auctoritas
711 3725 869 3801 quaeritur,
889 3720 997 3799 (iuquit
1018 3741 1063 3799 ep.
1073 3720 1109 3781 ad
1119 3721 1240 3802 luvagr.)

105 3795 215 3876 „orbis
236 3800 328 3858 maior
348 3813 391 3859 est
411 3799 492 3859 urbe.
537 3799 617 3872 Quid
643 3799 712 3857 mihi
737 3800 850 3878 profers
875 3797 959 3857 unius
983 3797 1064 3856 urbis
1083 3809 1241 3858 consuetu·

105 3873 252 3951 „dinemi'
282 3876 352 3953 quid
373 3880 545 3955 paucitatem
567 3877 602 3934 de
622 3897 678 3954 qua
700 3887 797 3934 ortum
818 3887 861 3935 est
880 3872 1082 3952 supercilium,
1107 3874 1138 3933 in
1159 3874 1239 3965 leges

105 3949 276 4029 „ecclesiae
297 3952 443 4011 vindicas?
484 3952 599 4011 Ubicun
623 3971 658 4010 ue
680 3950 1020 4031 sucritepiscopussive
1040 3948 1239 4024 Romae,s1ve

105 4026 272 4105 „Eugubii,
291 4027 350 4086 sive
371 3973 646 4107 Constantinopoli,
665 4030 723 4088 sive
743 4027 864 4108 Rbegii,
884 4026 1011 4086 eiusdem
1031 4029 1127 4085 meriti
1147 4038 1191 4085 est
1210 4037 1241 4086 et

106 4102 263 4179 „eiusdem
281 4105 445 4164 sacerdotii.
487 4104 624 4165 Potentia
645 4105 824 4177 divitiarum,
848 4116 878 4162 et
897 4103 1076 4183 paupertatis
1095 4101 1240 4165 humilitas

105 4180 316 4257 „superiorem
337 4180 383 4239 vel
402 4181 571 4240 inferiorem
592 4180 759 4260 episcopum
780 4202 841 4240 non
863 4181 960 4240 sacit“

189 4263 217 4317 4.
255 4256 302 4314 De
322 4257 411 4317 titulo
431 4257 600 4318 universalis
625 4257 754 4337 episcopi
774 4257 948 4339 Gregorii
968 4255 1085 4316 demum
1105 4266 1240 4336 tempure

109 4341 214 4393 esurta
246 4344 290 4396 est
320 4332 489 4397 eontentio:
518 4334 566 4396 cui
595 4335 780 4397 sermionem
810 4334 947 4416 praebuit
973 4332 1095 4402 ambitio
1118 4332 1241 4399 loannis
