2700 4732
105 195 165 257 att
495 188 572 251 bill.
591 189 647 250 lll.
688 190 777 253 CAP.
798 188 838 249 ll.

108 354 169 396 non
189 332 247 395 alio
267 333 363 394 tendit
382 334 435 394 nisi
448 345 480 394 ut
492 353 642 414 perversas
654 333 877 394 dubitationese
895 332 1033 394 cordibus
1052 333 1160 395 nostris
1179 354 1241 396 era·

107 411 194 472 dicet.
233 409 311 471 Sunt
330 411 421 470 etiani
437 409 585 489 permulti,
605 410 656 490 qui
676 402 734 470 Dei
753 408 980 471 misericordiam
997 410 1038 470 sic
1058 411 1241 491 concipiunt,

108 498 246 580 utquam
267 486 416 545 minimum
437 485 649 547 consolationis
668 487 736 547 inde
756 487 913 567 recipiant:
930 484 1018 546 simul
1039 488 1116 545 enim
1135 489 1241 549 misera

107 572 252 623 anxietate
271 563 529 644 constringuntur,
549 562 618 622 dum
638 562 773 623 dubitant
791 584 828 622 an
848 562 1012 622 misericors
1031 562 1086 625 sibi
1105 562 1144 624 ait
1163 562 1241 624 lutn·

91 660 171 699 rus:
192 637 259 718 qnia
279 637 358 698 illam
378 638 479 719 ipsam,
499 638 535 697 de
555 659 611 718 qua
632 639 837 718 persuasissimi
856 638 912 698 sibi
938 639 1084 715 videntur,
1110 640 1242 701 clemen*

105 715 177 776 tiam
190 714 310 775 nimium
330 715 440 797 exiguis
459 715 564 775 linibus
584 717 753 775 terminant.
790 715 908 774 Etenim
927 714 968 773 ita
980 735 1078 774 secum
1091 728 1242 795 reputant,

107 811 241 874 magnam
261 790 378 869 quidem
400 811 463 852 eam
484 811 545 851 esse
566 803 596 850 et
615 790 774 872 copiosam,
794 791 916 851 ellusam
936 792 966 851 in
985 790 1103 866 multos,
1123 792 1239 853 obviam

108 869 244 929 omuibus
264 879 295 927 et
313 879 458 946 par-atam:
479 868 529 927 sed
556 868 700 927 incertum
726 887 788 927 esse
813 888 849 927 an
871 867 906 926 ad
927 887 966 926 se
973 887 1096 1000 ¹quoqne
1116 888 1241 949 perren-

82 957 172 1006 'tura
191 944 243 1005 sit:
262 943 309 1002 vel
349 944 427 1004 otius
446 964 482 1003 an
503 944 562 1004 sint
581 943 617 1003 ad
644 963 706 1003 eam
735 943 915 1022 perventuri.
1003 962 1055 1002 aee
1086 945 1241 1026 cogitatio,

106 1042 196 1101 quum
215 1020 245 1079 in
266 1039 314 1079 me
336 1021 364 1080 io
385 1040 471 1081 cursu
491 1020 614 1094 resistat,
633 1016 751 1079 dimidia
770 1031 883 1080 tantum
903 1030 956 1079 est.
983 1019 1087 1097 ltaque
1108 1042 1169 1080 non
1181 1031 1241 1080 tam

106 1086 240 1158 secura's
263 1096 362 1155 iritum
382 1095 592 1176 tranquillitate
617 1096 784 1172 confirmat,
813 1117 899 1174 quam
929 1096 1087 1175 irrequieta
1117 1095 1242 1156 baesita-

107 1176 191 1233 tione
208 1116 355 1233 sollicitat
393 1172 498 1254 Longe
517 1183 561 1232 est
580 1171 652 1232 alins
667 1191 768 1232 sensns
780 1175 980 1245 πληροφορίας,
1000 1171 1241 1251 quaefideisern-

16 1262 29 1281 ⁸
106 1268 161 1330 per
178 1249 209 1308 in
230 1247 388 1329 Scriptnris
407 1246 561 1308 tribuitur:
594 1266 699 1329 nempe
731 1248 781 1328 qui
806 1247 863 1306 Dei
894 1246 1057 1308 bonitatem
1087 1249 1241 1329 perspicue

106 1324 192 1387 nobis
211 1326 393 1418 propositam
413 1336 491 1384 extra
511 1324 631 1384 dubium
652 1334 754 1404 ponat.
778 1324 828 1383 ,td
847 1335 943 1383 autem
963 1324 1026 1382 lieri
1047 1325 1150 1404 nequit
1168 1326 1239 1404 quin

107 1403 169 1462 eins
199 1412 370 1461 suavatatem
400 1421 469 1461 rere
500 1401 673 1474 sentiamus,
709 1411 739 1457 et
771 1401 953 1479 experiamur
980 1403 1010 1458 in
1044 1402 1129 1461 nobis
1161 1400 1238 1480 ipsis·

107 1476 210 1569 Quare
229 1474 390 1555 Apostolus
410 1496 443 1536 ex
462 1475 520 1536 fide
540 1474 659 1534 deducit
678 1475 822 1549 fiduciam,
841 1485 872 1534 et
891 1496 925 1534 ex
945 1474 997 1535 bac
1015 1498 1130 1536 rursum
1150 1474 1242 1536 auda·

106 1573 189 1613 cram.
223 1551 275 1612 Sic
294 1551 372 1611 enim
393 1551 539 1632 loquitur,
570 1571 623 1632 per
642 1551 791 1610 Christum
812 1572 867 1612 nos
887 1549 996 1611 habere
1015 1553 1178 1627 audaciam,
1210 1563 1241 1613 et

105 1629 215 1688 aditum
236 1628 265 1688 in
286 1627 402 1704 fiducia,
422 1648 495 1708 quae
516 1640 561 1688 est
578 1648 634 1709 per
652 1627 739 1687 fidem
755 1627 832 1688 illius
852 1629 943 1708 (Apu.
962 1630 1082 1707 3,12.).
1122 1628 1241 1703 Quibus

105 1725 176 1766 sane
192 1704 291 1766 verbis
311 1704 451 1779 ostendit,
470 1725 530 1765 nou
551 1723 613 1765 esse
632 1715 742 1764 rectam
761 1704 866 1777 fidem,
887 1705 941 1764 nisi
961 1725 1050 1784 qunrn
1076 1703 1242 1785 tranquillis

104 1781 207 1842 animis
227 1780 365 1841 audemus
385 1801 440 1842 nos
466 1780 496 1839 in
523 1791 716 1861 conspectum,
743 1779 801 1839 Dei
830 1780 943 1841 sistere.
1002 1779 1088 1854 Quae
1121 1780 1241 1841 audacia

105 1858 223 1918 nonnisi
244 1877 277 1916 ex
306 1857 419 1918 divinae
440 1855 663 1920 benevolentiae
686 1855 845 1937 salutisque
869 1867 949 1917 certa
976 1857 1080 1917 fiducia
1101 1858 1239 1918 nascitur.

106 1933 294 2010 Quod'adeo
323 1954 423 1994 verum
455 1945 514 2006 est,
544 1945 578 1992 ut
607 1931 788 2012 saepiuscule
817 1953 873 2014 pro
902 1932 1009 1995 bducia
1040 1953 1149 2011 nomen
1168 1932 1240 1995 fidei

105 2023 271 2072 uincetur.
1136 2032 1139 2037 ·

176 2031 228 2153 bd·
266 2087 324 2146 Hic
364 2085 517 2167 raecipuns
536 2085 604 2144 fidei
624 2083 713 2146 sardo
733 2085 865 2160 vertitur,
886 2104 924 2144 ne
943 2106 1013 2165 quas
1023 2085 1170 2147 Dominus
1184 2085 1238 2147 'ol-

105 2164 164 2224 lert
183 2107 399 2224 misericordiae
419 2162 639 2242 promissiones,
660 2173 744 2233 extra
765 2182 819 2222 nos
838 2173 952 2221 tantum
977 2184 1058 2223 veras
1078 2182 1140 2223 esse
1159 2163 1239 2223 arbi·

104 2251 233 2315 tremur,
263 2239 294 2298 in
323 2239 409 2301 nobis
434 2239 567 2298 minime:
596 2240 647 2298 sed
673 2249 707 2296 ut
725 2239 823 2329 potius
843 2257 890 2298 eas
910 2239 988 2298 intus
1008 2238 1236 2321 complectendo

105 2326 219 2377 nostras
239 2316 386 2377 iaciamus.
425 2316 504 2374 Hinc
524 2314 641 2375 demum
661 2327 788 2375 nascitur
807 2313 980 2388 liduciailla,
999 2336 1085 2394 quana
1105 2315 1175 2377 alibi
1206 2336 1238 2378 a·

105 2412 169 2451 cem
188 2393 266 2453 idem
285 2403 371 2452 vocat
389 2392 490 2470 (Rom.
510 2398 539 2467 5,
559 2395 603 2466 1.)
637 2391 690 2450 nisi
713 2393 762 2471 qui
783 2410 884 2470 pacem
905 2391 1037 2450 derivare
1057 2393 1126 2453 inde
1145 2335 1237 2453 malit.

104 2468 158 2528 Est
176 2480 273 2528 autem
292 2468 441 2542 securitas,
460 2488 534 2547 quae
555 2467 762 2528 conscientiam
781 2487 880 2526 coram
902 2466 958 2525 Dei
979 2468 1087 2529 indicio
1106 2467 1189 2529 sedat
1207 2480 1239 2528 et

104 2557 237 2608 serenat:
268 2544 331 2607 sine
361 2565 416 2624 qua
445 2543 622 2605 tumultuosa
648 2543 845 2622 trepidatione
869 2542 878 2600 i
900 2564 959 2603 sam
980 2545 1074 2606 vexari
1095 2555 1126 2605 et
1142 2546 1236 2625 paene

105 2620 237 2682 dilaniari
263 2640 381 2681 necesse
408 2632 467 2692 est,
495 2619 550 2679 nisi
570 2620 648 2680 sorte
667 2620 726 2679 Dei
747 2632 777 2680 et
796 2620 840 2679 sui
866 2564 958 2679 oblita
989 2621 1024 2679 ad
1055 2630 1235 2680 momentum

105 2697 314 2758 obdormiscat.
352 2694 392 2756 Et
410 2715 479 2759 vere
498 2697 534 2756 ad
554 2709 750 2757 momentum:
773 2716 868 2775 neque
889 2698 965 2754 enim
987 2697 1035 2756 diu
1056 2696 1160 2757 fruitur
1178 2697 1237 2775 mi-

104 2795 168 2835 sera
189 2774 237 2836 illa
257 2772 421 2849 oblivione,
441 2773 512 2854 quin
532 2773 672 2833 memoria
693 2773 782 2831 divini
803 2771 899 2830 iudicii
920 2773 1044 2831 subinde
1066 2785 1239 2834 recurrente

103 2855 246 2913 acerrime
266 2850 439 2911 lancinatur.
488 2849 525 2908 In
545 2871 670 2923 summa,
690 2869 761 2907 vere
780 2846 873 2908 tidelis
895 2870 955 2908 non
976 2863 1020 2909 est
1040 2851 1095 2909 nisi
1117 2851 1167 2930 qui
1186 2870 1236 2911 so·

104 2927 163 2988 lida
183 2927 372 3010 persuasione
391 2925 489 2995 Deum
512 2925 568 2985 sibi
601 2926 761 3006 propitium
787 2925 1021 3005 benevolumque
1040 2939 1156 3018 patrem
1175 2942 1240 2987 esse

57 3050 59 3055 .
104 3025 276 3086 persuasus,
292 3005 328 3062 de
349 3003 409 3063 eins
430 3002 613 3094 benignitate
634 3003 731 3061 omnia
751 3001 806 3061 sibi
826 3000 996 3077 pollicetur:
1018 3005 1072 3061 nisi
1092 3003 1142 3081 qui
1163 3003 1239 3063 divi·

105 3102 160 3144 nae
181 3103 250 3163 erga
268 3100 299 3141 se
319 3078 544 3140 benevolentiae
563 3076 804 3170 promissionibus
824 3080 930 3154 fretus,
950 3079 1140 3138 indubitatam
1160 3079 1240 3140 salu·

105 3160 141 3219 tis
162 3155 408 3239 exspectationem
434 3168 605 3234 praesumit:
632 3166 664 3213 ut
683 3155 845 3233 Apostolus
871 3153 913 3215 bis
938 3155 1034 3214 verbis
1054 3155 1240 3216 demonstrat

103 3236 214 3370 qllebr.
232 3241 267 3309 3,
286 3234 363 3310 at.):
395 3232 451 3306 „Si
470 3232 604 3292 fiduciam
624 3241 655 3290 et
673 3230 878 3312 gloriationem
898 3232 960 3311 spei
979 3232 1015 3291 ad
1037 3232 1124 3291 finem
1144 3252 1241 3312 usque
1304 3262 1307 3267 ·

126 3331 216 3371 emam
235 3310 445 3369 tenuerimus.“
491 3308 542 3368 Sic
562 3307 640 3367 enim
659 3328 720 3366 non
742 3306 819 3365 bene
838 3327 955 3385 sperare
975 3310 1003 3367 in
1025 3308 1155 3368 Domino
1178 3310 1240 3371 eab-

103 3391 217 3462 stimat,
243 3386 298 3446 nisi
318 3385 368 3464 qui
388 3382 572 3445 confidenter
595 3403 626 3443 se
647 3383 731 3464 regni
750 3383 885 3443 coelestis
904 3384 1060 3445 haeredem
1081 3384 1239 3478 glorietur.

105 3463 231 3537 Fidelis,
260 3463 394 3541 inquam,
425 3482 486 3519 non
513 3471 558 3521 est
581 3460 637 3519 nisi
659 3459 709 3539 qui
735 3479 803 3519 suae
823 3459 919 3521 salutis
944 3462 1092 3522 securitati
1113 3462 1239 3538 innixus,

105 3538 225 3600 diabolo
246 3549 277 3597 et
295 3539 383 3597 morti
409 3536 593 3597 confidenter
617 3536 752 3609 insultet,
776 3538 926 3615 quomodo
952 3558 987 3597 ex
1012 3539 1160 3618 praeclaro
1183 3539 1239 3601 illo

104 3615 188 3677 Pauli
209 3613 435 3695 epiphonemate
455 3613 603 3674 docemur.
642 3612 800 3689 „Confisus
819 3633 882 3672 snm
902 3613 1013 3693 (inquit
1032 3615 1117 3674 Rom.
1132 3621 1163 3690 8,
1173 3616 1240 3692 38)

104 3691 206 3773 „quod
226 3709 322 3770 neque
341 3710 438 3765 mors,
457 3709 555 3769 neque
573 3692 647 3762 vita,
666 3708 764 3768 neque
784 3688 897 3770 angeli,
925 3709 1022 3770 neque
1047 3691 1241 3771 principatus,

103 3789 222 3859 „neque
242 3776 419 3847 potestates,
439 3786 536 3846 oeque
554 3767 733 3846 praesentia,
753 3785 849 3857 neque
870 3766 966 3826 lutura
985 3778 1126 3858 poterunt
1145 3787 1200 3827 nos
1221 3789 1241 3829 a

126 3857 244 3907 cantate
256 3843 314 3903 Dei
333 3840 482 3916 divellere,
501 3863 557 3921 qua
576 3862 631 3902 nos
651 3841 858 3922 complectitur
877 3843 907 3902 in
921 3844 1040 3903 Cbrssto
1060 3843 1158 3903 lesu.“
1185 3844 1239 3906 Sic

104 3924 182 3985 adem
202 3916 362 4000 Apostolus
382 3938 444 3979 uon
464 3919 550 3989 aliter
568 3918 720 3993 existimat,
739 3917 816 3977 bene
836 3916 991 3978 illuminari
1011 3920 1112 3980 oculos
1133 3921 1240 3982 mentis

105 4008 234 4073 nostrae,
253 3994 309 4056 uisi
327 4015 479 4056 cernamus
498 3994 629 4074 quaesit
648 4015 713 4073 spes
731 4005 869 4054 aeternae
889 3995 1084 4070 baereditatis,
1103 3995 1239 4075 adquam

104 4075 201 4138 vocati
220 4094 318 4134 sumus
336 4072 377 4150 (E
399 4070 427 4130 h.
447 4071 571 4147 1,18.).
621 4069 662 4129 Et
681 4069 790 4149 ubique
810 4070 852 4130 sic
872 4072 975 4147 docet,
999 4084 1032 4131 ut
1050 4072 1156 4133 innuat
1174 4094 1238 4133 non

104 4152 183 4213 bene
201 4150 287 4210 aliter
301 4147 359 4208 Dei
378 4091 539 4210 bonitatem
561 4169 576 4208 a
597 4144 683 4209 nobis
703 4146 926 4226 comprehendi,
946 4148 1134 4233 nisimaqnae
1152 4169 1239 4213 secu·

105 4227 197 4291 sitatis
217 4227 344 4289 fructum
363 4223 432 4288 iude
452 4222 633 4307 colligamus.
