2700 4732
999 124 1033 163 a·

479 194 628 257 ttulit.
669 192 858 257 CARllllb
970 186 972 190 ⁴
1186 198 1245 261 tw

105 337 368 420 pollicitationem,
391 357 465 417 quae
489 359 581 402 noea
604 337 730 399 veritate
748 336 808 398 Dei
831 335 997 413 abstrahit,
1014 349 1081 413 aut,
1100 337 1124 399 si
1143 339 1244 414 mavis,

107 416 207 478 oleum
226 415 353 476 Diaboli
367 414 712 498 mendaciopollutum,
741 414 840 494 quod,
863 413 947 476 velut
970 413 1075 477 oliuris
1099 413 1244 493 tenebris,

107 491 283 568 simplicium
303 506 415 553 mentes
436 493 521 553 fallit.
693 532 696 539 ι
831 534 834 541 1
985 528 988 534 ·

181 575 213 634 9.
250 567 373 629 Addunt
403 581 572 648 praeterea,
602 566 703 629 fideles
730 586 833 629 omues
858 566 880 628 S
904 566 1005 627 iritum
1031 579 1165 629 sanetum
1189 589 1245 647 per

104 650 245 705 manuum
264 644 481 726 impositionem
500 648 635 734 accipere
655 644 765 705 debere
791 655 860 724 post
877 589 1074 724 Captismnm,
1106 656 1139 705 ut
1159 644 1245 737 pleni

107 720 267 783 Christiani
292 722 494 796 inveniantur,
527 743 594 800 quia
626 742 775 799 nunquam
802 721 860 783 erit
883 719 1084 795 Christianus,
1113 721 1167 781 nisi
1192 722 1245 842 gui

106 798 330 860 confirmatione
343 798 502 879 episcopali
523 798 613 857 suerit
624 797 815 860 Chrismatus.
853 797 936 858 llaec
954 797 998 856 illi
1015 796 1187 859 adverbum
1219 800 1245 890 ).

107 875 202 964 Atqui
221 874 375 954 putabam,
406 894 597 954 quaecunque
618 874 655 934 ad
675 873 928 935 Christianismum
948 874 1115 953 pertinent,
1145 895 1246 936 omnia

106 950 267 1030 Scripturis
297 951 457 1030 raescripta
468 973 502 1012 ac
513 952 725 1041 comprehensa
737 970 809 1011 esse.
840 950 938 1023 Nune,
954 962 989 1010 ut
999 949 1097 1023 video,
1114 950 1244 1029 aliunde,

130 1048 196 1087 uam
216 1047 249 1087 ex
264 972 435 1119 Scripturis,
452 1048 520 1090 vera
540 1026 691 1109 religionis
711 1026 806 1088 lorma
824 1027 952 1108 petenda
973 1028 1170 1107 discendaqoc
1191 1039 1245 1089 est.

140 1103 167 1163 ei
187 1123 260 1185 ergo
282 1104 443 1184 sapientia,
469 1104 604 1166 coelestis
623 1104 744 1179 veritas,
766 1115 831 1164 tots
856 1102 967 1164 Christi
991 1103 1127 1163 doctrina
1157 1103 1251 1164 chri-1

107 1180 216 1241 stianos
236 1182 374 1241 duntaxat
390 1180 526 1241 inchoat:
547 1181 644 1240 oleum
665 1179 791 1259 perlicit.
829 1180 894 1240 llac
912 1179 1264 1257 sententiadamnantnr'

107 1276 210 1318 omues
229 1257 367 1338 Apostoli
391 1268 491 1317 ettot
510 1257 672 1338 Martyres,
693 1275 767 1335 quos
793 1276 942 1336 nunquam
963 1255 1054 1316 luisse
1072 1256 1246 1319 chrismatos

107 1345 190 1394 certo
211 1336 318 1394 certius
338 1345 397 1408 est,
418 1333 535 1412 quando
557 1332 689 1393 nundum
710 1344 773 1394 erat
792 1331 901 1393 iactum
921 1331 1032 1403 oleum,
1052 1354 1111 1412 quo
1131 1333 1246 1412 periuri

106 1428 209 1470 omnes
230 1410 443 1471 Christianismi
467 1429 606 1491 numeros
629 1409 789 1489 implerent
812 1408 861 1469 rel
885 1409 984 1490 potius
1006 1409 1168 1470 Christiani
1192 1409 1246 1470 fie-

106 1496 189 1562 rent,
209 1487 260 1566 qui
278 1487 412 1546 nondum
432 1497 524 1545 erant.
555 1486 678 1561 Verum,
699 1497 732 1544 ut
750 1496 872 1559 taceam,
891 1484 1011 1544 abunde
1029 1506 1061 1545 se
1081 1487 1138 1566 ipsi
1156 1486 1248 1546 reiel·

106 1561 181 1621 lunt.
222 1563 354 1637 Quotam
364 1562 442 1623 enim
458 1560 566 1653 populi
583 1564 626 1623 sui
646 1573 758 1642 partem
775 1561 1037 1652 postBnptismum
1057 1563 1247 1644 perungunt?

107 1660 160 1700 cur
180 1638 269 1720 igitur
289 1641 438 1719 patiuntur
457 1660 487 1698 tn
507 1659 561 1698 suo
573 1659 665 1722 grege
685 1638 757 1699 tales
775 1637 1035 1713 semichristianos,
1055 1640 1247 1717 quorumim-

107 1715 286 1794 perfectioni
306 1715 416 1775 mederi
437 1712 522 1775 iacile
540 1714 619 1775 erat?
641 1736 694 1776 eur
714 1727 772 1775 tam
791 1737 825 1774 su
848 1715 951 1775 inane
973 1712 1248 1796 ligentiaomittere

107 1811 159 1850 eos
178 1791 293 1866 sinunt,
324 1792 404 1871 quod
429 1791 526 1852 omitti
546 1794 609 1851 sine
629 1792 710 1875 gravi
735 1737 851 1872 piaculi>
871 1810 933 1851 nou
952 1733 1081 1852 iectast
1111 1813 1164 1852 cur
1182 1812 1257 1853 uon·

108 1868 236 1928 severius
255 1869 375 1951 exigunt
400 1889 465 1928 rem
482 1868 556 1928 adeo
576 1868 767 1928 necessariam
787 1878 818 1928 et
842 1867 905 1927 sine
925 1888 984 1946 qua
1010 1866 1087 1929 salus
1112 1867 1246 1929 obtineri

108 1964 169 2003 non
183 1956 292 2023 potest,
313 1945 367 2005 niu
386 1945 464 2006 iurte
477 1944 541 2023 quis
560 1944 655 2004 subita
667 1956 763 2004 morte
783 1943 971 2036 praepeditus
987 1942 1094 2006 luerit?
1113 1944 1247 2022 Scilicet,

108 2018 177 2079 dum
197 2019 238 2081 ita
258 2021 382 2082 licenter
392 2019 544 2083 contemni
556 2020 716 2101 patiuntur,
735 2032 824 2081 tacite
836 2022 977 2095 latentur,
997 2041 1058 2080 non
1079 2022 1154 2082 tanti
1172 2041 1248 2100 esse,

107 2098 209 2176 quanti
229 2099 387 2159 venditant

184 2180 231 2239 10.
269 2174 426 2235 Postremo
452 2173 650 2235 constituunt:
674 2195 784 2235 sacram
803 2173 878 2234 hane
899 2173 1071 2234 unctionem
1092 2173 1197 2235 maiori
1215 2174 1246 2236 in

107 2251 296 2312 veneratione
315 2250 479 2311 habendam
496 2270 568 2324 esse,
587 2271 674 2329 quam
684 2251 875 2342 Baptismum,
893 2248 975 2330 quod
995 2249 1044 2310 illa
1064 2272 1246 2312 summorum

107 2327 287 2390 Pontificum
306 2327 440 2388 manibus
481 2328 652 2387 eculiariten
665 2327 897 2403 administratur,
915 2327 958 2386 Ba
981 2328 1082 2389 tismus
1100 2327 1136 2388 ah
1150 2329 1248 2390 omni·

107 2403 163 2464 bus
182 2404 341 2486 vulgariter
364 2394 445 2465 sacer
466 2403 564 2464 otihus
585 2403 768 2465 distribuitur
792 2408 871 2484 (cap.
891 2405 941 2464 De
961 2347 1095 2465 hisvero
1117 2405 1180 2465 ead.
1201 2406 1246 2466 di·

107 2482 229 2558 stinct).
270 2481 351 2554 Quid
372 2481 419 2542 hic
439 2482 532 2556 dicas,
557 2483 611 2542 nisi
632 2480 719 2559 planc
745 2481 872 2541 furiosos
892 2500 973 2554 esse,
993 2480 1043 2558 qui
1063 2480 1122 2541 suis
1141 2481 1246 2543 inven-

107 2557 237 2619 tionibus
258 2560 297 2618 ita
317 2558 518 2628 blandiuntur,
537 2571 572 2620 ut
589 2577 660 2639 prae
680 2557 748 2637 ipsis
761 2570 959 2619 merosauctas
972 2557 1030 2616 Dei
1041 2557 1246 2620 institutiones

107 2655 211 2695 secure
235 2636 445 2696 contemnant?
494 2635 537 2695 Os
561 2634 751 2716 sacrilegum,
781 2645 853 2694 tune
885 2634 1096 2714 pinguedinem
1127 2634 1246 2694 ioetore

109 2713 249 2771 duntaxat
266 2712 409 2771 anhelitus
429 2714 471 2771 tui
491 2713 672 2791 inquinatam
692 2721 722 2769 et
744 2711 903 2770 verborum
922 2728 1073 2768 murmure
1093 2709 1246 2770 incantata·
1339 2733 1346 2757 ι

108 2799 167 2846 tam
198 2788 285 2846 audes
317 2787 426 2847 Christi
453 2789 643 2846 Sacramento
674 2805 830 2865 opponere
862 2797 892 2845 et
916 2784 1054 2847 conferre
1082 2806 1146 2846 cum
1172 2808 1246 2848 aua

109 2861 204 2924 verbo
225 2863 283 2921 Dei
302 2863 498 2922 sanctificata?
548 2864 589 2922 At
614 2883 716 2940 parum
737 2861 794 2922 huc
818 2862 912 2942 ipsum
932 2872 996 2920 erat
1015 2873 1082 2921 tuae
1102 2863 1198 2941 impro
1221 2862 1246 2922 i·

108 2939 170 3013 tati,
190 2939 243 2999 nisi
264 2939 351 2998 etiam
372 2936 544 3018 praeferres.
582 2941 665 2998 Haec
684 2948 752 2996 sunt
771 2951 888 2997 sanctae
907 2938 984 2998 sedis
1003 2958 1153 3017 responsa,
1174 2940 1246 3001 haec

108 3014 275 3095 Apostolici
295 3014 418 3093 tripodis
437 3015 564 3075 oracula.
603 3012 668 3073 Sed
685 3013 802 3092 quidam
821 3034 924 3073 eorum
945 3013 1037 3088 banc,
1056 3036 1105 3075 sua
1148 3037 1246 3095 unque

108 3094 263 3171 opinione,
284 3090 427 3150 effrenem
448 3091 587 3152 insaniam
600 3103 765 3181 coeperunt
782 3088 901 3170 paulum
915 3091 1061 3150 moderari
1073 3037 1246 3169 (ciqLomb.

111 3171 194 3232 Sent.
216 3168 267 3228 lib.
287 3177 315 3233 4.
336 3167 401 3228 dist.
421 3173 448 3232 7.
470 3190 494 3228 c.
514 3170 568 3245 2.).
607 3164 724 3240 Maiori,
743 3167 892 3247 inquiunt,
910 3168 1102 3229 veneratione
1120 3169 1247 3231 colenda

111 3259 171 3319 est,
198 3246 275 3307 sorte
296 3266 357 3305 nou
379 3244 417 3302 ob
439 3244 582 3305 maiorem
599 3245 736 3305 virtutem
757 3256 789 3303 et
808 3243 973 3321 utilitatem,
993 3265 1079 3325 quam
1099 3246 1247 3322 conferat,

109 3323 160 3383 sed
182 3325 248 3402 quia
268 3344 284 3383 a
305 3320 490 3402 dignioribus
510 3322 595 3380 datur
619 3331 650 3381 et
674 3319 704 3378 in
725 3320 852 3401 digniori
879 3333 962 3400 parte
981 3323 1115 3400 corporis
1135 3321 1185 3396 lit,
1215 3324 1246 3385 id

112 3411 156 3458 est
175 3403 205 3457 in
227 3401 341 3472 fronte,
372 3395 417 3457 vel
437 3398 504 3477 quia
526 3398 617 3459 maius
637 3418 673 3457 au
697 3410 827 3456 mentum
848 3397 986 3456 virtutum
1007 3409 1150 3476 praestat,
1176 3399 1247 3460 lieet

111 3476 275 3554 Baptismus
296 3474 360 3553 plus
381 3473 415 3534 ad
435 3475 636 3534 remissionem
647 3416 752 3534 vaieat.
781 3473 892 3532 Verum
913 3473 1005 3552 prima
1018 3474 1246 3536 rationeuonue

110 3571 143 3612 se
163 3552 332 3611 Donatistae
356 3553 504 3629 produnt,
535 3551 585 3631 qui
613 3550 669 3608 vim
689 3550 872 3611 Sacramenti
900 3571 916 3609 a
947 3549 1072 3610 ministri
1102 3551 1247 3634 dignitate

110 3627 281 3687 aestimant?
319 3628 397 3687 Faxo
418 3641 534 3702 tamen,
561 3638 683 3688 vocetur
713 3626 831 3707 dignior
855 3625 1040 3687 confirmatio
1067 3628 1246 3709 adignitate

111 3702 283 3782 episcopalis
296 3725 408 3764 manus.
434 3703 494 3763 Sed
514 3706 538 3764 si
580 3706 622 3764 uis
641 3702 678 3762 ab
698 3703 756 3764 illis
775 3703 948 3778 sciscitetur,
968 3703 1046 3762 unde
1061 3716 1141 3764 tauta
1162 3725 1247 3784 prae·

111 3782 242 3862 rogativa
268 3783 411 3871 episcopis
436 3781 530 3839 delata
558 3725 664 3853 inerit,
694 3801 782 3860 quam
807 3779 954 3839 rationem
979 3779 1107 3840 asserent
1124 3794 1248 3872 praeter
1326 3828 1328 3833 ·

110 3879 192 3919 suam
213 3856 384 3918 libidinem?
423 3856 488 3918 Soli
508 3855 646 3937 Apostoli
666 3877 703 3918 eo
723 3856 788 3916 iurc
808 3855 852 3916 usi
880 3868 966 3929 sunt,
998 3856 1048 3935 qui
1076 3857 1132 3918 soli
1152 3858 1248 3939 Spiri-

111 3946 173 3992 tum
205 3946 335 3993 sanctum
362 3933 582 3993 distribuerunt.
620 3934 668 3993 Au
694 3932 749 3993 soli
775 3931 908 4012 episcopi
926 3931 1084 4011 Apostoli?
1122 3935 1187 3995 lmo
1209 3956 1246 3995 au

110 4009 234 4071 omnino
253 4009 409 4090 Apostoli?
447 4011 559 4072 Demus
577 4021 676 4071 tumen
697 4021 728 4069 et
746 4009 840 4070 istud:
871 4029 924 4069 eur
948 4030 1010 4069 nou
1031 4010 1137 4070 eodem
1157 4031 1246 4094 argu·
1344 4084 1346 4089 ,

112 4173 118 4178 -
127 4173 158 4178 ---
164 4173 329 4180 ----—--
335 4174 352 4180 ·-
361 4174 503 4181 .-—.-.---

181 4260 209 4328 *)
227 4261 314 4315 Verba
331 4261 388 4334 cap,
399 4265 423 4317 t.
441 4264 474 4316 de
492 4280 609 4317 conseer.
624 4261 680 4316 dist
697 4263 721 4316 5.
762 4258 866 4314 Concil.
881 4260 972 4314 Aurei.
989 4280 1045 4331 cap.
1063 4272 1092 4312 ut
1113 4258 1193 4312 ieiuni
1215 4259 1249 4314 de
1297 4321 1301 4337 Ι

111 4338 234 4386 eumer:
244 4330 301 4386 dist.
316 4334 340 4388 ὁ.
1175 4336 1179 4357 “

463 4476 471 4515 l
