2700 4732
513 222 590 285 un
610 212 668 282 111.
709 218 798 283 ΕΜ).
818 218 887 281 vlt
1213 228 1272 290 445

132 388 195 433 sna
213 386 340 449 corpora
358 366 482 429 bostiam
501 367 665 443 viventem,
682 376 820 442 uncum,
839 375 869 426 et
888 364 930 425 titt
949 376 1113 445 acceptam:
1132 376 1221 445 atque
1239 366 1270 427 ia

133 466 182 507 eo
201 446 287 507 situm
306 464 369 505 esse
387 444 548 525 legitimum
568 444 630 505 eius
648 442 767 505 cultum.
817 441 905 501 Unde
925 441 1097 503 exhortandi
1113 462 1273 523 argumen-

132 533 207 581 tusn
227 520 360 596 ducitur,
394 540 433 579 ne
457 540 488 581 se
512 520 737 581 accommodent
760 518 795 579 ad
817 518 938 601 figurans
963 518 1070 579 saecuii
1089 516 1191 592 buius,
1217 518 1272 581 sed

133 598 389 658 transformentur
411 598 601 657 renovatione
625 596 731 656 ruentis
754 616 839 669 suae,
863 607 897 654 ut
919 595 1050 675 probent
1066 615 1142 673 quae
1160 597 1198 655 sit
1216 616 1271 657 vo-

136 672 238 735 luutas
255 673 323 733 Dei.
342 674 460 733 -Iam
479 672 537 734 boc
556 693 692 754 magnum
714 683 767 745 est,
786 692 841 731 nos
861 690 923 731 esse
934 671 999 732 Deo
1019 683 1217 747 consecratos,
1236 694 1270 733 ae

137 748 309 835 dedicatqs:
329 769 367 809 ne
386 750 455 830 quid
474 748 594 829 postbac
614 748 972 831 cogitemusdoquamur,
989 748 1182 824 meditemur,
1201 769 1272 831 aga-

137 846 209 887 mus
228 826 282 887 nisi
301 826 332 885 iu
352 825 414 885 eius
433 825 567 908 gioriam.
612 826 732 885 Sacrum
754 825 831 883 euim
851 845 912 884 nou
936 824 1000 885 sine
1025 824 1133 907 insigni
1152 826 1182 885 in
1203 845 1272 887 eum

136 902 249 963 iniuria
273 902 311 962 ad
335 902 475 982 profanos
505 924 573 962 usus
601 900 773 993 applicatur.
821 899 938 974 Quodsi
964 901 1057 961 nostri
1079 920 1142 961 non
1160 924 1271 979 sumus,

137 980 196 1071 sed
214 978 351 1070 Domini:
378 990 408 1038 et
432 978 506 1070 quis·
519 998 604 1038 error
627 989 665 1070 sit
688 976 862 1058 fugiendus,
886 989 918 1037 et
935 997 1076 1069 quorsum
1101 977 1272 1059 dirigendae

137 1064 435 1213 :tott‘ttssitt
450 1066 773 1193 tttt‘tttttttt,
789 1054 1272 1220 tttttdttttttttqtt

139 1206 322 1269 dominetur.
358 1208 460 1269 Nostri
472 1229 532 1269 non
545 1229 657 1267 sumus:
677 1224 799 1287 ergone
811 1217 969 1266 statuamus
979 1204 1066 1271 nobas
1078 1205 1156 1267 bunc
1167 1207 1272 1283 -iinena,

137 1294 178 1343 sat
196 1303 364 1365 quaeramus
383 1284 463 1363 quod
482 1284 568 1344 nobis
587 1282 747 1343 secundum
766 1302 883 1343 earnem
903 1281 1045 1363 expediat.
1088 1282 1189 1343 Nostri
1207 1302 1271 1345 non

136 1380 257 1421 sumusr
276 1379 310 1419 er
331 1360 454 1439 oquoad
468 1360 549 1433 iicet,
562 1358 769 1419 obliviscamur
780 1358 987 1438 nosmetipsos,
1006 1379 1039 1419 ac
1050 1370 1149 1420 nostra
1162 1361 1270 1420 omnia.

136 1436 282 1513 Rursum,
333 1437 360 1496 ei
378 1458 490 1497 sumus:
511 1436 553 1495 ilii
573 1456 644 1516 ergo
663 1435 842 1525 vivamusnac
861 1436 1020 1495 moriamur
1036 1435 1138 1511 (Rom.
1150 1442 1199 1509 14,
1216 1438 1271 1527 8.).

138 1512 203 1575 Dei
226 1534 336 1574 sumus:
375 1514 486 1574 cunctis
510 1533 583 1595 ergo
612 1523 721 1572 uostris
744 1511 910 1572 actionibus
939 1513 1103 1591 praesideat
1125 1512 1272 1591 sapientia

136 1590 207 1651 eius
226 1601 257 1650 et
274 1589 416 1649 voluntas.
455 1588 512 1648 Dei
531 1611 644 1649 sumusz
668 1587 703 1647 ad
724 1585 803 1647 ilium
824 1588 927 1669 igitur,
952 1600 1091 1667 tanquam
1108 1588 1205 1651 sulum
1225 1587 1271 1647 ie-

135 1666 277 1758 gitimurn
296 1666 408 1757 finem,
425 1666 604 1757 contendant
628 1682 731 1724 omnes
749 1664 827 1724 vitae
845 1674 964 1725 nostrae
982 1677 1089 1755 partes,
1110 1662 1156 1756 ,0
1177 1685 1272 1756 quan-

135 1740 277 1901 {tatii
294 1743 501 1898 {stituit
520 1762 638 1877 „titt
647 1759 823 1909 diiii?
842 1740 1272 1907 tittt’dtttfflf'tttz

137 1894 219 1957 haee
235 1894 271 1957 ad
291 1894 457 1975 perdendos
476 1894 611 1953 homines
630 1894 826 1953 efficacissima
851 1905 896 1954 est
918 1893 1022 1983 pestis,
1053 1893 1106 1954 ubi
1125 1894 1181 1955 sibi
1201 1894 1272 1973 ipsis

138 1970 368 2052 obtemperant,
396 1972 435 2031 ita
455 1974 557 2031 unicus
577 1981 621 2030 est
643 1968 742 2029 salutis
760 1981 879 2048 portus,
903 1969 975 2029 urbii
995 1990 1051 2031 nee
1072 1990 1191 2050 sapere,
1214 1991 1273 2031 nec

135 2046 223 2141 velie
237 2068 294 2129 per
303 2068 335 2109 se
355 2050 459 2138 ipsum,
479 2048 528 2107 sed
549 2045 710 2137 Dominum
731 2059 918 2138 praeeuntem
938 2046 1076 2138 duntaxat
1094 2047 1186 2127 sequi.
1226 2046 1273 2119 ¹Sit

137 2123 1272 2289 ittetttttt'tttt‘tittttttttttttfflditittttttttt:

136 2278 236 2339 ruodo
255 2277 335 2369 quqd
354 2278 385 2337 in
403 2277 486 2337 verbi
506 2276 674 2336 obedientia
692 2287 776 2347 iacet,
794 2276 845 2336 sed
861 2298 921 2355 quo
941 2297 1021 2336 mens
1042 2276 1178 2351 bominis,
1197 2297 1272 2356 pro-

136 2352 213 2492 picio
231 2375 324 2415 earnis
343 2374 551 2443 sensuvacua,
574 2372 605 2413 se
625 2352 661 2411 ad
681 2352 807 2447 Spiritus
827 2352 885 2412 Dei
909 2365 1012 2448 nutum
1031 2365 1093 2413 tota
1113 2356 1271 2415 convertit.

136 2452 232 2569 nt.
245 2428 1272 2583 tt⁰t⁰‘t¹²tf⁰.t‘tittt„t”⁰ttt':‘t'”?t“ti2t¹¹¹t²tiit}

136 2550 311 2669 pbiiosopiii
330 2530 433 2644 omnis
452 2528 637 2663 igioraninii
649 2630 661 2655 ,
677 2528 776 2641 Sotira
800 2582 877 2641 enim
903 2583 1045 2642 rationem
1071 2526 1182 2642 bomiisi
1206 2604 1271 2645 mo·

140 2662 318 2725 deratricem
338 2658 520 2740 praeficiunt,
539 2658 613 2718 hanc
631 2657 723 2718 solam
743 2671 847 2738 putant
861 2660 1044 2732 audiendam,
1065 2658 1131 2720 buic
1143 2660 1271 2795 denique

140 2740 195 2799 uni
215 2759 330 2798 morum
350 2736 502 2815 imperium
524 2734 661 2794 deserunt
680 2756 713 2794 ac
733 2737 919 2815 permittunt:
941 2747 969 2794 at
990 2734 1154 2796 Christiana
1175 2736 1212 2816 pb

144 2812 246 2895 sopbia
265 2814 343 2874 iliam
364 2813 431 2872 loco
458 2812 579 2882 cedere,
604 2810 725 2891 Spiritui
749 2823 851 2870 saneto
876 2811 979 2871 subiici
1004 2832 1038 2871 ac
1057 2812 1206 2894 subiugari
1225 2836 1271 2871 su·

140 2890 210 2953 bet:
229 2902 262 2951 ut
281 2891 370 2950 bomo
391 2889 445 2947 iam
466 2909 527 2947 non
547 2890 609 2967 ipse
628 2888 717 2959 vivat,
736 2887 787 2948 sed
800 2886 948 2948 Christum
968 2890 998 2946 iu
1018 2907 1050 2948 se
1069 2888 1145 2949 serat
1164 2889 1270 2949 viven-

139 2978 203 3029 tem
222 2989 257 3029 ac
277 2977 448 3047 regnantem
469 2963 580 3043 (Galat.
599 2971 628 3037 2,
647 2964 719 3039 uo).

219 3050 247 3108 2.
285 3042 360 3101 Inde
380 3042 569 3120 consequitur
589 3051 619 3099 et
637 3040 709 3099 iilud
729 3038 868 3115 aiterum,
886 3041 929 3099 Ut
948 3060 987 3099 ne
1005 3060 1175 3119 quaeramus
1195 3062 1271 3120 quae

138 3132 244 3183 nostra
264 3132 347 3195 sunt,
370 3118 421 3178 sed
441 3138 514 3197 quae
536 3129 565 3175 et
585 3138 617 3174 ex
636 3116 758 3175 Domini
782 3117 841 3175 sint
859 3116 1026 3191 voluntate,
1051 3128 1082 3177 et
1106 3117 1213 3177 saciant
1232 3118 1270 3179 ad

136 3198 267 3281 gloriam
288 3196 348 3255 eius
368 3193 609 3276 promovendam.
659 3193 760 3272 Magni
785 3205 815 3251 et
839 3193 897 3253 boe
923 3193 1088 3272 proiectus,
1119 3206 1151 3253 ut
1176 3195 1271 3255 nostri

163 3292 240 3335 aene
264 3272 365 3347 obiiti,
399 3283 478 3330 certe
498 3270 612 3329 ratione
637 3271 730 3329 nostri
755 3269 937 3349 posthabita,
961 3269 1026 3328 Deo
1047 3272 1167 3349 eiusque
1187 3292 1271 3330 mau-

137 3298 218 3413 datis
236 3348 361 3409 fideliter
379 3348 506 3407 studium
525 3359 657 3407 nostrum
677 3346 847 3425 impendere
867 3366 1019 3407 conemur.
1070 3346 1170 3421 Quum
1191 3350 1270 3406 enim

136 3448 198 3488 nos
218 3426 357 3506 privatam
378 3424 472 3483 nostri
492 3423 635 3487 rationem
656 3423 793 3483 omittere
812 3422 895 3482 iubet
914 3423 1076 3501 Scriptura,
1096 3444 1158 3484 nou
1178 3424 1270 3485 modo

134 3502 272 3564 habendi
291 3501 489 3581 cupiditatem,
510 3501 662 3579 potentiae
681 3498 911 3573 assectationem,
932 3498 1081 3559 bominum
1100 3501 1223 3581 gratiam
1236 3520 1271 3560 ex

136 3578 373 3643 animisnostris
394 3577 501 3641 eradit:
528 3576 577 3636 sed
604 3575 794 3636 ambitionem
821 3595 941 3653 quoque
966 3587 996 3634 et
1020 3596 1137 3635 omnem
1157 3576 1271 3657 gloriae

95 3640 105 3679 ἕ
135 3658 285 3717 humanae
305 3654 482 3734 appetitum,
507 3652 632 3732 aliasque
651 3651 824 3712 secretiores
845 3664 940 3741 pestes
959 3652 1097 3711 eradicat.
1135 3651 1181 3711 Ita
1200 3671 1271 3712 sane

136 3753 210 3794 corn
233 3732 338 3792 ositum
364 3742 393 3788 et
419 3740 615 3808 comparatum
641 3748 702 3788 esse
727 3738 868 3787 convenit
892 3726 1040 3787 bominem
1061 3727 1272 3805 Christianum,

135 3821 176 3870 ut
195 3753 251 3868 siti
270 3809 299 3866 in
320 3819 383 3866 tota
402 3807 459 3865 vita
480 3807 630 3887 negotium
650 3825 716 3865 cum
727 3803 795 3863 Deo
815 3822 876 3863 esse
895 3815 1021 3883 reputet.
1059 3805 1124 3864 Hac
1144 3806 1272 3880 ratione,

135 3898 176 3946 ut
196 3885 295 3946 omnia
315 3904 365 3944 sua
385 3883 420 3943 ad
446 3881 598 3941 arbitrium
618 3880 819 3960 calculumque
845 3880 906 3941 eius
924 3878 1093 3955 revocabit,
1117 3882 1157 3941 ita
1176 3892 1271 3943 totam

1215 2757 1271 2827 t.0·

208 4146 238 4216 ⁴)
254 4150 297 4199 Ad
315 4148 367 4198 boc
385 4146 471 4216 Caput
488 4160 512 4197 et
529 4166 596 4215 quae
611 4158 755 4226 acquiruntur
771 4144 829 4225 tria,
840 4142 1029 4226 quibpsaltera
1044 4164 1104 4225 pars
1120 4145 1272 4215 disputatio-

133 4217 178 4339 ij:
194 4210 1273 4405 {¹23{¹2:31{³3¹'nitidi‘¹510³tit?“ite-titt,Citi‘tt'fir‘t'ti't‘it‘tffii

129 4372 196 4408 scau
217 4372 270 4405 ars.
