2700 4732
131 246 190 311 sii
426 188 438 319 J
509 210 660 300 sunu.
701 237 906 304 caesnia
1033 202 1043 213 “
1187 336 1191 343 Α

65 444 69 456 ,
131 388 346 460 commentum,
375 380 457 464 quod
476 381 533 444 luit
542 386 651 520 panis,
676 384 734 447 iaia
753 404 816 448 esse
835 405 951 466 corpus.
1005 383 1108 461 Quod
1128 384 1164 447 in
1184 403 1280 449 nanus

131 472 281 543 sumptum
299 458 452 541 Apostolis
471 479 542 540 prae
564 472 594 523 et
614 460 758 537 Christus,
777 482 884 545 eorpus
903 482 987 538 suurn
1009 475 1186 526 asseverat:
1204 483 1279 525 saai-

130 550 230 623 pserat
252 555 324 598 vero
350 555 472 618 panem:
505 537 569 617 quis
600 558 672 620 ergo
699 559 760 599 non
786 538 945 621 intelligat,
975 550 1092 619 panem
1120 540 1277 601 etiama-

132 613 270 679 ostendii
301 634 335 676 as
362 613 488 695 proinde
511 612 584 673 nihil
609 614 761 675 absurdius
781 636 868 696 quam
887 615 921 675 ad
947 617 1083 696 speciem
1106 614 1278 692 transferre,

27 690 45 717 “’
132 691 214 774 quod
234 691 272 750 de
290 709 367 771 pane
387 690 581 782 praedicatur.
619 689 688 766 Alii,
709 690 777 751 dum
799 690 966 771 particulam
982 705 1028 751 est
1046 713 1111 774 pen
1125 690 1276 755 tnnmb-

131 767 264 833 stantiari
277 769 402 847 positam
413 778 654 848 interpretantur,
674 768 708 828 ad
715 757 845 850 'glossam
857 767 1025 851 suffugiunt
1034 770 1136 853 magis
1148 782 1274 831 coadaai

133 857 165 908 et
182 843 330 905 violenter
348 843 506 903 detortam.
554 843 688 924 Ideoque
713 864 774 905 uon
800 855 845 905 est
870 865 923 904 eur
947 865 978 906 se
1004 846 1179 907 verborum
1198 865 1275 907 rere-

29 936 32 948 ·
91 931 92 936 ’
132 921 228 984 centia
246 920 359 980 moveri
379 918 642 980 obtendaut‘Est
662 921 740 980 enim
760 920 819 981 hoc
837 921 976 1002 gentibus
995 942 1031 982 ac
1050 921 1169 1007 linguis
1184 923 1275 985 omri·

133 1000 188 1062 bus
215 996 393 1089 inauditum,
417 1007 450 1087 nt
470 994 591 1056 verbum
615 996 705 1083 estin
731 997 809 1059 hunc
828 1017 945 1058 sensum
965 1010 1148 1078 usurpetur,
1173 1002 1274 1093 nempe

154 1096 189 1137 ro
210 1084 342 1135 conserti
362 1092 393 1130 in
413 1069 500 1132 ahud.
554 1073 707 1148 Quantum
731 1073 767 1135 ad
787 1092 839 1135 eos
869 1084 997 1154 spectat,
1023 1075 1080 1156 qui
1109 1093 1224 1156 panem
1247 1096 1272 1137 ia

133 1096 241 1214 Coena
264 1149 436 1228 relinquunt
459 1159 491 1209 et
513 1147 660 1209 affirmant
680 1168 742 1211 esse
762 1148 873 1212 Christi
892 1170 1016 1230 corpus,
1036 1151 1138 1213 multa
1156 1150 1217 1215 illis
1233 1163 1272 1213 est

132 1228 213 1290 iuter
230 1245 262 1287 se
280 1225 412 1285 varietas.
462 1223 523 1301 Qui
549 1226 709 1288 modestius
735 1227 912 1307 loquuntur,
943 1246 1120 1309 quanquam
1146 1228 1273 1311 praecise

132 1314 242 1397 urgent
260 1300 390 1376 literam,
418 1300 485 1363 Hoc
504 1313 548 1362 est
568 1321 675 1395 corpus
694 1323 809 1379 meum,
828 1313 929 1382 postea
948 1304 1273 1397 tamendellectuuta

132 1398 234 1551 teti?
243 1376 614 1535 itpttttl‘tivlttt.
630 1378 963 1535 dttt'tttfttt
976 1380 1274 1540 sittim
1308 1442 1310 1471 ¹

130 1530 1281 1700 ttitltttt,“utilit-tlt&“ttltt‘tt²,stitutttth
1308 1595 1310 1599 ’

131 1685 360 1765 vocaricorpns,
380 1703 447 1763 quia
458 1684 481 1745 si
523 1705 572 1745 uin
587 1685 779 1765 iitcorporis.
797 1719 838 1732 ·-
864 1684 956 1766 Atqui
974 1707 998 1747 ii
1018 1698 1148 1766 tropum
1158 1706 1271 1748 omnen

131 1762 294 1845 refugiunt,
315 1781 367 1821 cur
386 1780 402 1820 a
421 1759 495 1852 simp
508 1761 546 1822 ici
559 1761 669 1823 Christi
689 1762 939 1822 demonstratione
958 1761 1136 1825 transiliunt
1157 1763 1197 1825 ad
1214 1784 1273 1825 snas

131 1838 323 1921 loquutiones
341 1836 432 1919 louge
452 1836 595 1899 diversas?
627 1837 750 1898 multum
779 1838 857 1897 enim
888 1836 1048 1930 disserunt,
1082 1859 1200 1932 panem
1216 1860 1273 1902 esse

133 1935 241 2068 ‘3333
257 1927 430 2082 stitit
448 1933 523 2051 itt
539 1914 832 2085 ξῖἔζοξῐῖῑῗὶψῖῖῗ
853 1913 1273 2086 ttttllttiitfft:
1308 1966 1310 2025 ³

132 2068 195 2161 illas
216 2067 358 2148 loquendi
369 2067 502 2159 dprmas,
533 2087 614 2147 quasi
634 2087 688 2148 per
707 2067 845 2159 obliquos
864 2067 970 2144 flexus,
985 2068 1084 2160 ‘elabi
1100 2082 1272 2161 *tentarant

131 2145 193 2205 Alii
205 2162 276 2205 vern
296 2143 477 2218 audaciores,
495 2162 625 2206 asserere
645 2164 706 2203 uon
727 2144 873 2218 dubitant,
891 2166 1012 2238 proprie
1033 2145 1208 2228 loquendo,
1226 2162 1271 2229 pe

132 2242 202 2315 nem
223 2240 286 2314 epse
305 2241 429 2301 corpus:
454 2231 542 2312 atque
566 2220 625 2281 hoc
648 2220 738 2281 modo
748 2241 827 2311 'vere
850 2240 882 2282 se
901 2221 1029 2283 literales
1048 2244 1118 2284 esse
1139 2224 1271 2307 probant

87 2414 93 2429 .
131 2296 832 2453 ittli'ttt‘iit:”ttitttltt‘illtttl
847 2296 1176 2438 titil‘s‘t't‘ti
1205 2300 1273 2460 {3³

131 2449 237 2540 ficient
251 2447 400 2541 negando,
419 2449 538 2529 quaudo
559 2470 659 2543 omnes
680 2451 878 2525 consentiunt,
897 2462 991 2543 totum
1010 2450 1169 2546 Christum
1189 2453 1270 2514 nobis

132 2526 237 2590 oilerri
258 2545 289 2584 in
311 2525 424 2586 Coena.
467 2523 667 2587 Intolerabilis
692 2538 789 2586 autem
814 2526 992 2607 blasphemia
1012 2540 1074 2604 est,
1096 2549 1163 2592 siue
1181 2530 1270 2611 figura

132 2601 295 2695 praedicari
316 2601 352 2661 de
376 2601 525 2695 elemento
546 2601 657 2693 caduco
682 2613 712 2662 et
736 2603 949 2696 corruptibili,
967 2604 1048 2683 quod
1068 2607 1113 2667 sit
1131 2606 1269 2697 Christus.

134 2682 267 2819 Chlriiliis
286 2700 343 2816 ltasln
350 2698 535 2830 Filiuslplbldi,
554 2678 910 2818 llllnl‘llhislaililnllhlliusli
923 2693 1270 2837 chiliadem-oblibisci&
1308 2814 1310 2824 .

134 2853 197 2927 esse
217 2833 383 2925 concedant
402 2832 499 2924 (quod
523 2831 560 2893 ab
587 2833 684 2923 invitis
704 2833 945 2925 extorquebitur)
961 2836 1178 2914 respondeant,
1197 2836 1269 2925 unde
1308 2866 1310 2915 i

134 2910 318 3001 differentia..
351 2909 420 2969 Non
441 2907 536 2985 aliam,
555 2909 693 2982 arbitror,
712 2908 872 3000 adducent,
891 2932 946 2970 uisi
964 2912 1046 3048 guod
1066 2911 1269 3004 sacramentali
1308 2942 1310 2948 ·

133 2987 334 3078 modp3panis
359 2996 482 3077 vocatur
505 3006 621 3066 corpus.
671 2985 758 3044 Unde
784 2997 932 3065 sequitur,
992 2987 1074 3077 bristi
1096 2991 1268 3083 verbanno

133 3063 238 3154 subiici
257 3083 406 3153 communi
425 3061 560 3153 regulae,
592 3082 646 3121 nec
671 3063 780 3153 debere
805 3065 840 3154 ad
861 3076 1077 3156 grammaticam
1102 3086 1192 3149 exigi.
1232 3068 1268 3124 lia

133 3137 1268 3311 tttl'tt:tt”tett‘ttdtttltt'tillttttt‘ttlgttjit
1307 3250 1310 3309 ,

134 3312 196 3351 non
216 3293 294 3351 ideui
315 3303 486 3426 exprimant,
505 3292 585 3383 quod
604 3312 724 3383 ¹priore⁸
736 3293 890 3381 membro,
913 3293 966 3353 ubi
986 3313 1096 3384 panem
1116 3306 1266 3387 nominarit

133 3368 259 3447 corpus?
297 3368 338 3427 Ea
362 3385 407 3427 em
427 3380 507 3428 certe
527 3367 632 3449 religio
659 3368 715 3427 fuit
735 3390 764 3426 iri
785 3390 842 3428 una
862 3383 945 3449 parte
965 3382 1115 3449 mysterii,
1143 3392 1219 3454 quae
1240 3390 1266 3432 in

132 3444 238 3522 altera:
263 3454 294 3504 et
312 3445 379 3524 quia
404 3443 529 3505 ob'scura
554 3458 599 3505 est
618 3445 757 3517 brevitas,
783 3467 898 3506 sensum
926 3446 1028 3505 melius
1050 3446 1185 3509 elucidat
1209 3448 1267 3510 lon·

12 3551 13 3559 κ
133 3521 201 3605 gior
219 3539 326 3582 sermo.
365 3519 492 3594 Quoties
512 3529 585 3602 ergo
606 3541 639 3582 ex
660 3520 751 3580 verbo
771 3542 833 3581 uno
852 3522 1052 3597 contenderit,
1079 3545 1192 3603 panem
1212 3542 1267 3585 esse

22 3634 25 3640 ·
133 3618 256 3678 corpus:
282 3617 338 3679 ego
361 3616 394 3654 ex
418 3597 550 3675 pluribus
568 3598 664 3658 verbis
685 3599 869 3658 commodam
888 3601 1180 3674 interpretationem
1201 3600 1267 3663 alle-

133 3696 212 3750 ram,
233 3695 295 3736 esse
320 3674 542 3734 Testamentum
570 3673 757 3809 incorpore.
798 3675 878 3747 Quid
899 3675 995 3736 enim?
1026 3697 1063 3735 an
1085 3677 1267 3756 quaerendus

133 3752 191 3811 erit
209 3752 354 3832 interpres
373 3749 466 3810 Panlo
491 3762 522 3810 et
540 3751 619 3810 Luca
650 3750 767 3811 fielior
797 3763 846 3810 aut
874 3752 1002 3812 certiori
1040 3754 1152 3833 Neque
1176 3767 1265 3815 tanicii

110 3847 111 3852 ¹
133 3827 190 3888 huc
211 3829 314 3903 tendo,
332 3839 367 3886 ut
385 3827 540 3906 quicquam
561 3827 687 3887 delibem
709 3828 746 3886 de
767 3849 809 3900 ca,
830 3850 916 3908 quam
937 3827 1088 3889 confessus
1108 3851 1190 3907 sum,
1208 3851 1266 3892 cor·

155 3904 213 3964 oris
235 3903 344 3966 Christi
365 3904 645 3964 communicatione:
665 3903 780 3963 stultam
801 3906 892 3966 modo
912 3907 1115 3985 pervicaciam,
1137 3929 1196 3987 qna
1214 3919 1265 3975 tam

132 3925 281 4043 hostiliter
300 3981 344 4041 liti
366 3991 416 4040 aut
436 3980 472 4039 de
492 3979 604 4053 verbis,
624 3979 760 4039 refellere
780 3983 963 4062 propositum
985 3994 1036 4043 est
1077 3983 1193 4044 Panem
1223 4003 1266 4044 au·

133 4057 264 4119 moribus
284 4000 378 4117 Paulo
399 4068 429 4117 et
448 4057 543 4130 Luca,
562 4077 669 4136 corpus
690 4056 800 4117 Christi
821 4077 882 4118 esse
902 4056 1053 4140 intelligo:
1075 4060 1146 4138 quia
1169 4029 1266 4121 ldedus

134 4136 227 4194 estin
248 4153 385 4216 corpore,
457 4132 542 4192 uodsi
562 4133 600 4193 iru
624 4144 747 4215 ngnant,
768 4154 828 4193 non
849 4153 974 4210 mecum,
995 4135 1046 4194 sed
1069 4156 1137 4195 cum
1160 4137 1266 4217 Spiritu

131 4208 191 4269 Dei
223 4224 371 4271 certamen
402 4209 458 4270 illis
490 4220 543 4271 est.
625 4221 755 4289 tcunque
784 4209 942 4270 verborum
965 4211 1077 4273 Christi
1103 4211 1280 4278 reverentii,

129 4288 212 4368 ungi
230 4306 262 4348 se
273 4287 460 4367 quiritantur,
479 4287 635 4365 quominus
654 4284 778 4370 figurate
796 4285 962 4368 intelligere
980 4286 1089 4366 ausint,
1108 4286 1188 4368 quae
1206 4298 1267 4352 suut

68 4422 97 4431 ,,
130 4370 231 4440 aperte
251 4363 342 4425 dicta:
368 4382 429 4424 non
450 4373 495 4424 est
512 4372 611 4424 tamen
631 4361 679 4423 hic
697 4362 765 4425 satis
785 4361 876 4425 iustus
896 4375 1072 4445 praetextus,
1093 4384 1150 4426 cur
1170 4382 1266 4434 omues
