<?xml version="1.0" encoding="UTF-8"?>
<!DOCTYPE html PUBLIC "-//W3C//DTD XHTML 1.0 Transitional//EN"
    "http://www.w3.org/TR/xhtml1/DTD/xhtml1-transitional.dtd">
<html xmlns="http://www.w3.org/1999/xhtml" xml:lang="en" lang="en">
 <head>
  <title>
</title>
<meta http-equiv="Content-Type" content="text/html;charset=utf-8" />
  <meta name='ocr-system' content='tesseract 3.04.00' />
  <meta name='ocr-capabilities' content='ocr_page ocr_carea ocr_par ocr_line ocrx_word'/>
</head>
<body>
  <div class='ocr_page' id='page_1' title='image "./ioanniscalvinii02tholgoog/ioanniscalvinii02tholgoog_0765.png"; bbox 0 0 2700 4732; ppageno 0'>
   <div class='ocr_carea' id='block_1_1' title="bbox 102 186 859 269">
    <p class='ocr_par' dir='ltr' id='par_1_1' title="bbox 102 186 859 269">
     <span class='ocr_line' id='line_1_1' title="bbox 102 186 859 269; baseline -0.015 -9"><span class='ocrx_word' id='word_1_1' title='bbox 102 204 162 269; x_wconf 83' lang='lat' dir='ltr'>sss</span> <span class='ocrx_word' id='word_1_2' title='bbox 516 186 663 255; x_wconf 79' lang='lat' dir='ltr'>univ.</span> <span class='ocrx_word' id='word_1_3' title='bbox 701 186 859 269; x_wconf 62' lang='lat' dir='ltr'>caen</span> 
     </span>
    </p>
   </div>
   <div class='ocr_carea' id='block_1_2' title="bbox 105 328 1234 557">
    <p class='ocr_par' dir='ltr' id='par_1_2' title="bbox 105 328 1234 557">
     <span class='ocr_line' id='line_1_2' title="bbox 105 328 1234 425; baseline -0.016 -20"><span class='ocrx_word' id='word_1_4' title='bbox 105 338 214 425; x_wconf 79' lang='lat' dir='ltr'>(prael.</span> <span class='ocrx_word' id='word_1_5' title='bbox 225 338 264 399; x_wconf 73' lang='lat' dir='ltr'>³in</span> <span class='ocrx_word' id='word_1_6' title='bbox 283 334 335 397; x_wconf 87' lang='lat' dir='ltr'>lib.</span> <span class='ocrx_word' id='word_1_7' title='bbox 350 333 488 425; x_wconf 80' lang='lat' dir='ltr'>Salem),</span> <span class='ocrx_word' id='word_1_8' title='bbox 506 332 575 393; x_wconf 82' lang='lat' dir='ltr'>libri</span> <span class='ocrx_word' id='word_1_9' title='bbox 592 330 847 425; x_wconf 69' lang='lat' dir='ltr'>Maccahaeorum,</span> <span class='ocrx_word' id='word_1_10' title='bbox 865 328 1008 407; x_wconf 81' lang='lat' dir='ltr'>Tobiss,</span> <span class='ocrx_word' id='word_1_11' title='bbox 1029 328 1234 401; x_wconf 76' lang='lat' dir='ltr'>Ecclesiasticn,</span> 
     </span>
     <span class='ocr_line' id='line_1_3' title="bbox 106 404 1234 491; baseline -0.012 -10"><span class='ocrx_word' id='word_1_12' title='bbox 106 430 140 481; x_wconf 83' lang='lat' dir='ltr'>st·</span> <span class='ocrx_word' id='word_1_13' title='bbox 156 414 263 478; x_wconf 86' lang='lat' dir='ltr'>similes</span> <span class='ocrx_word' id='word_1_14' title='bbox 280 413 320 473; x_wconf 91' lang='lat' dir='ltr'>in.</span> <span class='ocrx_word' id='word_1_15' title='bbox 337 411 471 475; x_wconf 80' lang='lat' dir='ltr'>ordinem</span> <span class='ocrx_word' id='word_1_16' title='bbox 490 408 735 491; x_wconf 76' lang='lat' dir='ltr'>Apoerypborum</span> <span class='ocrx_word' id='word_1_17' title='bbox 758 419 960 469; x_wconf 80' lang='lat' dir='ltr'>reiterentur:</span> <span class='ocrx_word' id='word_1_18' title='bbox 992 405 1085 487; x_wconf 83' lang='lat' dir='ltr'>qnod</span> <span class='ocrx_word' id='word_1_19' title='bbox 1107 418 1154 469; x_wconf 83' lang='lat' dir='ltr'>ssu</span> <span class='ocrx_word' id='word_1_20' title='bbox 1173 404 1234 467; x_wconf 88' lang='lat' dir='ltr'>nulls</span> 
     </span>
     <span class='ocr_line' id='line_1_4' title="bbox 107 487 486 557; baseline -0.029 0"><span class='ocrx_word' id='word_1_21' title='bbox 107 494 198 557; x_wconf 77' lang='lat' dir='ltr'>nodo</span> <span class='ocrx_word' id='word_1_22' title='bbox 217 492 314 553; x_wconf 86' lang='lat' dir='ltr'>lacere</span> <span class='ocrx_word' id='word_1_23' title='bbox 333 487 486 551; x_wconf 84' lang='lat' dir='ltr'>sustinent</span> 
     </span>
    </p>
   </div>
   <div class='ocr_carea' id='block_1_3' title="bbox 494 766 841 841">
    <p class='ocr_par' dir='ltr' id='par_1_3' title="bbox 494 766 841 841">
     <span class='ocr_line' id='line_1_5' title="bbox 494 766 841 841; baseline -0.009 -1"><span class='ocrx_word' id='word_1_24' title='bbox 494 766 841 841; x_wconf 81' lang='lat' dir='ltr'><strong>CAPUTX.</strong></span> 
     </span>
    </p>
   </div>
   <div class='ocr_carea' id='block_1_4' title="bbox 107 936 1228 1207">
    <p class='ocr_par' dir='ltr' id='par_1_4' title="bbox 107 936 1228 1207">
     <span class='ocr_line' id='line_1_6' title="bbox 107 936 1228 1048; baseline -0.012 -18"><span class='ocrx_word' id='word_1_25' title='bbox 107 936 161 1029; x_wconf 86' lang='lat' dir='ltr'>¹De</span> <span class='ocrx_word' id='word_1_26' title='bbox 180 973 366 1048; x_wconf 74' lang='lat' dir='ltr'>potestate</span> <span class='ocrx_word' id='word_1_27' title='bbox 389 963 425 1020; x_wconf 91' lang='lat' dir='ltr'>in</span> <span class='ocrx_word' id='word_1_28' title='bbox 444 960 602 1041; x_wconf 81' lang='lat' dir='ltr'>Legibus</span> <span class='ocrx_word' id='word_1_29' title='bbox 627 960 804 1035; x_wconf 84' lang='lat' dir='ltr'>ferendis,</span> <span class='ocrx_word' id='word_1_30' title='bbox 834 936 980 1040; x_wconf 48' lang='lat' dir='ltr'>in⁸qua</span> <span class='ocrx_word' id='word_1_31' title='bbox 1008 958 1228 1021; x_wconf 80' lang='lat' dir='ltr'>saevissimas</span> 
     </span>
     <span class='ocr_line' id='line_1_7' title="bbox 130 1051 1219 1139; baseline -0.007 -18"><span class='ocrx_word' id='word_1_32' title='bbox 130 1054 364 1139; x_wconf 76' lang='lat' dir='ltr'><strong>tyrannidem</strong></span> <span class='ocrx_word' id='word_1_33' title='bbox 389 1055 426 1113; x_wconf 93' lang='lat' dir='ltr'>in</span> <span class='ocrx_word' id='word_1_34' title='bbox 446 1052 584 1133; x_wconf 76' lang='lat' dir='ltr'>animas</span> <span class='ocrx_word' id='word_1_35' title='bbox 604 1065 639 1112; x_wconf 90' lang='lat' dir='ltr'>et</span> <span class='ocrx_word' id='word_1_36' title='bbox 658 1053 917 1113; x_wconf 78' lang='lat' dir='ltr'>carnificinam</span> <span class='ocrx_word' id='word_1_37' title='bbox 939 1052 1128 1115; x_wconf 85' lang='lat' dir='ltr'>exercuit</span> <span class='ocrx_word' id='word_1_38' title='bbox 1144 1051 1219 1133; x_wconf 74' lang='lat' dir='ltr'>Pap</span> 
     </span>
     <span class='ocr_line' id='line_1_8' title="bbox 584 1166 761 1207; baseline -0.023 0"><span class='ocrx_word' id='word_1_39' title='bbox 584 1168 659 1207; x_wconf 91' lang='lat' dir='ltr'>eum</span> <span class='ocrx_word' id='word_1_40' title='bbox 679 1166 761 1206; x_wconf 88' lang='lat' dir='ltr'>surs.</span> 
     </span>
    </p>
   </div>
   <div class='ocr_carea' id='block_1_5' title="bbox 112 1318 1226 1977">
    <p class='ocr_par' dir='ltr' id='par_1_5' title="bbox 112 1318 1226 1977">
     <span class='ocr_line' id='line_1_9' title="bbox 178 1318 1226 1393; baseline -0.006 -14"><span class='ocrx_word' id='word_1_41' title='bbox 178 1327 265 1379; x_wconf 88' lang='lat' dir='ltr'>Partes</span> <span class='ocrx_word' id='word_1_42' title='bbox 280 1323 435 1393; x_wconf 74' lang='lat' dir='ltr'>praecipuae</span> <span class='ocrx_word' id='word_1_43' title='bbox 452 1321 527 1376; x_wconf 86' lang='lat' dir='ltr'>buius</span> <span class='ocrx_word' id='word_1_44' title='bbox 541 1322 649 1392; x_wconf 87' lang='lat' dir='ltr'>Capitis:</span> <span class='ocrx_word' id='word_1_45' title='bbox 666 1322 697 1392; x_wconf 91' lang='lat'>1)</span> <span class='ocrx_word' id='word_1_46' title='bbox 714 1321 757 1373; x_wconf 87' lang='lat' dir='ltr'>Dc</span> <span class='ocrx_word' id='word_1_47' title='bbox 772 1320 1018 1377; x_wconf 69' lang='lat' dir='ltr'>constitutionibus</span> <span class='ocrx_word' id='word_1_48' title='bbox 1036 1322 1157 1377; x_wconf 69' lang='lat' dir='ltr'>namuh</span> <span class='ocrx_word' id='word_1_49' title='bbox 1167 1318 1226 1385; x_wconf 63' lang='lat' dir='ltr'>&#39;up</span> 
     </span>
     <span class='ocr_line' id='line_1_10' title="bbox 112 1406 1225 1476; baseline -0.008 -10"><span class='ocrx_word' id='word_1_50' title='bbox 112 1432 186 1473; x_wconf 86' lang='lat' dir='ltr'>nere,</span> <span class='ocrx_word' id='word_1_51' title='bbox 211 1410 258 1461; x_wconf 90' lang='lat' dir='ltr'>ubi</span> <span class='ocrx_word' id='word_1_52' title='bbox 281 1410 315 1459; x_wconf 89' lang='lat' dir='ltr'>de</span> <span class='ocrx_word' id='word_1_53' title='bbox 337 1407 484 1459; x_wconf 80' lang='lat' dir='ltr'>discrimine</span> <span class='ocrx_word' id='word_1_54' title='bbox 509 1408 594 1470; x_wconf 77' lang='lat' dir='ltr'>legum</span> <span class='ocrx_word' id='word_1_55' title='bbox 621 1406 786 1476; x_wconf 87' lang='lat' dir='ltr'>politicarum</span> <span class='ocrx_word' id='word_1_56' title='bbox 804 1419 828 1457; x_wconf 90' lang='lat' dir='ltr'>et</span> <span class='ocrx_word' id='word_1_57' title='bbox 849 1406 1118 1473; x_wconf 77' lang='lat' dir='ltr'>ecclesiasticarum,</span> <span class='ocrx_word' id='word_1_58' title='bbox 1143 1408 1225 1459; x_wconf 68' lang='lat' dir='ltr'>den·</span> 
     </span>
     <span class='ocr_line' id='line_1_11' title="bbox 112 1489 1224 1563; baseline -0.008 -13"><span class='ocrx_word' id='word_1_59' title='bbox 112 1494 230 1555; x_wconf 81' lang='lat' dir='ltr'>scicntia,</span> <span class='ocrx_word' id='word_1_60' title='bbox 247 1513 293 1545; x_wconf 92' lang='lat' dir='ltr'>eur</span> <span class='ocrx_word' id='word_1_61' title='bbox 312 1506 337 1543; x_wconf 90' lang='lat' dir='ltr'>et</span> <span class='ocrx_word' id='word_1_62' title='bbox 354 1510 406 1559; x_wconf 88' lang='lat' dir='ltr'>quo</span> <span class='ocrx_word' id='word_1_63' title='bbox 424 1510 498 1543; x_wconf 89' lang='lat' dir='ltr'>sensu</span> <span class='ocrx_word' id='word_1_64' title='bbox 515 1489 623 1541; x_wconf 88' lang='lat' dir='ltr'>ministri</span> <span class='ocrx_word' id='word_1_65' title='bbox 640 1490 761 1543; x_wconf 88' lang='lat' dir='ltr'>ecclesiae</span> <span class='ocrx_word' id='word_1_66' title='bbox 778 1490 944 1543; x_wconf 68' lang='lat' dir='ltr'>conscientiis</span> <span class='ocrx_word' id='word_1_67' title='bbox 966 1492 1044 1555; x_wconf 70' lang='lat' dir='ltr'>leges</span> <span class='ocrx_word' id='word_1_68' title='bbox 1061 1492 1224 1563; x_wconf 67' lang='lat' dir='ltr'>iteponere*</span> 
     </span>
     <span class='ocr_line' id='line_1_12' title="bbox 113 1572 1222 1651; baseline -0.004 -20"><span class='ocrx_word' id='word_1_69' title='bbox 113 1592 216 1651; x_wconf 79' lang='lat' dir='ltr'>queant,</span> <span class='ocrx_word' id='word_1_70' title='bbox 231 1590 289 1630; x_wconf 91' lang='lat' dir='ltr'>sect.</span> <span class='ocrx_word' id='word_1_71' title='bbox 306 1578 391 1631; x_wconf 65' lang='lat'>1-8„</span> <span class='ocrx_word' id='word_1_72' title='bbox 408 1578 442 1617; x_wconf 70' lang='lat'>2-</span> <span class='ocrx_word' id='word_1_73' title='bbox 474 1574 506 1637; x_wconf 77' lang='lat'>2)</span> <span class='ocrx_word' id='word_1_74' title='bbox 523 1574 565 1624; x_wconf 88' lang='lat' dir='ltr'>De</span> <span class='ocrx_word' id='word_1_75' title='bbox 581 1574 761 1627; x_wconf 77' lang='lat' dir='ltr'>traditionibus</span> <span class='ocrx_word' id='word_1_76' title='bbox 783 1593 828 1626; x_wconf 89' lang='lat' dir='ltr'>seu</span> <span class='ocrx_word' id='word_1_77' title='bbox 851 1574 1101 1627; x_wconf 78' lang='lat' dir='ltr'>constitutionibus</span> <span class='ocrx_word' id='word_1_78' title='bbox 1122 1572 1222 1647; x_wconf 66' lang='lat' dir='ltr'>papiu</span> 
     </span>
     <span class='ocr_line' id='line_1_13' title="bbox 114 1656 1221 1729; baseline -0.005 -14"><span class='ocrx_word' id='word_1_79' title='bbox 114 1661 273 1715; x_wconf 83' lang='lat' dir='ltr'>ceremonias</span> <span class='ocrx_word' id='word_1_80' title='bbox 290 1672 315 1711; x_wconf 91' lang='lat' dir='ltr'>et</span> <span class='ocrx_word' id='word_1_81' title='bbox 332 1659 492 1728; x_wconf 83' lang='lat' dir='ltr'>disciplinam</span> <span class='ocrx_word' id='word_1_82' title='bbox 508 1659 695 1726; x_wconf 82' lang='lat' dir='ltr'>spectantibus,</span> <span class='ocrx_word' id='word_1_83' title='bbox 718 1677 780 1727; x_wconf 85' lang='lat' dir='ltr'>quas</span> <span class='ocrx_word' id='word_1_84' title='bbox 800 1656 889 1709; x_wconf 86' lang='lat' dir='ltr'>multis</span> <span class='ocrx_word' id='word_1_85' title='bbox 905 1657 978 1711; x_wconf 84' lang='lat' dir='ltr'>vitiis</span> <span class='ocrx_word' id='word_1_86' title='bbox 996 1674 1102 1713; x_wconf 86' lang='lat' dir='ltr'>scatere</span> <span class='ocrx_word' id='word_1_87' title='bbox 1117 1660 1221 1729; x_wconf 59' lang='lat' dir='ltr'>probum</span> 
     </span>
     <span class='ocr_line' id='line_1_14' title="bbox 113 1740 1219 1810; baseline -0.001 -11"><span class='ocrx_word' id='word_1_88' title='bbox 113 1760 171 1801; x_wconf 84' lang='lat' dir='ltr'>sect</span> <span class='ocrx_word' id='word_1_89' title='bbox 187 1744 212 1798; x_wconf 89' lang='grc'>9.</span> <span class='ocrx_word' id='word_1_90' title='bbox 230 1744 263 1795; x_wconf 89' lang='lat' dir='ltr'>ad</span> <span class='ocrx_word' id='word_1_91' title='bbox 281 1744 320 1799; x_wconf 84' lang='lat'>17.</span> <span class='ocrx_word' id='word_1_92' title='bbox 338 1743 432 1795; x_wconf 87' lang='lat' dir='ltr'>deinde</span> <span class='ocrx_word' id='word_1_93' title='bbox 449 1742 599 1793; x_wconf 79' lang='lat' dir='ltr'>refelluntur</span> <span class='ocrx_word' id='word_1_94' title='bbox 617 1756 778 1805; x_wconf 73' lang='lat' dir='ltr'>argumenta,</span> <span class='ocrx_word' id='word_1_95' title='bbox 794 1740 887 1810; x_wconf 88' lang='lat' dir='ltr'>quibus</span> <span class='ocrx_word' id='word_1_96' title='bbox 903 1762 933 1794; x_wconf 87' lang='lat' dir='ltr'>sc</span> <span class='ocrx_word' id='word_1_97' title='bbox 961 1744 1067 1797; x_wconf 86' lang='lat' dir='ltr'>harum</span> <span class='ocrx_word' id='word_1_98' title='bbox 1089 1744 1219 1797; x_wconf 72' lang='lat' dir='ltr'>natiss-</span> 
     </span>
     <span class='ocr_line' id='line_1_15' title="bbox 114 1826 1219 1897; baseline 0.002 -16"><span class='ocrx_word' id='word_1_99' title='bbox 114 1832 260 1881; x_wconf 85' lang='lat' dir='ltr'>delensores</span> <span class='ocrx_word' id='word_1_100' title='bbox 277 1828 344 1880; x_wconf 89' lang='lat' dir='ltr'>tueri</span> <span class='ocrx_word' id='word_1_101' title='bbox 360 1828 457 1888; x_wconf 77' lang='lat' dir='ltr'>solent,</span> <span class='ocrx_word' id='word_1_102' title='bbox 474 1846 488 1877; x_wconf 86' lang='lat' dir='ltr'>a</span> <span class='ocrx_word' id='word_1_103' title='bbox 503 1841 562 1878; x_wconf 86' lang='lat' dir='ltr'>sect.</span> <span class='ocrx_word' id='word_1_104' title='bbox 580 1828 619 1882; x_wconf 80' lang='lat'>17.</span> <span class='ocrx_word' id='word_1_105' title='bbox 636 1844 717 1895; x_wconf 88' lang='lat' dir='ltr'>usque</span> <span class='ocrx_word' id='word_1_106' title='bbox 733 1827 766 1877; x_wconf 94' lang='lat' dir='ltr'>ad</span> <span class='ocrx_word' id='word_1_107' title='bbox 783 1826 824 1880; x_wconf 77' lang='lat'>26.</span> <span class='ocrx_word' id='word_1_108' title='bbox 839 1854 872 1868; x_wconf 90' lang='lat'>·-</span> <span class='ocrx_word' id='word_1_109' title='bbox 906 1826 940 1895; x_wconf 81' lang='lat'>3)</span> <span class='ocrx_word' id='word_1_110' title='bbox 962 1828 1011 1878; x_wconf 80' lang='lat' dir='ltr'>Ab</span> <span class='ocrx_word' id='word_1_111' title='bbox 1035 1842 1099 1881; x_wconf 85' lang='lat' dir='ltr'>sect.</span> <span class='ocrx_word' id='word_1_112' title='bbox 1114 1830 1153 1883; x_wconf 77' lang='grc'>27.</span> <span class='ocrx_word' id='word_1_113' title='bbox 1168 1838 1219 1897; x_wconf 59' lang='grc' dir='ltr'><strong>ψ</strong></span> 
     </span>
     <span class='ocr_line' id='line_1_16' title="bbox 114 1902 1146 1977; baseline 0.001 -12"><span class='ocrx_word' id='word_1_114' title='bbox 114 1914 148 1965; x_wconf 84' lang='lat' dir='ltr'>ad</span> <span class='ocrx_word' id='word_1_115' title='bbox 164 1915 208 1965; x_wconf 83' lang='lat' dir='ltr'>ssu.</span> <span class='ocrx_word' id='word_1_116' title='bbox 227 1911 351 1963; x_wconf 86' lang='lat' dir='ltr'>debonis</span> <span class='ocrx_word' id='word_1_117' title='bbox 369 1931 399 1962; x_wconf 89' lang='lat' dir='ltr'>ac</span> <span class='ocrx_word' id='word_1_118' title='bbox 416 1908 532 1975; x_wconf 75' lang='lat' dir='ltr'>legitimis</span> <span class='ocrx_word' id='word_1_119' title='bbox 550 1908 772 1963; x_wconf 88' lang='lat' dir='ltr'>constitutionibus</span> <span class='ocrx_word' id='word_1_120' title='bbox 790 1908 970 1963; x_wconf 85' lang='lat' dir='ltr'>ecelesiasticis</span> <span class='ocrx_word' id='word_1_121' title='bbox 990 1911 1089 1977; x_wconf 73' lang='lat' dir='ltr'>agitur.</span> <span class='ocrx_word' id='word_1_122' title='bbox 1142 1902 1146 1909; x_wconf 47' lang='lat'><strong>¹</strong></span> 
     </span>
    </p>
   </div>
   <div class='ocr_carea' id='block_1_6' title="bbox 110 2073 1223 4369">
    <p class='ocr_par' dir='ltr' id='par_1_6' title="bbox 110 2073 1223 4369">
     <span class='ocr_line' id='line_1_17' title="bbox 189 2073 1216 2158; baseline 0 -21"><span class='ocrx_word' id='word_1_123' title='bbox 189 2085 217 2144; x_wconf 87' lang='lat'>1.</span> <span class='ocrx_word' id='word_1_124' title='bbox 256 2076 396 2157; x_wconf 89' lang='lat' dir='ltr'>Sequitur</span> <span class='ocrx_word' id='word_1_125' title='bbox 409 2096 474 2156; x_wconf 83' lang='lat' dir='ltr'>pars</span> <span class='ocrx_word' id='word_1_126' title='bbox 487 2074 622 2151; x_wconf 86' lang='lat' dir='ltr'>secunda,</span> <span class='ocrx_word' id='word_1_127' title='bbox 641 2076 725 2156; x_wconf 87' lang='lat' dir='ltr'>quain</span> <span class='ocrx_word' id='word_1_128' title='bbox 745 2076 775 2135; x_wconf 93' lang='lat' dir='ltr'>in</span> <span class='ocrx_word' id='word_1_129' title='bbox 795 2074 911 2158; x_wconf 87' lang='lat' dir='ltr'>legibus</span> <span class='ocrx_word' id='word_1_130' title='bbox 932 2076 1079 2141; x_wconf 79' lang='lat' dir='ltr'>serendis</span> <span class='ocrx_word' id='word_1_131' title='bbox 1098 2073 1216 2141; x_wconf 67' lang='lat' dir='ltr'>¹sitauren</span> 
     </span>
     <span class='ocr_line' id='line_1_18' title="bbox 114 2154 1215 2233; baseline -0.003 -17"><span class='ocrx_word' id='word_1_132' title='bbox 114 2155 232 2217; x_wconf 85' lang='lat' dir='ltr'>volunt:</span> <span class='ocrx_word' id='word_1_133' title='bbox 266 2175 299 2213; x_wconf 85' lang='lat' dir='ltr'>ex</span> <span class='ocrx_word' id='word_1_134' title='bbox 346 2174 381 2212; x_wconf 89' lang='lat' dir='ltr'>ua</span> <span class='ocrx_word' id='word_1_135' title='bbox 412 2154 588 2233; x_wconf 85' lang='lat' dir='ltr'>scaturigine</span> <span class='ocrx_word' id='word_1_136' title='bbox 614 2166 695 2212; x_wconf 88' lang='lat' dir='ltr'>ortae</span> <span class='ocrx_word' id='word_1_137' title='bbox 714 2165 783 2212; x_wconf 88' lang='lat' dir='ltr'>sunt</span> <span class='ocrx_word' id='word_1_138' title='bbox 806 2154 984 2213; x_wconf 90' lang='lat' dir='ltr'>innumerae</span> <span class='ocrx_word' id='word_1_139' title='bbox 1005 2154 1215 2218; x_wconf 73' lang='lat' dir='ltr'>traditionesb</span> 
     </span>
     <span class='ocr_line' id='line_1_19' title="bbox 113 2176 1215 2325; baseline 0.003 -34"><span class='ocrx_word' id='word_1_140' title='bbox 113 2251 230 2302; x_wconf 85' lang='lat' dir='ltr'>manae,</span> <span class='ocrx_word' id='word_1_141' title='bbox 263 2176 387 2289; x_wconf 77' lang='lat' dir='ltr'>totidem</span> <span class='ocrx_word' id='word_1_142' title='bbox 412 2229 448 2288; x_wconf 88' lang='lat' dir='ltr'>ad</span> <span class='ocrx_word' id='word_1_143' title='bbox 473 2228 691 2321; x_wconf 77' lang='lat' dir='ltr'>strangulandas</span> <span class='ocrx_word' id='word_1_144' title='bbox 715 2229 831 2288; x_wconf 88' lang='lat' dir='ltr'>miseras</span> <span class='ocrx_word' id='word_1_145' title='bbox 856 2230 972 2291; x_wconf 86' lang='lat' dir='ltr'>animas</span> <span class='ocrx_word' id='word_1_146' title='bbox 998 2232 1113 2325; x_wconf 79' lang='lat' dir='ltr'>laquei.</span> <span class='ocrx_word' id='word_1_147' title='bbox 1147 2232 1215 2311; x_wconf 56' lang='lat' dir='ltr'>lit!</span> 
     </span>
     <span class='ocr_line' id='line_1_20' title="bbox 114 2303 1214 2389; baseline 0.004 -23"><span class='ocrx_word' id='word_1_148' title='bbox 114 2308 192 2367; x_wconf 91' lang='lat' dir='ltr'>enim</span> <span class='ocrx_word' id='word_1_149' title='bbox 213 2305 304 2364; x_wconf 87' lang='lat' dir='ltr'>maior</span> <span class='ocrx_word' id='word_1_150' title='bbox 323 2305 379 2364; x_wconf 90' lang='lat' dir='ltr'>illis</span> <span class='ocrx_word' id='word_1_151' title='bbox 400 2303 504 2384; x_wconf 84' lang='lat' dir='ltr'>religio</span> <span class='ocrx_word' id='word_1_152' title='bbox 526 2305 580 2365; x_wconf 84' lang='lat' dir='ltr'>sust</span> <span class='ocrx_word' id='word_1_153' title='bbox 599 2326 682 2384; x_wconf 87' lang='lat' dir='ltr'>quam</span> <span class='ocrx_word' id='word_1_154' title='bbox 702 2305 813 2365; x_wconf 87' lang='lat' dir='ltr'>Scribis</span> <span class='ocrx_word' id='word_1_155' title='bbox 840 2316 869 2364; x_wconf 90' lang='lat' dir='ltr'>et</span> <span class='ocrx_word' id='word_1_156' title='bbox 889 2304 1084 2384; x_wconf 79' lang='lat' dir='ltr'>Pharisaeu,</span> <span class='ocrx_word' id='word_1_157' title='bbox 1103 2311 1214 2389; x_wconf 77' lang='lat' dir='ltr'>inpure·</span> 
     </span>
     <span class='ocr_line' id='line_1_21' title="bbox 113 2380 1213 2468; baseline 0.005 -25"><span class='ocrx_word' id='word_1_158' title='bbox 113 2383 237 2443; x_wconf 86' lang='lat' dir='ltr'>aliorum</span> <span class='ocrx_word' id='word_1_159' title='bbox 269 2380 396 2439; x_wconf 87' lang='lat' dir='ltr'>humeris</span> <span class='ocrx_word' id='word_1_160' title='bbox 417 2400 517 2454; x_wconf 78' lang='lat' dir='ltr'>oriere,</span> <span class='ocrx_word' id='word_1_161' title='bbox 547 2402 620 2460; x_wconf 85' lang='lat' dir='ltr'>quae</span> <span class='ocrx_word' id='word_1_162' title='bbox 651 2382 743 2462; x_wconf 84' lang='lat' dir='ltr'>digito</span> <span class='ocrx_word' id='word_1_163' title='bbox 770 2380 932 2441; x_wconf 84' lang='lat' dir='ltr'>noluissent</span> <span class='ocrx_word' id='word_1_164' title='bbox 955 2386 1117 2468; x_wconf 82' lang='lat' dir='ltr'>attingere</span> <span class='ocrx_word' id='word_1_165' title='bbox 1133 2380 1213 2465; x_wconf 63' lang='lat' dir='ltr'>(iffi</span> 
     </span>
     <span class='ocr_line' id='line_1_22' title="bbox 113 2456 1214 2541; baseline 0.006 -27"><span class='ocrx_word' id='word_1_166' title='bbox 113 2464 163 2532; x_wconf 75' lang='lat'>23,</span> <span class='ocrx_word' id='word_1_167' title='bbox 181 2463 208 2519; x_wconf 81' lang='grc'>4.</span> <span class='ocrx_word' id='word_1_168' title='bbox 228 2456 298 2514; x_wconf 89' lang='lat' dir='ltr'>Luc.</span> <span class='ocrx_word' id='word_1_169' title='bbox 318 2463 364 2519; x_wconf 87' lang='lat'>11.</span> <span class='ocrx_word' id='word_1_170' title='bbox 382 2456 455 2531; x_wconf 73' lang='lat' dir='ltr'>tt).</span> <span class='ocrx_word' id='word_1_171' title='bbox 494 2457 573 2515; x_wconf 79' lang='lat' dir='ltr'>Alibi</span> <span class='ocrx_word' id='word_1_172' title='bbox 593 2458 679 2517; x_wconf 89' lang='lat' dir='ltr'>docui</span> <span class='ocrx_word' id='word_1_173' title='bbox 698 2458 752 2534; x_wconf 82' lang='lat' dir='ltr'>(cf.</span> <span class='ocrx_word' id='word_1_174' title='bbox 773 2457 822 2517; x_wconf 87' lang='lat' dir='ltr'>lib.</span> <span class='ocrx_word' id='word_1_175' title='bbox 834 2463 861 2521; x_wconf 85' lang='lat'>3.</span> <span class='ocrx_word' id='word_1_176' title='bbox 882 2479 907 2519; x_wconf 84' lang='lat' dir='ltr'>c·</span> <span class='ocrx_word' id='word_1_177' title='bbox 919 2466 951 2521; x_wconf 81' lang='lat' dir='ltr'>d.</span> <span class='ocrx_word' id='word_1_178' title='bbox 973 2484 999 2520; x_wconf 88' lang='lat' dir='ltr'>s.</span> <span class='ocrx_word' id='word_1_179' title='bbox 1019 2464 1148 2539; x_wconf 51' lang='lat' dir='ltr'>ddi),</span> <span class='ocrx_word' id='word_1_180' title='bbox 1162 2474 1214 2541; x_wconf 71' lang='grc' dir='ltr'><strong>μ</strong></span> 
     </span>
     <span class='ocr_line' id='line_1_23' title="bbox 115 2530 1214 2619; baseline 0.002 -24"><span class='ocrx_word' id='word_1_181' title='bbox 115 2532 240 2595; x_wconf 89' lang='lat' dir='ltr'>erudelis</span> <span class='ocrx_word' id='word_1_182' title='bbox 264 2532 301 2591; x_wconf 87' lang='lat' dir='ltr'>sit</span> <span class='ocrx_word' id='word_1_183' title='bbox 332 2530 512 2606; x_wconf 87' lang='lat' dir='ltr'>carnificina,</span> <span class='ocrx_word' id='word_1_184' title='bbox 551 2533 630 2610; x_wconf 89' lang='lat' dir='ltr'>quod</span> <span class='ocrx_word' id='word_1_185' title='bbox 661 2535 696 2591; x_wconf 92' lang='lat' dir='ltr'>de</span> <span class='ocrx_word' id='word_1_186' title='bbox 723 2534 875 2594; x_wconf 86' lang='lat' dir='ltr'>auriculari</span> <span class='ocrx_word' id='word_1_187' title='bbox 912 2538 1118 2601; x_wconf 81' lang='lat' dir='ltr'>consessione</span> <span class='ocrx_word' id='word_1_188' title='bbox 1144 2532 1214 2619; x_wconf 77' lang='lat' dir='ltr'>prati·</span> 
     </span>
     <span class='ocr_line' id='line_1_24' title="bbox 114 2604 1213 2695; baseline 0.008 -27"><span class='ocrx_word' id='word_1_189' title='bbox 114 2612 208 2689; x_wconf 90' lang='lat' dir='ltr'>piunt.</span> <span class='ocrx_word' id='word_1_190' title='bbox 246 2608 281 2667; x_wconf 91' lang='lat' dir='ltr'>In</span> <span class='ocrx_word' id='word_1_191' title='bbox 301 2604 364 2667; x_wconf 88' lang='lat' dir='ltr'>aliis</span> <span class='ocrx_word' id='word_1_192' title='bbox 389 2606 501 2687; x_wconf 87' lang='lat' dir='ltr'>legibus</span> <span class='ocrx_word' id='word_1_193' title='bbox 526 2621 604 2667; x_wconf 89' lang='lat' dir='ltr'>tanta</span> <span class='ocrx_word' id='word_1_194' title='bbox 625 2609 761 2669; x_wconf 90' lang='lat' dir='ltr'>violentia</span> <span class='ocrx_word' id='word_1_195' title='bbox 781 2631 841 2669; x_wconf 90' lang='lat' dir='ltr'>non</span> <span class='ocrx_word' id='word_1_196' title='bbox 865 2626 1014 2690; x_wconf 87' lang='lat' dir='ltr'>apparet,</span> <span class='ocrx_word' id='word_1_197' title='bbox 1042 2608 1213 2695; x_wconf 73' lang='lat' dir='ltr'>sesquati</span> 
     </span>
     <span class='ocr_line' id='line_1_25' title="bbox 115 2684 1213 2773; baseline 0.009 -29"><span class='ocrx_word' id='word_1_198' title='bbox 115 2687 222 2744; x_wconf 91' lang='lat' dir='ltr'>dentur</span> <span class='ocrx_word' id='word_1_199' title='bbox 239 2684 369 2745; x_wconf 89' lang='lat' dir='ltr'>omnium</span> <span class='ocrx_word' id='word_1_200' title='bbox 388 2686 508 2742; x_wconf 82' lang='lat' dir='ltr'>maxime</span> <span class='ocrx_word' id='word_1_201' title='bbox 519 2684 695 2757; x_wconf 83' lang='lat' dir='ltr'>tolerabiles,</span> <span class='ocrx_word' id='word_1_202' title='bbox 715 2686 864 2766; x_wconf 79' lang='lat' dir='ltr'>tyrannice</span> <span class='ocrx_word' id='word_1_203' title='bbox 879 2692 1091 2753; x_wconf 86' lang='lat' dir='ltr'>conscientias</span> <span class='ocrx_word' id='word_1_204' title='bbox 1110 2694 1213 2773; x_wconf 61' lang='lat' dir='ltr'>prend·</span> 
     </span>
     <span class='ocr_line' id='line_1_26' title="bbox 115 2758 1213 2851; baseline 0.006 -30"><span class='ocrx_word' id='word_1_205' title='bbox 115 2763 215 2821; x_wconf 88' lang='lat' dir='ltr'>Taceo</span> <span class='ocrx_word' id='word_1_206' title='bbox 236 2761 315 2851; x_wconf 81' lang='lat' dir='ltr'>quod</span> <span class='ocrx_word' id='word_1_207' title='bbox 335 2758 498 2820; x_wconf 87' lang='lat' dir='ltr'>adulterant</span> <span class='ocrx_word' id='word_1_208' title='bbox 521 2761 629 2820; x_wconf 89' lang='lat' dir='ltr'>cultum</span> <span class='ocrx_word' id='word_1_209' title='bbox 648 2762 722 2836; x_wconf 87' lang='lat' dir='ltr'>Dei,</span> <span class='ocrx_word' id='word_1_210' title='bbox 753 2776 783 2821; x_wconf 86' lang='lat' dir='ltr'>et</span> <span class='ocrx_word' id='word_1_211' title='bbox 802 2763 896 2821; x_wconf 88' lang='lat' dir='ltr'>Deum</span> <span class='ocrx_word' id='word_1_212' title='bbox 921 2765 1044 2843; x_wconf 88' lang='lat' dir='ltr'>ipsum,</span> <span class='ocrx_word' id='word_1_213' title='bbox 1078 2772 1130 2848; x_wconf 82' lang='lat' dir='ltr'>qui</span> <span class='ocrx_word' id='word_1_214' title='bbox 1150 2766 1213 2827; x_wconf 66' lang='grc' dir='ltr'>ὠ</span> 
     </span>
     <span class='ocr_line' id='line_1_27' title="bbox 115 2837 1213 2929; baseline 0.002 -30"><span class='ocrx_word' id='word_1_215' title='bbox 115 2851 159 2899; x_wconf 88' lang='lat' dir='ltr'>est</span> <span class='ocrx_word' id='word_1_216' title='bbox 177 2837 356 2919; x_wconf 85' lang='lat' dir='ltr'>Legrslator,</span> <span class='ocrx_word' id='word_1_217' title='bbox 384 2858 436 2895; x_wconf 91' lang='lat' dir='ltr'>suo</span> <span class='ocrx_word' id='word_1_218' title='bbox 459 2837 521 2895; x_wconf 87' lang='lat' dir='ltr'>iure</span> <span class='ocrx_word' id='word_1_219' title='bbox 545 2838 681 2915; x_wconf 89' lang='lat' dir='ltr'>spoliant.</span> <span class='ocrx_word' id='word_1_220' title='bbox 732 2841 811 2897; x_wconf 88' lang='lat' dir='ltr'>llaec</span> <span class='ocrx_word' id='word_1_221' title='bbox 835 2851 967 2929; x_wconf 82' lang='lat' dir='ltr'>potestas</span> <span class='ocrx_word' id='word_1_222' title='bbox 996 2844 1213 2905; x_wconf 58' lang='lat' dir='ltr'>tractanda!</span> 
     </span>
     <span class='ocr_line' id='line_1_28' title="bbox 115 2911 1212 3003; baseline 0 -28"><span class='ocrx_word' id='word_1_223' title='bbox 115 2925 175 2988; x_wconf 87' lang='lat' dir='ltr'>est,</span> <span class='ocrx_word' id='word_1_224' title='bbox 205 2935 242 2972; x_wconf 88' lang='lat' dir='ltr'>an</span> <span class='ocrx_word' id='word_1_225' title='bbox 262 2911 399 2973; x_wconf 85' lang='lat' dir='ltr'>ecclesiae</span> <span class='ocrx_word' id='word_1_226' title='bbox 423 2912 509 2972; x_wconf 89' lang='lat' dir='ltr'>liceat</span> <span class='ocrx_word' id='word_1_227' title='bbox 534 2914 724 2974; x_wconf 84' lang='lat' dir='ltr'>conscientias</span> <span class='ocrx_word' id='word_1_228' title='bbox 752 2914 937 2993; x_wconf 80' lang='lat' dir='ltr'>obstringere</span> <span class='ocrx_word' id='word_1_229' title='bbox 964 2921 1029 2979; x_wconf 87' lang='lat' dir='ltr'>suis</span> <span class='ocrx_word' id='word_1_230' title='bbox 1054 2912 1212 3003; x_wconf 65' lang='lat' dir='ltr'>legib-b</span> 
     </span>
     <span class='ocr_line' id='line_1_29' title="bbox 115 2989 1220 3075; baseline 0.002 -28"><span class='ocrx_word' id='word_1_231' title='bbox 115 3011 172 3069; x_wconf 88' lang='lat' dir='ltr'>qua</span> <span class='ocrx_word' id='word_1_232' title='bbox 197 2989 394 3069; x_wconf 83' lang='lat' dir='ltr'>disputatione</span> <span class='ocrx_word' id='word_1_233' title='bbox 419 3010 478 3047; x_wconf 93' lang='lat' dir='ltr'>non</span> <span class='ocrx_word' id='word_1_234' title='bbox 511 2991 663 3075; x_wconf 83' lang='lat' dir='ltr'>attingitur</span> <span class='ocrx_word' id='word_1_235' title='bbox 688 2991 761 3049; x_wconf 90' lang='lat' dir='ltr'>ordo</span> <span class='ocrx_word' id='word_1_236' title='bbox 788 2992 938 3069; x_wconf 89' lang='lat' dir='ltr'>politicus,</span> <span class='ocrx_word' id='word_1_237' title='bbox 972 2996 1029 3056; x_wconf 82' lang='lat' dir='ltr'>sed</span> <span class='ocrx_word' id='word_1_238' title='bbox 1056 3010 1168 3057; x_wconf 73' lang='lat' dir='ltr'>unte·</span> <span class='ocrx_word' id='word_1_239' title='bbox 1182 2990 1220 3051; x_wconf 66' lang='lat' dir='ltr'>h.</span> 
     </span>
     <span class='ocr_line' id='line_1_30' title="bbox 115 3065 1222 3156; baseline 0.01 -32"><span class='ocrx_word' id='word_1_240' title='bbox 115 3068 221 3146; x_wconf 88' lang='lat' dir='ltr'>agitur,</span> <span class='ocrx_word' id='word_1_241' title='bbox 241 3076 274 3124; x_wconf 87' lang='lat' dir='ltr'>ut</span> <span class='ocrx_word' id='word_1_242' title='bbox 292 3066 347 3124; x_wconf 90' lang='lat' dir='ltr'>rite</span> <span class='ocrx_word' id='word_1_243' title='bbox 367 3065 480 3124; x_wconf 87' lang='lat' dir='ltr'>coletur</span> <span class='ocrx_word' id='word_1_244' title='bbox 499 3066 578 3124; x_wconf 89' lang='lat' dir='ltr'>Deus</span> <span class='ocrx_word' id='word_1_245' title='bbox 604 3067 759 3125; x_wconf 86' lang='lat' dir='ltr'>seeundum</span> <span class='ocrx_word' id='word_1_246' title='bbox 781 3069 993 3146; x_wconf 80' lang='lat' dir='ltr'>praescript-‘tm</span> <span class='ocrx_word' id='word_1_247' title='bbox 1015 3094 1032 3133; x_wconf 83' lang='lat' dir='ltr'>a</span> <span class='ocrx_word' id='word_1_248' title='bbox 1054 3094 1091 3135; x_wconf 88' lang='lat' dir='ltr'>se</span> <span class='ocrx_word' id='word_1_249' title='bbox 1109 3068 1222 3156; x_wconf 71' lang='lat' dir='ltr'>regsllt·</span> 
     </span>
     <span class='ocr_line' id='line_1_31' title="bbox 115 3139 1223 3222; baseline 0.005 -22"><span class='ocrx_word' id='word_1_250' title='bbox 115 3155 146 3201; x_wconf 89' lang='lat' dir='ltr'>et</span> <span class='ocrx_word' id='word_1_251' title='bbox 164 3139 317 3217; x_wconf 89' lang='lat' dir='ltr'>spiritualis</span> <span class='ocrx_word' id='word_1_252' title='bbox 336 3140 463 3213; x_wconf 86' lang='lat' dir='ltr'>libertas,</span> <span class='ocrx_word' id='word_1_253' title='bbox 483 3162 557 3220; x_wconf 87' lang='lat' dir='ltr'>quae</span> <span class='ocrx_word' id='word_1_254' title='bbox 573 3142 664 3199; x_wconf 87' lang='lat' dir='ltr'>lleum</span> <span class='ocrx_word' id='word_1_255' title='bbox 677 3145 803 3222; x_wconf 88' lang='lat' dir='ltr'>respicit,</span> <span class='ocrx_word' id='word_1_256' title='bbox 814 3144 888 3203; x_wconf 87' lang='lat' dir='ltr'>salva</span> <span class='ocrx_word' id='word_1_257' title='bbox 910 3147 1004 3207; x_wconf 89' lang='lat' dir='ltr'>nobis</span> <span class='ocrx_word' id='word_1_258' title='bbox 1019 3164 1149 3211; x_wconf 80' lang='lat' dir='ltr'>maneat.</span> <span class='ocrx_word' id='word_1_259' title='bbox 1170 3146 1223 3205; x_wconf 68' lang='lat' dir='ltr'>U!-</span> 
     </span>
     <span class='ocr_line' id='line_1_32' title="bbox 115 3214 1214 3303; baseline 0.002 -26"><span class='ocrx_word' id='word_1_260' title='bbox 115 3216 246 3277; x_wconf 90' lang='lat' dir='ltr'>obtinuit</span> <span class='ocrx_word' id='word_1_261' title='bbox 264 3228 297 3276; x_wconf 89' lang='lat' dir='ltr'>ut</span> <span class='ocrx_word' id='word_1_262' title='bbox 315 3218 485 3277; x_wconf 83' lang='lat' dir='ltr'>traditiones</span> <span class='ocrx_word' id='word_1_263' title='bbox 506 3217 805 3290; x_wconf 87' lang='lat' dir='ltr'>humanaevoeentur,</span> <span class='ocrx_word' id='word_1_264' title='bbox 821 3240 1022 3303; x_wconf 81' lang='lat' dir='ltr'>quaeeunque</span> <span class='ocrx_word' id='word_1_265' title='bbox 1045 3228 1085 3286; x_wconf 87' lang='lat' dir='ltr'>de</span> <span class='ocrx_word' id='word_1_266' title='bbox 1105 3214 1214 3287; x_wconf 82' lang='lat' dir='ltr'>cultelli</span> 
     </span>
     <span class='ocr_line' id='line_1_33' title="bbox 114 3293 1215 3427; baseline 0.008 -78"><span class='ocrx_word' id='word_1_267' title='bbox 114 3305 231 3427; x_wconf 82' lang='lat' dir='ltr'>praeter</span> <span class='ocrx_word' id='word_1_268' title='bbox 252 3293 311 3351; x_wconf 88' lang='lat' dir='ltr'>eius</span> <span class='ocrx_word' id='word_1_269' title='bbox 335 3293 455 3352; x_wconf 88' lang='lat' dir='ltr'>verbum</span> <span class='ocrx_word' id='word_1_270' title='bbox 482 3294 612 3373; x_wconf 84' lang='lat' dir='ltr'>proiecta</span> <span class='ocrx_word' id='word_1_271' title='bbox 637 3296 759 3355; x_wconf 80' lang='lat' dir='ltr'>suntab</span> <span class='ocrx_word' id='word_1_272' title='bbox 782 3296 950 3357; x_wconf 89' lang='lat' dir='ltr'>hominibus</span> <span class='ocrx_word' id='word_1_273' title='bbox 973 3302 1088 3363; x_wconf 81' lang='lat' dir='ltr'>edicta.</span> <span class='ocrx_word' id='word_1_274' title='bbox 1140 3302 1215 3363; x_wconf 67' lang='lat' dir='ltr'>Cos!</span> 
     </span>
     <span class='ocr_line' id='line_1_34' title="bbox 135 3367 1216 3441; baseline 0.009 -14"><span class='ocrx_word' id='word_1_275' title='bbox 135 3389 164 3427; x_wconf 88' lang='lat' dir='ltr'>as</span> <span class='ocrx_word' id='word_1_276' title='bbox 184 3367 270 3427; x_wconf 91' lang='lat' dir='ltr'>nobis</span> <span class='ocrx_word' id='word_1_277' title='bbox 291 3380 334 3426; x_wconf 88' lang='lat' dir='ltr'>est</span> <span class='ocrx_word' id='word_1_278' title='bbox 353 3382 508 3441; x_wconf 88' lang='lat' dir='ltr'>certamen,</span> <span class='ocrx_word' id='word_1_279' title='bbox 529 3391 589 3428; x_wconf 94' lang='lat' dir='ltr'>non</span> <span class='ocrx_word' id='word_1_280' title='bbox 610 3383 830 3431; x_wconf 88' lang='lat' dir='ltr'>coutrasanctas</span> <span class='ocrx_word' id='word_1_281' title='bbox 850 3385 880 3431; x_wconf 90' lang='lat' dir='ltr'>et</span> <span class='ocrx_word' id='word_1_282' title='bbox 899 3374 994 3436; x_wconf 87' lang='lat' dir='ltr'>utiles</span> <span class='ocrx_word' id='word_1_283' title='bbox 1015 3378 1158 3441; x_wconf 87' lang='lat' dir='ltr'>ecclesiae</span> <span class='ocrx_word' id='word_1_284' title='bbox 1171 3392 1216 3437; x_wconf 71' lang='lat' dir='ltr'>tt*</span> 
     </span>
     <span class='ocr_line' id='line_1_35' title="bbox 113 3445 1216 3536; baseline 0.005 -30"><span class='ocrx_word' id='word_1_285' title='bbox 113 3445 292 3518; x_wconf 88' lang='lat' dir='ltr'>stitutiones,</span> <span class='ocrx_word' id='word_1_286' title='bbox 312 3465 385 3522; x_wconf 90' lang='lat' dir='ltr'>quae</span> <span class='ocrx_word' id='word_1_287' title='bbox 405 3445 449 3503; x_wconf 87' lang='lat' dir='ltr'>vel</span> <span class='ocrx_word' id='word_1_288' title='bbox 470 3448 504 3504; x_wconf 90' lang='lat' dir='ltr'>ad</span> <span class='ocrx_word' id='word_1_289' title='bbox 526 3446 705 3524; x_wconf 86' lang='lat' dir='ltr'>disciplinam</span> <span class='ocrx_word' id='word_1_290' title='bbox 718 3448 762 3505; x_wconf 81' lang='lat' dir='ltr'>vel</span> <span class='ocrx_word' id='word_1_291' title='bbox 783 3448 971 3510; x_wconf 85' lang='lat' dir='ltr'>honestatem</span> <span class='ocrx_word' id='word_1_292' title='bbox 982 3454 1035 3514; x_wconf 77' lang='lat' dir='ltr'>sel</span> <span class='ocrx_word' id='word_1_293' title='bbox 1056 3478 1157 3536; x_wconf 85' lang='lat' dir='ltr'>pacem</span> <span class='ocrx_word' id='word_1_294' title='bbox 1172 3468 1216 3511; x_wconf 81' lang='lat' dir='ltr'>stt·</span> 
     </span>
     <span class='ocr_line' id='line_1_36' title="bbox 112 3520 1217 3595; baseline 0.007 -15"><span class='ocrx_word' id='word_1_295' title='bbox 112 3520 281 3583; x_wconf 86' lang='lat' dir='ltr'>servandam</span> <span class='ocrx_word' id='word_1_296' title='bbox 302 3520 419 3579; x_wconf 83' lang='lat' dir='ltr'>iaciunt.</span> <span class='ocrx_word' id='word_1_297' title='bbox 458 3522 536 3581; x_wconf 85' lang='lat' dir='ltr'>Finis</span> <span class='ocrx_word' id='word_1_298' title='bbox 556 3535 650 3581; x_wconf 90' lang='lat' dir='ltr'>autem</span> <span class='ocrx_word' id='word_1_299' title='bbox 663 3525 802 3595; x_wconf 89' lang='lat' dir='ltr'>certandi,</span> <span class='ocrx_word' id='word_1_300' title='bbox 822 3536 853 3582; x_wconf 91' lang='lat' dir='ltr'>ut</span> <span class='ocrx_word' id='word_1_301' title='bbox 872 3543 1060 3590; x_wconf 82' lang='lat' dir='ltr'>coerceatur</span> <span class='ocrx_word' id='word_1_302' title='bbox 1080 3535 1217 3591; x_wconf 68' lang='lat' dir='ltr'>imment·</span> 
     </span>
     <span class='ocr_line' id='line_1_37' title="bbox 114 3597 1218 3687; baseline 0.005 -29"><span class='ocrx_word' id='word_1_303' title='bbox 114 3610 145 3658; x_wconf 89' lang='lat' dir='ltr'>et</span> <span class='ocrx_word' id='word_1_304' title='bbox 165 3597 319 3656; x_wconf 87' lang='lat' dir='ltr'>barbarum</span> <span class='ocrx_word' id='word_1_305' title='bbox 339 3597 501 3676; x_wconf 89' lang='lat' dir='ltr'>imperium,</span> <span class='ocrx_word' id='word_1_306' title='bbox 521 3600 600 3677; x_wconf 88' lang='lat' dir='ltr'>quod</span> <span class='ocrx_word' id='word_1_307' title='bbox 621 3599 675 3658; x_wconf 90' lang='lat' dir='ltr'>sibi</span> <span class='ocrx_word' id='word_1_308' title='bbox 696 3612 834 3679; x_wconf 88' lang='lat' dir='ltr'>usurpant</span> <span class='ocrx_word' id='word_1_309' title='bbox 852 3601 881 3659; x_wconf 91' lang='lat' dir='ltr'>in</span> <span class='ocrx_word' id='word_1_310' title='bbox 900 3603 1030 3681; x_wconf 82' lang='lat' dir='ltr'>animas,</span> <span class='ocrx_word' id='word_1_311' title='bbox 1052 3610 1106 3687; x_wconf 85' lang='lat' dir='ltr'>qui</span> <span class='ocrx_word' id='word_1_312' title='bbox 1119 3609 1218 3667; x_wconf 69' lang='lat' dir='ltr'>Psststfl</span> 
     </span>
     <span class='ocr_line' id='line_1_38' title="bbox 114 3672 1218 3748; baseline 0.006 -15"><span class='ocrx_word' id='word_1_313' title='bbox 114 3673 253 3735; x_wconf 87' lang='lat' dir='ltr'>eeclesiae</span> <span class='ocrx_word' id='word_1_314' title='bbox 273 3672 374 3732; x_wconf 88' lang='lat' dir='ltr'>baberi</span> <span class='ocrx_word' id='word_1_315' title='bbox 394 3672 512 3748; x_wconf 88' lang='lat' dir='ltr'>volunt,</span> <span class='ocrx_word' id='word_1_316' title='bbox 541 3695 573 3733; x_wconf 92' lang='lat' dir='ltr'>re</span> <span class='ocrx_word' id='word_1_317' title='bbox 597 3688 690 3733; x_wconf 89' lang='lat' dir='ltr'>autem</span> <span class='ocrx_word' id='word_1_318' title='bbox 711 3697 777 3736; x_wconf 90' lang='lat' dir='ltr'>vera</span> <span class='ocrx_word' id='word_1_319' title='bbox 802 3676 960 3739; x_wconf 86' lang='lat' dir='ltr'>saevissimi</span> <span class='ocrx_word' id='word_1_320' title='bbox 994 3698 1069 3743; x_wconf 82' lang='lat' dir='ltr'>sunt</span> <span class='ocrx_word' id='word_1_321' title='bbox 1095 3682 1218 3746; x_wconf 67' lang='lat' dir='ltr'>carnibus</span> 
     </span>
     <span class='ocr_line' id='line_1_39' title="bbox 115 3748 1219 3837; baseline 0.014 -29"><span class='ocrx_word' id='word_1_322' title='bbox 115 3750 197 3823; x_wconf 89' lang='lat' dir='ltr'>Quas</span> <span class='ocrx_word' id='word_1_323' title='bbox 217 3748 295 3809; x_wconf 84' lang='lat' dir='ltr'>enirn</span> <span class='ocrx_word' id='word_1_324' title='bbox 317 3748 394 3830; x_wconf 86' lang='lat' dir='ltr'>leges</span> <span class='ocrx_word' id='word_1_325' title='bbox 415 3751 560 3824; x_wconf 91' lang='lat' dir='ltr'>condunt,</span> <span class='ocrx_word' id='word_1_326' title='bbox 583 3751 744 3829; x_wconf 85' lang='lat' dir='ltr'>spirituales</span> <span class='ocrx_word' id='word_1_327' title='bbox 765 3773 825 3811; x_wconf 89' lang='lat' dir='ltr'>esse</span> <span class='ocrx_word' id='word_1_328' title='bbox 844 3753 940 3823; x_wconf 88' lang='lat' dir='ltr'>aiunt,</span> <span class='ocrx_word' id='word_1_329' title='bbox 968 3760 1008 3817; x_wconf 83' lang='lat' dir='ltr'>ad</span> <span class='ocrx_word' id='word_1_330' title='bbox 1030 3763 1157 3821; x_wconf 85' lang='lat' dir='ltr'>animant</span> <span class='ocrx_word' id='word_1_331' title='bbox 1175 3772 1219 3837; x_wconf 60' lang='lat' dir='ltr'>p*</span> 
     </span>
     <span class='ocr_line' id='line_1_40' title="bbox 112 3826 1219 3899; baseline 0.007 -15"><span class='ocrx_word' id='word_1_332' title='bbox 112 3830 252 3899; x_wconf 86' lang='lat' dir='ltr'>tinentes,</span> <span class='ocrx_word' id='word_1_333' title='bbox 271 3837 301 3885; x_wconf 88' lang='lat' dir='ltr'>et</span> <span class='ocrx_word' id='word_1_334' title='bbox 320 3845 368 3885; x_wconf 85' lang='lat' dir='ltr'>eas</span> <span class='ocrx_word' id='word_1_335' title='bbox 387 3826 518 3885; x_wconf 86' lang='lat' dir='ltr'>advitam</span> <span class='ocrx_word' id='word_1_336' title='bbox 533 3840 679 3886; x_wconf 87' lang='lat' dir='ltr'>aeternam</span> <span class='ocrx_word' id='word_1_337' title='bbox 701 3831 873 3890; x_wconf 84' lang='lat' dir='ltr'>necessarias</span> <span class='ocrx_word' id='word_1_338' title='bbox 894 3832 1062 3897; x_wconf 77' lang='lat' dir='ltr'>affirmant.</span> <span class='ocrx_word' id='word_1_339' title='bbox 1104 3838 1137 3899; x_wconf 86' lang='lat' dir='ltr'>Si</span> <span class='ocrx_word' id='word_1_340' title='bbox 1153 3844 1219 3897; x_wconf 72' lang='lat' dir='ltr'>aute!</span> 
     </span>
     <span class='ocr_line' id='line_1_41' title="bbox 112 3900 1220 3988; baseline 0.012 -28"><span class='ocrx_word' id='word_1_341' title='bbox 112 3922 236 3983; x_wconf 84' lang='lat' dir='ltr'>regnum</span> <span class='ocrx_word' id='word_1_342' title='bbox 257 3900 381 3973; x_wconf 83' lang='lat' dir='ltr'>Christi,</span> <span class='ocrx_word' id='word_1_343' title='bbox 410 3915 443 3961; x_wconf 90' lang='lat' dir='ltr'>ut</span> <span class='ocrx_word' id='word_1_344' title='bbox 462 3925 556 3982; x_wconf 90' lang='lat' dir='ltr'>nuper</span> <span class='ocrx_word' id='word_1_345' title='bbox 575 3904 671 3984; x_wconf 86' lang='lat' dir='ltr'>attigi,</span> <span class='ocrx_word' id='word_1_346' title='bbox 702 3904 859 3964; x_wconf 85' lang='lat' dir='ltr'>invaditur:</span> <span class='ocrx_word' id='word_1_347' title='bbox 890 3907 932 3967; x_wconf 88' lang='lat' dir='ltr'>sic</span> <span class='ocrx_word' id='word_1_348' title='bbox 955 3910 1103 3988; x_wconf 85' lang='lat' dir='ltr'>libertas,</span> <span class='ocrx_word' id='word_1_349' title='bbox 1132 3910 1220 3987; x_wconf 73' lang='lat' dir='ltr'>alise</span> 
     </span>
     <span class='ocr_line' id='line_1_42' title="bbox 111 3978 1219 4059; baseline 0.007 -22"><span class='ocrx_word' id='word_1_350' title='bbox 111 3978 239 4037; x_wconf 85' lang='lat' dir='ltr'>fidelium</span> <span class='ocrx_word' id='word_1_351' title='bbox 259 3979 444 4039; x_wconf 87' lang='lat' dir='ltr'>conscientiis</span> <span class='ocrx_word' id='word_1_352' title='bbox 464 3980 543 4051; x_wconf 87' lang='lat' dir='ltr'>data,</span> <span class='ocrx_word' id='word_1_353' title='bbox 564 3980 738 4058; x_wconf 88' lang='lat' dir='ltr'>opprimitur</span> <span class='ocrx_word' id='word_1_354' title='bbox 758 3983 928 4059; x_wconf 71' lang='lat' dir='ltr'>penitusne</span> <span class='ocrx_word' id='word_1_355' title='bbox 950 3986 1113 4051; x_wconf 83' lang='lat' dir='ltr'>elisiicitur.</span> <span class='ocrx_word' id='word_1_356' title='bbox 1148 3988 1219 4047; x_wconf 77' lang='lat' dir='ltr'>Tus</span> 
     </span>
     <span class='ocr_line' id='line_1_43' title="bbox 111 4053 1220 4141; baseline 0.008 -30"><span class='ocrx_word' id='word_1_357' title='bbox 111 4074 190 4114; x_wconf 90' lang='lat' dir='ltr'>nune</span> <span class='ocrx_word' id='word_1_358' title='bbox 210 4066 316 4133; x_wconf 85' lang='lat' dir='ltr'>quanta</span> <span class='ocrx_word' id='word_1_359' title='bbox 334 4053 483 4133; x_wconf 87' lang='lat' dir='ltr'>impietate</span> <span class='ocrx_word' id='word_1_360' title='bbox 503 4054 599 4135; x_wconf 89' lang='lat' dir='ltr'>legum</span> <span class='ocrx_word' id='word_1_361' title='bbox 618 4077 733 4115; x_wconf 87' lang='lat' dir='ltr'>suarum</span> <span class='ocrx_word' id='word_1_362' title='bbox 755 4058 998 4123; x_wconf 83' lang='lat' dir='ltr'>observationem</span> <span class='ocrx_word' id='word_1_363' title='bbox 1019 4069 1160 4141; x_wconf 84' lang='lat' dir='ltr'>sauciant,</span> <span class='ocrx_word' id='word_1_364' title='bbox 1174 4062 1220 4121; x_wconf 69' lang='lat' dir='ltr'>dn</span> 
     </span>
     <span class='ocr_line' id='line_1_44' title="bbox 112 4131 1219 4219; baseline 0.007 -30"><span class='ocrx_word' id='word_1_365' title='bbox 112 4150 145 4189; x_wconf 83' lang='lat' dir='ltr'>ex</span> <span class='ocrx_word' id='word_1_366' title='bbox 165 4132 225 4210; x_wconf 89' lang='lat' dir='ltr'>ipsa</span> <span class='ocrx_word' id='word_1_367' title='bbox 246 4142 275 4189; x_wconf 88' lang='lat' dir='ltr'>et</span> <span class='ocrx_word' id='word_1_368' title='bbox 293 4144 479 4210; x_wconf 84' lang='lat' dir='ltr'>peccatorum</span> <span class='ocrx_word' id='word_1_369' title='bbox 499 4131 713 4207; x_wconf 82' lang='lat' dir='ltr'>remissionem,</span> <span class='ocrx_word' id='word_1_370' title='bbox 738 4145 768 4191; x_wconf 92' lang='lat' dir='ltr'>et</span> <span class='ocrx_word' id='word_1_371' title='bbox 792 4136 930 4196; x_wconf 89' lang='lat' dir='ltr'>iustitiam</span> <span class='ocrx_word' id='word_1_372' title='bbox 953 4152 988 4199; x_wconf 89' lang='lat' dir='ltr'>et</span> <span class='ocrx_word' id='word_1_373' title='bbox 1015 4143 1140 4203; x_wconf 86' lang='lat' dir='ltr'>salutem</span> <span class='ocrx_word' id='word_1_374' title='bbox 1157 4152 1219 4219; x_wconf 64' lang='lat' dir='ltr'>qu*</span> 
     </span>
     <span class='ocr_line' id='line_1_45' title="bbox 110 4206 1218 4297; baseline 0.007 -32"><span class='ocrx_word' id='word_1_375' title='bbox 110 4226 176 4267; x_wconf 88' lang='lat' dir='ltr'>rere</span> <span class='ocrx_word' id='word_1_376' title='bbox 197 4207 314 4280; x_wconf 91' lang='lat' dir='ltr'>docent,</span> <span class='ocrx_word' id='word_1_377' title='bbox 334 4206 401 4266; x_wconf 90' lang='lat' dir='ltr'>dum</span> <span class='ocrx_word' id='word_1_378' title='bbox 421 4219 513 4267; x_wconf 86' lang='lat' dir='ltr'>totam</span> <span class='ocrx_word' id='word_1_379' title='bbox 534 4207 685 4287; x_wconf 89' lang='lat' dir='ltr'>religionis</span> <span class='ocrx_word' id='word_1_380' title='bbox 706 4221 736 4267; x_wconf 91' lang='lat' dir='ltr'>et</span> <span class='ocrx_word' id='word_1_381' title='bbox 755 4210 869 4288; x_wconf 87' lang='lat' dir='ltr'>pietatis</span> <span class='ocrx_word' id='word_1_382' title='bbox 888 4234 1041 4277; x_wconf 87' lang='lat' dir='ltr'>summam</span> <span class='ocrx_word' id='word_1_383' title='bbox 1061 4220 1093 4278; x_wconf 90' lang='lat' dir='ltr'>in</span> <span class='ocrx_word' id='word_1_384' title='bbox 1112 4222 1167 4297; x_wconf 87' lang='lat' dir='ltr'>ipsa</span> <span class='ocrx_word' id='word_1_385' title='bbox 1181 4222 1218 4273; x_wconf 63' lang='lat' dir='ltr'>sb</span> 
     </span>
     <span class='ocr_line' id='line_1_46' title="bbox 110 4283 1216 4369; baseline 0.012 -27"><span class='ocrx_word' id='word_1_386' title='bbox 110 4292 206 4343; x_wconf 75' lang='lat' dir='ltr'>munt.</span> <span class='ocrx_word' id='word_1_387' title='bbox 245 4284 313 4343; x_wconf 89' lang='lat' dir='ltr'>lloe</span> <span class='ocrx_word' id='word_1_388' title='bbox 333 4305 422 4343; x_wconf 92' lang='lat' dir='ltr'>unum</span> <span class='ocrx_word' id='word_1_389' title='bbox 437 4283 599 4361; x_wconf 89' lang='lat' dir='ltr'>contendo,</span> <span class='ocrx_word' id='word_1_390' title='bbox 620 4288 820 4346; x_wconf 86' lang='lat' dir='ltr'>necessitatem</span> <span class='ocrx_word' id='word_1_391' title='bbox 840 4289 960 4369; x_wconf 90' lang='lat' dir='ltr'>imponi</span> <span class='ocrx_word' id='word_1_392' title='bbox 975 4293 1163 4357; x_wconf 75' lang='lat' dir='ltr'>conscicntis</span> <span class='ocrx_word' id='word_1_393' title='bbox 1177 4302 1216 4349; x_wconf 74' lang='grc' dir='ltr'>ΙΙ</span> 
     </span>
    </p>
   </div>
   <div class='ocr_carea' id='block_1_7' title="bbox 0 0 1358 4732">
    <p class='ocr_par' dir='ltr' id='par_1_7' title="bbox 0 0 1358 4732">
     <span class='ocr_line' id='line_1_47' title="bbox 0 0 1358 4732; baseline 0 0"><span class='ocrx_word' id='word_1_394' title='bbox 0 0 1358 4732; x_wconf 95' lang='lat' dir='ltr'> </span> 
     </span>
    </p>
   </div>
  </div>
 </body>
</html>
