2700 4732
370 222 492 285 emt.
530 221 621 285 cte.
640 220 726 283 lllll.
1086 228 1128 293 93

89 370 277 431 ontrorersis
295 368 375 428 inter
393 386 497 427 omnes
517 376 653 427 constare
674 365 773 440 dehet,
793 366 941 429 Christum
961 384 1025 427 esse
1042 364 1125 427 illurn

89 466 168 505 mem
189 466 278 507 carne
291 445 437 518 indutum,
456 444 513 503 huc
534 443 645 522 optime
665 444 843 504 convenient
857 461 1050 523 quaecuuque
1062 444 1126 503 dei·

89 522 216 585 Christo
238 532 372 583 morunt
389 520 568 580 testimonia·
608 521 709 593 Quum
722 519 830 579 dicitur
841 519 957 580 Psalmo
971 526 1023 595 45,
1040 520 1125 597 „So-

91 622 162 658 uum
183 598 266 660 Deus
285 601 316 657 in
335 598 482 657 menium
501 609 532 655 et
551 602 673 674 usque‚“
694 595 1047 677 tergiversanturludaei‚
1067 616 1125 659 uo-

89 674 203 737 ttotin
227 686 400 754 competere
424 674 510 732 etiam
535 671 565 730 in
590 672 710 752 angelos
740 684 770 732 et
798 692 923 733 summas
952 684 1124 751 potestates.

102 772 247 831 nusquam
267 762 360 810 exstat
377 748 479 809 similis
491 751 520 808 in
534 748 676 826 scriptura
695 748 786 822 locus,
807 750 857 827 qui
869 750 1008 807 thronum
1027 762 1126 811 aeter·
1187 762 1201 789 Ι

89 840 234 887 :reaturae
254 828 297 887 eri
319 838 356 885 at.
370 901 379 917 ο
394 828 499 905 Neque
519 826 597 915 enirn
623 824 795 917 simpliciter
819 826 901 886 Deus
920 837 1052 917 tueatur,
1070 826 1124 887 sed

89 914 478 1057 :tettinsttttt
493 900 1124 1039 dt?⁶t.t‘t‡t:.llt3‘ttlst.²ttl¹t

89 1062 147 1127 ,ᾗ
168 1058 222 1133 1.).
247 1056 307 1115 Alii
328 1056 358 1115 iu
377 1055 508 1135 genitivo
528 1076 593 1113 casu
614 1053 731 1137 legunt:
760 1056 841 1134 quod
861 1054 946 1113 nimis
964 1054 1122 1135 insipidum

89 1132 189 1191 fateor
207 1132 326 1212 quidem
345 1151 433 1210 saepe
442 1130 580 1190 Divinum
598 1132 710 1206 vocari,
729 1132 810 1211 quod
821 1131 960 1213 singulari
970 1140 1123 1209 praestan-

89 1208 185 1267 imium
204 1221 263 1269 est:
299 1208 350 1269 sed
370 1228 405 1266 ex
424 1218 563 1267 contextu
582 1210 650 1267 satis
670 1208 772 1286 liquet,
793 1210 896 1267 durum
916 1206 988 1267 illud
1007 1226 1071 1267 erse
1090 1218 1123 1267 et

89 1306 135 1355 rm,
162 1285 224 1344 imo
250 1304 432 1365 nequaquam
452 1285 604 1363 quadrare.
647 1285 757 1343 Verum
781 1286 804 1345 si
824 1305 884 1344 non
906 1283 990 1343 cedat
1016 1303 1122 1343 eorum

90 1362 164 1431 acia,
183 1373 265 1422 terte
284 1383 346 1422 noo
365 1359 491 1420 obscure
510 1382 527 1419 a
548 1360 639 1419 lesaia
659 1364 703 1439 (9,
722 1364 768 1437 6.)
788 1362 864 1421 idem
880 1358 1013 1421 Christus
1032 1359 1121 1419 indu-

89 1448 117 1496 et
133 1438 228 1509 Deus,
247 1450 278 1497 et
296 1457 406 1497 summa
426 1437 556 1516 potentia
577 1449 710 1511 ornatus,
743 1436 823 1517 quod
853 1438 937 1497 unius
957 1436 1016 1495 llei
1046 1455 1122 1515 pro-

105 1524 164 1573 ests
184 1514 273 1587 „Hoc
293 1526 346 1586 est,
366 1514 472 1591 inquit,
493 1532 601 1572 nomen
622 1534 681 1591 quo
700 1514 848 1574 vocabunt
867 1534 945 1587 eum,
962 1511 1122 1574 Deutfnr-

89 1590 299 1661 atersaeculi‚“
319 1603 375 1650 ete.
414 1589 573 1648 Ohlatraut
586 1589 631 1649 hic
643 1610 760 1669 quoque
780 1590 890 1663 ludaei,
911 1601 941 1649 et
959 1590 1000 1649 sic
1014 1588 1121 1649 lectio·

90 1678 243 1739 avertunt,
266 1667 333 1725 Hoc
353 1678 398 1726 est
416 1684 525 1725 nomen
546 1685 605 1723 roro
625 1667 743 1725 vocabit
762 1687 828 1726 eum
848 1668 930 1726 Deus
949 1666 1043 1739 fortis,
1061 1665 1121 1725 Pa·

89 1746 157 1815 turi,
182 1754 239 1803 etc.
259 1754 292 1801 ut
311 1741 368 1801 hoc
388 1743 525 1801 duntaxat
543 1687 620 1801 Pilio
641 1742 785 1821 reliquum
805 1744 925 1816 faciant,
951 1742 1120 1821 Principem

108 1818 198 1898 pacis.
237 1818 298 1878 Sed
315 1839 455 1898 quorsum
476 1830 520 1879 tot
540 1819 669 1897 epitheta
690 1821 718 1877 in
739 1820 836 1877 ileum
855 1820 973 1877 Patrem
995 1819 1051 1877 hoc
1071 1818 1121 1895 loq

89 1907 189 1985 egesta
208 1895 318 1969 forent,
338 1916 427 2030 quum
446 1895 614 1975 Prophetae
633 1895 787 1954 consilium
808 1896 845 1954 sit
858 1895 1007 1955 Christum
1026 1894 1119 1975 insig-

98 1984 191 2045 ηοω,
220 1991 296 2050 quae
320 1972 338 2030 li
361 1991 406 2030 em
427 1974 456 2029 in
477 1992 513 2032 eo
534 1982 664 2030 nostram
685 1972 849 2043 aedificent,
869 1970 995 2032 ornare?
1015 1970 1120 2045 Quare

89 2069 109 2106 n
138 2068 202 2106 uon
235 2060 290 2119 est,
318 2048 389 2127 quin
408 2048 507 2108 eadem
536 2048 653 2107 ratione
678 2048 759 2107 Deus
783 2047 868 2107 fortis
888 2068 967 2107 nune
985 2058 1120 2123 vocetur,

89 2123 155 2185 rulo
175 2136 246 2182 aute
264 2124 436 2182 immanuel.
474 2124 553 2183 Nihil
579 2136 676 2182 autem
702 2124 855 2183 dilucidius
881 2123 1023 2183 ieremiae
1049 2123 1118 2185 loeo

89 2206 128 2273 23,
137 2204 182 2277 6.)
201 2201 301 2279 quaeri
320 2212 428 2281 potest,
447 2201 503 2261 hoc
524 2201 588 2260 fore
609 2220 718 2259 nomen
740 2222 799 2279 quo
819 2200 977 2260 vocabitur
995 2220 1119 2281 germen

89 2278 118 2349 is,
146 2276 279 2336 lehoeah
304 2276 410 2336 institia
435 2289 545 2336 nostra.
591 2278 666 2338 Nona
687 2298 775 2355 quum
796 2278 922 2337 doceant
942 2277 951 2335 i
972 2278 996 2337 si
1016 2277 1119 2337 ludaei

97 2353 153 2413 alia
174 2353 233 2411 Dei
259 2355 378 2413 nomina
398 2352 469 2411 nihil
489 2375 575 2431 quarn
595 2353 723 2432 epitheta
743 2373 816 2427 esse,
846 2353 903 2413 hoe
921 2298 1016 2413 solum
1036 2352 1119 2447 quod

89 2430 135 2489 u'le
155 2430 269 2503 dicunt,
290 2449 352 2489 esse
370 2430 580 2489 substantivum
596 2432 630 2488 ad
644 2430 859 2511 exprimendam
874 2432 935 2489 eius
947 2443 1118 2490 essentiamz

89 2528 151 2566 mus
172 2506 281 2564 Filium
301 2506 418 2565 unicum
439 2528 501 2565 esse
521 2506 616 2564 Deum
637 2518 799 2577 ueternum,
820 2507 869 2585 qui
889 2507 958 2566 alihi
978 2509 1049 2585 (les.
1067 2512 1119 2581 42,

89 2584 238 2652 enunciat,
256 2603 288 2642 se
308 2582 431 2663 gloriam
451 2605 529 2641 sunm
551 2603 610 2641 non
632 2584 766 2640 (loturum
786 2582 879 2641 elteri.
898 2583 1039 2642 Latebras
1052 2584 1119 2662 qui-

92 2660 271 2736 irreptant,
297 2660 363 2737 quia
389 2672 418 2717 et
438 2660 521 2717 altari
542 2679 557 2717 a
577 2679 607 2717 se
628 2672 772 2717 exstructo
795 2681 904 2719 nomen
924 2661 1000 2719 istud
1021 2661 1118 2740 impo-

95 2736 207 2808 hloses‚
228 2747 259 2793 et
278 2734 413 2794 Ezechiel
435 2736 542 2794 civitati
563 2756 655 2793 novae
675 2736 843 2794 ferrrsalem.
882 2737 942 2794 Sed
963 2737 1028 2814 quis
1055 2742 1119 2795 non

89 2812 179 2871 altare
199 2813 307 2870 exstrui
327 2812 357 2869 in
376 2824 608 2885 monumentum,
622 2813 700 2889 quod
713 2812 795 2871 fleus
806 2815 843 2871 sit
858 2812 995 2871 exultatio
1008 2813 1118 2872 Musis?

89 2886 301 2963 ierosolymam
326 2889 459 2968 insigniri
479 2889 536 2945 Dei
563 2890 693 2957 nomine,
724 2890 778 2947 nisi
804 2889 839 2947 ad
866 2890 1028 2947 testandam
1058 2888 1119 2949 Dei

89 2964 200 3022 utiam?
233 2964 282 3022 Sic
308 2965 385 3021 enim
407 2964 554 3043 Propheta
577 2964 706 3042 loquitur
725 2965 847 3039 (Ezech.
867 2972 914 3038 te,
934 2970 1012 3041 36.):
1032 2966 1118 3039 „No-

89 3040 199 3098 r'riraris
221 3060 255 3097 ex
269 3038 323 3098 illa
345 3040 401 3113 die,
425 3041 552 3098 lehovah
573 3042 647 3098 ibi.“
686 3042 784 3101 Moses
804 3062 874 3100 vero
896 3042 926 3099 in
955 3043 1032 3101 hunc
1051 3062 1118 3101 mo-

89 3116 288 3189 „hedihcavit
300 3116 390 3175 altare
399 3118 613 3177 etvocaviteius
622 3137 740 3191 nomen,
753 3116 1117 3178 lehovahexaltatiomea“

89 3196 256 3266 .17‚15.).
284 3192 343 3251 Sed
367 3193 459 3252 ninius
484 3194 596 3252 seilicet
621 3205 770 3252 certamen
802 3206 892 3253 restat
915 3215 950 3253 ex
980 3195 1037 3255 alio
1069 3194 1118 3254 Ie·

89 3269 373 3344 :toc0(33,16.)‚
402 3269 454 3327 ubi
480 3269 537 3329 hoc
562 3271 654 3348 ipsum
676 3271 805 3351 elogium
826 3271 862 3330 od
883 3269 1040 3332 Ierusalem
1068 3292 1118 3330 re-

99 3345 141 3404 his
168 3344 281 3404 verbis:
320 3347 413 3418 „Hoc
433 3357 477 3404 est
496 3366 605 3405 nomen
626 3367 685 3424 quo
705 3348 854 3405 vocabunt
880 3368 959 3421 eam,
983 3347 1118 3408 lehovuh

89 3425 247 3483 tuostra.“
268 3422 358 3499 Atqui
383 3434 494 3480 tantum
507 3422 599 3494 abest,
620 3424 689 3500 quin
709 3422 767 3481 linc
787 3423 985 3483 testimonium
1006 3424 1117 3484 officiat

89 3497 208 3575 iquam
231 3498 429 3569 defendimus,
449 3510 481 3556 nt
501 3500 590 3580 magis
610 3498 795 3578 suffragetur.
836 3499 935 3573 fluum
962 3502 1040 3559 enim
1065 3522 1118 3559 an-

89 3575 202 3632 uristnm
224 3593 287 3633 esse
306 3594 405 3632 verum
426 3574 553 3632 lehovolr
575 3587 693 3633 testatus
714 3588 799 3648 esset,
820 3577 897 3634 unde
911 3574 978 3635 fluit
998 3577 1118 3649 iustitia,

104 3651 273 3723 renunciat,
295 3649 445 3709 ecclesium
466 3650 521 3708 llei
542 3650 598 3710 hoc
618 3670 686 3709 vere
706 3652 745 3709 ito
764 3671 924 3727 sensuram,
945 3666 978 3711 ut
997 3652 1118 3712 nomine

89 3670 188 3786 loriari
209 3738 308 3801 queat.
348 3726 450 3804 ltaque
469 3729 568 3804 priore
589 3728 655 3787 loco
677 3728 742 3785 fons
763 3740 793 3786 et
812 3750 896 3789 casseu
915 3730 1041 3789 iustitiae
1061 3748 1118 3807 pu-

93 3803 200 3861 deinde
220 3802 336 3861 additur
356 3804 488 3865 effectus.

89 3887 105 3941 l.
145 3879 264 3953 Quodsi
278 3899 338 3937 non
355 3879 534 3938 satisfaciunt
546 3879 618 3938 haec
633 3880 756 3953 ludaeis,
773 3891 830 3939 tarn
844 3881 1015 3958 frequenter
1029 3877 1118 3936 leho-

89 3956 154 4015 atui
175 3959 204 4013 in
228 3955 335 4035 hugeli
356 3976 480 4034 persona
497 3957 542 4027 ¹4),
563 3978 622 4015 non
644 3957 728 4016 rideo
749 3957 853 4033 quihus
871 3955 978 4015 cavillis
989 3953 1117 4012 eludant.

89 4054 114 4091 rs
133 4032 305 4113 apparuisse
317 4032 424 4091 sanctis
438 4032 572 4091 Patribus
586 4033 701 4093 dicitur.
726 4033 807 4091 ldem
819 4034 874 4093 sihi
887 4050 995 4092 nomeu
1005 4029 1118 4090 aeterni

793 4198 908 4210 uuo—nn·—

98 4310 137 4363 Cf.
154 4311 213 4363 lud
231 4329 307 4379 capp.
327 4309 351 4363 6.
370 4323 394 4361 et
411 4310 433 4362 'i-
451 4340 483 4350 -
501 4310 565 4364 ibid.
584 4314 623 4373 13,
640 4334 662 4365 v.
681 4312 789 4366 tlt-tt.
806 4310 851 4361 ubi
870 4312 903 4361 de
920 4310 1038 4363 Manuah
1054 4324 1104 4371 etc,
