2596 4726
133 212 191 277 17⁸
502 200 578 263 nto.
597 200 655 264 nr.
694 200 782 263 car.
800 202 893 263 xxv.
958 158 962 163 ’

138 354 168 415 di
189 368 239 411 ere
257 349 288 408 in
306 344 440 407 nihilum:
460 364 524 405 eom
544 346 671 426 denique
689 358 800 425 partem
819 347 928 423 nostri,
947 346 977 407 in
996 364 1055 426 qua
1072 345 1198 409 maxime
1214 368 1256 409 te·

137 370 232 491 tuin
251 424 397 495 divinitas,
428 434 460 481 et
477 422 605 502 insignes
628 436 697 483 anot
726 421 952 484 immortalitatis
982 434 1088 497 notae,
1118 424 1174 485 hae
1191 423 1258 486 dote

138 448 280 586 spoiisne:
312 512 345 559 nt
369 498 474 557 melior
493 510 579 577 atque
604 498 793 581 excellentior
810 499 848 559 sit
867 498 1001 579 corporis
1020 499 1155 561 conditio
1175 522 1256 581 quau
1280 564 1287 581 ,

139 581 261 642 animae.
307 576 411 665 Longe
436 576 710 665 aliternscriptura,
728 596 802 667 quae
827 596 935 667 corpus
956 576 1077 712 tugurio
1103 588 1257 657 comparat,

141 676 175 719 ex
194 676 253 748 quo
280 674 335 713 nos
361 671 485 733 migrare
509 651 580 712 dicit
604 672 670 711 eom
696 672 853 711 morimur:
886 673 952 730 qiua
978 672 995 711 a
1041 671 1075 711 ea
1101 666 1184 731 parte
1207 674 1256 713 nos

140 741 281 803 aestumat,
301 746 374 807 qnae
395 747 448 787 nos
467 746 482 786 a
503 726 594 787 brutis
613 726 782 789 animalibus
802 727 947 787 discernit.
987 728 1036 789 Sic
1048 728 1156 789 Petrus
1174 728 1257 789 morti

162 806 321 888 ropinquns
342 804 421 879 dicit,
439 814 551 879 tempus
571 806 693 879 venisse,
714 823 772 885 qno
793 802 1010 863 tabernaculum
1030 825 1115 864 snum
1135 804 1258 885 deponat

138 830 396 964 ill.l’et.1,1l.).
432 879 539 939 Paulus
558 899 628 939 vero
650 879 686 941 de
705 880 838 939 fidelibus
856 879 990 960 loquens,
1010 891 1167 961 postquam
1185 882 1258 955 dixit,

139 961 192 1022 ubi
217 958 360 1018 terrestris
380 956 482 1015 domus
500 968 600 1015 nostra
621 956 757 1017 dissoluta
778 956 882 1028 luerit,
902 956 987 1017 nobis
1013 976 1076 1017 esse
1101 956 1258 1017 aedificium

140 1037 172 1097 in
192 1035 296 1097 coelis:
325 1031 411 1091 adino
435 1031 457 1091 it
475 1051 529 1091 nos
550 1033 730 1111 peregrinari
750 1054 765 1091 a
784 1032 931 1104 Domino,
956 1032 1094 1112 quamdiu
1113 1052 1259 1093 manemus

141 1114 172 1172 in
198 1126 340 1189 corpore,
370 1126 401 1167 se
446 1119 582 1188 expetere
607 1110 664 1167 Dei
696 1110 887 1189 praesentiam
911 1108 941 1167 in
973 1108 1105 1169 absentia
1130 1108 1259 1201 corporis

140 1188 198 1269 (ΙΙ.
219 1186 290 1245 Cor.
309 1190 345 1259 5,
363 1188 391 1247 Ι.
410 1206 423 1243 s
446 1186 496 1263 q.).
539 1184 601 1243 Nisi
625 1184 794 1264 superstites
817 1194 914 1243 essent
938 1186 1053 1245 animae
1077 1184 1260 1266 corporibus,

141 1262 211 1345 qnid
231 1272 274 1321 est
293 1260 372 1339 qood
393 1204 481 1319 babet
500 1260 595 1319 Deum
617 1272 809 1342 praesentem,
833 1260 884 1320 ubi
903 1272 948 1321 est
965 1282 981 1319 a
1000 1279 1130 1339 corpore
1148 1280 1259 1341 separa·

142 1338 222 1400 turo?
270 1336 491 1396 Dubitationem
515 1356 586 1397 vero
616 1337 694 1395 tollit
713 1334 889 1415 Apostolus,
920 1336 987 1396 dum
1011 1336 1102 1396 tradit
1125 1356 1183 1395 nos
1203 1354 1259 1397 ease

141 1437 157 1476 a
201 1423 314 1493 regatos
334 1412 369 1471 ad
389 1412 505 1505 spiritus
525 1412 665 1473 iustorum
685 1413 956 1491 (flebr.12‚23.):
976 1412 1080 1492 quibus
1099 1410 1198 1473 verbis
1217 1412 1259 1472 in-

140 1434 257 1570 teihgn,
276 1497 330 1549 nos
349 1490 454 1549 sociari
472 1490 577 1548 sanetis
587 1488 736 1565 Patribus,
756 1489 806 1567 qni
826 1490 911 1547 etiam
932 1488 1039 1547 mortni
1058 1488 1184 1547 eandem
1202 1488 1261 1567 pie·

141 1579 231 1629 tatem
251 1565 403 1625 uobiscum
423 1564 535 1640 colunt,
554 1577 587 1623 ut
606 1587 665 1623 non
687 1566 828 1645 possimos
848 1583 909 1625 esse
921 1563 1030 1625 Christi
1049 1564 1192 1639 membra,
1211 1564 1261 1625 nisi

141 1664 208 1705 cum
226 1641 294 1721 ipsis
313 1641 514 1701 coalescamus.
557 1642 619 1701 Nisi
638 1643 724 1700 etiam
744 1643 856 1700 animae
874 1640 1048 1719 corporibus
1072 1651 1176 1699 erube
1195 1640 1262 1701 reli·

142 1730 249 1780 nerent
267 1740 347 1777 suam
368 1718 530 1791 essentiam,
550 1738 582 1776 ac
602 1715 705 1776 beatae
723 1716 835 1799 gloriae
848 1737 966 1795 capaces
980 1727 1085 1788 essent,
1105 1735 1169 1775 nou
1181 1716 1262 1777 dixis·

143 1808 189 1857 set
208 1794 340 1853 Christus
359 1794 466 1853 latroni
486 1794 571 1869 (huc.
590 1800 642 1864 ⁸23,
661 1794 739 1869 43.):
766 1792 884 1867 „Hodie
908 1812 1022 1875 mpcum
1049 1791 1156 1851 crisin
1177 1792 1262 1853 Para·

143 1871 239 1931 dis0.“
278 1870 351 1928 'lam
372 1869 455 1929 claris
474 1870 647 1929 testimoniis
669 1870 744 1944 freti,
764 1889 802 1927 nc
821 1869 985 1928 dubitemus
1002 1867 1113 1929 Christi
1132 1869 1262 1949 exemplo

142 1946 301 2007 morientes
312 1946 379 2005 Deo
399 1945 602 2005 commendare
621 1946 729 2005 animas
750 1957 877 2005 nostras:
897 1945 943 2005 vel
962 1943 1094 2023 exemplo
1111 1943 1262 2024 Stephani,

143 2022 259 2084 tradere
270 2022 388 2082 Christo
408 2022 438 2080 iu
459 2022 628 2096 custodiam,
648 2023 697 2100 qui
719 2042 778 2081 non
798 2034 908 2080 temere
921 2032 1039 2081 vocatur
1052 2020 1146 2081 fidelis
1166 2041 1262 2081 earou

144 2108 245 2179 pastor
265 2109 294 2157 et
313 2098 464 2176 episcopus
483 2100 563 2172 (het.
582 2106 618 2174 7,
638 2105 684 2163 59.
709 2098 733 2155 Ι.
755 2097 819 2155 Pet.
839 2103 873 2169 2,
891 2099 961 2173 25).
999 2096 1096 2157 Porro
1117 2096 1155 2155 de
1175 2097 1263 2159 inter·

142 2172 241 2233 medio
261 2192 358 2231 earum
379 2186 454 2233 statu
474 2173 614 2234 curiosius
626 2174 781 2253 'inquirere
801 2194 897 2253 neque
916 2172 958 2232 l'as
978 2184 1036 2247 est,
1059 2192 1159 2253 neque
1179 2192 1263 2254 expe·

143 2250 188 2309 dit
195 2247 272 2383 guid.
284 2248 363 2309 Calc.
377 2248 406 2306 in
416 2248 718 2330 Psycbopannycbia}
756 2249 848 2308 Valde
867 2270 898 2309 se
915 2259 1057 2329 torquent
1068 2249 1153 2309 molti
1166 2250 1263 2329 dispo·

141 2336 192 2385 tan
215 2346 232 2383 o
253 2344 339 2403 quem
359 2324 454 2384 locum
476 2340 636 2405 occupent,
668 2338 698 2386 et
727 2346 763 2386 au
790 2325 911 2385 coelesti
933 2325 1028 2461 gloria
1052 2326 1112 2383 iam
1132 2324 1264 2386 lroautur

141 2420 245 2460 necne.
284 2400 372 2478 Atqui
391 2400 509 2459 stultum
529 2414 559 2461 et
577 2402 762 2461 temerarium
780 2413 823 2461 est
843 2402 879 2461 de
899 2422 930 2460 re
953 2424 985 2461 os
1004 2400 1163 2481 incognitis
1182 2400 1265 2463 altius

142 2476 306 2553 inquirere,
327 2497 410 2552 quana
431 2477 511 2534 Dens
532 2477 616 2536 nobis
636 2479 708 2537 scire
730 2481 885 2557 permittat.
925 2478 1091 2555 Scriptura,
1116 2478 1168 2537 ubi
1188 2478 1265 2554 disis,

145 2552 293 2613 Christum
314 2551 368 2612 illis
389 2566 567 2630 praesentem
595 2573 673 2625 csse,
705 2567 734 2612 et
755 2574 800 2613 eas
821 2556 950 2634 recipere
970 2555 999 2612 in
1021 2554 1185 2632 paradisum
1205 2555 1264 2632 (lo.

144 2629 294 2703 12,32.),
324 2640 356 2687 nt
379 2627 608 2689 consolationem
633 2632 808 2710 percipiant,
841 2632 1034 2711 reproborum
1058 2651 1129 2691 vero
1156 2634 1264 2691 animas

144 2706 287 2765 cruciatus
309 2705 407 2784 quales
426 2706 545 2764 meritae
565 2718 631 2765 suut
651 2708 780 2787 perpeti,
800 2729 862 2766 non
881 2709 955 2766 ultra
976 2708 1181 2787 progreditur:
1202 2711 1264 2787 quis

142 2781 201 2840 iam
221 2781 326 2840 doctor
345 2793 394 2840 aut
412 2782 548 2863 magister
567 2782 644 2861 qrrod
666 2784 746 2843 lleus
773 2783 876 2843 celavit
896 2784 980 2843 nobis
1005 2783 1182 2862 patefaciet?
1218 2785 1264 2843 lle

144 2856 212 2917 loco
233 2877 292 2917 non
313 2859 406 2918 mirans
426 2859 524 2938 inepta
546 2873 574 2917 et
600 2859 688 2918 {utitis
709 2871 752 2919 est
772 2862 916 2939 quaestio:
941 2860 1057 2937 quando
1077 2861 1183 2919 scimus
1203 2879 1262 2918 nou

144 2953 207 2993 eam
228 2954 289 2993 esse
309 2935 419 2994 animae
432 2936 640 2996 dimensionem
655 2958 739 3015 quam
758 2936 899 3015 corporis.
931 2937 1020 3009 (ltrod
1039 2932 1266 2995 mnusAbrnloe

144 3009 250 3069 dicitur
270 3012 352 3070 beata
371 3023 537 3070 sanctornm
556 3014 706 3088 spirituum
732 3012 883 3085 collectio,
916 3014 1001 3071 nohis
1027 3013 1143 3071 abunde
1166 3022 1209 3069 est
1229 3030 1263 3067 ex

143 3084 199 3143 bac
218 3087 455 3167 peregrinatione
475 3088 565 3166 excipi
585 3109 600 3146 a
621 3091 766 3147 communi
787 3089 913 3147 fidelium
934 3090 1033 3161 Patre,
1061 3100 1093 3148 ut
1112 3086 1264 3147 nobiscum

143 3158 212 3217 fidei
231 3182 298 3220 suae
325 3164 449 3221 fructum
475 3165 678 3223 counuunicct.
730 3168 845 3224 lntcrea
871 3187 957 3241 quum
979 3166 1128 3243 Scriptura
1151 3163 1265 3241 ubique

144 3234 245 3293 iubeat
263 3238 391 3314 perulere
410 3238 445 3296 ab
466 3242 679 3317 exspectatione
699 3242 837 3300 adventus
859 3242 977 3311 Christi,
997 3253 1027 3299 ot
1044 3239 1154 3321 gloriae
1174 3259 1265 3299 coro·

144 3328 211 3367 nam
231 3329 358 3389 eousque
385 3314 514 3385 dilserat,
546 3318 678 3374 contenti
709 3318 795 3376 simus
821 3316 862 3375 his
886 3317 990 3375 hnihus
1015 3317 1152 3376 divinitus
1177 3316 1265 3377 nobis

143 3386 341 3465 praescriptis,
371 3391 478 3449 animas
499 3393 610 3469 piorum
632 3393 761 3451 rnilitiae'
776 3392 877 3451 labore
901 3394 1068 3470 perfunctas
1094 3395 1125 3451 in
1151 3393 1266 3454 beatam

144 3461 271 3539 quietem
302 3464 479 3539 concedere,
510 3466 559 3525 ubi
584 3489 647 3525 cum
677 3467 753 3527 lelici
777 3467 883 3531 laetitia
906 3469 1074 3528 fruitionem
1106 3471 1266 3549 promissae

142 3535 256 3617 gloriae
275 3552 452 3616 exspectant:
474 3555 560 3620 atque
580 3545 618 3602 ita
639 3545 734 3602 omnia
754 3544 1003 3624 tenerisospensa,
1024 3546 1119 3605 donec
1134 3548 1267 3606 Christus

143 3625 282 3693 appareat
306 3614 482 3692 redemptor.
531 3618 676 3698 Reprobis
696 3640 763 3679 vero
790 3621 911 3680 eandem
933 3642 994 3681 esse
1013 3635 1122 3681 sortcni
1145 3623 1266 3683 dubium

144 3708 205 3748 non
225 3702 279 3765 est,
298 3711 382 3770 qrram
404 3693 488 3752 ludas
508 3693 631 3754 diabolis
643 3697 766 3777 assignat
777 3702 816 3775 (v.
827 3700 880 3769 6.),
901 3698 1012 3758 vinctos
1031 3699 1140 3759 catenis
1161 3700 1267 3773 teneri,

144 3764 239 3825 donec
258 3766 293 3826 ad
313 3768 495 3847 supplicium,
515 3772 561 3829 cui
581 3772 687 3831 addicti
706 3785 783 3845 sunt,
803 3774 962 3833 trahantur.

218 3849 246 3906 ''l-
285 3842 387 3978 despue
416 3848 601 3926 prodigiosus
622 3859 665 3907 est
695 3868 794 3907 eorum
822 3870 915 3925 error,
935 3851 984 3929 qui
1004 3851 1113 3911 animas
1134 3872 1198 3911 non
1219 3874 1265 3912 re-

143 3920 335 3998 cepturasqni
360 3942 391 3980 us
407 3943 484 3981 nnnc
504 3924 622 3983 indutae
639 3936 854 4003 suntcnrporo,
874 3927 924 3986 sed
945 3928 1026 3985 novis
1046 3940 1076 3986 ct
1095 3928 1158 3987 aliis
1180 3948 1266 4005 prae-

143 3993 215 4053 ditas
235 3996 300 4054 iore
319 3996 521 4087 imaginantur.
560 4000 604 4060 Ac
624 4001 857 4061 Manichaeorum
877 4004 992 4081 quidem
1014 4024 1152 4082 perquam
1176 4006 1267 4065 sutilis

141 4072 218 4129 ratio
239 4071 308 4145 luit,
326 4073 444 4134 minime
463 4089 690 4136 consentancum
712 4097 788 4151 esse,
816 4091 848 4137 ut
867 4100 934 4138 caro
955 4100 1028 4157 quae
1053 4081 1203 4140 inununda
1224 4092 1268 4141 est

141 4160 280 4228 resurgat.
321 4146 413 4220 Quasi
426 4172 494 4211 vero
516 4151 593 4211 nulla
612 4152 649 4211 sit
668 4155 825 4212 animarum
847 4156 1054 4215 immundities:
1075 4177 1144 4234 quas
1165 4168 1266 4217 tarneu

140 4241 156 4279 a
175 4242 228 4301 spe
248 4222 380 4284 coelestis
399 4227 478 4285 vitae
497 4250 558 4287 non
579 4228 726 4289 arcebant.
776 4232 902 4290 Perinde
922 4232 1011 4312 igitur
1029 4234 1084 4291 luit
1103 4235 1160 4291 acsi
1184 4235 1265 4293 dice-

138 4311 220 4372 rent,
252 4302 368 4381 purgari
389 4302 523 4365 divinitus
543 4325 604 4365 non
624 4327 709 4385 posse
729 4308 807 4386 qnod
827 4312 937 4385 pcccati
959 4308 1023 4369 labe
1043 4307 1186 4368 iniectum
1209 4324 1267 4371 est:
