2700 4732
499 211 575 273 ΗΒ,
595 212 648 272 IV.
690 211 778 275 cte.
798 212 851 277 xt
1202 214 1262 287 bib

196 363 242 421 10.
283 357 345 416 Nec
367 356 488 416 dubium
506 357 577 436 quin
599 375 633 418 ex
652 357 791 419 tenuibus
810 356 903 419 initiis
922 355 1062 439 paulatim
1077 366 1176 416 tantos
1188 375 1261 435 pro-

114 454 236 519 gressus
255 434 388 494 fecerint
427 434 531 513 Neque
545 434 624 494 enim
643 436 741 515 primo
755 456 841 515 passu
860 433 1010 513 bucusque
1031 443 1168 513 poterant
1188 452 1262 515 eon-

116 511 274 584 scendere,
294 512 344 569 sed
366 530 444 569 nunc
455 510 568 570 vafritie
590 524 620 571 et
640 510 892 603 obliquisartibus
911 528 975 571 sese
995 508 1163 570 clanculum
1181 520 1263 568 estu·

115 587 229 659 lerunt,
249 589 289 646 ita
310 600 343 646 ut
363 607 450 647 nemo
472 587 602 646 futurum
624 601 818 668 prospiceret,
839 589 934 648 donec
949 584 1055 646 lactum
1069 597 1159 645 esset:
1182 606 1260 659 nunc

116 685 178 746 per
197 663 393 736 occasionem,
413 675 529 722 terrore
550 677 580 723 et
600 664 684 724 minis
706 676 891 726 extorserunt
911 685 926 723 a
947 662 1128 742 principibus
1141 661 1260 740 aliquod

118 742 273 820 potentiae
294 761 360 799 suae
381 740 555 799 auctarium:
590 763 668 800 nunc
698 763 785 819 quum
813 741 951 800 viderent
976 742 1122 818 principes
1146 738 1181 797 ad
1204 737 1262 797 lar-

116 817 260 898 giendum
281 837 343 876 non
365 815 507 889 difficiles,
527 817 614 876 stulta
636 829 665 876 et
685 817 901 892 inconsiderata
922 837 1026 876 eorum
1043 814 1179 874 facilitate
1192 825 1262 874 sunt

105 894 212 973 ebusi.
253 893 333 952 Olim
355 893 411 970 pii,
441 893 465 951 si
485 893 554 971 quid
576 894 796 954 controversiae
812 893 971 966 inciderat,
1001 904 1033 951 ut
1052 890 1187 972 litigandi
1208 909 1262 950 ne-

117 970 283 1029 cessitatem
305 970 483 1049 effugerent,
505 970 644 1050 episcopo
665 970 839 1030 mandabant
859 969 1025 1029 arbitrium:
1046 960 1184 1046 quod'de
1201 967 1262 1026 eius

114 1036 289 1125 integritate
309 1066 370 1105 non
391 1044 572 1104 dubitabunt.
623 1046 745 1106 Talibus
771 1044 899 1106 arbitriis
924 1065 1012 1124 saepe
1038 1044 1264 1123 implicabantur

119 1128 237 1183 'veteres
257 1123 398 1200 episcopi,
419 1121 497 1200 quod
519 1121 587 1200 ipsis
608 1123 724 1200 quidem
746 1142 932 1201 summopere
948 1120 1123 1200 displicebat
1143 1122 1263 1199 (quem-
1330 1132 1332 1137 ’

120 1199 281 1259 admodum
310 1197 417 1257 alicubi
443 1210 566 1257 testatur
584 1198 795 1279 Augustinum)
828 1201 879 1259 sed
905 1219 942 1256 ne
963 1210 1059 1289 partes
1079 1198 1114 1257 ad
1136 1209 1263 1256 conten·

118 1276 228 1335 tiosum
250 1274 386 1334 iudicium
408 1274 591 1352 prosilirent,
624 1276 697 1336 banc
723 1276 884 1334 molestiam
911 1275 994 1334 invni
1023 1274 1158 1337 obibant.
1209 1270 1263 1333 Isli

118 1369 154 1408 ex
176 1350 344 1408 voluntariis
365 1350 501 1423 arbitriis,
522 1371 597 1428 quae
614 1373 734 1430 prorsus
755 1374 769 1410 a
793 1351 903 1411 lorensi
915 1351 1038 1430 strepitu
1050 1348 1262 1424 abhorrebant,
1290 1356 1296 1366 '

120 1425 259 1484 fecerunt
279 1425 455 1485 ordinariam
475 1427 715 1486 iurisdictionem.
757 1429 857 1502 Quum
884 1428 973 1487 urbes
997 1448 1031 1485 ac
1052 1428 1190 1507 regiones
1210 1425 1268 1505 ali·¹

117 1514 232 1580 quanto
256 1514 321 1580 post
341 1514 476 1580 tempore
498 1504 584 1561 variis
605 1502 825 1563 difficultatibus
847 1516 1069 1583 premerentur,
1090 1504 1124 1560 ad
1147 1502 1262 1582 episco-

116 1600 226 1670 porum
248 1579 441 1657 patrocinium
462 1599 492 1637 se
513 1578 715 1653 contulerunt,
736 1592 769 1639 ut
788 1581 918 1660 ipsorum
939 1578 996 1637 fide
1016 1591 1262 1659 protegerenturr

116 1655 168 1714 ssti
188 1655 263 1712 miro
284 1654 406 1713 artificio
428 1675 461 1712 ex
483 1656 611 1734 patronis
632 1656 768 1716 dominos
787 1677 819 1719 se
844 1656 988 1716 lecerunt
1035 1656 1117 1729 Quin
1144 1655 1263 1715 violen-

118 1731 158 1792 tis
178 1729 354 1790 factionibus
370 1730 481 1790 bonam
503 1744 614 1809 partem
636 1733 818 1812 occuparint,
839 1733 941 1812 negari
962 1753 1021 1791 uon
1053 1743 1160 1812 potest.
1200 1732 1263 1805 Qui

119 1828 193 1868 vero
214 1808 357 1886 episcopis
382 1808 612 1868 iurisdietionem
633 1824 740 1888 sponte
766 1808 957 1868 contulerunt
981 1808 1144 1888 principes,
1174 1808 1264 1870 variis

123 1884 162 1944 ad
183 1883 211 1942 id
231 1882 331 1942 studiis
351 1884 467 1973 impulsi
488 1896 565 1943 sunt.
607 1885 714 1943 Verum
735 1891 768 1945 ut'
787 1885 910 1964 aliquam
930 1886 1045 1964 pietatis
1064 1886 1192 1963 speciem
1213 1884 1265 1945 ba-

122 1960 223 2020 buerit
242 1959 370 2038 ipsorum
392 1960 584 2039 indulgentia,
605 1982 665 2018 non
687 1963 800 2041 optime
820 1974 918 2021 tamen
941 1961 993 2021 bac
1014 1974 1265 2040 praeposteratus

122 2037 258 2118 largitate
279 2037 491 2096 consuluerunt
512 2036 649 2098 eeclesiae
670 2038 846 2098 commodis:
874 2038 954 2097 cuius
974 2038 1122 2116 antiquam
1150 2059 1264 2098 veram-

122 2134 182 2192 qpe
202 2112 381 2192 disciplinam
402 2112 442 2171 sic
463 2126 675 2192 corruperunt,
696 2115 767 2188 imo,
787 2126 820 2174 ut
840 2133 908 2174 vere
929 2114 1032 2186 dicam,
1053 2114 1169 2193 penitus
1189 2114 1264 2175 abo-

121 2189 265 2249 leverunt.
306 2190 367 2263 Qui
387 2210 458 2248 vero
480 2189 529 2248 tali
550 2190 714 2270 principum
740 2190 874 2250 bonitate
899 2190 979 2250 abusi
1013 2202 1086 2250 sunt
1116 2192 1146 2251 in
1178 2213 1262 2251 suum

124 2265 313 2327 commodum
334 2265 477 2344 episcopi,
497 2266 554 2324 boc
573 2286 633 2326 uno
644 2268 804 2346 specimine
815 2267 894 2328 edito
907 2268 976 2327 satis
995 2288 1086 2346 super
1109 2289 1144 2327 ue
1165 2269 1264 2328 testati

118 2354 199 2416 sunt,
218 2361 249 2402 se
270 2342 388 2400 minime
409 2362 471 2401 esse
492 2341 656 2420 episcopos.
696 2345 771 2402 Nam
792 2343 816 2402 si
829 2289 1265 2422 quamscintillamlrabuisseut

78 2432 81 2437 '
121 2418 288 2509 Apostoliei
302 2419 437 2496 Spiritus,
457 2419 677 2498 respondissent
695 2418 800 2499 procul
814 2420 904 2479 dubio
926 2440 960 2478 ex
980 2419 1033 2480 ore
1055 2419 1154 2494 Pauli,
1174 2421 1264 2482 Arma
1292 2420 1296 2427 ’

123 2495 246 2555 militiae
267 2507 384 2554 nostrae
404 2517 464 2553 non
487 2495 621 2568 carnalia,
640 2498 692 2557 ned
711 2496 874 2577 spiritualia
895 2509 964 2556 sunt
982 2496 1122 2575 (leor.
1142 2505 1190 2572 10,
1209 2499 1264 2575 4.).

123 2573 237 2708 ernm
258 2592 345 2631 coeca
367 2571 526 2651 cupiditate
545 2571 635 2653 rapti,
661 2586 741 2634 etse
762 2585 792 2634 et
812 2576 946 2654 posteros
969 2586 999 2632 et
1020 2573 1173 2634 ecclesiam
1193 2595 1263 2653 per-

145 2651 270 2707 irerunt

199 2732 245 2788 11.
285 2724 417 2783 Tandem
450 2724 600 2785 Romanus
632 2725 771 2785 Pontifex
803 2724 1003 2784 mediocribus
1034 2727 1165 2804 satrapiis
1199 2747 1261 2786 non

123 2813 298 2875 contentus,
322 2800 420 2881 regnis
442 2803 582 2880 primum,
603 2802 708 2860 deinde
729 2803 853 2880 imperio
875 2822 994 2879 quoque
1014 2823 1130 2861 manum
1152 2803 1262 2862 iniecit.

122 2880 223 2955 Atque
243 2888 276 2936 ut
295 2878 508 2957 possessionem
530 2899 610 2936 mero
632 2877 787 2935 latrocinio
809 2889 981 2955 occupatam
1003 2877 1199 2956 qualicunque
1211 2899 1263 2937 co·

124 2953 190 3015 lore
220 2956 360 3025 retineat,
396 2975 474 3010 nunc
505 2953 568 3013 iure
589 2954 687 3012 divino
708 2974 739 3010 se
761 2953 869 3010 babere
890 2952 1049 3033 gloriatur,
1080 2976 1158 3012 nunc
1180 2954 1263 3016 Con-

119 3032 242 3092 stantini
264 3030 464 3101 donationem,
485 3051 564 3089 nunc
585 3029 672 3089 alium
693 3027 809 3088 titulum
830 3030 1005 3108 praetendit.
1044 3029 1174 3090 Primum
1196 3053 1262 3092 cum

119 3108 311 3167 Bernardo
334 3107 499 3184 respondeo
531 3106 583 3178 (de
604 3105 749 3164 consider.
769 3103 819 3165 lib.
839 3111 900 3181 2.):
933 3108 1026 3179 „Esto
1060 3119 1092 3165 ut
1116 3106 1170 3167 alia
1190 3129 1262 3186 qua-

120 3205 260 3262 „cunque
287 3184 402 3242 ratione
436 3183 491 3240 hoc
516 3182 570 3240 sibi
596 3180 738 3254 vindicet,
767 3204 828 3241 non
858 3195 956 3241 tamen
983 3181 1157 3262 Apostolico
1188 3185 1262 3246 iure.

118 3265 245 3339 „Neque
266 3264 342 3320 enim
364 3261 468 3318 Petrus
489 3258 567 3335 quod
589 3280 648 3318 non
672 3258 773 3318 babuit
792 3260 859 3318 dare
902 3261 992 3318 otuit:
1022 3261 1073 3322 sed
1095 3259 1176 3319 dedit
1195 3284 1262 3323 suc-

119 3337 305 3413 „cessoribus
325 3335 404 3414 quod
427 3335 568 3408 habebat,
586 3334 811 3395 sollicitudinem
833 3281 1030 3395 ecclesiarum.
1070 3335 1170 3408 Quum
1191 3358 1262 3399 vero

120 3414 220 3490 „dicat
240 3414 384 3471 Dominus
405 3434 437 3472 ac
451 3413 597 3493 Magister,
616 3432 647 3471 se
668 3410 728 3472 n'on
750 3433 817 3478 esse,
832 3413 1024 3472 constitutum
1045 3413 1123 3472 inter
1133 3413 1205 3474 duos
1218 3414 1263 3475 iu·

122 3490 237 3565 „dicem
259 3491 346 3565 (Luc.
367 3496 415 3559 12,
435 3492 507 3565 td),
528 3511 589 3548 non
611 3488 700 3548 debet
719 3509 803 3549 servo
825 3511 858 3549 ac
879 3487 1023 3568 discipulo
1045 3490 1196 3570 indignum
1217 3493 1262 3552 vi-

124 3565 220 3638 ,‚dcri‚
242 3566 265 3624 si
287 3587 347 3624 non
369 3567 478 3625 iudicet
503 3566 684 3625 universos.“
722 3564 870 3644 Loquitur
900 3578 996 3624 autem
1027 3565 1193 3627 Bernardus
1226 3567 1263 3626 de

121 3641 236 3701 iudiciis
251 3641 394 3700 civilibus:
415 3642 568 3721 subiungit
588 3642 679 3701 enim:
701 3642 802 3723 „Ergo
823 3642 853 3700 in
874 3641 1056 3714 criminibus,
1077 3644 1179 3701 nonin
1194 3664 1263 3721 pos·

122 3717 322 3795 „sessionibus
344 3731 471 3796 potestas
491 3731 594 3790 vestra,
615 3719 753 3797 quoniam
775 3730 899 3798 propter
918 3717 978 3790 illa,
998 3733 1194 3798 nonpropter
1213 3720 1263 3779 has

123 3795 296 3870 „accepistis
318 3795 410 3853 claves
431 3794 514 3874 regui
540 3796 700 3855 coelorum.
751 3796 906 3869 Quaenam
937 3793 993 3853 tibi
1021 3795 1137 3855 videtur
1167 3798 1262 3855 maior

122 3872 269 3959 „dignitas
290 3872 454 3930 dimittendi
475 3883 602 3950 peecata,
621 3893 657 3931 an
679 3873 797 3951 praedia
818 3870 984 3930 dividendi?
1005 3870 1090 3930 Nulla
1111 3892 1264 4008 compara·

122 3961 195 4023 „tro
236 3948 355 4006 liabent
376 3947 446 4007 baec
467 3949 563 4008 infima
585 3962 616 4007 et
634 3961 750 4008 terrena
771 3947 882 4006 iudices
899 3967 983 4022 suos,
1008 3947 1104 4026 Reges
1126 3962 1156 4007 et
1187 3950 1263 4009 'rin-

121 4024 222 4102 „cipes
244 4037 347 4082 terrae.
389 4023 468 4095 Quid
490 4024 560 4084 fines
581 4024 886 4085 alienosinraditis?“
908 4037 963 4083 etc.
1003 4025 1094 4083 ltem:
1135 4025 1262 4098 „Factus

122 4122 173 4175 „es
198 4101 349 4177 superior:
380 4101 560 4180 (Eugenium
585 4101 694 4181 Papam
720 4101 894 4179 alloquitur)
920 4100 955 4158 ad
977 4100 1064 4178 quid?
1094 4103 1162 4160 Non
1185 4101 1263 4160 enlm

121 4177 178 4251 „ad
200 4176 420 4249 dominandum,
441 4177 556 4255 opinor.
596 4179 658 4237 Nos
677 4177 778 4270 igitur,
798 4188 831 4237 ut
848 4176 972 4237 multum
993 4177 1148 4237 sentiamus
1160 4177 1196 4236 de
1208 4199 1264 4238 oo·

123 4252 207 4327 „bis,
230 4253 449 4313 meminerimus
474 4252 645 4332 impositum
663 4254 867 4331 mrnisterium,
886 4274 949 4314 nou
969 4252 1132 4314 dominium
1152 4253 1262 4321 datum.

122 4328 234 4405 „Disce
254 4328 370 4391 sarculo
391 4329 445 4390 tibi
465 4349 540 4411 opus
560 4348 633 4407 esse,
652 4350 712 4393 nou
732 4341 862 4412 sceptro,
880 4341 915 4391 ut
934 4349 1009 4411 opus
1029 4328 1116 4395 iacies
1125 4330 1263 4412 Propbe·
