2700 4732
468 187 546 250 ιιι.
564 185 620 247 ιιι.
659 186 750 253 ιιι).
769 185 904 249 mu..
1116 236 1119 241 .
1188 192 1246 267 ιιι
1305 192 1311 203 “

114 330 159 391 ait
176 325 330 401 Salomon,
347 327 444 389 Deum
464 328 562 390 omnia
581 341 704 410 propter
722 332 909 413 semetipsum
928 328 1102 407 condidisse,
1120 329 1241 411 implum

113 424 237 543 qiqoque
256 404 292 464 ad
312 403 389 465 diens
407 405 514 467 malum
524 406 627 485 (Pron.
640 413 689 483 16,
698 409 751 487 4.).
789 408 879 484 Ecce,
899 429 987 487 quum
1002 428 1099 469 rerum
1110 409 1240 469 omnium

161 479 270 561 positio
291 480 320 540 in
340 501 428 542 manu
445 481 506 542 Dei
523 483 577 559 sit,
608 504 697 562 quunr
720 503 812 565 penes
831 483 924 564 ipsum
943 483 1069 544 resideat
1087 483 1186 557 salutis
1205 504 1239 546 ac

111 559 217 619 mortis
235 556 397 631 arbitrium,
418 557 541 619 consilio
561 570 694 638 nutuque
712 580 766 622 suo
785 558 825 621 ita
846 560 974 633 ordinat,
992 571 1026 618 nt
1043 559 1122 619 inter
1140 558 1238 620 bomi-

73 652 77 657 ·
112 650 171 695 nes
186 644 357 709 naseaotur,
381 633 417 693 ab
438 644 524 694 utero
544 645 641 696 certae
660 635 749 697 morti
768 634 883 707 devoti,
902 635 1023 715 quisue
1044 635 1130 697 exitio
1150 634 1239 715 ipsius
1283 666 1285 670 ·

111 727 224 770 nomen
243 707 419 792 glorificent.
437 747 475 758 -
513 710 546 769 Si
565 712 629 791 quis
649 723 799 788 causetur,
823 711 931 772 nullam
955 711 996 773 eis
1015 712 1118 775 inlerri
1137 730 1237 772 neees-

111 784 228 847 sitatem
247 805 280 845 ex
298 784 357 845 Dei
375 785 572 864 providentia,
602 787 654 848 sed
672 789 770 867 potius
790 808 824 847 en
843 788 1015 849 conditione
1034 787 1070 849 ab
1090 789 1154 866 ipso
1174 796 1236 849 esse

111 872 245 937 mutos,
273 861 411 939 quoniam
437 863 562 923 loturam
588 882 691 925 eorum
717 864 886 943 pravitatem
920 864 1108 943 praeviderit:
1140 881 1237 942 oeque

76 996 82 1003 ,
111 934 186 997 nibil
205 934 291 1010 dicit,
320 955 418 1017 neque
435 948 539 998 totum.
584 936 690 1000 Solent
731 940 825 1000 uidem
850 940 995 1000 interdum
1015 939 1067 1001 bac
1086 939 1235 1001 solutione

110 1011 158 1072 nti
175 1023 299 1088 veteres,
316 1013 368 1073 sed
387 1013 469 1092 quasi
489 1013 665 1075 dubitanter.
702 960 956 1078 denotationem
976 1017 1006 1075 in
1026 1036 1060 1075 en
1073 1016 1236 1095 quiescunt,

110 1087 171 1149 acsi
196 1087 268 1148 nibil
294 1100 396 1149 contra
426 1089 539 1168 opponi
569 1101 675 1171 posset
724 1090 866 1151 Euidem
897 1091 1115 1171 praescientiam
1142 1090 1234 1151 solam

110 1162 222 1224 nullam
241 1163 353 1229 inferre
377 1165 578 1226 necessitatem
598 1168 736 1229 creaturis
751 1113 882 1227 libenter
901 1187 1089 1240 concessero,
1118 1164 1233 1227 tametsi

110 1258 174 1301 non
193 1260 296 1302 omnes
315 1241 523 1302 assentiantur:
554 1254 623 1302 sunt
640 1244 718 1303 enim
739 1243 788 1322 qui
807 1245 896 1322 ipsam
916 1264 975 1322 quo
999 1263 1034 1303 ue
1053 1263 1166 1303 eausam
1185 1261 1233 1301 re·

109 1336 177 1375 rum
202 1334 265 1376 esse
284 1316 394 1376 volunt.
413 1351 449 1363 -
489 1318 598 1377 Verum
627 1318 696 1378 mibi
724 1318 834 1380 acutius
863 1339 895 1379 ac
925 1265 1095 1398 prudentius
1117 1318 1233 1378 videtur

109 1390 290 1471 perspexisse
310 1390 409 1465 Valla,
434 1391 524 1454 bomo
550 1392 658 1475 alioqui
677 1393 706 1454 in
726 1394 813 1456 sacris
832 1414 892 1454 non
913 1394 1068 1455 admodum
1095 1394 1245 1471 exercita-1

108 1477 174 1538 tus,
205 1468 254 1546 qui
279 1486 483 1546 supervacuam
503 1488 565 1529 esse
589 1468 663 1532 banc
682 1471 904 1531 contentionem
923 1470 1064 1531 ostendit:
1095 1468 1236 1562 quoniam

109 1552 144 1602 et
162 1541 218 1601 vita
238 1555 268 1601 et
287 1565 365 1602 mors
390 1542 504 1604 divinae
536 1546 626 1627 magis
649 1545 805 1605 voluntatis
832 1567 915 1625 quarn
947 1544 1152 1626 praescientiae
1176 1544 1235 1603 sint

108 1616 250 1678 actiones.
287 1619 319 1677 Si
340 1618 605 1681 bominumeventa
645 1621 895 1682 raevideretDeus
906 1621 1052 1695 duntaxat,
1071 1641 1133 1680 nou
1149 1619 1234 1679 etiam

107 1713 165 1754 auo
182 1693 305 1754 arbitrio
331 1693 373 1753 dis
395 1708 501 1755 oneret
529 1718 562 1758 ae
585 1642 750 1774 ordinaret,
781 1709 840 1757 tunt
870 1718 929 1756 non
949 1696 1000 1757 abs
1018 1717 1051 1756 re
1075 1694 1235 1775 agitaretur

110 1769 261 1848 quaestio,
282 1716 392 1850 ecquid
407 1771 441 1831 ad
462 1790 564 1832 eorum
584 1774 783 1834 necessitatem
803 1770 896 1833 valeat
916 1772 1003 1853 ipsius
1021 1769 1232 1851 praevidentia:

107 1844 162 1906 sed
181 1864 269 1924 quum
289 1846 425 1906 nonalia
445 1848 559 1907 ratione
579 1868 653 1928 quae
674 1848 768 1909 lutura
787 1860 856 1907 sunt
880 1847 1061 1928 praevideat,
1090 1846 1146 1905 nisi
1165 1845 1233 1924 qnia

107 1919 151 1981 ita
171 1932 205 1980 ut
222 1920 327 1982 fierent
346 1921 491 1999 decrevit,
510 1925 615 1985 trustra
634 1924 670 1984 de
690 1924 878 2004 praescientia
891 1923 1081 2000 lismoretur,
1100 1920 1149 1982 ubi
1160 1941 1232 1982 con·

107 2007 166 2057 stat
185 1997 370 2057 ordinatione
390 2000 487 2079 potius
507 2011 537 2059 et
556 2012 630 2060 nutu
650 1999 746 2061 omnia
765 1999 891 2061 evenire.

186 2077 213 2137 7.
252 2074 374 2134 Disertis
393 2075 487 2135 verbis
508 2077 564 2135 boc
584 2087 694 2136 exstare
713 2088 830 2168 negant,
850 2076 997 2138 decretum
1019 2074 1105 2136 luisse
1124 2073 1231 2149 aDeo,

110 2159 145 2209 nt
155 2167 206 2209 sua
220 2149 386 2210 delectione
398 2151 507 2229 periret
516 2152 658 2228 stains).
679 2152 770 2226 Quasr
790 2172 861 2212 vero
880 2153 957 2212 idem
976 2151 1126 2226 illeDeus,
1145 2168 1233 2239 quem

107 2222 175 2285 Scri
198 2236 261 2287 tura
280 2226 430 2306 praedicat
448 2227 544 2286 lacere
556 2248 745 2319 quaecunque
755 2226 826 2305 vult,
844 2229 981 2309 ambiguo
1001 2228 1058 2287 fine
1070 2223 1235 2286 condiderit

107 2244 318 2362 nobriissirnam
339 2322 371 2361 ex
395 2303 452 2363 suis
477 2303 625 2363 creaturis.
675 2303 776 2365 Laberi
800 2304 914 2363 arbitrii
945 2304 1031 2365 luisse
1055 2302 1170 2374 dicunt,
1200 2309 1234 2360 ut

108 2375 259 2437 fortunam
278 2378 340 2457 ipse
360 2378 416 2439 sibi
436 2379 570 2461 lingeret.
615 2379 713 2439 Deum
733 2400 803 2441 vero
830 2380 904 2439 nibil
923 2379 1094 2451 destinasse,
1124 2375 1180 2436 nisi
1198 2385 1233 2436 ut

107 2472 167 2533 pro
185 2455 291 2514 merito
313 2474 377 2514 eum
396 2466 542 2516 tractaret
581 2457 655 2516 Tam
675 2456 810 2537 lrigidum
823 2470 1019 2517 commentum
1038 2456 1061 2515 si
1082 2454 1142 2514 reci
1165 2451 1233 2528 itur,

109 2527 162 2589 ubi
182 2529 237 2588 erit
263 2529 312 2590 illa
331 2530 389 2590 Dei
409 2532 489 2591 omni
512 2532 639 2606 utentia,
660 2554 716 2611 qua
735 2533 893 2593 secundum
913 2553 1049 2592 arcanum
1069 2551 1149 2590 coosr
1163 2529 1232 2602 'um,

108 2605 189 2683 qnod
209 2605 325 2667 aliunde
345 2628 405 2666 non
419 2627 474 2686 pen
499 2620 537 2684 et,
557 2611 653 2668 omnia
665 2607 852 2668 moderatur?
887 2607 977 2687 Atqui
997 2603 1232 2686 praedestinatio,

107 2679 202 2742 velint
222 2682 328 2758 nolint,
346 2684 375 2741 in
397 2685 519 2762 posteris
538 2704 570 2744 se
589 2685 712 2764 profert.
748 2685 853 2776 Neque
866 2684 942 2743 enim
963 2682 1068 2742 lactum
1086 2692 1130 2741 est
1149 2689 1232 2738 natu·

108 2756 224 2834 raliter,
244 2768 277 2816 ut
295 2780 311 2818 a
330 2756 422 2819 salute
442 2759 608 2818 exciderent
627 2779 743 2833 omnes,
763 2781 846 2819 unrus
866 2760 993 2840 parentis
1012 2756 1105 2836 culpa.
1150 2751 1232 2827 Quid

108 2850 164 2895 eos
183 2832 319 2911 probibet
343 2834 426 2895 lateri
450 2835 487 2895 de
507 2857 567 2896 uno
594 2836 722 2911 bomine,
741 2835 820 2926 quod
844 2833 927 2893 inviti
953 2833 989 2891 de
1012 2843 1078 2892 toto
1105 2830 1231 2888 humano

131 2926 221 2969 encre
246 2911 429 2971 concedunt?
480 2911 560 2985 Quid
586 2911 661 2969 enirn
685 2910 902 2990 tergrversando
936 2906 1072 2967 luderent
1094 2903 1232 2993 operam?
1318 2962 1322 2977 ,

107 2927 244 3047 {unetos
262 2984 397 3046 mortales
417 2987 448 3045 in
467 2989 551 3047 unius
570 2986 697 3046 bominis
717 3006 841 3066 persona
860 2986 947 3044 morti
965 2995 1102 3044 aeternae
1121 3001 1231 3040 maner-

107 3073 195 3146 patos
216 3060 302 3121 luisse
321 3063 469 3140 Scriptura
490 3063 602 3122 clamat.
640 3063 706 3122 Hoc
726 3083 815 3141 quum
835 3073 955 3120 naturae
974 3059 1077 3120 ascribi
1097 3065 1232 3135 nequeat,

107 3138 146 3199 ab
166 3137 328 3197 aslmirabili
347 3138 404 3196 Dei
429 3138 551 3198 consilio
576 3137 738 3217 profectum
765 3157 827 3197 esse
853 3136 970 3196 minime
997 3135 1153 3195 obscurum
1178 3142 1231 3193 est.

106 3215 212 3274 Bonos
238 3214 309 3275 istos
340 3214 462 3274 iustitiae
483 3214 539 3274 Dei
566 3226 706 3293 patronos
751 3213 882 3291 crplexos
907 3213 1027 3273 haerere
1051 3212 1083 3270 in
1111 3209 1231 3283 festuca,

110 3289 182 3350 alms
210 3310 280 3350 vero
310 3289 407 3351 trabes
437 3310 575 3369 superare
604 3290 687 3350 nimis
711 3234 865 3350 absurdum
891 3300 943 3348 est.
981 3289 1091 3346 Iterum
1111 3304 1232 3365 quaero,

111 3365 201 3425 Unde
220 3364 326 3427 lactum
347 3378 405 3440 cst,
426 3379 458 3426 ut
477 3378 522 3425 tot
541 3378 652 3446 gentes,
671 3386 728 3425 una
748 3387 812 3425 cum
831 3364 931 3424 liberis
950 3385 1052 3424 eorum
1071 3360 1231 3421 infantibus

108 3452 245 3503 aeternae
265 3442 353 3501 morti
372 3444 537 3502 involveret
563 3442 655 3520 lapsus
674 3440 754 3501 Adae
779 3442 887 3520 absque
914 3439 1059 3515 remedio,
1090 3439 1142 3496 nisi
1163 3435 1231 3516 quia

109 3519 178 3577 Deo
199 3521 236 3579 ita
254 3519 348 3576 visuro
370 3518 431 3578 est?
473 3518 530 3577 llic
550 3517 752 3578 obmutescere
772 3528 891 3597 oportet
913 3529 970 3576 tam
991 3515 1102 3574 dicaces
1121 3509 1232 3590 alioqui

109 3594 234 3675 linguas.
272 3594 430 3653 Decretum
451 3593 568 3672 quidem
589 3592 739 3669 horribile,
758 3592 867 3654 lateor:
887 3591 1007 3652 inficiari
1025 3603 1121 3649 tamen
1144 3604 1232 3647 nemo

110 3669 223 3749 poterit
238 3670 309 3748 quin
330 3670 519 3748 praesciverit
533 3670 623 3744 Deus,
639 3688 724 3747 quem
745 3669 849 3729 exitum
869 3680 945 3730 esset
962 3666 1111 3727 babituros
1131 3663 1232 3737 bomo,

108 3756 265 3824 antequam
285 3746 378 3824 ipsum
397 3746 553 3819 conderet,
584 3757 613 3805 et
639 3744 705 3805 ideo
727 3745 928 3824 praesciverit,
948 3744 1014 3822 quia
1038 3742 1156 3801 decreto
1176 3757 1231 3797 suo

106 3823 152 3884 sic
171 3822 329 3881 ordinarat.
367 3823 402 3881 In
423 3821 642 3902 praescientiam
662 3820 718 3880 Dei
737 3821 762 3880 si
782 3823 844 3900 quis
864 3821 910 3880 bic
929 3818 1099 3891 invehatur,
1120 3828 1232 3875 temere

109 3910 143 3958 et
161 3896 327 3957 inconsulte
346 3896 488 3980 impingit.
537 3897 617 3972 Quid
639 3896 731 3971 enirn,
762 3917 887 3977 quaeso,
913 3906 956 3955 est
975 3916 1026 3953 cur
1046 3913 1111 3951 reus
1168 3901 1234 3951 atur

111 3973 247 4036 coelestis
267 3973 366 4045 indes,
385 3973 452 4053 quia
477 3994 537 4034 non
567 3974 744 4056 ignoraverit
768 3973 847 4053 quod
868 3973 995 4031 intumum
1021 3968 1100 4028 erati
1155 3981 1184 4026 ta
1202 3966 1233 4026 in

111 4050 405 4131 praedestinationem
436 4051 587 4132 competit,
606 4051 629 4110 si
650 4048 720 4129 quid
740 4061 784 4110 est
806 4048 852 4109 vel
871 4049 979 4121 iustae,
1008 4046 1054 4103 vel
1083 4042 1234 4131 speciosae

180 4280 214 4350 ‘l
233 4289 291 4345 vid.
308 4289 379 4346 Cale.
395 4288 514 4349 libellum
530 4293 564 4349 ds
580 4289 825 4365 praedestinatione,
840 4288 957 4362 pluribus
973 4287 1001 4343 iu
1017 4283 1089 4343 loeis.
1137 4340 1140 4347 ,
1197 4348 1204 4355 ,
