2700 4732
514 188 875 255 mmmn
1204 156 1262 261 m

120 334 237 396 Iudaica
261 335 308 394 vel
333 336 413 399 inter
431 355 462 395 ae
484 336 561 416 ipsae
581 334 650 394 alias
670 332 811 417 disserant
830 333 885 410 (cl.
904 331 1028 415 August.
1048 331 1085 393 de
1105 331 1187 394 civit
1200 333 1260 395 Dei

119 413 170 473 lib.
192 419 237 476 19.
259 413 416 491 cap-⁸17).
455 410 514 472 Lex
533 410 592 471 Dei
618 410 710 471 iurari
736 411 885 492 prohibet.
926 410 1011 484 Quae
1036 408 1120 470 furtis
1145 411 1258 472 consti·

119 501 183 549 tuta
204 489 292 547 luerit
312 509 409 568 poena
420 488 450 547 io
463 487 566 567 politia
576 486 764 562 Iudaeorum,
782 487 882 548 videre
891 498 935 547 est
946 487 975 544 in
987 484 1089 547 Exodo
1100 488 1258 567 (τιμῇ.)

118 565 250 624 Aliarum
264 565 395 646 gentium
409 565 620 655 vetustissimae
640 562 721 645 leges
729 564 851 655 ,furtum
872 562 963 699 dqplo
983 561 1159 642 puniebant:
1180 584 1256 654 quae

117 641 1255 807 ltt‘l.⁵‘lllliltlnltttgtttt:ttlff'tt‘t‘lt&tutta

118 794 246 872 denique
266 795 301 852 ad
322 795 424 873 eapitis
434 793 619 873 supplicium.
659 793 776 853 Falsum
796 792 997 853 testimonium
1016 791 1136 853 talionis
1156 813 1253 872 poena

116 870 329 931 interludaeos
348 870 535 949 plectebatur
544 869 702 944 (Deut19‚
714 876 761 935 19.
773 872 842 948 ss.):
862 868 933 930 alibi
942 869 1022 950 gravi
1032 879 1145 930 tautum
1165 869 1253 950 igno-

115 940 216 1021 minia,
235 946 305 1038 alibi
324 945 494 1038 suspendio,
515 945 585 1037 alibi
604 966 701 1037 rrqce.
739 945 938 1036 Homicidium
956 966 1058 1038 omnes
1077 943 1188 1027 pariter
1206 945 1252 1005 le·
1333 944 1336 960 “

115 1021 1081 1178 tl,tlt?tttlltttfftttllttttttttttl’s‘lttlt·
1109 1019 1251 1160 lltll

115 1187 286 1250 tamen‚‚ut
305 1176 448 1236 eiusmodi
467 1175 633 1236 diversitate
653 1175 682 1234 in
709 1176 834 1237 eundem
865 1195 969 1241 ornnes
999 1175 1087 1237 finem
1117 1175 1264 1248 tendant

114 1253 189 1312 Nam
209 1273 270 1311 uno
297 1252 382 1312 simul
403 1272 456 1312 ore
475 1271 602 1331 poenam
621 1253 817 1332 pronuntiant
840 1251 870 1310 in
892 1273 936 1328 ea,
956 1272 1031 1331 quae
1051 1263 1171 1312 aeterua
1189 1251 1249 1311 Dei

112 1330 196 1410 Lege
216 1329 351 1388 damnata
370 1340 439 1389 sunt
459 1328 605 1402 facinora,
636 1348 743 1408 nempe
775 1328 945 1401 homicidia,
976 1329 1069 1401 sorta,
1095 1326 1248 1402 adulteria,

114 1405 187 1465 falsa
206 1405 387 1465 testimonia:
407 1405 459 1464 sed
479 1405 510 1464 io
531 1424 646 1483 poenae
664 1403 755 1465 modo
776 1405 1038 1468 conconveniunt.
1057 1407 1103 1464 Ne
1125 1423 1247 1466 uerero

111 1483 144 1542 id
165 1501 284 1542 neeesse
304 1493 358 1553 est,
377 1501 476 1559 neque
494 1483 580 1540 etiam
592 1481 718 1562 expedit.
756 1481 809 1549 Est
826 1481 922 1562 regio,
941 1501 1027 1560 quae,
1045 1481 1101 1541 nisi
1141 1500 1250 1542 omen-

110 1558 157 1619 dis
182 1557 321 1637 exemplis
346 1558 376 1616 in
410 1557 569 1617 homicidas
598 1560 721 1630 saeviat,
752 1557 889 1625 caedibus
914 1558 1012 1629 statim
1032 1569 1063 1617 et
1085 1555 1246 1618 latrociniis

108 1634 263 1715 perdenda
288 1633 335 1693 sit.
383 1632 437 1695 Est
454 1633 615 1708 saeculum,
639 1636 721 1714 qood
741 1654 904 1713 poenarum
929 1633 1118 1695 acerbitatem
1145 1630 1247 1715 augeri

109 1710 251 1790 postulet.
290 1710 323 1768 Si
343 1709 414 1789 quid
432 1709 583 1783 turbatum
601 1710 639 1770 sit
656 1711 687 1771 iu
707 1721 784 1771 statu
803 1708 934 1790 publico,
953 1710 1037 1771 noris
1056 1709 1158 1771 edictis
1177 1731 1246 1771 cor·
1327 1722 1330 1727 ’

110 1786 235 1867 rigenda
254 1797 338 1857 sunt,
358 1805 434 1865 quae
453 1786 523 1846 inde
549 1787 628 1846 nasci
648 1785 747 1847 solent
765 1787 849 1847 mala.
899 1786 975 1846 Batti
994 1798 1128 1866 tempore
1147 1788 1178 1845 in
1198 1807 1245 1846 ar-

108 1883 226 1922 morum
245 1863 369 1941 strepitu
382 1863 660 1925 conciderctomnir
681 1860 853 1938 humanitas,
870 1865 925 1923 uiri
944 1862 1064 1923 insolito
1083 1882 1247 1942 poenarum

110 1951 194 1998 metu
212 1938 331 1999 iniecto.
371 1939 407 1998 In
431 1939 600 2011 sterilitate,
624 1940 655 1999 in
697 1939 839 2001 enitentia
871 1940 927 1999 nisi
952 1938 1127 1999 adhibeatur
1149 1938 1246 1999 maior

110 2016 259 2105 severitas,
278 2036 393 2106 pessum
414 2015 501 2106 ibunt
520 2017 629 2076 omnia.
669 1960 723 2076 det
740 2036 812 2100 gens
833 2017 862 2077 in
882 2017 983 2077 uitium
1003 2016 1245 2095 quoddampro·

109 2111 248 2180 pensqor,
280 2114 335 2152 nasa
356 2112 501 2183 acerrime
520 2104 739 2183 compescatur,
785 2093 883 2168 Quam
912 2092 1060 2174 ¹malignus
1091 2092 1181 2152 luerit
1210 2111 1244 2152 ac

109 2167 232 2303 publico
254 2167 335 2227 bono
355 2168 479 2244 invidus,
492 2169 543 2248 qui
560 2169 613 2229 tali
633 2170 801 2230 diversitate
811 2168 984 2229 otrentum
1001 2169 1038 2229 ad
1059 2167 1244 2241 retinendam

137 2244 198 2324 egis
218 2244 276 2304 Dei
296 2243 532 2313 observationem
557 2245 873 2307 accommodatissima?
910 2249 986 2315 Nam
1012 2246 1092 2325 quod
1117 2245 1244 2306 iactatur

108 2342 126 2380 a
146 2320 331 2400 quibusdam,
349 2321 414 2380 lieri
434 2320 639 2383 contumeliam
658 2321 701 2382 Le
724 2322 732 2380 i
751 2321 809 2382 Dei
828 2341 882 2401 per
900 2323 1007 2384 Mosen
1029 2321 1121 2396 latae,
1139 2343 1243 2403 quum,

108 2396 251 2478 abrogata
270 2396 338 2467 illa,
358 2417 453 2458 novae
472 2397 545 2458 aliae
563 2398 605 2459 illi
646 2341 844 2472 metirentur,
861 2399 1045 2460 vanissimum
1064 2410 1123 2463 est:
1143 2419 1181 2458 oe
1203 2418 1241 2458 ue

108 2472 190 2532 enim
211 2471 282 2533 aliae
302 2473 343 2534 illi
369 2473 592 2554 praeferuntur,
612 2418 679 2534 diam
699 2476 790 2556 magis
815 2475 993 2554 probantur,
1022 2496 1084 2535 non
1116 2420 1242 2555 simplici

107 2549 280 2623 collatione,
298 2551 348 2610 sed
367 2562 545 2629 temporum,
565 2549 633 2623 loci,
653 2553 748 2631 gentis
768 2553 956 2625 conditione,
974 2563 1025 2613 aut
1043 2551 1092 2612 illa
1112 2550 1241 2634 abroga-

107 2637 168 2701 tur,
187 2646 262 2706 quae
282 2626 368 2687 uobis
387 2625 444 2686 lata
464 2648 612 2719 nunquam
634 2626 697 2697 luit.
737 2628 889 2707 Siquidem
922 2649 983 2693 non
1008 2649 1074 2688 eam
1093 2628 1241 2688 Dominus

89 2700 164 2783 ‘per
187 2723 303 2763 manum
324 2703 416 2763 lllosis
439 2704 569 2778 tradidit,
593 2726 667 2782 quae
693 2706 723 2763 in
747 2716 852 2783 gentes
877 2724 980 2763 omnes
1025 2704 1241 2784 romulgaretur

106 2790 140 2839 et
158 2778 268 2856 ubique
286 2780 415 2859 vigeret:
441 2780 491 2838 sed
512 2801 601 2858 quum
621 2780 767 2841 Iudaicam
786 2792 905 2859 gentem
930 2780 959 2838 in
980 2725 1083 2852 fidem,
1113 2779 1241 2860 patroci-

104 2855 205 2927 nium,
225 2853 391 2914 clientelam
410 2876 490 2915 suam
509 2857 700 2935 suscepisset,
722 2856 765 2916 illi
784 2857 870 2915 etiam
890 2855 1074 2936 peculiariter
1091 2855 1243 2937 legislator

105 2950 172 2992 esse
191 2930 285 2991 voluit
303 2952 348 3007 ac,
370 2932 449 3010 quod
467 2933 605 3008 sapientis
624 2932 796 3014 legislatoris
816 2945 890 3008 erat,
905 2931 1083 3014 singularem
1096 2933 1243 3012 quandam

106 3008 171 3069 eius
190 3008 334 3067 rationem
355 3010 383 3066 in
407 3008 532 3068 ferendis
551 3008 663 3090 legibus
683 3009 795 3069 babuit.

185 3091 231 3149 17.
270 3084 413 3164 Superest
432 3106 521 3160 nunc,
545 3086 754 3160 nevidunus,
774 3080 854 3165 quod
874 3096 1025 3164 postremo
1038 3083 1106 3146 loco
1126 3106 1239 3166 propo-

105 3162 195 3224 situm
217 3173 295 3234 erat,
315 3161 380 3241 quis
400 3160 513 3242 legum,
533 3161 716 3235 iudiciorum,
735 3164 952 3244 magistratuum
973 3183 1039 3221 usus
1058 3163 1094 3221 ad
1107 3183 1240 3223 commu·

107 3259 177 3302 nem
209 3237 444 3299 Christianorum
469 3239 639 3299 societatem
665 3240 780 3298 redeat:
813 3238 860 3298 cui
884 3238 971 3297 etiam
997 3259 1107 3298 annexa
1131 3251 1176 3300 est
1196 3241 1239 3300 al-

104 3329 172 3376 tera
192 3316 339 3393 quaestio,
366 3327 507 3394 quantum
532 3315 745 3394 magistratibus
766 3314 893 3374 debeant
910 3315 1013 3392 privati
1033 3316 1168 3377 homines
1188 3316 1240 3376 de-

107 3393 188 3451 ferre
218 3403 248 3450 et
271 3412 424 3471 quousque
454 3392 623 3452 obedientia
649 3392 789 3472 progredi
803 3388 929 3449 debeat.
967 3389 1102 3452 Plurimis
1125 3391 1241 3453 videtur

105 3486 354 3546 supervacaneum
375 3487 437 3528 esse
456 3489 560 3528 munus
580 3471 762 3549 magistratus
782 3465 1068 3527 interChristianos:
1088 3468 1168 3547 quod
1182 3469 1240 3529 sci-

106 3544 178 3602 licet
198 3542 352 3622 implorare
373 3545 420 3624 pie
440 3565 501 3604 uon
522 3545 653 3624 possint,
676 3555 780 3623 utpote
800 3542 905 3622 quibus
924 3544 1091 3619 vindicare,
1113 3547 1143 3603 in
1164 3545 1241 3605 iudi·

106 3621 186 3680 cium
206 3619 370 3698 postulare,
389 3620 504 3703 litigare
522 3621 642 3680 vetitum
663 3621 708 3681 sit.
746 3621 787 3679 At
806 3638 895 3697 quum
915 3618 1022 3681 Paulus
1041 3632 1144 3683 contra
1163 3620 1243 3687 clare

105 3707 247 3770 testetur,
266 3697 429 3756 ministrum
448 3697 507 3756 Dei
527 3696 613 3756 nobis
634 3717 696 3758 esse
716 3696 745 3755 in
765 3696 879 3756 bonum
897 3696 999 3772 (Rom.
1011 3703 1059 3770 13,
1071 3700 1127 3772 4.);
1148 3718 1182 3757 ex
1201 3717 1240 3759 eo

105 3771 203 3835 intelli
227 3772 309 3846 imus,
329 3773 368 3831 ita
389 3773 526 3834 divinitus
545 3773 712 3833 ordinatum
732 3792 805 3846 esse,
829 3784 872 3847 ut,
892 3772 953 3831 eius
973 3794 1060 3834 mauu
1080 3795 1113 3834 ae
1132 3776 1241 3852 praesi·
1295 3807 1302 3829 2

107 3849 164 3909 diis
184 3791 320 3908 adversus
338 3848 550 3930 flagitiosorum
576 3849 726 3908 hominum
751 3849 971 3926 improbitatem
998 3861 1028 3908 et
1051 3850 1169 3910 iniurias
1189 3849 1242 3911 de-

108 3925 196 4000 fensi,
217 3928 344 4005 quietam
364 3947 399 3984 ac
418 3945 549 3987 securam
569 3927 657 3985 sitam
678 3946 803 4008 agamus.
844 3925 960 4000 Quodsi
978 3925 1085 3988 frustra
1104 3927 1134 3987 in
1154 3945 1241 4005 prae·

105 4002 213 4067 sidium
234 4000 321 4061 nobis
340 4001 499 4061 aDomioo
520 4003 601 4062 datus
621 4014 675 4077 est,
694 4003 749 4062 nisi
768 4001 819 4061 tali
840 4003 925 4063 nobis
938 4002 1083 4063 beneficio
1101 4002 1144 4062 uti
1164 4004 1243 4079 licet,

104 4079 176 4142 satis
193 4090 325 4167 apparet,
344 4078 495 4157 implorari
514 4099 632 4170 quoque
653 4091 683 4138 et
702 4077 841 4159 appellari
862 4099 922 4138 nou
943 4079 1031 4158 impie
1051 4084 1144 4159 posse.
1183 4079 1242 4140 llic

108 4175 183 4217 vero
204 4154 274 4214 mihi
295 4176 361 4214 cum
383 4153 490 4233 duplici
517 4157 666 4214 hominum
694 4174 803 4236 genere
828 4155 973 4235 agendum
999 4166 1056 4214 est:
1076 4166 1145 4216 aunt
1164 4154 1243 4215 euim

133 4231 266 4306 etmulti,
290 4232 340 4310 qui
359 4242 440 4291 tanta
459 4229 592 4314 litigandi
612 4229 694 4291 rabie
718 4242 868 4306 aestuant,
891 4242 924 4291 ut
942 4231 1071 4311 quietem
1095 4250 1246 4310 uunquam

107 4256 240 4372 babeant
259 4308 337 4389 apud
356 4329 406 4385 se,
433 4306 489 4369 nisi
509 4328 575 4369 eum
595 4307 657 4371 aliia
674 4319 819 4391 pugnent.
862 4306 945 4369 Lites
962 4325 1034 4370 vero
1052 4307 1128 4390 ipsae
1146 4318 1179 4370 et
1195 4327 1246 4371 ca-
