2700 4732
106 166 167 249 aaa
484 180 560 241 iiii.
581 180 622 240 ii.
662 179 753 263 cae.
773 180 857 241 iiiii

60 314 64 323 ’
105 339 168 387 tuni
188 325 225 385 ab
245 345 283 385 eo
303 336 511 406 perpetratum.
556 324 671 385 Domus
691 323 854 386 Pharaonis
873 338 904 386 et
922 325 1125 387 dbimelecbi

106 424 169 463 siim
193 403 390 462 Abraliainuni
415 402 594 462 alllictaotur
618 413 674 461 etc.
704 401 799 481 (Gen.
819 409 873 477 iu,
891 410 938 467 17.
956 408 1011 479 20,
1029 408 1059 467 3·
1077 406 1125 469 18

107 502 196 561 quum
215 479 244 538 iil
271 480 307 537 ail
328 479 507 558 quaestionis
536 477 620 539 buius
649 478 830 538 solutionem
861 478 999 554 allectus,
1031 476 1125 561 ellugi

107 558 198 637 magis
221 578 306 635 quain
330 575 398 614 vcra
425 555 638 636 interpretatio.
678 554 851 615 Grauiorem
879 555 956 615 cuim
982 555 1125 616 ultionem

108 633 154 693 bic
166 647 196 692 et
206 632 346 691 similibus
360 631 443 703 locis,
456 652 541 709 quain
557 643 588 689 ut
609 632 685 690 intra
698 632 773 691 vitae
793 632 953 711 praesentis
970 633 1116 692 terminos

106 722 178 771 tur..
203 709 253 767 Sic
274 709 362 788 igitur
373 708 574 786 accipiendum
595 720 649 780 est,
664 710 743 787 quod
764 711 837 768 iusta
849 708 970 769 Domini
990 708 1125 769 maledict

105 785 197 845 modo
218 785 247 845 io
273 796 361 876 eaput
384 785 480 875 impii,
511 784 562 843 sed
592 784 624 842 in
650 797 742 844 totam
768 805 887 865 qnoque
913 784 1052 845 familiam
1077 785 1125 847 inc

106 861 168 922 Ubi
195 860 344 934 incubuit,
378 860 450 939 qnid
476 861 634 941 exspectari
685 873 777 937 otest,
808 862 862 921 nisi
887 873 920 922 ut
945 874 1029 941 pater
1048 861 1125 941 Spiri'

11 1008 14 1013 ¹
106 939 277 1011 destitutus,
297 938 522 1018 flagitiosissime
541 938 634 997 vivat?
661 881 736 998 ilius
755 938 794 998 ob
816 939 907 1018 patris
926 938 1086 1018 nequitiam
1105 942 1125 999 si

105 1036 122 1077 a
141 1015 274 1075 Domino
295 1012 461 1085 derelictus,
482 1013 603 1073 eandem
624 1014 702 1074 exitii
720 1025 859 1093 sequatur
877 1014 970 1075 viam?
1000 1016 1104 1096 Nepos

105 1103 137 1153 et
156 1110 317 1172 pronepos,
336 1090 488 1210 bpmiouru
499 1090 715 1151 detestabilium
735 1090 911 1151 exsecrabile
929 1109 1047 1167 semen,
1065 1112 1125 1172 prai

127 1180 175 1229 oet
194 1189 244 1228 eos
266 1179 368 1227 ruant.

104 1190 125 1249 p
181 1250 231 1309 2⁰·
269 1244 400 1303 Primum
427 1243 611 1323 inspiciamus
635 1263 673 1302 aii
698 1241 764 1303 talis
792 1242 920 1304 vindicta
945 1242 1071 1305 divinam
1102 1244 1125 1304 ii

104 1318 255 1383 dedeceat.
293 1320 328 1379 Si
353 1320 486 1379 universa
506 1319 656 1378 hominum
677 1333 780 1380 natura
804 1331 848 1379 est
868 1319 1057 1395 damnabilis,
1081 1343 1123 1401 qn

104 1398 199 1457 minus
220 1397 329 1477 gratiae
349 1418 418 1455 suae
437 1396 704 1456 communicatione
721 1416 783 1455 noo
805 1395 959 1486 dignatur,
977 1397 1015 1457 iis
1035 1410 1125 1477 parati

104 1496 168 1533 iniis
188 1494 249 1533 esse
271 1473 435 1547 iiiteiitiiiii:
457 1471 645 1532 iiiliilominus
667 1474 786 1552 propria
807 1472 970 1606 iniquitate,
990 1495 1052 1533 iion
1070 1474 1125 1552 inic

105 1550 176 1609 oilio
196 1549 355 1609 intereunt.
379 1550 443 1609 Nee
464 1547 521 1607 iillai
542 1548 716 1627 relinquitur
736 1563 857 1626 espostu
870 1550 941 1624 atio,
960 1571 1015 1610 cur
1033 1571 1096 1609 ooo
1116 1572 1125 1609 a

106 1624 240 1704 exemplo
261 1625 318 1684 Dei
338 1626 431 1707 gratia
452 1624 481 1683 iii
503 1623 623 1683 salntem
643 1625 825 1686 adinventor.
873 1624 975 1697 Quum
996 1642 1074 1705 ergo
1097 1624 1125 1684 bi

104 1702 159 1783 piis
180 1713 210 1760 et
229 1700 382 1783 llagitiosis
406 1702 554 1779 irrogatur
581 1700 619 1761 ub
646 1701 756 1760 scelera
783 1700 916 1777 punitio,
947 1712 981 1759 ut
1005 1701 1064 1760 Dei
1094 1722 1125 1780 gi

104 1776 208 1837 multas
228 1776 436 1855 generationes
457 1780 560 1837 doinus
581 1797 682 1835 eorum
709 1776 877 1855 priventur,
903 1776 1032 1855 quis·ob
1058 1777 1126 1837 iusti

104 1856 180 1916 banc
199 1855 358 1916 uindictam
376 1854 443 1915 lieo
464 1854 699 1914 criminationem
720 1852 871 1913 intendat?
909 1856 950 1911 dt
969 1853 1119 1914 Dominus

25 1991 27 2001 ,
103 1932 293 2011 pronuntiat,
327 1950 453 2009 poenam
487 1930 599 2010 pcccati
629 1929 747 2020 paterni
779 1929 809 1987 io
841 1928 931 1987 silium
961 1950 1023 1989 non
1055 1942 1125 1990 traci

103 2007 228 2087 (liaecli.
248 2013 297 2083 18,
315 2009 388 2081 20).
434 2006 565 2065 Observa
587 2007 655 2084 quid
677 2005 735 2065 illie
756 2017 872 2085 agatur:
891 2005 1061 2079 israelitae,
1079 2029 1125 2084 qni

104 2098 134 2145 et
153 2083 266 2145 assidue
285 2082 383 2143 multis
403 2083 614 2143 calamitatibus
634 2096 816 2155 vexarentur,
836 2081 1025 2162 proverbium
1046 2083 1125 2143 iactai

103 2171 219 2241 perant,
237 2172 334 2239 patres
352 2180 421 2219 suos
441 2158 602 2221 comedisse
621 2178 706 2217 uram
727 2158 871 2229 acerbam,
891 2158 970 2216 uude
991 2159 1094 2218 dentes
1115 2160 1125 2218 l

105 2237 362 2317 obstupescerent:
384 2255 443 2314 quo
463 2234 682 2315 significabant,
701 2234 822 2293 admissa
838 2235 924 2293 luisse
944 2256 959 2292 a
980 2235 1125 2313 parentibi

104 2325 182 2384 cata,
203 2312 328 2392 quorum
348 2331 459 2391 poenas
479 2311 547 2403 ipsi,
573 2312 640 2369 insti
659 2310 768 2390 alioqui
789 2322 818 2369 et
837 2311 1039 2385 immerentes,
1065 2332 1125 2392 pen

106 2388 284 2468 implacabili
304 2389 395 2470 magis
408 2386 468 2447 Dei
487 2387 637 2448 iracundia
657 2408 743 2467 quam
763 2386 916 2447 moderata
934 2388 1100 2447 severitate.

106 2464 222 2525 nuntiat
233 2463 395 2555 Propheta,
415 2485 476 2523 ooo
496 2466 537 2525 ita
555 2484 627 2537 esse,
647 2464 713 2543 quia
733 2463 774 2523 ob
796 2464 915 2542 propria
935 2464 1125 2543 flagitiaplec

105 2561 202 2619 neque
215 2540 273 2599 Dei
291 2542 417 2600 iustitiae
438 2544 608 2615 convenire,
628 2553 660 2599 ut
679 2540 754 2600 filius
773 2540 862 2601 iiistus
881 2539 922 2599 nb
942 2541 1060 2599 scelesti
1077 2553 1125 2621 pat

105 2618 225 2699 quitiam
244 2616 417 2708 supplicium
438 2617 511 2677 luat:
537 2617 618 2697 quod
639 2628 735 2696 oeq'ue
755 2618 784 2675 io
805 2617 952 2697 praesenti
977 2620 1125 2678 sanctioni

104 2708 163 2755 tiir.
201 2694 275 2753 Nam
288 2716 311 2753 si
325 2694 461 2769 visitatio,
482 2694 517 2752 de
539 2715 595 2773 qua
616 2715 694 2753 nuuc
713 2714 810 2752 serino
832 2704 885 2765 cst,
906 2692 1083 2771 adimpletur
1095 2716 1125 2774 qi

106 2771 264 2851 impiorum
285 2770 390 2830 familia
408 2771 549 2907 ppatiam,
580 2769 679 2828 lumen
699 2790 766 2829 suae
787 2769 931 2844 veritatis,
958 2769 1122 2849 etreliqua

105 2850 273 2909 adiumenta
292 2846 389 2909 aulert
439 2851 566 2907 ominus:
589 2866 626 2906 eo
646 2847 709 2925 ipso
732 2847 810 2924 quod
832 2846 980 2905 excoecati
1000 2857 1032 2905 et
1052 2848 1122 2907 dere

106 2926 170 3005 ipso
204 2924 256 2983 lilii
279 2936 434 3003 parentum
461 2923 591 3005 vestigiis
620 2922 771 2995 insistunt,
804 2922 1026 2981 maledictiones
1053 2924 1094 2983 ob
1121 2949 1125 3004 1

104 3002 216 3063 seelera
235 3002 388 3061 sustinerit.
429 3000 520 3073 Quod
542 3020 612 3059 iiero
639 3011 668 3058 et
693 2999 876 3089 temporariis
897 2998 1018 3059 miseriis
1037 3000 1125 3062 subiii

106 3091 136 3138 et
156 3090 279 3138 aeterno
301 3078 417 3137 deinum
439 3078 537 3151 esitio,
558 3078 596 3136 ita
617 3076 763 3135 iustoDei
783 3076 902 3150 iudicio,
921 3073 1034 3135 uonob
1055 3076 1125 3137 aliei

105 3167 180 3229 cata,
198 3155 250 3214 sed
271 3154 310 3213 ob
330 3153 514 3233 iniquitatem
536 3152 685 3233 propriam
705 3153 876 3232 puniuntur.

182 3236 230 3295 ⁸21.
268 3230 370 3290 Altera
386 3250 418 3289 ex
439 3242 520 3321 parte
532 3229 661 3290 olleitur
680 3229 832 3308 promissio
846 3230 883 3287 ile
903 3228 1093 3310 propaganda
1112 3229 1125 3288 i.

105 3306 311 3389 generationes
330 3306 389 3366 Dei
408 3306 624 3365 misericordia:
646 3326 720 3384 quae
741 3306 828 3364 etiam
849 3305 1020 3384 frequenter
1039 3308 1070 3366 iii
1090 3327 1125 3365 sei

106 3384 246 3455 occini-it,
266 3395 296 3442 et
314 3382 346 3442 iu
365 3381 493 3443 solleooi
512 3381 653 3441 ecclesiae
672 3382 793 3444 loedere
812 3383 961 3457 inseritur,
984 3383 1043 3442 Ero
1063 3382 1125 3441 Dei

105 3474 137 3521 et
155 3458 274 3520 seminis
299 3460 342 3518 tui
367 3471 436 3538 post
459 3470 490 3517 te
515 3456 610 3533 (Gen.
629 3465 684 3529 ·l'i¹,
703 3463 755 3536 7.),
806 3459 898 3532 Quod
918 3458 1078 3539 respiciens
1098 3458 1125 3517 Si

122 3535 214 3597 Pror.
232 3542 288 3608 Ἣ),
306 3537 366 3611 7.),
389 3536 492 3595 scribit
513 3537 587 3595 lilios
607 3536 752 3593 iustorum
777 3548 993 3616 postmortem
1013 3554 1118 3595 eorum

120 3635 188 3675 ore:
212 3633 273 3672 uon
294 3623 408 3672 tantum
426 3625 542 3672 sanctae
563 3612 745 3671 educationis
771 3613 886 3671 ratione
916 3616 1010 3691 (quae
1028 3624 1060 3673 et
1077 3613 1125 3692 ips

106 3700 288 3751 momentum
309 3708 371 3749 iion
390 3689 540 3748 minimum
562 3689 677 3763 babet),
697 3689 799 3747 sedob
820 3688 903 3748 istam
924 3690 953 3747 in
975 3688 1125 3770 sociere,

105 3765 440 3839 cambenedictionem,
472 3765 552 3845 qnod
572 3765 630 3823 liei
655 3766 747 3845 gratia
779 3767 808 3823 iii
834 3764 953 3826 loniiliis
979 3766 1096 3847 piorum
1121 3791 1125 3824 i

106 3844 240 3907 resideat.
289 3841 399 3902 Eaioiia
420 3841 487 3901 binc
507 3841 642 3901 fidelibus
662 3841 843 3915 consolatio,
876 3843 981 3934 ingens
1004 3842 1101 3923 impiis

107 3943 174 3981 iiana
193 3920 218 3981 si
238 3930 450 4000 postmortem
493 3938 591 3997 uoque
612 3919 753 3978 memoria
773 3932 833 3977 tum
854 3919 979 3980 iustitiae
999 3931 1062 3978 tum
1081 3920 1124 3978 ini

44 3998 49 4015 '
106 4010 219 4059 tantuin
239 3995 316 4087 apud
336 3994 433 4055 Deum
453 3938 546 4069 ridet,
577 4006 611 4053 nt
628 3995 796 4054 maledictio
818 3997 901 4054 liuius
921 4008 952 4055 et
975 3996 1052 4057 illins
1071 3996 1125 4056 ber

107 4076 137 4134 iii
158 4083 359 4155 posteritatem
380 4071 540 4144 redundet,
560 4071 652 4131 inulto
674 4076 764 4152 magis
785 4075 815 4130 iii
836 4075 904 4151 ipsis
924 4085 1076 4132 auctorum
1097 4095 1125 4133 ca

107 4149 254 4211 residebit.
294 4149 452 4209 Caeterum
473 4147 546 4206 oiliil
566 4148 663 4207 obstat
677 4150 756 4225 quod
777 4149 934 4229 impiorum
954 4149 1074 4210 soboles
1093 4153 1124 4209 iii

106 4227 142 4288 ail
162 4224 272 4285 bouum
292 4224 407 4307 liugeni
427 4246 459 4284 se
480 4224 595 4303 recipit,
615 4224 743 4283 fidelium
763 4226 882 4287 soboles
896 4229 1072 4309 degenerat:
1093 4249 1125 4306 qi

106 4312 279 4383 perpetuam
299 4302 346 4365 bic
365 4302 498 4385 regulam
518 4302 607 4384 ligere
621 4303 713 4361 soluit
724 4303 901 4385 Legislator‚
921 4324 996 4384 quae
1014 4322 1084 4365 suae
1103 4304 1125 4363 el
