2700 4732
481 189 871 293 mmffiffl
1060 228 1062 232 Α
1187 200 1247 265 m

109 331 176 395 dmn
195 330 420 395 illiseacitandis
438 336 589 397 materiam
600 337 783 429 suppeditat:
804 336 947 418 optimam
966 338 1113 401 rationem
1133 337 1246 401 lrabeat

107 420 277 501 sanctornm
306 403 510 486 afflictiones,
527 414 590 475 sine
607 414 721 493 quibus
745 414 825 475 nulla
854 414 936 475 loret
963 434 1068 475 eorum
1095 418 1245 496 patientia.

106 485 151 547 ad
172 485 372 547 obediendum
414 508 513 568 uoque
539 490 651 551 erudiri
672 511 759 552 cruce
780 490 863 552 dico:
889 490 956 570 quia
975 492 1017 553 sic
1037 512 1098 553 non
1116 493 1152 554 ad
1173 515 1246 574 pro-

125 508 483 653 riumvotnm,sed1)ei
503 566 655 628 arbitrium
675 570 775 629 rivere
796 568 951 630 docentur.
991 568 1081 649 Sane,
1101 569 1126 629 si
1145 571 1245 634 omnia

104 638 218 775 plprrdeg
235 638 385 701 sententia
404 640 543 719 fluerent,
563 647 712 737 nescirent
731 645 802 724 quid
822 656 899 705 esset
911 642 1007 736 Deum
1027 646 1120 724 sequi.
1152 647 1247 726 Atqui

103 719 1247 887 teni?‘tttttt‘tt‘tillit'blitiri:titiitt‘tttltttt

102 866 203 960 Deua
220 890 347 960 sequen.
375 871 465 963 'Quo
490 872 603 935 scrlrcet
622 874 800 953 innuebant,
824 886 888 935 tum
912 894 981 935 rere
1005 875 1122 936 demum
1142 878 1244 959 iugum

103 944 163 1017 Der
182 944 282 1008 subrre
303 944 464 1041 bominem,
484 973 574 1029 quum
584 950 647 1012 eius
662 951 774 1013 ferulae
792 972 911 1042 manum
931 973 965 1013 ac
983 952 1246 1035 tergum=praebe·

104 1036 159 1087 ret
200 1024 318 1099 Quodsi
337 1045 543 1105 aequrssrmum
555 1040 609 1103 est,
627 1041 662 1090 ut
680 1029 803 1089 coelesti
821 1028 903 1089 Patri
922 1049 976 1089 nos
996 1050 1051 1109 per
1069 1030 1168 1091 omnia
1188 1028 1246 1101 ob·

104 1110 275 1193 sequentes·
285 1122 347 1193 esse
357 1123 393 1182 ap
409 1104 564 1194 rubemus,
583 1127 646 1166 non
666 1118 711 1165 est
720 1118 801 1165 certe
814 1105 1048 1181 detrectandam,
1067 1119 1101 1168 ut
1120 1107 1156 1168 ad
1176 1108 1245 1168 red-

104 1176 231 1243 dendam
250 1177 308 1239 srbr
327 1123 528 1241 obedientiam
546 1182 645 1274 modis
662 1182 801 1244 omnibus
820 1204 876 1244 nos
895 1182 1077 1275 assuefaciat.
1152 1261 1160 1275 ·

179 1258 210 1319 6·
247 1256 380 1347 Necrlum
400 1268 719 1353 tamenupersprcrmus,
738 1280 826 1339 quam
850 1280 1012 1350 necessaria
1031 1273 1069 1321 srt
1088 1258 1174 1352 nobis
1195 1261 1245 1321 ist·
1290 1280 1293 1285 ’

104 1328 387 1427 baeeobedrentaa,
411 1356 468 1395 nur
487 1335 572 1397 srmul
592 1350 777 1429 reputamus,
796 1348 905 1417 quanta
924 1349 962 1397 ιιι
974 1337 1019 1429 ,ad
1038 1338 1246 1429 ercuuendnm

103 1404 164 1467 Der
184 1430 284 1504 rugum
306 1433 400 1505 carnus
419 1425 538 1473 nostrae
559 1411 684 1488 lascrvra,
704 1414 879 1495 simulatque
899 1414 1015 1475 mollius
1035 1415 1247 1505 aliquantisper

102 1498 194 1579 atque
213 1489 412 1583 rndulgentrus
433 1492 532 1584 hahita
550 1506 604 1586 est.
642 1492 726 1584 Idem
746 1490 963 1586 enimtproqsus
983 1492 1090 1553 accidit
1109 1492 1151 1552 illi
1185 1490 1245 1554 uod

103 1584 190 1656 equas
209 1566 400 1659 refractarns,
420 1592 471 1650 qur
490 1593 515 1659 ιι
534 1569 649 1649 aliquot
667 1570 728 1631 dues
748 1571 837 1631 olion
857 1581 1044 1655 sagrnpntur,
1071 1591 1143 1650 prae
1163 1516 1245 1633 iero-

104 1643 328 1736 ·crtateodoman
349 1659 451 1725 postea
473 1661 640 1729 nequeunt,
665 1667 720 1709 nee
739 1668 884 1708 sessorem
903 1660 1139 1738 recognoseunt,
1162 1649 1245 1741 cuins

104 1740 234 1856 imperto
253 1733 404 1802 utcunque
428 1738 513 1787 antea
539 1724 794 1817 obtemperabant.
842 1728 941 1805 Atque
961 1745 1090 1817 prnnrno
1116 1724 1194 1816 illud·
1213 1748 1245 1787 ιιι

104 1814 146 1855 no
169 1819 195 1859 rs
213 1812 388 1881 perpetuum
410 1814 463 1875 est,
484 1802 563 1882 quod
584 1802 672 1863 lunse
691 1824 721 1862 ιιι
742 1799 853 1893 populo
868 1799 1029 1863 lsraelrtrco
1050 1814 1246 1881 conquerunt

104 1870 205 1967 Deus,
224 1878 459 2013 utpinguelacti
479 1892 510 1972 et
523 1880 575 1971 ‘adi
597 1900 614 1938 e
633 1878 757 1941 obductu
776 1877 993 1940 recalcitremus
1011 1878 1147 1971 adversus
1166 1897 1246 1955 eum,

105 1971 157 2089 gna
177 1975 232 2015 nos
257 1968 329 2015 aurt
355 1970 385 2015 et
404 1962 576 2033 enutrivit(
611 1967 670 2017 eut.
689 1962 745 2032 32,
763 1958 835 2035 lb).
888 1954 1027 2016 Debebat
1046 1956 1164 2035 quadem
1189 1978 1245 2017 noa

136 2030 165 2091 ei
185 2032 380 2094 beneficentia
391 2034 427 2094 ad
448 2034 640 2116 reputandam
656 2054 690 2093 ac
709 2032 897 2094 deamandam
919 2034 979 2092 eius
999 2032 1161 2093 bonitatem
1180 2031 1244 2093 alli-

104 2126 190 2200 cere}
208 2110 390 2202 sedquando
412 2131 446 2171 ea
465 2124 511 2172 est
529 2123 630 2172 nostra
650 2108 825 2192 malignitas,
843 2122 877 2171 ut
897 2120 1042 2200 perpetuo
1063 2110 1125 2170 eius
1145 2109 1244 2201 indul-

103 2198 206 2335 gentia
219 2197 324 2266 ,potrus
344 2209 583 2268 corrumpamur,
599 2186 666 2323 plus
687 2208 773 2267 quarn
794 2207 989 2248 necessarrunr
1009 2198 1053 2247 est
1073 2208 1127 2247 nos
1146 2189 1245 2267 aquua

125 2262 259 2343 isciplina
277 2266 440 2339 contineri,
460 2286 498 2323 ne
516 2265 548 2324 in
568 2278 657 2325 taem
678 2262 866 2357 petulantiam
887 2263 1071 2325 exsultemus.
1112 2264 1177 2338 Sic,
1202 2285 1242 2326 ne

106 2340 265 2403 immodica
286 2362 376 2420 opum
398 2342 576 2402 abundantia
597 2341 789 2416 lerocramus,
809 2362 848 2402 ne
869 2339 1031 2401 bonoribus
1051 2340 1120 2400 elati
1138 2361 1244 2421 super-

105 2416 235 2491 biamus,
267 2438 305 2477 ne
331 2419 423 2479 inllati
452 2418 573 2499 reliquis
597 2417 643 2480 vel
667 2419 782 2479 animae
801 2417 848 2478 vel
872 2417 1006 2498 corporis
1036 2417 1083 2477 vel
1107 2417 1245 2479 fortunae

105 2494 194 2556 bonis
214 2494 431 2569 insolescamus,
451 2496 598 2561 Dominus
618 2496 690 2576 ipse,
709 2508 802 2577 prout
816 2495 952 2574 providet
973 2495 1119 2585 expedire,
1138 2516 1245 2555 occur-

104 2572 162 2645 rit,
188 2584 219 2630 et
239 2574 335 2647 carnis
355 2586 472 2632 nostrae
494 2573 632 2633 leroeiam
650 2574 743 2633 crucis
764 2572 896 2632 remedio
915 2570 1027 2653 subigit
1046 2593 1079 2632 ae
1099 2572 1245 2631 refrenat:

104 2648 195 2739 idque
209 2649 294 2708 variis
314 2651 424 2724 modis,
446 2663 587 2729 quantum
605 2649 718 2711 scilicet
738 2649 895 2728 unicuique
912 2646 1029 2709 salubre
1049 2659 1103 2707 est.
1139 2650 1246 2729 Neque

105 2744 186 2787 enum
205 2739 256 2786 aut
275 2726 377 2785 iisdem
399 2727 509 2787 morbis
535 2748 681 2806 peraeque
708 2726 835 2808 graviter
861 2725 1028 2785 laboramus
1052 2745 1169 2795 omnes,
1195 2737 1246 2786 ant

105 2802 230 2883 perinde
251 2802 365 2863 difficili
386 2804 539 2865 curatione
557 2804 731 2883 indigemus.
780 2803 856 2862 Inde
876 2802 978 2862 videre
998 2812 1095 2861 estut
1119 2802 1166 2860 alii
1187 2801 1246 2861 alio

105 2879 202 2941 trucis
222 2899 336 2960 genere
355 2893 554 2941 exerceantur.
594 2883 694 2956 Quum
715 2892 813 2940 autern
833 2879 905 2941 alios
925 2877 1019 2939 lenius
1039 2888 1155 2952 tractet,
1173 2878 1247 2939 alios

105 2957 307 3036 asperioribus
328 2958 463 3027 remediis
489 2971 596 3039 purget
614 2957 750 3017 coelestis
773 2956 918 3029 medicus,
944 2955 1012 3016 dum
1033 2953 1095 3013 vult
1115 2954 1246 3013 omnium

105 3032 223 3092 sanitati
243 3034 412 3095 consulere:
435 3037 581 3095 neminem
603 3047 701 3094 tamen
722 3034 879 3093 immunem
900 3054 933 3092 ac
952 3033 1096 3093 intactum
1116 3044 1246 3112 praeter-

106 3110 214 3184 mittit,
234 3111 300 3189 quia
322 3133 424 3171 onmes
443 3113 478 3172 ad
499 3134 589 3172 unum
610 3113 692 3172 novit
712 3130 774 3171 esse
794 3107 954 3170 morbidos.

184 3194 212 3252 6.
252 3187 443 3267 Adde-quod
472 3211 532 3249 non
559 3188 650 3249 modo
676 3186 873 3247 infirmitatem
902 3198 1032 3247 nostram
1062 3184 1269 3264 praevenire,¹

104 3262 158 3324 red
181 3267 337 3343 praeterita
357 3268 443 3325 etiam
464 3265 570 3326 delicta
589 3285 677 3356 saepe
696 3264 847 3346 corrigere
868 3282 987 3323 necesse
1007 3262 1098 3322 babet
1116 3261 1246 3323 clemen-

105 3342 234 3400 tissimus
254 3341 358 3401 Pater:
394 3355 427 3401 ut
445 3365 499 3404 nos
531 3344 562 3401 in
592 3343 619 3401 le
642 3342 724 3400 stirne
743 3360 812 3421 erga
837 3362 867 3400 re
888 3338 1058 3401 obedientia
1082 3341 1244 3399 contineat.

105 3417 240 3477 Proinde
261 3418 376 3496 quoties
397 3418 564 3501 affligimur,
583 3362 682 3479 suffire
723 3418 837 3478 rotinus
856 3418 1036 3478 in‘mentem
1054 3414 1144 3476 debet
1162 3428 1247 3475 antc-

105 3506 192 3553 actae
214 3495 289 3553 vitae
311 3497 494 3557 recordatio:
513 3493 677 3575 ita.procul
697 3440 788 3554 dubio
808 3496 1005 3576 reperiemus,
1024 3513 1080 3553 nos
1099 3491 1248 3552 admisisse

107 3570 192 3650 quod
212 3572 333 3652 dignum
354 3573 498 3634 eiusmodi
517 3574 707 3656 castigatione
727 3583 811 3633 esset.
856 3571 962 3649 Neque
981 3581 1079 3629 tamen
1100 3591 1116 3629 a
1136 3568 1249 3648 peccati

107 3648 263 3728 agnitione
285 3650 441 3729 praecipue
460 3650 599 3709 sumenda
624 3660 669 3709 est
692 3648 729 3708 ad
756 3647 923 3727 patientiam
949 3644 1123 3707 exhortatio.
1171 3645 1246 3704 Nam

108 3726 265 3803 Scriptura
285 3726 436 3785 meliorem
458 3726 547 3807 longe
568 3725 834 3786 considerationem
858 3724 1042 3859 suppeditat,
1067 3744 1157 3857 quum
1178 3720 1249 3781 dicit

108 3802 199 3861 rebus
220 3802 346 3863 aduersis
367 3825 420 3862 nos
440 3823 456 3862 a
476 3804 609 3863 Domino
631 3802 755 3881 corripi,
774 3821 812 3860 ne
832 3822 897 3861 cum
939 3821 975 3860 oc
996 3821 1064 3857 mnn
1088 3819 1106 3857 ο
1127 3798 1249 3858 darnne-

109 3900 178 3939 mur
197 3880 237 3955 (Ι.
260 3878 331 3939 Cor.
351 3887 405 3953 ll,
424 3884 497 3954 32).
535 3882 616 3971 Ergo
638 3878 667 3937 in
696 3879 758 3958 ipsa
777 3898 896 3958 quoque
917 3874 1140 3936 tribulationum
1166 3895 1248 3934 acer-

106 3955 215 4029 bitate,
234 3955 326 4015 Patris
339 3956 433 4015 nostri
446 3957 630 4016 clementiam
649 3974 719 4037 erga
739 3976 793 4015 nos
814 3975 846 4013 ac
868 3952 1081 4033 benignitatem
1100 3972 1249 4032 recogno-

109 4052 194 4091 scere
215 4035 366 4091 cunvenit:
399 4035 517 4109 quando
550 4054 587 4091 ne
618 4046 678 4091 turn
700 4032 818 4113 quidem
838 4030 946 4089 desinit
969 4028 1093 4088 sulutem
1119 4041 1248 4088 nostram

109 4128 299 4187 promouere.
349 4109 466 4190 ntttigir
487 4109 564 4169 enirn
589 4130 651 4169 non
674 4120 705 4167 ut
725 4108 829 4187 perdat
848 4104 894 4167 vel
915 4106 1055 4187 perimat,
1079 4104 1130 4165 red
1151 4105 1251 4182 potius

108 4197 145 4244 ut
164 4205 180 4244 a
200 4186 303 4243 mundi
322 4186 512 4245 danmatione
532 4186 648 4246 liberet.
699 4185 741 4242 Ea
765 4184 909 4267 cogitatio
934 4204 990 4249 nor
1009 4180 1137 4249 deducet
1162 4181 1199 4239 ad
1220 4180 1252 4241 id

109 4262 193 4342 quod
212 4261 283 4325 alibi
302 4261 392 4327 docet
401 4264 555 4345 Scriptura
573 4262 677 4343 (Prot.
688 4267 720 4332 3.
730 4262 805 4340 110:
824 4260 903 4337 „titi
913 4258 967 4338 mi,
985 4278 1023 4323 ne
1042 4278 1162 4341 respuas
1181 4278 1252 4319 cor-
