2700 4732
473 222 551 283 cru.
570 221 624 282 rr.
665 219 754 281 car.
774 219 857 283 xrs.
1035 190 1038 201 '
1190 202 1311 287 ssa'

188 376 218 438 2
258 372 326 448 Qua
355 369 474 431 ratione
498 367 675 429 vocabulum
700 369 758 429 boe
787 367 993 449 usurpaverint
1015 378 1127 429 veteres
1153 367 1184 427 in
1209 388 1247 428 eo

112 471 212 526 sensu,
232 470 294 509 non
316 459 360 508 est
379 446 545 506 obscurum.
584 447 659 505 Nam
680 445 795 525 quoties
819 466 954 526 graecam
975 464 1077 504 vocem
1096 442 1250 518 μυστήριον

112 528 202 588 latine
222 526 347 586 reddere
367 522 461 583 voluit
479 524 572 583 Vetus
591 523 754 601 interpres,
780 523 949 601 praesertim
968 521 1020 579 ubi
1040 522 1076 579 de
1096 520 1184 581 rebus
1204 522 1250 580 di-

112 605 187 665 uinis
207 602 367 683 agebatur,
391 598 538 658 transtulit
555 612 775 658 sacromentum.
818 599 869 657 Sic
889 599 925 656 ad
946 596 1089 676 Ephesios
1108 601 1152 673 (1,
1171 605 1199 661 9.
1219 610 1251 658 et

113 688 147 754 3,
167 684 225 755 2.):
254 679 319 751 „Ut
348 687 450 736 notum
484 676 594 735 laceret
624 675 711 735 nobis
742 686 955 734 sacramentum
975 673 1130 734 voluntatis
1148 677 1251 735 suae.“

113 758 207 816 Item:
228 755 283 828 „Si
302 767 400 813 tamen
414 751 531 812 audistis
551 751 800 832 dispensationem
814 750 1004 844 gratiaeDei‚
1024 769 1099 828 quae
1120 751 1185 810 data
1207 762 1252 813 est

113 832 206 910 „mibi
218 833 246 891 in
258 831 356 903 vobis,
375 831 513 909 quoniam
532 829 692 888 secundum
712 827 921 888 revelationem
940 838 1046 885 notum
1061 826 1131 885 milri
1144 827 1252 887 lactum

114 922 182 985 „est
200 911 443 968 sacramentum.“
482 905 529 964 At
550 905 743 965 Colossensea
766 910 817 981 (t,
835 905 916 978 ⁶26.):
949 904 1143 982 „Mysterium
1170 903 1253 983 qnod

114 986 339 1062 „absconditum
359 983 417 1043 suit
436 1001 453 1041 a
471 981 595 1041 saeculis
612 979 917 1063 etgetrerationibus,
942 1000 1021 1039 nunc
1040 992 1139 1038 autem
1159 982 1253 1040 mani-

100 1063 274 1140 1„sestatum
296 1073 340 1120 est
358 1058 465 1121 sanctis
485 1059 562 1132 eius,
581 1057 685 1137 quibus
706 1056 800 1116 voluit
820 1056 964 1115 Dominus
985 1069 1070 1116 notes
1089 1056 1186 1116 iacere
1207 1057 1254 1117 di.

115 1138 218 1216 „vitias
238 1139 410 1197 sacramenti
431 1134 537 1195 buius“
559 1145 616 1193 etc.
655 1132 732 1192 Item
753 1132 788 1192 ad
809 1133 1002 1215 Timotheum
1020 1132 1252 1213 (l.rp,3,16.):

115 1216 278 1307 „Magnum
300 1213 416 1293 pietatis
435 1223 664 1272 sacramentum:
693 1210 775 1269 Deus
799 1211 1000 1269 manifestatus
1021 1212 1113 1270 estin
1134 1214 1253 1270 carne.“

116 1290 222 1353 Noluit
241 1303 337 1350 autem
357 1290 456 1351 dicere
475 1309 622 1362 arcanum,
642 1305 682 1346 ne
700 1287 886 1365 qnid·rerum
907 1285 1109 1366 magnitudine
1129 1287 1253 1349 inferius

118 1369 215 1428 die'ere
235 1368 391 1427 rideretur.
441 1365 661 1427 Sacramentum
682 1383 755 1445 ergo
775 1362 874 1443 posuit
900 1382 955 1442 pro
982 1383 1107 1438 arcano,
1136 1364 1187 1424 sed
1207 1365 1253 1425 rei

115 1465 224 1506 sacrae.
262 1444 299 1503 In
321 1463 354 1503 ea
374 1441 594 1524 significatione·
612 1441 689 1523 apud
715 1438 926 1499 ecclesiasticos
951 1438 1109 1518 scriptores
1128 1441 1254 1503 subinde

117 1522 254 1583 occurrit.
271 1551 278 1563 ·
293 1521 332 1581 Et
351 1521 419 1582 satis
438 1531 542 1579 notum
563 1529 622 1595 est,
641 1537 714 1598 quae
726 1517 915 1577 Sacramenta
934 1527 1078 1576 vocantur
1096 1517 1174 1597 spud
1193 1520 1254 1579 La-

115 1600 206 1670 tinos,
227 1597 350 1657 Graecis
369 1616 432 1656 esse
452 1597 603 1677 mysteria:
624 1616 698 1676 qnae
710 1593 883 1678 synonymia
903 1593 984 1653 litem
995 1613 1113 1653 omnem
1134 1594 1260 1657 dirimit.-

117 1676 216 1753 Atque
238 1674 306 1734 binc
327 1673 434 1735 factum
456 1685 510 1748 est,
530 1685 563 1732 ut
583 1672 618 1732 ad
642 1673 725 1753 signa
750 1672 799 1733 illa
820 1690 895 1754 quae
915 1681 1065 1751 augustam
1085 1669 1253 1731 sublimium

118 1771 153 1811 ac
176 1749 368 1828 spiritualium
399 1769 496 1809 rerum
529 1750 829 1828 repraesentationem
860 1747 1020 1819 baberent,
1049 1746 1254 1809 deduceretur.

119 1826 212 1900 Quod
233 1828 320 1886 etiam
340 1837 425 1887 notat
443 1824 550 1886 alicubi
569 1827 910 1908 Augustinus(ep.5.
922 1825 958 1886 ad
970 1822 1129 1898 Marcell.):
1150 1824 1255 1898 „Lou-

117 1924 227 1984 „gum,
252 1904 363 1982 inquit,
393 1915 469 1962 esset
487 1902 635 1982 disputare
656 1903 692 1963 de
711 1905 852 1964 varietate
871 1903 1037 1984 signorum:
1070 1910 1144 1981 quae
1165 1922 1254 1981 quum

119 1980 177 2057 „ad
197 1999 243 2039 res
264 1978 377 2038 divinas
397 1979 556 2059 pertinent,
576 1980 765 2041 Sacramenta
785 2003 800 2040 a
823 1980 999 2061 pellantur.“

196 2062 225 2121 3.
263 2055 361 2115 Porro
381 2074 415 2115 ex
434 2055 486 2116 bac
497 2077 581 2135 quam
601 2057 753 2136 posuimus
764 2002 937 2137 debuitione
950 2054 1156 2139 intelligimus,
1174 2077 1255 2116 nuu-

119 2153 207 2212 quam
225 2133 290 2192 sine
309 2144 469 2211 praeeunte
487 2134 682 2212 promissione
703 2153 765 2195 esse
783 2145 1013 2208 sacramentum,
1036 2132 1088 2194 setl
1110 2134 1135 2193 ei
1155 2135 1257 2224 potius

118 2223 292 2288 tauquama
318 2208 469 2288 pendicem
490 2208 633 2287 quandam
654 2210 788 2291 adiungi,
819 2231 855 2271 eo
880 2211 939 2272 fine
964 2222 997 2270 ut
1027 2209 1254 2290 promissionem

119 2286 129 2344 i
152 2307 210 2346 sam
231 2229 387 2345 conirmet
404 2305 439 2344 ac
457 2283 606 2366 obsignet,
625 2286 770 2366 nobisque
790 2287 982 2362 testatiorem,
1003 2287 1063 2347 imo
1073 2299 1163 2347 ratam
1178 2308 1256 2366 quu-

120 2308 279 2423 ‹iammod'o
299 2361 400 2422 iaciat:
421 2381 481 2441 quo
493 2361 582 2421 modo
596 2374 713 2423 nostrae
731 2365 913 2445 ignorantiae
926 2384 959 2425 ac
978 2364 1106 2424 tarditati
1118 2365 1257 2444 primunr,

121 2440 229 2499 deinde
248 2438 410 2498 infirmitati
431 2458 506 2518 opus
526 2457 587 2518 esse
607 2438 688 2499 Dens
707 2441 858 2517 providet:
884 2461 980 2521 neque
1000 2453 1097 2500 tamen
1118 2442 1257 2521 (proprie

120 2514 287 2595 loquendo)
308 2527 366 2575 taur
386 2526 420 2574 ut
437 2534 549 2575 sacrum
569 2536 653 2574 suum
671 2536 838 2577 sermonem
859 2518 971 2594 firmet,
990 2539 1077 2598 quam
1098 2531 1130 2577 ut
1150 2540 1205 2578 nos
1224 2518 1256 2577 in

121 2595 210 2673 ipsius
227 2591 287 2650 fide
305 2591 441 2652 stabiliat.
492 2590 644 2670 Siquidem
663 2591 722 2652 Dei
741 2593 846 2655 veritas
865 2615 969 2675 perse
987 2596 1056 2655 satis
1075 2594 1170 2654 solida
1191 2613 1256 2655 cer-

120 2683 208 2749 taque
229 2681 288 2729 est:
318 2689 374 2728 uec
406 2667 524 2727 aliunde
548 2667 702 2728 meliorem
727 2670 980 2730 confirmationem
1001 2693 1087 2751 quam
1107 2693 1124 2731 a
1143 2691 1174 2731 se
1196 2673 1204 2730 i
1227 2692 1257 2732 sa

120 2746 255 2824 accipere
279 2756 387 2824 potest.
439 2745 551 2804 Verum
578 2756 610 2804 ut
634 2744 735 2827 exigua
760 2760 804 2806 est
827 2759 859 2807 et
881 2748 1027 2808 imbecilla
1051 2761 1150 2808 nostra
1174 2748 1193 2807 ii
1216 2769 1257 2822 es,

121 2822 179 2881 nisi
197 2821 268 2879 uudi
290 2842 326 2880 ue
347 2822 499 2895 fulciatur,
523 2842 557 2880 ac
575 2821 670 2882 modis
689 2822 826 2883 omnibus
845 2835 1039 2899 sustentetur,
1068 2828 1163 2885 statim
1184 2847 1258 2885 con·

122 2899 248 2972 cutitur,
270 2843 454 2973 lluctuatur,
478 2897 608 2971 vacillat,
633 2898 769 2977 adeoque
792 2899 921 2959 labascit.
958 2902 1059 2981 Atque
1077 2902 1117 2962 ita
1138 2903 1256 2982 quidem

120 2975 170 3036 bic
188 2993 220 3034 se
239 2975 334 3053 captui
355 2986 457 3034 nostro
477 2996 533 3054 pro
554 2976 694 3051 immensa
713 2996 763 3036 sua
782 2975 964 3058 indulgentia
976 2989 1152 3059 attemperat
1169 2979 1258 3038 mise·
1331 3004 1334 3009 ·

120 3052 215 3112 ricors
235 3051 391 3125 Dominus,
410 3063 443 3110 ut
473 3051 569 3110 uando
589 3050 730 3111 animales
740 3074 848 3126 sumus,
868 3055 918 3132 qui
939 3053 1017 3113 humi
1034 3076 1150 3135 semper
1170 3056 1256 3116 adre-

120 3136 235 3209 pentes‚
256 3139 286 3186 et
305 3129 335 3186 in
355 3148 443 3188 earne
484 3140 626 3201 aerentes,
645 3128 717 3187 nibil
736 3129 886 3209 spirituale
898 3130 1070 3209 cogitamus,
1090 3154 1122 3192 ac
1134 3154 1171 3192 ne
1184 3155 1257 3193 con·
1278 3193 1282 3213 ,

121 3206 243 3285 cipimus
264 3203 398 3285 quidem,
423 3203 574 3265 elementis
595 3205 682 3265 etium
706 3206 767 3266 istis
786 3207 911 3266 terrenis
931 3226 985 3266 nos
1004 3206 1041 3265 ad
1060 3228 1091 3268 se
1112 3209 1259 3269 deducere

121 3302 183 3340 non
226 3295 341 3342 ravetur
372 3294 460 3361 atque
479 3282 509 3341 in
528 3283 589 3361 ipsa
601 3301 688 3342 carne
707 3302 878 3363 proponere
898 3282 1046 3342 bonorum
1065 3285 1257 3363 spiritualium

121 3301 281 3436 specuium.
329 3401 350 3433 „
381 3359 469 3418 amsi
496 3359 580 3419 iocor
603 3358 666 3418 orei
693 3378 820 3419 essemus
841 3363 889 3439 (ut
910 3357 984 3418 Chr
1013 3373 1197 3422 sostomus
1217 3364 1258 3423 ait

121 3434 223 3509 „hom
242 3440 289 3498 60.
309 3437 345 3496 ad
367 3435 499 3515 popul),
535 3381 612 3494 nuria
633 3445 663 3494 et
681 3435 859 3514 incorporea
884 3434 971 3494 nobis
988 3379 1062 3495 baec
1082 3437 1142 3516 ipsa
1163 3438 1258 3500 daret.

121 3510 232 3585 „Nune
276 3511 322 3571 uia
346 3513 522 3590 corporibus
545 3513 668 3572 insertas
695 3511 834 3572 babemus
866 3512 990 3585 animas,
1022 3510 1076 3571 sub
1096 3513 1258 3576 visibilibus

121 3531 301 3665 „spiritualia
320 3588 418 3647 tradit.
456 3589 610 3665 Nonquia
630 3588 703 3648 tales
722 3588 832 3648 inditae
844 3600 914 3649 sunt
924 3587 1009 3647 dotes
1028 3589 1138 3649 naturis
1151 3610 1260 3666 rerum,

122 3662 269 3740 „quaein
293 3666 480 3724 sacramentis
501 3665 586 3724 nobis
607 3665 812 3743 proterunturs
837 3665 889 3725 sed
909 3664 977 3745 quia
1001 3665 1033 3724 in
1052 3664 1127 3725 hanc
1145 3665 1259 3748 signib-

122 3738 291 3813 „cationem
311 3759 327 3798 a
346 3739 413 3798 Deo
433 3741 565 3822 signatae
584 3745 685 3802 sunt.“

198 3821 226 3877 «l.
264 3813 364 3907 Atque
391 3815 449 3878 boc
468 3830 512 3877 est
531 3817 610 3898 quod
630 3817 719 3899 vulgo
740 3818 857 3891 dicunt,
883 3829 1018 3878 constare
1039 3817 1257 3880 Sacramentum

121 3890 214 3955 verbo
236 3901 267 3950 et
286 3903 407 3951 externo
426 3893 522 3973 signo.
569 3893 701 3953 Verbum
727 3896 806 3954 enim
830 3894 996 3976 intelligere
1016 3894 1171 3969 debemus,
1196 3917 1258 3956 non

121 3967 203 4048 quod
223 3967 287 4028 sine
305 3987 392 4027 sensu
412 3980 442 4029 et
466 3969 523 4028 fide
543 3969 768 4043 insusurratum,
797 3969 1024 4051 solotstrepitu,
1048 3971 1130 4032 velut
1148 3974 1260 4053 magica

120 4044 339 4118 incantatione,
365 4045 557 4105 consecrandi
577 4046 715 4108 elementi
740 4047 797 4107 viru
818 4046 941 4108 babeat:
972 4046 1024 4108 sed
1044 4047 1123 4127 quod
1143 4050 1259 4128 praedi-

122 4133 218 4180 catum
237 4120 403 4203 intelligere
423 4142 479 4182 uos
498 4121 596 4198 faciat,
615 4122 687 4202 quid
706 4123 818 4184 visibile
837 4123 952 4205 signum
972 4123 1028 4184 sibi
1047 4124 1126 4185 velit.
1167 4125 1259 4200 Quod

121 4216 195 4278 ergo
215 4196 269 4257 sub
289 4198 388 4277 Papae
407 4197 563 4277 tyrannide
589 4198 751 4261 factitatum
776 4212 837 4283 est,
866 4220 929 4261 non
948 4200 1044 4262 caruit
1060 4200 1175 4283 ingenti
1194 4223 1260 4282 my·

121 4275 280 4333 steriorum
295 4275 521 4366 profanatione:
553 4286 694 4353 putarunt
711 4276 790 4337 euim
809 4276 879 4338 satis
899 4295 962 4338 esse
979 4277 1006 4337 si
1022 4278 1176 4355 sacerdos,
1200 4299 1259 4359 po·

119 4348 192 4430 pulo
212 4350 275 4411 sine
293 4351 493 4435 intelligentia
512 4351 702 4432 obstupente,
721 4352 954 4435 cousecrqtiouis
972 4352 1326 4447 tornulamtlenurqh'
