2700 4732
88 214 127 274 10
448 216 522 277 tta.
543 218 600 278 ΙΙΙ.
642 220 729 282 cttt’.
749 208 832 281 lllV.¹

167 360 218 449 ¹⁴:
251 356 363 416 lactare
381 378 453 419 vero
484 365 751 445 supererogationis
771 384 878 447 opera,
906 367 1058 446 quomodo
1077 388 1145 431 cnut
1166 368 1221 433 illo

91 441 231 523 convenit
250 434 328 514 quud
348 434 640 533 uobis'praeceptnm
661 453 705 502 est
722 442 810 577 bh*
830 449 884 516 17,
903 448 980 519 tu),
1009 456 1043 504 ut
1060 466 1152 526 qunnt
1167 446 1221 507 fe-

91 525 215 570 ceramus
234 528 426 591 quaecunque
450 528 668 597 praeoptantur
686 536 726 577 no
750 520 789 593 is,
809 519 936 579 dicamus
956 540 1011 581 nos
1029 540 1130 585 servos
1154 541 1221 583 esse

91 582 226 661 inutiles,
256 604 311 647 nec
339 586 405 669 plus
437 589 539 653 fecisse
559 615 645 674 quam
669 593 749 674 quod
775 594 947 657 debuimus?
985 596 1092 657 Dicere
1117 616 1220 659 com

91 658 176 737 Deo,
207 675 331 724 nonest
353 664 489 728 simulare
512 680 563 730 aut
587 671 719 729 mentiri:
749 671 800 731 sed
821 672 900 750 quod
926 685 1085 753 procerte
1110 674 1219 736 babeas

91 740 169 819 apud
188 750 220 799 te
239 741 426 803 constituere.
475 744 562 806 lubet
593 747 690 826 itaque
709 746 854 808 Dominus
879 768 934 809 uos
958 749 1072 810 sincme
1095 750 1219 826 sentire,

91 826 124 875 et
141 815 295 879 uobiscum
316 836 347 876 re
370 830 462 895 utare,
480 822 561 881 nulla
579 821 635 882 sibi
654 836 802 902 praestare
820 825 945 915 gratuita
964 825 1070 902 officia,
1089 827 1142 888 sed
1164 826 1218 886 de-

90 890 166 954 bitas
186 914 290 975 operas
310 839 442 955 reddere.
486 897 525 956 Et
543 899 668 958 merito:
694 901 768 958 servi
790 920 865 958 enam
886 921 982 962 sumus
1002 911 1049 962 tot
1067 902 1219 989 obsequiis

91 966 291 1047 defoenerati,
312 982 386 1051 quot
405 972 526 1056 defungi
546 994 606 1035 non
632 994 800 1052 possumus,
832 977 944 1037 etiamsi
970 997 1072 1039 omnes
1096 992 1219 1040 nostrae

90 1047 284 1129 cogitationes
298 1049 460 1141 'omniaque
478 1050 615 1144 membra·
627 1050 659 1111 in
677 1052 765 1135 Legis
785 1051 881 1113 officia
890 1065 1086 1146 verterentur.
1124 1054 1218 1149 ideo·

90 1126 840 1297 ‘lattllt'‘altlt,l:tft¹ltt⁰ttflttt
857 1142 1090 1298 diligibili}
1105 1130 1219 1267 tlt}

90 1296 187 1413 milti
190 1279 1219 1448 ἒξιῖεξῗιῖἔυὲοἲίξὲῗ1111011111ιῇῗὲωῶ111111ε111181111ι11111υι11ε111ζ

89 1429 172 1491 ram?
208 1434 272 1494 Nec
295 1444 339 1493 est
386 1433 445 1493 uod
477 1435 599 1514 excipiat
627 1434 782 1515 quispiam,
811 1434 884 1493 nibsl
914 1437 1031 1497 obstare
1056 1436 1219 1526 quominus

84 1454 443 1573 ultranccessariaolbria
463 1511 658 1589 prodenteius
677 1511 875 1590 studium,qui
895 1531 910 1572 a
931 1513 1099 1574 necessariis
1118 1512 1219 1593 aliqua

88 1582 119 1643 in
160 1598 223 1646 arte
242 1599 341 1650 cessat.
380 1586 431 1647 Sic
451 1587 528 1647 enim
570 1590 664 1649 enitus
684 1585 849 1647 babendum
869 1587 940 1648 nibil
962 1588 1049 1649 nobis
1067 1587 1113 1649 vel
1135 1588 1219 1670 quod

88 1658 124 1721 ad
175 1662 203 1722 ei
221 1663 346 1740 cultum,
365 1661 410 1725 rel
431 1662 510 1744 quud
530 1611 567 1726 ad
586 1664 771 1725 dilectionem
792 1664 940 1740 conferat,
963 1665 993 1724 in
1014 1676 1145 1725 mentem
1164 1685 1219 1727 re·

87 1736 153 1798 nire
171 1760 267 1819 posse,
286 1742 365 1821 qnod
385 1761 446 1801 non
465 1740 519 1800 sub
532 1743 589 1804 Dei
600 1743 682 1879 Lege
699 1740 972 1821 comprehendatur.
1013 1741 1130 1817 Quodsi
1150 1763 1218 1824 pars

88 1825 133 1875 est
151 1814 251 1898 Legis:
276 1838 314 1879 ne
333 1817 524 1882 voluntariam
549 1819 639 1882 libera
652 1828 751 1879 statem
771 1821 927 1895 iactemua,
952 1819 1003 1880 ubi
1026 1819 1218 1902 astringimur

86 1897 269 1955 necessitate.

163 1976 211 2040 1⁵.
250 1976 348 2052 Atque
369 1973 397 2034 in
418 1975 492 2036 banc
511 1995 573 2035 rem
595 1973 797 2055 intempestive
816 1970 957 2053 allegatur
975 1973 1023 2034 illa
1043 1970 1128 2033 Pauli
1147 1972 1215 2057 glo-

85 2043 183 2125 riallo,
203 2052 281 2130 quod
302 2054 379 2112 inter
391 2052 563 2115 Corinthios
581 2054 645 2113 iure
663 2072 717 2113 suo
737 2062 844 2129 sponte
856 2050 986 2126 cesserit,
1006 2049 1085 2131 quod
1104 2049 1216 2112 licebat

85 2126 210 2201 alioqui,
231 2130 255 2190 si
274 2127 420 2204 ldsuisset,
438 2149 578 2206 usurpare
597 2130 636 2208 (1.
658 2130 729 2191 Cor.
747 2136 777 2200 9,
796 2134 843 2192 15.
862 2130 929 2205 ss.)=
950 2148 1005 2187 nec
1024 2125 1080 2186 illis
1099 2137 1216 2189 tanturn

84 2200 264 2276 impenderit
282 2205 361 2287 quod
382 2226 414 2266 ex
435 2206 533 2267 officio
559 2205 701 2281 debebat,
731 2205 782 2264 sed
835 2206 967 2265 ratrritam
992 2222 1111 2283 operam
1138 2204 1215 2265 ultra

87 2278 177 2341 oflicii
197 2282 284 2342 linem
305 2282 424 2363 largitus
443 2283 489 2342 sit.
533 2283 624 2363 Atqui
643 2282 770 2343 animum
790 2223 941 2343 advertere
961 2278 1160 2341 conveniebat
1176 2280 1213 2343 ad

84 2355 230 2419 rationem
250 2359 308 2420 illic
327 2360 486 2441 signatam,
518 2358 576 2420 boc
600 2359 703 2419 fecisse
723 2377 761 2416 ne
780 2357 900 2418 infirmis
919 2355 1100 2417 offendiculo
1122 2358 1214 2419 foret.

85 2433 286 2496 venditabant
299 2436 374 2495 enirn
394 2455 425 2496 se
444 2436 503 2496 boc
522 2436 710 2515 benignitatis
722 2434 871 2494 lenocinio
886 2433 954 2493 mali
974 2432 1213 2515 fraudulentique

84 2534 104 2575 o
128 2511 228 2586 erarii,
249 2533 308 2593 qao
329 2525 359 2573 et
378 2511 505 2574 favorem
530 2513 649 2574 sonticis
668 2513 725 2573 suis
745 2510 927 2648 dogmatibus
947 2508 1157 2586 conciliarent,
1183 2520 1214 2571 et

84 2534 185 2651 odium
206 2590 375 2650 conflarent
389 2590 567 2671 Evangelio:
587 2600 621 2649 ut
639 2607 758 2650 neeesse
803 2588 869 2648 aulo
890 2586 995 2659 fuerit,
1013 2584 1060 2644 vel
1078 2589 1110 2645 in
1132 2588 1210 2679 peri-

83 2666 182 2729 culum
202 2686 346 2728 arcessere
367 2667 477 2728 Christi
496 2666 675 2739 doctrinam,
704 2666 753 2724 vel
779 2665 919 2725 eiusmodi
946 2661 1054 2722 artibus
1079 2662 1211 2725 obviare.

82 2744 218 2826 Agedum
237 2746 261 2804 si
280 2763 326 2804 res
345 2755 388 2804 est
407 2744 519 2803 bomini
544 2743 711 2805 Christiano
731 2743 841 2816 media,
872 2738 1084 2800 offendiculum
1110 2740 1210 2801 iocur·

83 2843 166 2895 rere,
196 2843 285 2903 quum
305 2820 453 2881 abstinere
472 2820 574 2894 liceat,
605 2816 920 2952 fatcor,0dpostolurn
945 2816 1054 2896 aliquid
1074 2815 1209 2880 Domino

81 2919 320 2982 supererogasse:
339 2898 383 2957 sin
395 2898 454 2960 boc
465 2898 559 2980 ipsum
572 2897 634 2956 iure
652 2896 766 2974 require
777 2906 854 2954 satur
873 2914 889 2952 a
908 2893 1046 2973 prudenti
1056 2892 1211 2975 Evangelii
1231 2902 1235 2907 '

82 2977 291 3057 dispensatore,
312 2973 377 3036 dico
398 2974 500 3035 fecisse
512 2973 590 3053 qnod
608 2971 742 3031 debebat.
772 2969 1028 3047 Deniqucctiamsi
1045 2967 1113 3041 talis
1126 2990 1209 3031 causa

81 3074 145 3115 non
164 3065 300 3134 apparet,
328 3070 429 3109 vertum
449 3062 547 3110 tumen
567 3067 683 3128 semper
701 3058 744 3108 cst
763 3047 834 3106 illud
855 3045 1074 3125 Chrysostomi,
1107 3058 1209 3109 nostra

83 3129 183 3190 omnia
203 3128 324 3190 eandem
343 3125 452 3185 babere
472 3124 670 3186 conditionem
699 3144 764 3182 cum
788 3143 938 3182 servorum
964 3121 1100 3201 peculiis,
1133 3141 1208 3214 quae

81 3205 146 3265 iure
170 3226 223 3265 suo
244 3202 345 3263 deberi
363 3201 494 3261 Domino
520 3212 641 3261 constat.
684 3200 786 3279 Neque
812 3201 839 3258 id
866 3197 1052 3258 dissimulavit
1071 3198 1209 3263 (Ibrrstns

83 3281 114 3338 in
134 3280 286 3359 parabola:
307 3279 470 3358 interrogat
494 3276 585 3349 enim,
605 3297 689 3356 quam
710 3277 831 3357 gratiam
858 3275 983 3334 babituri
1007 3277 1095 3335 simus
1119 3295 1207 3339 serso

82 3354 169 3432 (Luc.
188 3362 235 3431 17,
254 3356 311 3429 9.),
330 3354 380 3414 nbi
400 3366 463 3415 tota
483 3353 529 3413 die
548 3353 627 3412 vario
647 3352 750 3411 labore
770 3352 939 3411 exercitatus
958 3351 994 3409 ad
1015 3372 1069 3411 nos
1087 3354 1208 3433 vesperi

72 3430 213 3492 redierit.
255 3431 347 3512 Atqui
367 3430 430 3489 lieri
453 3441 551 3510 potest
570 3441 602 3489 ut
623 3430 732 3489 maiore
752 3428 893 3488 industria
920 3426 1097 3500 incubuerit,
1119 3450 1206 3509 quatu

56 3570 63 3577 ,
81 3507 143 3569 ausi
163 3507 313 3569 fuissemus
333 3509 456 3587 exigere.
494 3506 581 3565 Esto:
601 3504 671 3565 nibil
691 3518 788 3565 tamen
810 3504 879 3564 lecit
896 3504 973 3583 quod
995 3525 1055 3564 non
1076 3524 1111 3562 ex
1132 3525 1205 3566 con-

80 3583 194 3644 ditione
211 3583 357 3645 servitutis
377 3582 513 3644 deberet:
538 3584 604 3661 quia
625 3603 688 3642 cum
714 3594 776 3641 tnta
796 3602 847 3641 sua
872 3580 1010 3640 facultate
1030 3591 1134 3640 noster
1152 3592 1207 3643 est.

79 3659 179 3721 Taceo
200 3659 298 3739 quales
317 3661 375 3719 sint
385 3659 668 3741 supererogationes,
687 3679 755 3738 quas
774 3658 822 3717 isti
842 3657 1071 3717 venditarelleo
1091 3657 1206 3721 volunt.

78 3736 126 3796 Nu
167 3756 183 3795 e
211 3737 385 3809 enimsunt,
405 3754 532 3816 quasue
554 3754 590 3794 ue
614 3734 676 3813 ipse
701 3756 827 3809 uuquam
847 3732 1012 3824 imperavit,
1033 3752 1131 3813 neque
1149 3755 1204 3817 ep·

99 3833 134 3874 ro
157 3823 202 3887 at,
231 3832 287 3872 nec
312 3832 400 3889 quum
425 3755 572 3871 reddenda
604 3811 660 3870 erit
683 3812 758 3890 apud
784 3831 816 3870 se
841 3822 929 3883 ratm,
959 3822 1090 3899 acceptas
1117 3810 1203 3873 feret.

78 3832 142 3950 llas
159 3890 278 3948 demum
297 3888 509 3965 significatione
529 3887 720 3947 concedemus
741 3906 802 3947 esse
821 3905 959 3964 superero
983 3888 1088 3944 atronis
1100 3906 1203 3967 opera,

78 3974 184 4046 utpute
209 3964 245 4027 de
275 3964 379 4042 quibus
409 3963 484 4043 apud
508 3962 685 4042 Propbetanr
713 3963 820 4023 dictum
845 3974 901 4023 cst:
937 3905 1033 4036 „fluis
1059 3964 1204 4042 quaesivit

76 4038 151 4102 baec
170 4041 207 4101 de
224 4039 358 4101 manibus
377 4038 516 4099 vestris?“
536 4039 606 4116 (les.
625 4044 660 4115 1,
679 4042 741 4115 12.)
789 4039 847 4099 Sed
873 4039 1061 4098 meminerint
1079 4040 1149 4118 quid
1170 4053 1204 4102 et

76 4116 150 4179 alibi
167 4116 282 4177 dicatur
300 4115 336 4176 dc
355 4115 402 4175 iis:
428 4115 555 4190 „Quare
573 4113 735 4194 appenditis
755 4127 906 4197 argentum
926 4126 1066 4189 vestrum,
1086 4125 1117 4175 et
1136 4136 1201 4177 non

75 4192 271 4285 inpartibus?
301 4191 432 4254 laborem
461 4202 588 4253 vestrum
620 4191 780 4265 insumitis,
811 4203 841 4249 et
866 4213 925 4252 non
952 4193 982 4251 in
1007 4192 1202 4254 saturitatel‘*

91 4290 103 4329 r
124 4268 290 4345 rdbb‚2).
327 4269 396 4330 Non
417 4278 460 4330 est
479 4265 595 4346 quidem
615 4266 698 4326 valde
717 4266 896 4327 laboriosum
916 4267 1017 4328 otiosis
1036 4267 1099 4331 istis
1117 4268 1201 4330 Rab-

128 4342 139 4363 ⁰
179 4341 251 4407 baec
276 4344 329 4409 snb
353 4343 456 4407 umbra
479 4343 510 4403 in
534 4340 670 4406 mollibus
695 4342 838 4406 cathedris
868 4342 1025 4423 disputare:
1058 4356 1089 4407 at
1108 4364 1202 4427 quurn
