2700 4732
460 200 651 269 amur.
689 176 852 281 mm
987 196 995 214 ’
1190 206 1251 275 an

110 347 224 442 alioqui
251 346 417 423 Henricos,
448 355 573 428 propter
600 347 825 410 insolentiorsm
854 344 1076 410 administrandi
1101 347 1250 424 rationem

106 425 262 507 plerisque
279 423 452 504 Principum
471 442 599 499 exosus⁴
629 424 764 484 Tandem
783 422 1018 500 Hildebrsndos,
1043 423 1094 506 qui
1118 444 1150 488 sc
1170 422 1252 486 Gre-

109 503 232 586 gorium
262 501 418 581 septimum
448 499 588 576 vocabat,
618 513 653 562 ut
683 512 747 561 erat
774 501 864 561 bomo
894 500 1024 583 impurus
1048 513 1079 561 et
1109 521 1249 592 nepsam,

110 576 207 639 animi
225 577 269 638 sui
289 576 427 637 malitiam
449 577 595 656 prodidit:
617 597 693 657 quae
713 598 799 639 causa
818 577 875 637 luit
893 589 926 637 ut
946 597 962 639 a
982 577 1091 653 multis,
1110 600 1161 658 qus
1181 601 1249 639 curn

112 673 154 715 eo
175 654 432 734 conspiraverant,
464 653 682 714 destitueretur.
722 654 789 715 Hoc
809 666 908 714 tamen
928 654 1056 734 proiecit
1076 665 1109 714 ut
1128 654 1250 735 impune

109 728 452 813 liceretlsuceessoribus
472 749 534 790 non
557 731 649 791 modo
674 731 773 813 iugum
799 741 949 804 excutere,
979 730 1030 792 sed
1056 731 1249 823 imperatores

106 826 236 888 ‚epuoque
255 806 399 867 obnoxios
417 805 475 866 sibi
495 806 602 867 lacere.
640 806 706 868 Huc
726 807 848 868 accessit
867 807 946 887 quod
968 808 1051 883 multi
1064 807 1170 867 dernde
1183 806 1250 868 lue-

110 895 187 944 runt
204 883 401 963 Imperatores
421 882 552 944 Henrico
572 882 725 944 similiores
745 905 830 963 quam
850 878 1074 946 lulio-Caesari:
1094 882 1249 965 quossub·

110 962 124 1021 i
147 979 197 1020 ere
217 980 277 1019 oon
300 958 355 1018 luit
375 957 504 1032 difficile,
524 981 614 1039 quum
635 960 715 1021 domi
734 981 830 1020 rerum
852 961 982 1035 omnium
994 961 1089 1021 securi
1106 972 1136 1021 et
1148 960 1250 1053 ignari

136 1036 298 1107 esiderent,
327 1035 378 1096 ubi
408 1039 530 1095 manime
555 1057 629 1116 opus
649 1049 712 1097 erat
730 1035 908 1098 Pontificum
929 1036 1118 1117 cupiditatem
1138 1049 1250 1098 virtute

110 1125 147 1175 et
176 1111 313 1206 legitimis
337 1112 433 1172 modis
457 1113 626 1193 reprimere.
664 1112 805 1174 Videmus
830 1133 889 1192 quo
915 1113 1017 1175 colore
1045 1126 1192 1194 praetexta
1211 1114 1250 1176 sit

110 1210 232 1271 egregia
253 1188 301 1247 illa
321 1187 444 1248 donatio
466 1188 674 1266 Constantini,
692 1211 749 1271 qua
775 1189 930 1270 imperium
951 1188 1144 1253 Occidentalc
1168 1190 1250 1272 Papa

107 1267 252 1329 inditum
272 1264 328 1326 sibi
348 1265 441 1347 fingit.
1197 1306 1200 1313 ·

191 1349 238 1408 14.
278 1341 397 1402 Interea
416 1341 557 1422 temporis
577 1362 639 1403 non
659 1353 809 1405 cessarunt
827 1342 1004 1419 Pontifices,
1036 1365 1113 1405 nunc
1134 1342 1249 1422 lraude,

110 1441 195 1481 nunc
215 1419 347 1500 perfidia,
375 1441 454 1480 nunc
479 1418 582 1489 armis,
613 1419 645 1479 in
675 1419 785 1481 alienas
814 1419 940 1480 ditiones
964 1420 1114 1481 invadere:
1144 1420 1249 1491 urbem

112 1517 236 1576 quoque
256 1497 359 1576 ipsam,
391 1516 466 1575 quoe
485 1508 558 1555 tunc
575 1495 667 1556 libera
683 1506 766 1569 erat,
791 1508 860 1557 ante
879 1516 972 1559 annos
992 1510 1112 1558 eentum
1131 1497 1250 1560 circiter

113 1585 147 1633 et
166 1572 285 1655 triginta
305 1571 336 1631 in
357 1584 532 1651 potestatem
552 1592 633 1632 suam
653 1573 847 1654 redegerunt:
880 1572 975 1635 donec
999 1573 1030 1633 in
1055 1595 1118 1634 eam
1139 1586 1249 1654 poten·

112 1650 187 1710 tiam
208 1660 352 1709 venerunt
371 1670 455 1727 quam
476 1647 564 1708 bodie
584 1648 739 1723 obtinent,
760 1659 790 1707 et
809 1670 864 1730 pro
887 1670 943 1728 qna
964 1647 1009 1709 vel
1029 1649 1182 1711 retinenda
1203 1649 1249 1711 vel
1329 1647 1333 1656 ’

112 1725 250 1808 augenda
270 1724 469 1785 Christianum
490 1724 592 1784 orbem
618 1725 659 1785 ita
690 1725 823 1786 ducentis
852 1726 936 1785 annis
964 1730 1141 1805 (coeperant
1169 1727 1249 1787 enirn

112 1815 269 1883 antequam
289 1801 345 1861 sibi
366 1814 504 1882 raperent
523 1801 604 1862 urbis
624 1800 822 1876 dominatum)
849 1801 1007 1862 turbarunt
1030 1816 1064 1863 ut
1087 1823 1249 1883 propemo-

113 1880 185 1940 dum
205 1877 397 1959 perdideriot.
437 1877 515 1937 Olim
537 1899 626 1956 quum
650 1877 703 1958 qob
725 1877 876 1971 Gregorio
901 1877 1048 1939 bonorum
1075 1879 1250 1942 ecclesiasti-

114 1976 220 2017 corum
240 1954 375 2015 custodes
396 1976 512 2014 manum
532 1954 689 2015 iniicereot
708 1957 849 2036 praediis,
873 1974 948 2035 quae
972 1954 1133 2017 censebant
1153 1956 1249 2019 eccle-

114 2033 177 2094 siae
208 2051 287 2103 esse,
317 2051 351 2091 ac
383 2030 473 2090 fiscali
503 2051 585 2090 more
614 2030 716 2092 titulos
747 2031 951 2112 imprimerent
979 2032 1008 2092 in
1038 2034 1153 2116 signum
1184 2033 1249 2094 vin-

114 2107 285 2180 dicationis,
316 2105 481 2189 Gregorius
511 2119 614 2168 coacto
646 2109 852 2189 episcoporum
883 2108 1029 2184 concilio,
1060 2111 1187 2193 graviter
1216 2109 1249 2171 in

112 2205 228 2246 morem
249 2183 329 2243 illurn
350 2183 507 2262 profanum
527 2184 675 2260 invectus,
705 2186 822 2267 rogavit
851 2205 951 2245 annon
981 2206 1035 2265 pro
1066 2186 1250 2249 anathemate

105 2261 260 2344 ,baberent
277 2260 432 2336 clericum,
457 2260 508 2340 qui
527 2283 578 2321 sua
597 2273 704 2340 sponte
724 2260 914 2354 inscriptione
935 2260 1013 2322 tituli
1033 2263 1247 2354 possessionem

113 2338 241 2417 aliquam
264 2357 411 2416 occupare
441 2349 585 2398 tentaret:
618 2337 750 2398 similiter
774 2359 960 2420 episcopum,
991 2360 1043 2475 gur
1067 2340 1096 2399 id
1114 2339 1162 2401 *vel
1181 2340 1248 2402 fieri

112 2415 308 2496 praeciperet,
328 2414 374 2473 vel
395 2434 448 2474 suo
468 2414 577 2473 iniussu
599 2414 706 2473 lactum
727 2415 951 2495 nonplecteret.
1023 2438 1103 2477 mnes
1115 2438 1249 2497 pronun·

112 2495 236 2566 tiarunt,
256 2489 428 2549 Anatbcma.
479 2489 512 2549 Si
533 2489 608 2550 tituli
629 2490 820 2571 inscriptione
842 2488 963 2552 fundum
984 2492 1147 2569 vindicare,
1175 2489 1268 2555 laei-‘

113 2590 170 2629 nus
195 2580 239 2627 est
262 2567 445 2625 anathemate
465 2567 493 2625 di
517 2589 584 2625 num
606 2568 635 2625 in
658 2566 791 2629 Clerico:
818 2568 869 2628 ubi
889 2581 969 2629 totos
992 2570 1134 2630 ducentos
1154 2591 1248 2632 annos

112 2644 189 2707 nibil
207 2643 285 2704 atiud
306 2643 483 2702 meditantur
495 2586 662 2703 {ontifices
682 2665 768 2723 quarn
789 2645 911 2737 praelia,
942 2647 1091 2726 sanguinis
1125 2646 1248 2709 effusio-

112 2744 194 2796 nem,
214 2721 389 2780 exercituum
401 2719 546 2793 interitus,
565 2720 680 2780 urbium
692 2721 883 2799 direptiones,
901 2721 1021 2780 aliarum
1033 2723 1153 2796 excidia,
1173 2742 1248 2815 geo·

113 2802 189 2860 tium
209 2797 313 2869 clades,
331 2798 508 2855 vastationes
528 2818 558 2854 re
582 2818 698 2870 norum,
717 2797 920 2856 tantummodo
943 2810 975 2856 ut
994 2798 1093 2858 alicnis
1111 2800 1248 2862 dominiis

115 2894 233 2935 rnanurn
254 2872 396 2932 inliciant:
417 2892 490 2951 quae
511 2816 616 2932 talibus
637 2873 774 2952 exemplis
795 2873 949 2951 puniendis
969 2874 1104 2933 sulficere
1124 2889 1248 2955 possunt

114 2948 316 3013 anathemata?
356 2949 447 3010 Certe
478 2948 550 3007 nibil
575 2970 625 3008 eos
646 2948 740 3008 minus
760 2969 900 3028 quaerere
920 2969 1006 3030 quam
1040 2950 1150 3011 Christi
1180 2954 1247 3033 glo-

112 3030 198 3100 riam,
217 3029 335 3086 minime
348 3024 503 3084 obscurum
525 3036 577 3084 est.
616 3025 690 3084 Nam
710 3025 733 3085 si
754 3026 782 3085 in
804 3027 968 3085 universnm
989 3025 1248 3104 quicquidbabent

112 3104 267 3167 saecularis
289 3104 440 3182 potestatis
459 3113 564 3179 sponte
584 3102 751 3182 resignent,
782 3101 893 3163 nullum
914 3102 1028 3184 gloriae
1047 3103 1114 3178 Dei,
1131 3105 1247 3168 ,nullum

112 3201 200 3243 sanae
221 3178 388 3251 doctrinae,
419 3177 530 3236 nullum
562 3177 772 3238 ecclesiasticae
797 3177 895 3239 salutis
921 3179 1081 3259 pericnlum
1109 3185 1246 3243 vertitur:

107 3259 165 3320 ‘sed
186 3279 242 3317 una
264 3254 432 3315 dominandi
448 3254 605 3334 cupiditate
626 3256 708 3315 coeci
720 3276 753 3315 ac
764 3256 939 3337 praecipites
951 3256 1098 3316 feruntur:
1120 3261 1184 3338 quia
1200 3260 1246 3320 ni·

112 3335 156 3393 bil
175 3333 281 3392 salvum
296 3353 356 3392 esse
376 3342 490 3410 putant,
511 3331 565 3389 nisi
584 3354 670 3404 „cum
691 3334 860 3393 austeritate
881 3345 911 3394 et
930 3354 995 3394 cum
1010 3337 1141 3414 potentia
1154 3338 1247 3417 impe·

112 3413 213 3483 rent,“
234 3419 266 3467 ut
286 3408 434 3487 Propheta
454 3409 495 3466 ait
513 3406 636 3483 (Ezecb.
655 3414 704 3481 34,
722 3410 775 3485 4.).

190 3486 246 3547 15.’
276 3483 473 3544 iurisdictioni
493 3504 603 3542 annexa
616 3496 659 3544 est
678 3485 850 3560 immunitas,
871 3506 957 3565 quarn
977 3485 1033 3546 sibi
1045 3501 1163 3548 sumunt
1174 3490 1246 3550 Cle·

113 3561 167 3622 rici
186 3560 396 3619 Romanenses.
447 3561 520 3619 Rern
542 3558 620 3618 enim
645 3560 794 3641 indignam
827 3583 888 3623 esse
909 3574 1028 3643 putant,
1059 3567 1082 3624 si
1102 3566 1131 3624 in
1154 3566 1246 3627 causis

113 3635 318 3717 personalibus
339 3657 437 3695 coram
458 3636 535 3696 civili
565 3636 660 3695 iudice
689 3657 735 3695 res
758 3638 905 3699 ondeaot:
933 3650 1021 3719 atque
1050 3640 1080 3699 in
1109 3661 1146 3700 eo
1166 3641 1247 3721 posi-

113 3726 267 3772 tam-esse
297 3711 474 3772 arbitrantur
494 3711 633 3772 ecclesiae
653 3724 714 3772 turn
736 3659 901 3775 libertatem
922 3728 982 3775 tum
1004 3717 1192 3798 dignitatem,
1222 3718 1247 3779 si

112 3788 317 3850 communibus
339 3788 451 3847 iudiciis
471 3809 505 3849 ae
525 3788 639 3868 legibus
660 3789 829 3849 eximantur.
868 3787 958 3872 Atqui
978 3805 1120 3856 veterese
1143 3794 1246 3876 iscopi,

112 3866 164 3946 qui
183 3866 250 3925 alias
272 3867 299 3922 in
321 3865 476 3924 asserendo
498 3864 635 3925 ecclesiae
655 3864 717 3925 iure
738 3867 903 3949 rigidissimi
924 3882 1016 3943 erant,
1038 3870 1108 3930 nibil
1123 3816 1201 3930 laedi
1214 3892 1246 3932 se

110 3965 145 4002 ac
165 3964 248 4001 suurn
270 3941 402 3999 ordinem
424 3941 597 4015 iudicarunt,
615 3940 639 4001 si
659 3942 885 4003 subiicerentur.
913 3945 957 4005 Pii
979 3967 1097 4026 quoque
1117 3947 1247 4027 Impera·

111 4032 204 4094 tores,
227 4015 309 4077 nullo
330 4016 519 4092 reclamante,
539 4020 574 4078 ad
594 4040 644 4079 sua
664 4018 830 4093 tribunalia,
851 4023 968 4101 quotics
988 4042 1062 4102 opus
1082 4034 1155 4098 erat,
1177 4023 1247 4085 Cte'·

112 4095 190 4153 ricos
221 4113 336 4173 semper
370 4108 522 4161 vocarunt
572 4094 623 4154 Sic
652 4097 730 4173 enirn
762 4095 894 4175 loquitur
921 4098 1194 4160 Constantinus
1213 4100 1245 4159 in

113 4171 235 4249 epistola
256 4174 291 4230 ad
312 4171 540 4230 Nicomedenses
561 4171 808 4252 [ctThcodoret.
830 4172 880 4232 lib.
900 4182 927 4238 1.
948 4196 973 4235 e.
993 4175 1066 4252 204:
1105 4176 1247 4256 „Siquis

113 4248 342 4327 „episcoporum
372 4246 538 4307 inconsulte
564 4249 753 4309 tumultuatus
772 4249 827 4324 sit,
856 4251 982 4312 ministri
1002 4250 1077 4322 Dei,
1109 4252 1167 4311 boc
1192 4263 1247 4327 est,

111 4342 199 4402 „mea
219 4326 445 4405 exsequutione,
471 4324 548 4385 illius
567 4325 685 4386 audacia
709 4325 925 4389 coercebitur.“
962 4326 1002 4390 Et
1021 4326 1246 4389 Valentinianus
