2596 4726
108 208 168 272 aar
494 138 646 259 miv.
685 196 849 261 can-rr.

114 350 217 425 Quum
237 354 335 405 autem
353 360 480 423 aequum
499 342 536 402 ait
556 353 587 402 et
605 342 728 403 Domini
748 320 836 404 etiam
856 338 939 425 laege
962 338 1126 419 sancitum,
1149 350 1184 401 ut
1200 340 1246 421 qui

112 444 194 487 suam
220 421 359 482 ecclesiae
390 439 511 510 operam
542 419 732 501 impendunt,
761 418 885 555 publicis
915 416 1066 511 ecelesiae·
1092 418 1247 511 sumptibus

113 501 244 574 alantur,
277 508 307 557 et
338 495 535 587 nonnullrneo
561 496 679 557 saeculo
699 516 765 589 pres
787 508 874 575 yters,
894 506 1167 587 patprmouususurs
1186 494 1245 586 ileo

115 575 315 666 consecratis,
333 573 493 665 vpluntacu
518 593 660 710 pauperes
681 573 749 633 lacti
770 584 881 633 essent:
904 570 968 631 talus
989 583 1053 631 erat
1076 571 1246 707 ppszrpppltpp,

116 649 538 792 biaribbiatiiiniigr'indibibibirbt
550 661 830 863 rie!”clareiiiii'tritippsi:¹
834 668 1084 807 pppieprpgoppsspffi
1093 668 1246 805 biemplum

117 807 186 867 dare
207 803 401 873 aliisdebent,
421 813 531 862 tanturn
553 802 697 863 baberent
714 824 755 893 pn
779 822 795 894 e
815 801 851 859 nl
872 800 968 893 luxpm
989 812 1040 859 aut
1059 800 1181 891 delicias
1203 798 1247 891 ab·

115 876 1249 1052 ztttttbttlrl‘titillatattttttjtttt‘ttl,stitit:

118 1030 1130 1201 :ttllll,t'tbltnftdtttl”latltltt't‘b‘L'tt'tt‘lttt
1155 1040 1187 1091 ‘²
1203 1048 1250 1111 μ’

119 1194 227 1357 „nt
246 1182 1251 1399 at:r:::::,.¹t::rpp:spargepraetensa

118 1354 442 1429 vitaeque-innocense
462 1360 522 1431 pro·
550 1361 596 1422 egr
616 1361 652 1432 ps
690 1359 765 1399 ore.
840 1356 887 1395 ern
910 1356 927 1395 e
952 1358 1042 1431 quum
1070 1356 1106 1395 ex
1125 1356 1253 1417 quorun·

59 1510 62 1523 =
119 1416 191 1555 iiii
205 1412 1254 1583 {bittittldtt'tlltt''attat'‘,¹3:²¹:tttttl‘ttlltt

120 1582 248 1650 quatuor
266 1579 364 1661 partes
385 1567 558 1663 divise-runt,
579 1592 707 1663 qparuna·
722 1588 809 1629 unam
831 1566 1255 1703 assignaruptflerictipttaelctteip

120 1642 1161 1857 {tbttss't‘tltttillettitt?'llll'ssl'rgttln‘t'tettn
1186 1718 1254 1811 aaa

122 1801 203 1879 quod
225 1800 298 1858 banc
317 1810 495 1877 postremam
517 1802 615 1882 episco
638 1822 656 1862 o
681 1800 846 1861 attribuunt
871 1796 919 1857 aii
939 1796 1096 1888 Canones,
1127 1796 1158 1889 id
1188 1792 1255 1856 nibil

122 1877 213 1935 variat
232 1874 268 1935 ab
289 1896 322 1934 ea
343 1896 428 1953 quam
450 1876 506 1951 dixi
527 1878 695 1959 partitione.
736 1878 841 1957 Neque
853 1876 930 1935 enim
951 1892 1105 1952 propriam
1116 1892 1179 1933 erus
1198 1890 1255 1932 esse

122 1953 236 2021 volunt,
257 1964 289 2011 ut
301 1950 346 2010 vel
366 1950 445 2011 solus
464 1954 527 2034 ipse
546 1956 719 2037 ingurgitet,
738 1952 782 2013 vel
796 1974 856 2033 quo
876 1948 997 2009 libuerit
1011 1948 1192 2083 pro[undat,
1209 1946 1254 2009 sed

123 2040 157 2088 ut
176 2027 377 2108 hospitalitati,
398 2050 484 2107 qtrarn
504 2030 540 2090 ab
562 2032 667 2091 ordine
686 2030 738 2091 illo
758 2030 866 2089 Paulus
887 2026 976 2106 exigit
993 2030 1034 2123 ς.
1054 2025 1136 2085 Tum.
1155 2030 1188 2101 3,
1204 2024 1253 2103 2.),

124 2105 258 2165 sufficiat.
304 2104 404 2181 Atque
430 2108 468 2166 ita
495 2110 726 2187 interpretantur
746 2105 897 2175 Gelasius,
932 2116 961 2179 et
986 2103 1171 2183 (negocium
1200 2120 1254 2161 non

124 2183 202 2241 eninr
223 2180 307 2241 aliam
326 2184 470 2242 rationem
491 2184 609 2244 adducit
621 2182 766 2258 Gelasiur,
785 2204 838 2244 eur
856 2181 911 2243 sibi
932 2179 1086 2261 quicquam
1107 2180 1254 2259 episcopus

125 2259 270 2333 vindicet,
303 2256 357 2316 nisi
384 2270 417 2317 ut
442 2260 560 2341 captivis
587 2275 617 2321 et
641 2260 805 2398 pereprinis
830 2258 929 2353 largiri
949 2268 1045 2335 queat
1098 2254 1138 2315 Et
1158 2256 1253 2317 elarius

123 2334 283 2395 etiamnum
302 2332 670 2419 loquiturGregucius:
691 2382 710 2413 „
728 2342 778 2398 los
799 2349 843 2417 eet
857 2335 986 2471 ¹pnquit)
1005 2331 1199 2427 Apostolicae
1214 2350 1253 2393 se·

123 2412 199 2489 „dis,
219 2411 357 2470 ordinato
375 2414 516 2494 episcopo
537 2426 692 2495 praecepta
706 2416 784 2489 dare,
804 2425 838 2471 ut
877 2432 893 2470 e
913 2411 993 2485 pmni
1011 2410 1163 2491 stipendio
1182 2406 1252 2491 quod

125 2532 144 2565 ‚,
168 2488 283 2546 rorenit
303 2499 428 2567 quatuor
449 2492 520 2550 bant
540 2489 707 2569 portiones:
729 2512 787 2550 una
807 2489 944 2551 videlicet
963 2489 1105 2569 episcopo
1127 2500 1159 2547 et
1179 2484 1251 2547 sarni-

126 2512 201 2639 „iiae
215 2566 287 2637 eius,
308 2578 430 2657 propter
450 2568 677 2647 hospitalitatem
699 2581 786 2647 atque
807 2566 1036 2645 susceptionem:
1058 2565 1250 2625 alteracleco:

126 2640 231 2720 „tertia
253 2642 445 2721 pauperibus:
470 2656 570 2725 quarta
592 2645 758 2721 reparandis
781 2645 940 2705 ecclesiis.“
989 2643 1069 2701 Nihil
1097 2662 1172 2725 ergo
1197 2644 1250 2723 epi·

123 2739 215 2799 scopo
237 2719 370 2779 insnum
391 2744 473 2782 usurn
495 2742 600 2797 capere
620 2720 711 2795 licuit,
731 2722 785 2801 nisi
801 2722 879 2802 quod
901 2719 935 2779 ad
956 2719 1141 2778 moderatum
1162 2718 1250 2803 fruga-

126 2796 243 2875 lemque
266 2796 375 2856 victum
403 2820 436 2858 ae
463 2799 598 2860 restitum
624 2799 691 2857 satis
717 2811 800 2857 esset.
853 2795 968 2871 Quodsi
988 2797 1051 2873 quis
1083 2796 1249 2857 insolescere

125 2876 288 2952 coepisset,
317 2874 363 2933 vel
383 2873 467 2952 luxu,
498 2875 543 2934 vel
566 2876 765 2935 ostentatione
786 2897 817 2934 ac
838 2895 960 2953 pompa,
984 2872 1083 2933 statim
1104 2895 1119 2934 a
1140 2872 1248 2957 collegis

122 2950 351 3030 reprimebatur:
373 2952 426 3011 nisi
447 2954 600 3030 paruisset,
619 2950 734 3010 bonore
754 2951 950 3010 abdicabatur.
1176 2962 1181 2969 “

200 3034 228 3091 8.
268 3026 364 3086 Porro
386 3030 464 3108 quod
490 3028 519 3086 in
546 3039 681 3086 ornatum
707 3050 856 3087 sacrorum
885 3025 1095 3098 conferebant,
1121 3046 1246 3109 perquam

126 3103 259 3183 exiguum
280 3105 374 3181 primo
397 3117 471 3163 erat:
492 3104 598 3161 deinde
611 3126 699 3181 quum
720 3105 807 3182 pacilo
829 3105 918 3164 ditior
938 3103 1058 3163 ecclesia
1079 3103 1156 3165 sacta
1177 3114 1248 3177 esset,

125 3191 279 3238 servarunt
299 3191 395 3238 tamcn
419 3201 451 3239 ea
472 3181 502 3238 in
524 3200 555 3237 re
575 3180 816 3241 mediocritatem.
862 3182 902 3241 Et
926 3194 1023 3241 tamen
1045 3180 1186 3261 quicquid
1204 3199 1247 3273 pe·

125 3255 228 3314 cuniae
249 3254 308 3314 illic
329 3256 539 3326 collocabatur,
558 3255 669 3315 salvum
691 3258 865 3337 pauperibus
886 3257 1033 3327 manebat,
1052 3258 1147 3338 siqua
1168 3275 1248 3317 maror

124 3330 282 3390 necessitas
315 3332 470 3393 incidisset.
519 3334 564 3392 Ita
591 3332 718 3399 Cvrillus
749 3356 836 3411 quum
870 3333 958 3393 sames
983 3334 1248 3401 llicrosolvmomm

123 3406 306 3487 prouinciam
327 3422 506 3490 occupasset,
526 3429 581 3469 nec
601 3401 700 3500 p'osset
719 3410 803 3469 aliter
822 3411 939 3490 inopiae
958 3404 1209 3485 subveniri,'rasa
1226 3419 1248 3467 et

123 3492 219 3563 vestes
239 3483 384 3557 distraxit,
415 3508 449 3545 ac
474 3487 627 3565 insumpsit
651 3490 679 3545 in
703 3509 861 3567 pauperum
889 3487 1064 3545 alimoniam.
1118 3486 1250 3547 Similiter

123 3560 243 3619 bcatius
263 3560 385 3620 Amidae
406 3564 558 3641 episcopus
578 3564 631 3640 (cf.
652 3562 765 3643 tripart.
786 3562 852 3621 bist.
875 3562 925 3621 lib.
938 3570 1006 3627 5.et
1027 3562 1077 3621 lib.
1091 3572 1137 3629 11.
1150 3588 1175 3624 c.
1190 3564 1250 3638 1e),

124 3650 213 3715 quum
233 3658 338 3718 magna
353 3638 506 3717 Persarum
519 3639 675 3699 multitudo
698 3641 773 3698 lame
794 3640 1008 3720 propemodum
1022 3639 1167 3713 interiret,
1187 3660 1250 3701 con·

122 3710 232 3791 vocatis
253 3714 376 3787 clericis,
396 3726 425 3774 et
445 3702 541 3773 habita
561 3717 707 3796 praeclara
729 3716 774 3776 illa
796 3716 945 3777 oratione:
966 3717 1069 3790 „Deus
1089 3731 1189 3777 noster
1208 3734 1250 3775 ne·

124 3806 181 3867 quse
200 3788 287 3849 ‘discis
309 3809 405 3869 neque
425 3790 562 3851 calicibus
584 3816 657 3871 opus
677 3792 781 3863 babet,
808 3794 875 3872 quia
896 3814 993 3869 :respue
1013 3794 1142 3853 comedit
1164 3808 1249 3873 neque

122 3864 228 3937 bibit,“
249 3876 314 3925 vasa
327 3868 463 3926 conllavit
476 3868 553 3927 unde
567 3870 677 3929 miseris
691 3880 720 3926 et
735 3870 830 3929 cilium
853 3883 881 3929 et
902 3872 1000 3928 cedem
1026 3869 1114 3929 tionis
1134 3870 1249 3951 pretium

124 3939 293 4025 conficeret,
340 3942 538 4025 Hieronymus
566 3946 683 4025 quaeque
709 3945 759 4019 (ad
782 3946 972 4025 Nepotian.),
999 3893 1066 4003 cium
1088 3948 1117 4004 in
1140 3946 1249 4004 nimium

122 4016 300 4096 templorum
320 4010 510 4095 splendorein
535 4010 844 4091 invelritur,'honoris'
860 4032 943 4082 causa
966 4024 1156 4100 Exsupcrium
1176 4022 1250 4080 tto-

121 4092 200 4154 losae
220 4094 391 4173 episcopum
411 4099 454 4157 sui
476 4100 618 4178 temporis
637 4098 739 4172 refert,
760 4102 809 4178 qui
831 4121 938 4179 corpus
950 4099 1071 4159 Domini
1090 4100 1119 4157 in
1134 4098 1249 4157 canistro

120 4170 248 4229 vimineo
269 4172 420 4248 portabat,
449 4186 479 4234 et
506 4176 679 4258 sanguinem
704 4178 734 4234 in
756 4178 849 4239 vitro:
875 4177 987 4235 nullutn
1008 4197 1078 4236 vero
1101 4192 1249 4256 pauperem

120 4248 231 4306 esurire
248 4248 424 4326 patiebatur.
463 4251 498 4310 ld
541 4251 599 4311 uod
624 4270 719 4329 nuper
744 4254 906 4313 delicatio
931 4253 1004 4328 dixi,
1036 4252 1250 4313 Ambrosius

119 4321 156 4381 de
174 4343 206 4383 ae
225 4324 289 4403 ipso
310 4327 412 4391 recitat
430 4327 483 4407 (de
503 4274 583 4390 obis.
604 4327 692 4393 lib-2.
714 4352 738 4390 c.
756 4332 836 4409 28.):
857 4351 925 4391 narn
946 4351 1035 4412 quum
1055 4328 1136 4390 illum
1156 4346 1249 4412 grava·
