2700 4732
491 183 568 243 LlB.
588 184 643 244 lv.
682 182 772 246 CAR.
790 180 877 246 xm.
984 210 987 217 ·
1202 189 1263 252 343

117 325 187 400 bet,
212 346 319 387 novam
338 327 438 387 nescio
458 346 546 408 quam
564 326 778 410 imaginantur,
802 327 884 391 cuius
906 327 1100 392 meditatione
1118 329 1177 391 slnt
1195 327 1258 392 eliis

116 402 256 464 omnibus
276 403 478 480 perfectiores.

192 486 239 543 ll.
279 482 347 539 lloc
367 481 390 539 si
411 494 535 562 negant,
566 483 642 543 scire
673 482 710 543 ab
742 482 801 543 illis
827 482 913 542 velim
938 503 992 543 cur
1009 482 1148 542 ordinem
1169 503 1254 543 suum

114 556 307 634 perfectionis
327 555 414 616 titulo
434 579 524 617 unum
546 559 714 639 dignentur,
734 572 765 619 et
783 559 909 619 eundem
931 559 1069 620 omnibus
1083 559 1143 618 Dei
1161 578 1255 620 voea-

113 631 246 697 tionibus
266 633 393 692 adimant
404 633 448 708 lt).
487 635 593 713 Neque
618 655 665 696 me
691 636 764 696 latet
787 634 837 695 illa
855 634 1013 715 sophistica
1032 635 1159 709 solutio,
1190 656 1253 695 nou

113 709 184 769 ideo
203 708 244 769 sic
255 710 367 781 vocari,
387 711 454 788 quia
474 711 688 789 perfectionem
708 712 739 772 in
758 732 790 773 se
806 712 970 788 contineat,
989 712 1042 772 sed
1061 712 1126 792 quia
1146 712 1183 770 ad
1202 732 1252 772 ac-

114 786 287 865 quirendam
308 785 522 865 perfectionem
542 789 579 848 sit
599 789 879 880 ouminmoptimus.
918 788 1071 864 Quumse
1091 788 1167 867 apud
1187 788 1252 868 ple-

114 862 182 923 bem
208 863 371 935 vindicare,
403 884 492 942 quum
523 863 644 925 rudibus
674 886 708 926 ac
732 865 840 946 :guaris
865 863 1090 926 adolescentulis
1114 866 1251 944 laqueum

112 939 254 1014 iniicere,
276 961 365 1018 quum
386 939 605 1021 privilegiasse
626 961 771 1013 asserere,
791 962 880 1020 quum
899 943 930 1000 in
951 941 1075 1002 aliorum
1096 953 1251 1002 contume-

113 1015 197 1086 liam,
231 1036 312 1074 suam
338 1016 510 1094 dignitatem
538 1016 679 1078 extollere
704 1018 825 1092 volunt,
855 1017 966 1078 iactant
984 1036 1016 1078 se
1036 1037 1098 1078 esse
1122 1018 1153 1077 in
1172 1029 1251 1079 statu

112 1092 314 1172 perfectiouis.
354 1093 454 1167 Quum
474 1095 595 1228 propius
615 1106 758 1175 urgentur
776 1115 865 1230 quam
884 1106 917 1154 ot
935 1095 1053 1154 inanem
1073 1094 1148 1154 hanc
1166 1113 1251 1154 arro·

113 1169 243 1251 gantiam
264 1168 340 1226 tucri
359 1181 484 1248 queant,
509 1191 524 1229 a
571 1171 657 1229 istum
682 1171 788 1231 cunicu
801 1192 850 1230 um
869 1170 1045 1254 suffugiunt,
1064 1190 1097 1231 se
1116 1170 1250 1231 nondum

112 1243 328 1324 perfectionem
340 1263 402 1304 esse
416 1258 624 1324 consequutus,
644 1247 676 1306 in
696 1266 732 1307 eo
752 1257 851 1305 tamen
864 1258 941 1306 statu
953 1266 1016 1308 esse
1027 1268 1087 1338 quo
1100 1247 1249 1327 adipsum

112 1340 184 1399 prae
204 1319 266 1379 aliis
286 1321 424 1399 aspirant.
474 1322 599 1382 Interim
619 1335 719 1382 manet
742 1321 792 1382 illa
811 1323 842 1381 in
862 1322 949 1402 plebe
969 1322 1139 1398 admiratio,
1168 1323 1249 1402 quasi

112 1396 175 1457 sola
195 1397 253 1456 vita
274 1398 434 1457 monastica
453 1398 491 1457 sit
510 1399 657 1480 angelica,
676 1396 823 1490 perfecta,
843 1410 874 1458 et
893 1399 929 1479 ab
950 1399 1031 1460 omni
1050 1399 1122 1463 vitio
1142 1419 1249 1479 repur-

111 1484 187 1554 gata.
226 1473 293 1533 lloc
312 1484 463 1552 praetextu
483 1477 748 1554 quaestuosissimas
772 1475 918 1535 nundinas
942 1488 1093 1536 exercent:
1125 1475 1175 1536 illa
1194 1495 1249 1535 au·

110 1563 173 1608 tem
192 1547 358 1609 mo'deratio
379 1551 408 1608 in
429 1553 528 1628 paucis
547 1550 629 1612 libris
652 1552 766 1629 sepulta
791 1563 899 1611 manet.
944 1552 1033 1613 lianc
1050 1571 1113 1612 esse
1138 1551 1248 1612 intole-

111 1625 229 1689 randam
251 1625 476 1686 ludificationem
510 1629 554 1688 uis
575 1649 634 1688 nou
655 1628 753 1688 videt?
784 1628 844 1688 Sed
864 1627 989 1707 perinde
1003 1649 1069 1689 cum
1089 1629 1157 1708 ipsis
1177 1649 1248 1712 aga-

112 1723 187 1777 mus,
207 1702 264 1776 acsi
284 1702 356 1761 nihil
376 1702 440 1782 plus
461 1650 625 1764 trilsuerent
643 1725 714 1765 suae
728 1704 906 1784 professioni
926 1724 1013 1783 quam
1032 1704 1167 1766 vocando
1187 1716 1248 1765 sta·
1315 1783 1317 1788 Ι

111 1789 174 1836 tum
196 1779 400 1858 adipiscendae
426 1781 625 1858 perfectiouis.
674 1782 753 1841 Sane
784 1781 841 1842 boc
867 1780 911 1840 illi
934 1800 1044 1841 numen
1069 1780 1245 1857 deferendo,

109 1866 248 1934 tanquam
268 1856 385 1935 speciali
404 1869 475 1918 nota
495 1858 531 1917 ab
552 1857 615 1918 aliis
633 1859 708 1918 vitae
726 1856 884 1938 generibus
905 1856 1096 1939 distinguunt.
1120 1857 1160 1917 Et
1180 1858 1246 1938 quis

111 1931 171 1991 hoc
190 1933 265 1991 ferat
285 1945 318 1992 ut
337 1945 432 1993 tantus
452 1934 552 1995 honor
570 1933 763 1994 transferatur
781 1933 817 1993 ad
837 1933 1019 2009 institutum,
1038 1955 1178 2012 nusquam
1197 1933 1247 1994 vel

109 2028 168 2066 uua
192 2008 301 2088 syllaba
326 2009 536 2090 approbatum:
567 2011 672 2071 eodem
697 2011 837 2092 indiguae
860 2024 1037 2070 censeantur
1059 2031 1162 2071 omnes
1186 2010 1247 2070 Dei

109 2087 290 2159 vocationes,
309 2107 391 2146 sacro
404 2088 464 2146 eius
476 2108 528 2148 ore
541 2109 600 2147 non
612 2087 702 2148 modo
715 2099 895 2166 praeceptae,
906 2087 957 2148 sed
968 2085 1131 2169 insignibus
1142 2086 1246 2169 elogiis

109 2161 252 2220 ornatae?
290 2162 329 2220 Et
348 2175 467 2241 quanta,
486 2164 621 2238 obsecro,
639 2165 745 2223 iniuria
765 2163 886 2237 litlleo,
927 2184 1002 2222 uum
1012 2164 1149 2223 onibus
1167 2164 1246 2224 vitae

107 2237 267 2318 generibus
287 2238 322 2297 ab
345 2260 380 2300 eo
401 2241 561 2318 ordinatis,
581 2241 643 2302 eius
662 2243 833 2303 testimonio
852 2184 992 2317 laudatis,
1010 2241 1244 2302 commentitium

109 2315 211 2375 nescio
232 2315 312 2394 quod
331 2316 502 2376 antefertur.
785 2343 788 2348 ·
1156 2328 1159 2333 ’

184 2397 232 2456 12.
270 2391 346 2474 Age,
365 2392 536 2454 calumniam
557 2415 620 2455 esse
640 2393 738 2456 dicant
756 2394 837 2474 quod
856 2406 942 2455 antea
961 2393 1078 2470 tradidi,
1097 2415 1159 2455 nou
1179 2412 1244 2454 esse

109 2479 267 2528 contentos
287 2471 465 2550 praescripta
484 2493 500 2530 a
520 2471 589 2532 Deo
609 2470 719 2553 regula.
769 2473 862 2552 Atqui
885 2472 998 2532 etiamsi
1027 2484 1158 2545 taceam,
1187 2471 1244 2551 ipsi

109 2543 174 2623 plus
193 2547 260 2604 satis
279 2565 310 2604 se
330 2560 479 2619 accusant:
500 2561 600 2628 aperte
612 2555 688 2609 enim
701 2548 821 2624 docent,
839 2568 872 2609 se
891 2549 956 2628 plus
976 2549 1075 2608 oneris
1094 2550 1244 2627 suscipere

109 2642 197 2698 quam
221 2622 278 2681 suis
299 2623 431 2685 Christus
455 2623 640 2714 imposuerit:
671 2626 809 2704 quoniam
835 2625 947 2685 scilicet
969 2624 1144 2705 Evangelica
1167 2644 1243 2684 con·
1309 2659 1311 2663 .

108 2698 173 2758 silia
193 2697 228 2756 de
249 2698 404 2779 diligendis
423 2701 555 2778 inimicis,
576 2703 613 2760 de
634 2722 694 2760 non
715 2704 879 2782 appetenda
899 2701 1037 2776 vindicta,
1058 2704 1176 2759 deuon
1197 2700 1243 2758 iu-

110 2772 204 2833 rando
224 2786 289 2848 etc,
310 2796 340 2835 se
358 2788 525 2838 servaturos
543 2779 730 2859 promittant:
751 2779 857 2856 quibus
877 2797 939 2836 non
959 2790 1028 2836 sunt
1046 2775 1244 2837 communiter

110 2850 222 2909 astricti
241 2850 409 2911 Christiani.
458 2853 493 2911 In
519 2874 556 2913 co
588 2875 673 2932 quam
704 2852 792 2914 nobis
819 2853 1022 2932 antiquitatem
1059 2848 1243 2912 obtendenti

109 2926 190 2986 Nulli
210 2948 335 3006 unquam
355 2941 488 2988 veterum
511 2930 566 2989 hoc
584 2931 665 2989 veuit
684 2929 715 2989 in
735 2940 880 2989 mentem:
901 2950 1002 2989 omnes
1022 2947 1163 2988 uuavuce
1182 2926 1243 2988 cla·

108 3016 205 3078 ruant,
226 3006 334 3064 nullam
354 3005 471 3084 penitus
489 3004 621 3065 voculam
642 3027 659 3065 a
679 3004 798 3067 Christo
820 3007 961 3079 emissam,
981 3006 1028 3066 cui
1049 3025 1110 3064 ιιοιι
1130 3005 1169 3063 sit
1188 3023 1243 3063 ue·

108 3084 233 3141 cessario
256 3082 527 3172 obtemperandum.
570 3083 609 3141 Et
628 3083 700 3143 haec
724 3083 785 3163 ipsa
805 3083 989 3153 nominatim,
1008 3100 1083 3161 quae
1102 3081 1150 3141 isti
1168 3080 1244 3140 boui

106 3161 282 3238 interpretes
296 3159 443 3218 Christum
455 3159 633 3220 consuluisse
646 3160 783 3220 duntaxat
802 3171 958 3241 nugantur,
977 3160 1058 3219 iussa
1071 3178 1145 3235 esse,
1164 3156 1245 3218 nulla

108 3235 292 3295 dubitatione
313 3235 423 3313 ubique
442 3235 559 3297 docent.
606 3237 666 3296 Sed
687 3238 754 3316 quia
774 3235 852 3295 bunc
872 3234 1139 3314 pestilentissimum
1157 3252 1243 3296 erro-

109 3332 170 3369 rem
192 3333 254 3371 csse
273 3333 360 3391 supra
372 3311 534 3388 docuimus,
553 3314 621 3374 satis
642 3313 688 3374 hic
707 3316 745 3373 sit
763 3312 892 3374 breviter
904 3325 1031 3385 notasse,
1051 3332 1087 3372 ea
1098 3312 1243 3392 opinione

110 3387 262 3447 fundatum
283 3408 345 3449 esse
364 3389 595 3450 monachismum
607 3391 657 3469 qui
676 3402 756 3450 nunc
773 3402 827 3465 est,
847 3409 932 3469 quam
952 3392 1065 3448 marito.
1078 3389 1120 3467 pii
1140 3408 1242 3447 omnes

111 3465 252 3522 exsecrari
271 3464 396 3524 debent:
418 3478 450 3526 ut
468 3467 582 3526 scilicet
601 3467 727 3548 fingatur
746 3466 844 3546 aliqua
864 3485 926 3525 esse
946 3465 1108 3545 perfectior
1125 3462 1244 3525 vivendi

110 3540 212 3618 regula
242 3561 328 3618 quam
359 3543 414 3601 ista
445 3544 608 3604 communis
638 3543 788 3604 universae
816 3541 958 3602 ecclesiae
988 3562 1005 3602 a
1030 3542 1098 3601 Deo
1127 3539 1244 3600 tradita.

110 3618 188 3674 Huic
213 3616 405 3678 fundamento
426 3621 571 3699 quicquid¹
591 3621 804 3700 superstruitur
826 3618 948 3681 nonnisi
963 3615 1160 3680 abominabile
1180 3628 1243 3681 esse

119 3704 217 3753 retest.
666 3744 670 3751 .
940 3744 952 3751 ..
1234 3746 1239 3755 .

110 3715 119 3769 1
186 3776 233 3832 13.
272 3769 384 3828 Verum
403 3770 480 3830 aliud
499 3794 568 3833 suae
587 3773 780 3855 perfectionis
799 3782 1007 3909 arqpmsntum
1020 3769 1243 3851 offeruntquod

109 3845 164 3907 sibi
184 3844 376 3907 firmissimum
396 3868 458 3909 esse
477 3861 590 3931 putant.
634 3851 717 3912 Dixit
741 3849 819 3911 enim
869 3849 1187 3911 ominusadolesceuti
1207 3847 1245 3917 de
1278 3878 1283 3893 ι

969 3986 972 3993 ι

179 4114 207 4183 t)
225 4114 376 4166 Laurentius
388 4118 461 4168 Valla
481 4117 546 4168 illud
564 4139 578 4170 a
596 4126 624 4169 s'e
638 4117 762 4187 seriptum
776 4117 927 4184 defendens,
943 4108 1011 4189 faldo
1027 4104 1244 4189 monpcltog'frfl·

112 4183 172 4232 dere
189 4183 269 4300 maq'p
286 4198 314 4234 se
330 4183 423 4235 mereri
446 4197 555 4253 propter
576 4184 765 4255 professionem
791 4204 869 4256 quam
894 4190 1023 4259 caeterbp,
1040 4180 1245 4259 'pulchronium'-

113 4249 204 4302 cludit:
222 4288 237 4313 „
262 4251 287 4303 ia
305 4270 320 4301 e
330 4249 434 4304 Christo
451 4251 555 4316 tradits,
568 4252 642 4306 nrdta
658 4255 799 4318 ostendor,
814 4254 881 4308 situl
896 4249 1068 4316 use‘nolioni
1077 4248 1247 4320 lltqfflfitllh

113 4319 238 4385 professio
256 4319 333 4371 nobis
349 4319 516 4387 iniungitus.“
