2596 4726
134 224 196 289 aro
522 216 599 279 mn.
620 216 675 278 rs.
715 190 805 280 mu
825 216 910 283 vm.

134 364 247 426 babent
287 362 382 424 enitar
402 362 561 439 contraria,
580 384 702 426 necesse
720 362 777 423 l'uit
795 360 851 424 illis
870 364 1003 441 evenire,
1021 366 1106 447 qaod
1126 378 1281 453 tamraepe

134 444 239 504 scribit
299 440 471 523 regorius
499 440 566 518 (lib.
586 450 614 505 1.
635 461 681 521 ep.
701 446 748 506 52.
770 452 800 501 et
818 448 866 505 55.
887 442 937 501 lib.
956 448 986 508 5.
1007 462 1055 523 ep.
1076 452 1128 521 7.).
1164 448 1279 525 „Flenq

134 519 264 601 „inquit,
285 518 370 593 dico,
389 536 511 653 gemens
531 518 690 579 denuntio:
717 518 784 597 qnia
806 539 896 597 quarn
917 519 1108 581 sacerdotalis
1134 524 1212 583 ordo
1236 526 1277 583 in-

135 609 203 671 „tns
237 595 363 665 cecidit,
408 594 467 655 oris
496 615 615 675 qnoque
640 595 688 653 din
714 607 791 655 atace
811 616 873 653 non
894 594 1037 673 poterit.“
1079 598 1165 671 Quin
1186 602 1276 681 potira

134 672 252 749 impleri
284 672 313 730 in
345 671 400 730 illis
431 674 581 751 oportuit,
613 672 692 752 quod
718 670 887 731 dotalibus
913 671 954 729 ait
979 672 1140 733 Malachiae
1161 680 1273 755 (⁸2‚8.):

134 752 218 826 „Vos
246 749 402 809 recessistis
428 747 464 805 de
488 749 548 821 via,
579 761 610 807 et
635 748 791 807 offendere
818 747 927 805 lecistis
957 748 987 806 in
1017 749 1104 833 Lege
1151 752 1272 815 luriunt.

134 827 261 905 „Itaque
291 824 405 885 irritum
438 824 548 884 lecistis
580 836 696 904 pactum
718 824 804 897 Levi,
825 824 898 883 dicit
916 824 1076 885 Dominus.
1142 844 1268 910 ropterea

134 924 226 980 „ecce
246 922 303 983 ego
325 900 392 958 dedi
412 920 463 959 vos
485 901 722 980 contemptibiles
747 920 780 960 ae
810 900 882 959 viles
912 902 994 960 omni
1026 904 1181 983 popolo.“
1216 906 1268 965 lan

134 980 273 1059 relinquo
302 978 356 1057 piis
377 977 513 1035 tironibus
532 978 732 1058 cogitandum,
757 976 843 1055 quale
867 996 1035 1055 supremum
1062 980 1103 1039 ait
1129 980 1269 1041 Romanae

135 1056 318 1115 hierarchiae
339 1052 502 1131 fastigium:
524 1055 571 1113 cui
591 1054 684 1133 ipsum
706 1072 824 1133 quoque
845 1052 902 1111 Dei
920 1052 1062 1129 sertim,
1089 1058 1172 1135 qnod
1192 1056 1267 1117 coelo

136 1145 168 1192 et
192 1145 304 1204 terrae,
334 1128 501 1189 bominibus
528 1143 558 1189 et
578 1131 688 1213 angelis
714 1129 881 1189 venerabile
907 1148 941 1187 ac
966 1148 1187 1193 sacrosanctum
1212 1152 1266 1195 erre

135 1218 319 1291 oportuerat,
339 1205 484 1267 subiicere
504 1207 615 1269 nelarie
635 1206 814 1288 impudentia
833 1204 970 1287 Papietae
989 1229 1053 1269 uon
1076 1208 1219 1273 dubitant.

511 1530 764 1603 CAPUT
815 1532 909 1602 Vlll.
982 1600 985 1605 .

135 1725 188 1785 De
220 1734 408 1803 potestate
437 1723 620 1785 ecclcsiae
650 1725 767 1805 quoad
795 1724 886 1786 fidei
910 1722 1098 1807 dogmata:
1120 1734 1157 1785 et
1174 1746 1261 1805 quan

135 1818 275 1879 ellreni
307 1816 463 1878 licentia
499 1820 539 1878 ad
564 1818 763 1879 vitiandam
795 1838 934 1879 omnem
961 1818 1261 1901 doetrinaepnri·

399 1922 510 1972 tatem
529 1922 650 1973 tracta
671 1912 840 1972 fueritin
859 1913 1010 1993 Papatu.

200 2092 311 2145 Dnalma
335 2087 481 2159 praecipuis
504 2089 621 2159 partibus
646 2104 747 2143 constat
763 2088 815 2141 hee
840 2086 939 2159 Caput:
970 2088 1002 2161 1)
1023 2090 1128 2143 Novem
1144 2089 1260 2163 prion‘ltm

133 2176 305 2237 rectioribus,
323 2175 427 2245 quinam
445 2174 550 2225 termini
567 2173 626 2236 aiut,
652 2193 717 2244 quos
736 2173 841 2225 eeclesia
857 2173 907 2225 eibi
925 2174 1003 2227 debet
1017 2174 1048 2227 in
1067 2174 1212 2227 laninamodi
1226 2191 1259 2224 re·

132 2262 182 2313 ltua
206 2259 376 2320 constituere,
403 2258 558 2319 ostenditur,
585 2273 644 2311 sect.
663 2258 748 2315 1-9.
767 2286 800 2298 -
833 2258 866 2325 2)
888 2258 994 2325 Deinde
1016 2258 1168 2325 coarguitur
1189 2256 1258 2311 eccle·

131 2345 169 2399 aia
202 2344 336 2407 Romana,
361 2343 435 2412 quod
462 2341 511 2394 hoa
533 2342 626 2396 limites
648 2342 791 2407 transgredi
815 2362 875 2396 anea
896 2340 943 2407 eit,
967 2363 983 2396 a
999 2356 1062 2397 sect
1078 2346 1121 2401 111.
1142 2340 1258 2413 usquead

132 2431 178 2482 liu.
196 2447 253 2498 cap.

209 2601 236 2659 1.
258 2592 398 2674 Sequitur
410 2614 487 2652 nune
499 2591 602 2651 tertius
616 2590 709 2665 locus,
723 2592 760 2652 de
781 2594 914 2655 ecclesi
920 2613 960 2654 ae
979 2606 1180 2675 potestate,
1196 2608 1257 2673 quat

133 2674 238 2754 partim
259 2671 289 2729 in
311 2671 455 2750 episcopis
476 2669 606 2751 singulis,
628 2671 731 2749 partim
753 2672 783 2730 in
806 2671 961 2742 (Jonciliis,
981 2684 1012 2731 et
1032 2673 1065 2731 iis
1085 2674 1134 2731 rel
1153 2670 1259 2752 provin·-

133 2749 264 2822 cialibus,
284 2747 329 2805 vel
350 2746 535 2828 generalibus
555 2757 714 2825 spectatur.
753 2748 800 2807 De
825 2748 967 2827 spirituali
994 2761 1108 2809 tantum
1130 2754 1257 2829 potestate

132 2826 257 2905 loquor,
278 2844 352 2904 quae
374 2825 494 2915 propria
516 2836 559 2882 est
579 2824 727 2883 ecclesiae.
767 2826 808 2883 Ea
829 2837 925 2885 autem
947 2827 1082 2886 consistit
1103 2827 1149 2886 rel
1168 2825 1196 2883 in
1213 2822 1256 2881 do·

134 2903 239 2977 ctrina,
259 2902 305 2960 vel
326 2902 355 2959 in
377 2902 589 2975 iurisdictione,
608 2901 654 2960 vel
674 2901 703 2959 in
725 2900 839 2982 legibus
860 2902 996 2961 ferendis.
1035 2902 1136 2963 Locus
1160 2902 1196 2960 de
1212 2898 1256 2957 do-

132 2980 226 3039 ctrina
248 2978 317 3036 duas
339 2977 428 3036 habet
448 2989 557 3055 partes:
579 2980 784 3037 auctoritatem
806 2978 974 3058 dogmatum
994 2980 1217 3049 tradendorum,
1232 2984 1257 3033 et

133 3074 237 3116 eorum
258 3054 494 3132 explicationem.
543 3054 708 3131 Antequam
738 3053 891 3133 incipimus
918 3054 955 3113 de
980 3054 1103 3135 singulis
1124 3056 1153 3114 in
1173 3049 1257 3133 specie

133 3132 292 3204 disserere,
312 3132 376 3209 pios
397 3130 522 3187 lectores
541 3128 674 3188 volumus
694 3129 875 3203 admonitos,
905 3143 938 3189 ut
959 3130 1099 3211 quicquid
1122 3133 1158 3190 de
1177 3127 1257 3189 ecele-

132 3208 191 3268 siae
211 3217 357 3284 potestate
378 3205 512 3279 docetur,
531 3206 719 3264 meminerint
738 3206 772 3264 ad
794 3227 859 3264 eum
881 3206 968 3265 finem
986 3208 1112 3281 relerre,
1131 3208 1258 3287 inquen,

130 3294 208 3342 teste
228 3280 321 3339 Paulo
347 3286 389 3357 (2.
412 3282 484 3341 Cor.
505 3286 553 3353 10,
572 3285 599 3342 8.
621 3288 717 3355 etl-3,
737 3286 798 3358 10.)
830 3284 895 3342 data
917 3295 974 3343 est:
1007 3304 1117 3361 nempe
1136 3283 1172 3345 ad
1191 3280 1258 3341 aedi·

132 3358 317 3431 ficationem,
349 3369 379 3415 et
409 3378 469 3415 non
497 3356 526 3413 in
554 3356 798 3420 destructionem:
832 3380 886 3439 qua
936 3362 963 3418 ui
989 3360 1122 3442 legitime
1141 3370 1259 3427 utuntur,

131 3434 204 3494 nihil
224 3433 288 3513 plus
307 3454 338 3491 se
360 3452 421 3492 esse
443 3433 602 3491 existimant
623 3455 707 3511 quam
732 3436 878 3495 ministros
901 3381 1028 3509 (lerini,
1054 3438 1198 3517 simulque
1215 3433 1260 3492 mi·

131 3511 239 3571 nistros
261 3508 362 3588 populi
382 3509 411 3567 in
434 3508 562 3568 Christo.
614 3510 710 3569 Porro
737 3512 931 3571 aedificandae
956 3514 1097 3573 ecclesiae
1118 3536 1175 3573 una
1199 3512 1260 3570 ltaee

130 3588 207 3648 ratio
230 3599 288 3659 est,
319 3585 343 3644 ti
367 3585 490 3644 ministri
521 3586 574 3664 ipsi
606 3608 685 3645 suam
713 3587 831 3647 Christo
857 3589 1062 3648 auctoritatem
1095 3606 1260 3650 conservare

131 3665 261 3738 student,
282 3682 357 3742 quae
377 3662 453 3721 salva
473 3661 558 3720 aliter
578 3682 639 3722 esse
660 3683 720 3721 non
744 3676 851 3743 potest,
872 3666 1001 3755 quamsi
1023 3666 1052 3724 id
1074 3667 1102 3725 ei
1123 3667 1261 3745 relinqua·

129 3753 180 3799 tur
200 3740 279 3820 quod
300 3760 315 3798 a
336 3740 424 3797 Patre
444 3739 571 3817 aceepit:
605 3760 711 3818 nempe
732 3753 764 3798 ut
784 3742 820 3800 sit
841 3763 943 3802 unicus
964 3742 1106 3802 ecclesiae
1126 3764 1171 3803 ma
1193 3742 1260 3799 ister.

129 3819 200 3878 Non
222 3816 299 3874 enim
320 3815 356 3873 de
377 3813 434 3874 alio
455 3815 603 3894 quopiam,
625 3816 675 3875 sed
697 3816 733 3875 de
753 3817 817 3895 ipso
837 3818 902 3877 solo
924 3820 1064 3898 scriptum
1085 3832 1130 3879 est
1154 3762 1261 3897 (lton.

78 3928 83 3935 ·
129 3900 178 3967 17,
198 3893 257 3970 5.):
277 3892 397 3970 „Ipsum
420 3892 551 3952 audite.“
590 3893 642 3951 Est
662 3893 751 3974 igitur
772 3893 964 3954 ecelesiastica
986 3906 1117 3975 potestas
1138 3912 1261 3955 nonma-

129 3970 210 4052 ligne
240 3970 357 4048 quidem
396 3969 544 4041 ornanda,
574 3970 624 4028 sed
650 3981 746 4027 tamen
773 3969 949 4031 includenda
974 3973 1061 4030 certis
1082 3971 1203 4031 finibus:
1229 3986 1261 4027 ne

128 4067 184 4125 pro
205 4044 356 4104 hominum
377 4044 500 4103 libidine
521 4045 577 4104 huc
598 4057 684 4123 atque
706 4045 775 4105 illuc
799 4047 940 4106 trahatur.
983 4048 1029 4107 nd
1057 4048 1087 4107 id
1114 4048 1261 4129 plurimun

149 4121 262 4183 roderit
282 4120 456 4196 observare,
485 4121 610 4202 qualiter
635 4143 650 4180 a
670 4121 827 4201 Prophetis
854 4136 884 4181 et
903 4124 1055 4205 Apostolis
1080 4124 1262 4185 describatur.

126 4145 203 4258 Ram
223 4198 246 4258 sl
266 4197 438 4277 simpliciter
458 4198 627 4257 bominibus
648 4201 844 4274 concedimus,
866 4222 950 4278 quam
962 4222 1078 4261 sumere
1095 4201 1163 4281 ipsis
1179 4202 1260 4260 risun

128 4275 219 4335 luerit
238 4287 431 4368 potestatem,
452 4276 587 4336 omnibus
607 4274 636 4331 in
667 4296 741 4335 irom
767 4288 797 4335 tn
818 4270 876 4350 cst,
907 4298 993 4356 quam
1020 4279 1059 4338 sit
1079 4277 1219 4359 proclivis
1236 4274 1261 4333 in

126 4352 317 4430 tyrannidem
336 4351 443 4432 lapsus,
464 4372 538 4432 quae
558 4296 698 4431 procula
719 4298 828 4413 Cllristi
849 4353 970 4415 ecclesia
990 4354 1093 4416 abesse
1114 4354 1213 4415 debet.

221 4648 332 4678 A
