2700 4732
491 224 644 331 nutu.
683 216 847 291 caestu·
1168 230 1230 297 m

89 384 144 433 ae
155 364 315 427 detersa:⁴⁸
332 366 385 429 sed
404 386 479 448 qnae
498 368 571 429 nibil
589 390 644 451 per
661 390 704 444 se,
716 371 779 431 'uisl
800 370 886 431 tidem
906 370 1090 453 quatelacere
1108 380 1229 467 queant,

88 454 209 537 tnqtnnt
227 441 312 535 abest
328 455 365 535 ut
381 441 573 538 stabiliendae
591 448 651 507 aiut
667 447 807 539 idoneae,
854 448 925 507 Non
950 466 1090 540 negamus
1109 450 1230 541 interim

88 517 1230 689 3⁸233tlf'3'ttt'l.'.ittl?ltstltttli“tttt‚¹¹‘tt‘'.t“'.ttl

86 670 217 733 Domini
241 684 370 755 repensat
395 673 482 747 ides,
507 696 567 754 quo
592 678 703 736 nitatur
726 686 756 735 et
779 676 941 737 recumbat.
1022 675 1052 737 bi
1070 674 1162 737 solam
1182 675 1230 736 in-

88 746 295 831 dignationem
314 760 346 811 et
363 749 520 810 vindictam
546 752 724 813 couscientia
749 764 848 814 nostra
880 752 1040 834 conspicit,
1074 750 1228 832 quomodo

87 824 344 961 nxntcepidabit
367 836 399 886 et
423 827 627 889 exhorrescet?
683 828 779 889 Deum
805 841 903 891 autern
943 848 1010 889 uem
1038 827 1228 906 exborrescit,

87 920 135 983 qn
186 900 247 963 odo
264 904 326 963 non
346 900 516 986 resugeret?
545 904 627 984 atqui
645 902 742 965 Deam
761 924 904 987 quaerere
954 904 1005 965 des
1029 904 1136 978 debet,
1163 924 1228 967 non

282 976 408 1039 Conttat
431 998 505 1115 erqo
531 980 663 1041 nondum
683 980 800 1075 plenam
820 980 923 1042 baberi
942 1000 959 1042 a
978 979 1066 1042 nobis
1085 979 1155 1041 idei
1173 978 1229 1041 do·

87 1052 272 1115 finitionem
296 1054 417 1134 quando
436 1076 473 1117 vo
487 1066 616 1115 cuntem
635 1056 693 1119 Der
712 1055 947 1139 qualemcunque
965 1077 1070 1134 nosse,
1092 1076 1151 1139 pro
1169 1054 1230 1119 ide

88 1128 270 1193 :mudum
290 1142 425 1192 nonest.
464 1132 546 1207 Quid
566 1133 589 1193 si
609 1131 758 1195 inlocum
779 1134 946 1208 voluntatis,
965 1134 1047 1194 cuias
1064 1132 1227 1214 saepeltri·

87 1202 145 1267 stis
161 1214 208 1267 eat
225 1206 347 1267 nuntius
367 1218 397 1267 et
416 1207 604 1268 formidabile
622 1209 824 1288 praeconium,
843 1209 1079 1283 benevolentiam
1098 1229 1151 1271 seu
1169 1208 1227 1271 mi-

85 1280 282 1345 oenieordiam
301 1282 505 1346 anbiieiamus?
542 1284 588 1344 lta
607 1296 688 1347 certe
714 1285 750 1345 ad
769 1285 838 1347 fidei
862 1286 1015 1369 ingenium
1035 1286 1156 1369 propius
1175 1304 1226 1347 ao·

86 1356 295 1421 meduac-
307 1358 387 1420 Tnm
406 1362 484 1420 euim
504 1359 541 1421 ad
558 1362 658 1423 Deum
676 1362 876 1442 quaerendum
895 1361 1051 1436 allicimur,
1068 1372 1226 1445 postquam

85 1432 213 1497 dicimos
229 1433 459 1529 alutemOnpbis
479 1435 556 1517 apud
568 1456 718 1528 eom-esre
736 1440 910 1519 repositam:
930 1438 1011 1518 quod
1030 1436 1225 1529 ipsumnpbis
1270 1454 1272 1459 '

84 1508 1225 1671 amiabilittttttltttt.{ttttttttltt..itti

86 1682 155 1725 esee
170 1660 306 1723 Patrems
330 1662 449 1744 quaudo
476 1684 531 1725 nee
550 1665 635 1727 aliter
652 1665 688 1726 ad
708 1686 775 1725 eum
799 1669 944 1747 appropio
968 1686 1038 1728 nare
1058 1686 1224 1746 possumne,

85 1748 122 1801 et
138 1738 171 1801 in
193 1756 260 1801 eam
283 1736 378 1802 solam
403 1738 546 1801 reclinare
570 1762 624 1803 cor
649 1740 776 1803 bominis
795 1754 908 1834 potest.
987 1762 1021 1803 ac
1050 1740 1224 1809 rationein

85 1812 338 1909 Prqlniaopaaaim
356 1817 519 1909 iunguntur
538 1817 610 1879 baec
629 1819 700 1909 duo,
717 1818 804 1880 sicuti
823 1819 908 1910 inter·
920 1838 953 1879 se
971 1816 1149 1909 cohaerent,
1164 1816 1223 1879 mi·

83 1890 1012 2062 &tm.'ttt²⁸.i..tt:.t?‘.f..‘¹'2¹ttt²tttttt'ttt
1025 1893 1223 2031 :tti‘dtt

83 2042 219 2136 enndiqnt
243 2044 381 2127 amplecti
404 2057 538 2107 nostrum
568 2058 661 2123 esset,
690 2068 747 2139 nus
778 2067 842 2140 eam
871 2065 1025 2139 majone·
1041 2044 1222 2138 olierqntlb.

82 2120 814 2289 :mittttft‘tttt‘ltttt
831 2120 1248 2287 ilb‘ssloalii'iii

83 2272 184 2335 Alibi:
210 2272 434 2365 „Misericordia
460 2287 509 2335 tua
529 2275 567 2335 ad
586 2276 703 2352 coelos,
726 2279 1016 2366 veritas-tuamque
1035 2274 1072 2335 ad
1090 2273 1222 2366 pubeefi‘

84 2350 181 2411 Iteme
215 2347 352 2427 „Omnes
374 2371 437 2411 vtae
467 2350 594 2413 lebovae
624 2352 779 2413 clementia
803 2363 833 2413 et
853 2362 956 2414 venus
987 2347 1243 2413 custodientibus·

85 2424 217 2507 ,tuctus
228 2424 322 2487 eius.“
358 2426 449 2486 ltemr
469 2426 682 2510 „Multiplieata
695 2439 738 2489 est
757 2449 846 2510 super
865 2449 920 2489 nos
938 2426 1138 2489 misericordia
1148 2426 1231 2519 eiua,-

85 2514 145 2581 „et
160 2502 266 2565 verita
283 2503 408 2564 Domini
428 2515 526 2564 manet
549 2505 580 2564 in
601 2510 785 2565 aeternum.“
831 2504 921 2565 ltema
949 2503 1085 2579 „Castam
1104 2502 1221 2565 nomint

17 2618 26 2655 .·
82 2591 160 2657 „tao
178 2598 268 2659 snper
286 2580 486 2639 misericordia
506 2593 537 2640 et
554 2582 678 2642 veritate
697 2587 777 2644 tua.“
815 2578 931 2642 Omitto
944 2579 1024 2660 quod
1044 2580 1076 2640 in
1095 2578 1219 2640 eandem

15 2658 18 2663 ’
83 2654 261 2733 seutentiam
282 2655 358 2747 apud
378 2656 543 2737 Prophetas
561 2657 680 2749 legitur,
699 2657 797 2719 Deum
817 2658 991 2717 clementem
1012 2675 1075 2716 esse
1095 2666 1126 2715 et
1144 2654 1219 2715 fide-

84 2732 147 2792 lem·
161 2728 201 2792 in*
213 2731 371 2812 promissis.
410 2734 538 2792 Temere
558 2754 636 2793 emm
648 2745 807 2797 statuemus
819 2734 916 2792 Deum
936 2732 1023 2793 uobis
1044 2731 1219 2812 propitium,

87 2808 144 2869 nini
162 2806 199 2867 de
216 2827 249 2869 se
269 2818 393 2868 testetur
413 2809 475 2888 ipse
496 2831 549 2870 uos
572 2832 609 2872 ue
627 2831 678 2871 sua
697 2809 872 2869 invitatione
883 2809 1060 2890 praeveniat,
1079 2826 1118 2866 ne
1128 2805 1219 2867 dubia

84 2882 132 2977 nel
151 2882 277 2973 obseura
296 2884 334 2944 sit
356 2885 508 2977 uoluntas..
548 2832 611 2946 llam
640 2897 738 2945 autem
763 2886 854 2946 visum
885 2896 930 2973 est
962 2884 1080 2944 unicum
1109 2882 1218 2974 emoriq

83 2980 193 3099 ll‘ii
210 2959 971 3117 :fficltt”tt.tf'⁰.tt⁰.tttt“¹t‘blttttt
980 2957 1219 3097 tltttttlt

82 3132 139 3175 nae
158 3112 300 3173 bonitatis
318 3114 436 3188 notitia,
455 3115 511 3175 nisi
530 3116 560 3174 in
581 3135 615 3175 ea
635 3135 689 3177 nos
708 3115 895 3195 acquiescere
915 3111 1018 3190 iaciat,
1038 3108 1219 3173 excludenda

83 3200 131 3251 est
148 3187 335 3250 dubitatione
361 3191 446 3250 mixta
469 3190 679 3273 intelligentia,
723 3212 777 3251 uae
802 3208 864 3251 uun
889 3188 984 3250 solide
1009 3186 1066 3248 sibi
1089 3196 1217 3265 constet,

84 3265 138 3325 sed
155 3265 216 3346 ipsa
233 3285 332 3328 secum
352 3265 503 3347 disceptet.
541 3267 666 3327 Atvero
686 3211 843 3347 plurimum
863 3264 947 3329 abest
987 3265 1038 3324 uin
1056 3283 1140 3324 meus
1159 3260 1216 3354 bo:

83 3340 189 3415 minis,
213 3352 248 3402 ut
274 3361 367 3404 coeca
385 3355 430 3403 est
448 3355 479 3403 et
504 3342 717 3418 obtenebrata,
747 3343 784 3404 ad
809 3343 960 3424 percipieu
1045 3359 1139 3420 usque
1157 3339 1218 3401 Dea

84 3416 264 3479 voluntatem
283 3430 422 3499 penetret
439 3440 473 3479 ac
494 3421 687 3497 conscendat,
705 3431 795 3500 atque
820 3418 906 3480 etiam
925 3438 996 3508 cor,
1020 3427 1055 3477 ut
1072 3426 1216 3498 perpetua

82 3492 276 3555 baesitatione
288 3496 457 3570 fluctuatur,
474 3516 609 3556 securum
629 3496 659 3556 iu
680 3516 714 3555 ea
732 3495 921 3577 persuasione
939 3492 1073 3555 resideat.
1110 3492 1155 3553 lta
1178 3510 1217 3582 ue
1298 3518 1302 3527 ¹

81 3568 205 3631 aliunde
222 3581 254 3632 et
272 3583 403 3632 mentem
422 3572 597 3648 illuminari,
615 3584 646 3633 et
665 3592 719 3632 cor
737 3570 880 3632 offirmari
899 3569 1057 3646 convenit,
1097 3589 1136 3629 uo
1186 3586 1215 3628 et

81 3646 205 3709 verbum
245 3645 342 3708 lenam
361 3649 438 3727 apud
464 3668 519 3709 uos
538 3648 625 3708 fidem
645 3647 789 3710 obtineat.
836 3647 925 3707 Nunc
949 3647 1026 3706 iusta
1051 3589 1121 3704 fidei
1141 3643 1214 3704 deb·

81 3722 158 3785 uitio
178 3668 268 3785 nolis
287 3723 435 3785 constabit
445 3723 517 3803 θ’),
542 3725 566 3785 ai
587 3724 714 3786 dicamus
738 3742 801 3786 esse
819 3721 935 3784 divinae
953 3740 1022 3802 erga
1047 3739 1103 3795 nos
1122 3719 1220 3810 bepee„

79 3798 231 3863 velentiae
248 3798 361 3860 firmam
381 3811 549 3881 certamque
561 3800 773 3892 cognitionem²
792 3817 867 3879 quae
884 3797 1030 3881 gratuitae
1048 3797 1080 3857 iu
1093 3794 1219 3857 chrum
1307 3842 1314 3863 .

79 3875 286 3956 promissionis
304 3877 430 3936 veritate
454 3876 590 3953 lundata,
619 3896 674 3957 per
692 3876 836 3959 Spintum
858 3887 993 3941 sanetum
1017 3882 1049 3934 et
1069 3870 1217 3937 revelatus·

32 3964 38 3977 ¹
78 3951 232 4014 mentibus
249 3952 359 4014 uostris
378 3963 410 4013 et
428 3951 567 4016 cordibus
584 3953 768 4038 obsignatur.
1212 3962 1217 3969 '

199 4203 268 4257 Psal.
284 4204 329 4264 dd,
347 4204 388 4257 11.
423 4202 491 4264 lbid.
507 4206 550 4266 36,
563 4205 587 4258 6.
622 4204 688 4257 lbid.
705 4205 748 4266 ts,
765 4206 805 4261 to
835 4202 902 4257 lbid
919 4201 979 4263 117.
994 4203 1019 4255 ἱ
1048 4198 1114 4256 lbid.
1124 4200 1184 4263 138,
1208 4221 1215 4237 ·
1301 4256 1306 4263 ,

69 4202 285 4399 libili?
314 4270 470 4329 definitionis
494 4271 698 4347 explicationem,
721 4273 772 4325 vid.
793 4270 846 4351 bui.
869 4288 926 4348 cap.
941 4289 981 4353 'aa
1002 4268 1045 4327 u.
1060 4268 1101 4331 15.
1115 4268 1170 4329 m„
1209 4306 1218 4333 ·.
