2700 4732
100 174 139 235 18
476 158 550 221 tto.
573 160 629 219 ΙΙΙ.
671 160 758 219 tite.
779 160 831 219 xt.

128 328 273 388 uauqnem
304 306 380 380 alio,
412 324 497 383 quam
544 304 675 397 reposita
699 304 774 375 sint,
803 302 907 363 ordine
931 303 1036 365 melius
1059 304 1236 385 digerentur.

108 330 172 447 lea
191 405 293 465 parum
312 382 451 455 interest,
470 327 561 441 molo
585 392 662 441 mter
681 400 713 441 se
731 381 770 440 ita
792 380 985 458 cohaereant,
1011 393 1044 440 ut
1063 400 1125 441 rem
1146 392 1235 441 toturn

109 462 164 525 rite
184 460 342 541 expositam
362 468 503 537 certoque
524 458 722 520 confirmatam
743 457 907 517 babeamus.
1146 520 1149 525 ,

186 545 233 603 17.
273 538 327 596 llio
352 535 493 594 rrueaooria
520 547 654 613 repetere
676 534 830 607 convenit,
850 556 936 625 quam
962 532 1040 613 priua
1063 532 1235 593 relationem

110 613 313 677 constituimus
332 615 409 671 iuter
429 610 514 669 sideru
535 623 565 670 et
585 610 790 691 Evangelium:
818 633 884 689 qum
904 610 973 670 inde
992 608 1149 671 iustificare
1168 609 1236 669 diei·

110 704 158 753 tur
178 690 259 763 troes,
301 688 359 748 uod
380 686 507 747 oblatam
528 686 557 745 iu
577 686 736 775 Evangelio
757 686 893 747 iustitiam
914 685 1018 778 recipit
1036 698 1067 745 et
1087 707 1133 746 aur
1156 684 1234 747 lecti-

111 781 167 829 tur.
208 710 299 840 Quoil
331 776 427 823 autem
483 784 516 822 er
535 762 723 843 Evangelrnur
751 763 857 822 dicitur
876 762 995 835 oll'crrr,
1020 782 1058 821 eo
1078 707 1236 824 emdrditrr

112 843 208 904 omnis
228 862 351 921 operum
371 786 577 898 cortsidluatio.
626 838 715 911 Quod
738 862 803 899 cnm
823 841 889 899 alias
910 858 1012 917 saepe,
1042 850 1104 899 turu
1124 838 1235 897 duobus

112 921 184 981 locis
209 918 366 979 clarissime
385 913 492 974 Paulus
523 916 711 975 demonstrat.
753 918 825 975 Nam
845 918 880 975 ad
906 916 1055 975 llunronos
1075 914 1187 995 Legem
1208 926 1237 973 et

112 996 190 1056 Euan
214 994 301 1055 elium
323 994 399 1051 iuter
417 1012 450 1052 εε
469 990 641 1063 conserens,
660 991 797 1064 „lustitia
817 994 927 1070 (inquit
946 997 993 1063 10,
1012 988 1085 1055 5.ἐι
1101 996 1147 1071 9.)
1166 1008 1237 1069 quae

112 1094 167 1147 „ex
186 1016 265 1149 liege
286 1082 345 1143 εει,
370 1068 412 1127 sie
432 1066 535 1142 babet,
569 1067 630 1139 Qui
651 1068 754 1127 feeerit
774 1068 843 1127 bace
869 1070 972 1139 Ιιοιιιο,
1002 1068 1078 1127 viret
1102 1068 1132 1127 in
1155 1066 1234 1159 iptio:

112 1168 208 1227 „quae
228 1157 324 1206 autem
344 1142 412 1203 lidei
431 1156 490 1218 εει,
513 1144 621 1203 iustitia
639 1143 761 1203 salutem
782 1144 949 1218 denuntiat,
973 1144 1007 1203 Si
1030 1142 1192 1205 credideras
1209 1142 1235 1201 in

111 1223 224 1301 „corde
244 1234 307 1294 tuo,
327 1232 357 1279 et
378 1239 430 1279 ore
450 1218 599 1279 consessus
619 1218 709 1280 suecis
728 1219 888 1281 Dominum
907 1221 1014 1293 lesum,
1033 1233 1063 1279 et
1104 1220 1164 1279 uod
1184 1218 1237 1279 Par

112 1312 180 1375 „ter
199 1298 280 1358 illum
304 1297 450 1357 suscitavit
475 1316 492 1355 a
516 1296 667 1355 mortuis.“
720 1296 846 1357 Videsne
872 1310 903 1356 ut
922 1297 1008 1377 begis
1032 1309 1062 1357 et
1103 1294 1239 1387 'angelii

113 1374 268 1437 discrimen
288 1372 346 1433 boo
367 1373 462 1444 saciat,
481 1372 560 1449 quod
581 1369 630 1431 illa
643 1372 781 1451 operibus
802 1376 936 1433 iustitiam
958 1373 1077 1447 tribuat,
1096 1372 1239 1433 boccrtra

113 1472 237 1532 operum
256 1449 414 1509 subsidium
435 1447 588 1529 gratuitam
611 1448 767 1529 largiatur?
806 1450 931 1529 Insignis
952 1448 1043 1523 locus,
1062 1462 1093 1509 ει
1113 1450 1165 1529 qui
1187 1470 1240 1509 nor

112 1527 244 1589 amultis
265 1525 482 1585 difficultatibus
507 1524 646 1583 nutricare
667 1538 770 1604 queat,
798 1528 821 1585 si
843 1525 1052 1607 intelligamus,
1083 1548 1146 1586 eam
1168 1544 1240 1605 quae

113 1603 199 1665 uobis
219 1624 272 1683 per
291 1601 479 1683 Evangelium
499 1600 625 1659 donatur
644 1601 792 1675 iustitiam,
814 1602 898 1682 Legis
918 1601 1139 1663 cnrrditionibus
1159 1600 1240 1663 solu·

113 1694 172 1742 taur
193 1701 263 1741 esse.
303 1678 382 1739 llaec
406 1678 481 1737 ratio
508 1690 552 1736 est
576 1698 628 1735 cur
651 1689 731 1739 tanta
758 1680 968 1756 repugnantiae
996 1678 1092 1757 specie
1112 1677 1239 1758 promis·

112 1758 225 1817 sionem
244 1754 318 1835 Legi
339 1776 399 1813 non
418 1754 507 1812 semel
528 1766 676 1831 opponat:
696 1754 751 1826 „Si
772 1776 805 1813 ex
825 1756 905 1833 Lege
926 1767 968 1815 est
988 1756 1163 1827 baereditas,
1183 1750 1239 1815 iani

112 1854 174 1893 non
194 1843 238 1891 εει
257 1852 291 1891 ea
310 1830 524 1909 promissione*
544 1829 627 1906 (Gal.
647 1838 683 1903 3,
703 1838 781 1905 18),
814 1844 844 1891 ει
868 1852 943 1911 quae
961 1832 1065 1891 eodem
1086 1832 1184 1911 capite
1209 1850 1239 1889 ,ιι

112 1910 186 1969 banc
205 1909 378 1987 senteutiam
398 1906 552 1967 habentur.
598 1907 687 1971 Certo
708 1919 738 1966 et
757 1909 817 1967 Lex
840 1912 900 1997 ipsa
920 1928 985 1969 suaa
1005 1908 1094 1969 babet
1113 1906 1240 1988 promia·

111 1986 219 2049 tiones.
260 1985 360 2058 Quare
380 1984 410 2041 in
430 1982 670 2061 promissionibus
686 1984 869 2065 Euangeliou
889 1984 1054 2045 distinctum
1073 1982 1189 2064 aliquid
1206 2004 1238 2045 ac

113 2062 255 2122 diversum
276 2080 338 2119 esse
359 2070 489 2137 oportet.
509 2059 562 2117 nisi
575 2058 694 2120 velimus
714 2060 800 2120 lateri
819 2061 946 2139 ineptam
967 2081 1028 2121 esse
1042 2060 1239 2121 collationem.

114 2137 211 2212 Quale
230 2150 325 2196 autern
346 2134 421 2199 istud
442 2136 515 2207 erit,
535 2136 589 2195 nisi
603 2136 689 2225 quod
709 2138 850 2217 gratuitae
869 2149 952 2209 suut,
971 2158 1004 2196 ac
1023 2136 1084 2195 sola
1105 2138 1166 2195 Dei
1183 2136 1237 2197 ani-

112 2212 269 2275 aericordia
289 2210 435 2283 suffultae,
455 2232 543 2285 aruum
557 2212 641 2291 Legis
662 2214 869 2291 promissiones
881 2214 916 2272 ab
931 2234 1052 2291 operum
1066 2213 1240 2274 conditione

111 2288 278 2371 pendeant?
316 2291 421 2377 Neque
441 2286 487 2345 bic
505 2288 666 2367 obganniat
678 2290 831 2369 quispiam,
852 2288 998 2368 repudiari
1009 2310 1093 2368 quam
1115 2308 1149 2349 ex
1170 2308 1238 2369 pro·

113 2366 178 2445 prio
199 2378 289 2423 marte
309 2376 339 2423 et
363 2364 456 2423 libero
481 2364 604 2423 arbitrio
629 2364 764 2425 iustitium
790 2366 949 2425 obtrudere
968 2365 1035 2424 Deo
1055 2364 1161 2426 uolunt
1187 2364 1238 2427 bo·

113 2441 221 2503 mines:
242 2441 358 2519 quando
378 2439 441 2503 siue
462 2441 640 2517 exceptione.
653 2442 741 2501 docet
759 2442 865 2502 Paulus
884 2443 984 2519 (Rotas.
1000 2447 1029 2513 8,
1047 2448 1075 2504 2.
1094 2444 1163 2519 sn),
1183 2443 1238 2502 Le·

111 2538 179 2599 geru
198 2516 328 2575 iubendo
349 2513 419 2573 nibil
461 2517 592 2583 rude-sse:
613 2519 679 2595 quia
699 2540 787 2577 nemo
807 2532 851 2579 est
867 2522 920 2597 qni
941 2518 1069 2597 impleat,
1089 2540 1152 2579 non
1174 2531 1238 2580 tatt-

113 2607 173 2653 tum
203 2614 237 2651 ex
265 2592 369 2671 vulgo,
400 2536 458 2651 sed
483 2614 516 2651 ex
548 2594 761 2683 perdoctissimis
786 2596 958 2673 quibusque.
1002 2594 1133 2654 Dilectio
1156 2606 1238 2654 certe

133 2671 299 2748 raecipuum
324 2682 369 2733 est
395 2682 481 2746 caput
500 2669 604 2749 Legae:
635 2692 724 2749 quum
756 2672 791 2729 ad
817 2694 879 2731 eam
905 2694 959 2731 nos
983 2672 1090 2731 formet
1110 2671 1238 2753 Spiritus

76 2740 82 2747 ¹
111 2690 185 2816 bei,
211 2768 263 2805 cur
281 2766 342 2805 non
363 2757 408 2805 est
428 2746 512 2803 uobis
532 2746 656 2806 iustitiae
676 2768 774 2819 causa,
801 2749 854 2808 nisi
875 2750 953 2828 quod
974 2748 1004 2805 iu
1024 2748 1132 2807 sanctis
1152 2748 1238 2809 etiam

112 2823 212 2883 mutila
233 2834 286 2893 est,
306 2821 432 2899 ideoque
453 2842 506 2899 por·
524 2842 555 2881 sc
575 2822 645 2881 uilril
688 2825 752 2883 retii
773 2825 919 2883 meretur?

184 2904 231 2964 18.
269 2899 421 2958 Secundus
443 2898 522 2957 locus
543 2911 586 2958 est
605 2846 688 2977 (Gal.
707 2906 736 2973 3,
756 2909 803 2965 ll.
823 2914 853 2960 et
872 2906 947 2979 ἰ’ὶ.);
967 2901 1080 2975 „Quod
1102 2922 1136 2960 eu
1154 2900 1238 2981 Lege

110 2974 415 3066 „nemo'iustisrcetur
439 2975 514 3052 apud
534 2976 647 3048 Deum,
679 2976 861 3047 manifestum
888 2991 939 3035 est.
990 2979 1066 3069 Quia
1091 2978 1186 3069 iustus
1205 2998 1237 3037 ea

109 3052 328 3201 :Jiiid'iii'a
348 3052 689 3205 l‘tpttt‘tnft’tdl
710 3075 746 3203 ἴ
757 3054 1012 3207 &maliolli
1031 3054 1144 3207 [tall
1165 3054 1239 3191 2¹:15

110 3214 199 3261 staret
218 3216 436 3282 argumentum,
473 3204 526 3261 nisi
559 3206 714 3263 conueniat
738 3210 767 3265 in
792 3206 932 3265 caleulum
962 3208 1027 3265 lrdei
1052 3227 1114 3265 uon
1135 3206 1237 3287 uenire

110 3298 211 3356 opera,
230 3279 281 3337 sed
300 3300 419 3355 prorsus
438 3280 594 3357 separanda
608 3281 688 3339 osse?
729 3284 797 3353 Lex,
815 3284 918 3360 inquit,
938 3296 979 3341 est
1002 3305 1017 3342 a
1037 3284 1094 3342 fide
1115 3283 1238 3345 diversa.

111 3352 230 3427 Quare?
250 3354 412 3431 Propterea
425 3356 560 3433 qnod-'ad
582 3354 657 3415 illius
677 3358 815 3418 iustitiam
828 3380 917 3437 opera
937 3382 969 3417 re
993 3361 1141 3419 uiruntur:
1161 3380 1237 3443 ergo

109 3431 144 3491 ad
166 3430 248 3489 buius
269 3431 406 3501 iustitiam
425 3432 556 3509 sequitur
575 3454 636 3492 nou
657 3436 774 3512 requiri.
818 3438 860 3494 Ea
880 3439 931 3495 ista
951 3383 1093 3496 rdlatioue
1114 3448 1239 3515 apparet

109 3506 180 3565 citra
202 3527 323 3584 operum
344 3509 505 3579 meritunr,·
530 3508 588 3567 imo
610 3521 686 3568 extra
708 3532 830 3587 operum
850 3514 984 3571 meritum
1006 3512 1163 3587 iustificari,
1185 3516 1236 3593 qui

109 3582 166 3640 lide
187 3582 392 3656 iustificantur,
417 3584 486 3663 quia
504 3582 579 3646 ludes
600 3605 662 3643 earu
683 3610 768 3665 quarn
790 3588 869 3648 Euan
893 3588 979 3661 eliqru
1005 3590 1128 3669 largitur
1153 3589 1237 3649 iusti-

107 3658 175 3718 tiam
196 3659 310 3738 accipit.
349 3660 537 3743 Evangelinm
558 3673 654 3721 autem
676 3684 713 3722 eo
733 3665 846 3746 abege
867 3609 977 3739 diflert,
1016 3666 1074 3724 nod
1096 3666 1238 3743 operibus

108 3756 169 3794 uon
190 3734 237 3794 alli
260 3748 289 3795 ιι
308 3736 455 3810 iustitiam,
474 3739 524 3797 sed
545 3737 576 3795 in
595 3737 657 3798 sola
671 3738 729 3799 Dei
748 3741 947 3801 misericordia
967 3688 1100 3801 collocat.
1132 3741 1238 3803 Simile

107 3825 151 3871 est
190 3756 304 3873 nadad
324 3812 478 3875 Romanos
493 3815 649 3875 contendit
667 3818 773 3893 (dfe),
794 3818 938 3877 Abrabam
959 3838 1020 3876 non
1041 3818 1150 3877 babere
1169 3820 1238 3899 glo·

107 3832 200 3947 rianili
220 3888 385 3948 materiam:
417 3890 575 3968 quia'lidcs
594 3887 636 3948 illi
656 3891 685 3949 in
706 3893 843 3952 iustitiam
863 3895 901 3953 sit
921 3894 1072 3971 imputata:
1105 3915 1140 3951 ac
1161 3914 1236 3953 cou-

107 3962 300 4023 firmationem
320 3964 454 4037 subiicit,
475 3964 554 4045 quod
573 3976 636 4024 tum
656 3967 723 4027 fidei
743 3970 871 4028 iustitiae
891 3968 971 4027 locus
993 3982 1051 4037 est,
1081 3968 1132 4027 ubi
1154 3970 1236 4030 nulla

105 4050 173 4098 sunt
192 4059 283 4118 opera
303 4040 407 4119 quibus
427 4039 569 4100 debeatur
586 4063 707 4103 merces.
748 4044 807 4104 Ubi
826 4045 950 4124 (inquit)
970 4056 1038 4103 sunt
1056 4065 1158 4126 opera,
1177 4046 1238 4107 illis

104 4112 234 4175 debitum
254 4116 415 4194 praemium
434 4118 621 4197 expenditur:
642 4121 721 4212 quod
741 4122 827 4180 datur
846 4121 925 4195 fidei,
964 4121 1100 4181 ratuitum
1121 4134 1177 4198 est,
1195 4124 1238 4183 ei-

103 4188 221 4281 quidem
241 4191 465 4267 «struborum,
492 4193 596 4274 quibus
617 4193 678 4256 illrc
698 4199 804 4270 utitor,
828 4142 1006 4258 sensurias
1026 4218 1146 4289 quoque
1167 4219 1238 4279 per·

101 4276 186 4327 trnet.
226 4268 318 4341 Quod
336 4268 483 4332 subnectit
503 4269 654 4349 aliquanto
675 4283 743 4347 port
760 4272 862 4347 (Ronr.
883 4282 919 4347 ι,
938 4278 1015 4339 lod.
1034 4276 1102 4335 rdeo
1122 4293 1157 4333 er
1177 4275 1239 4337 lide
