2596 4726
415 149 470 261 nn
492 199 637 267 noenu
659 202 847 267 unusne.
943 162 947 173 ’
1177 216 1198 278 7

58 349 239 454 splendide
261 380 299 425 se
321 348 552 451 ingurgitant,
584 351 639 428 alii
665 351 825 431 tenuibus
851 351 1009 431 crustulis
1033 354 1198 450 victitant,

59 497 180 543 onrnes
203 485 321 543 tamen
352 498 395 543 ex
424 467 547 545 eadem
574 469 694 548 vivunt
719 469 805 561 olla,
835 499 926 573 quae
950 472 1026 547 sine
1048 470 1113 549 illis
1136 474 1196 559 fus

57 586 182 660 inentis
208 614 281 661 non
293 586 436 688 frigeret
453 585 575 676 modo,
603 585 663 663 sed
685 586 1073 692 penitnsconglaciaret.
1106 588 1194 667 Ideo

58 720 96 779 ut
121 703 271 805 quisque'
293 733 418 779 eorum
442 734 509 809 pro
535 722 656 780 ventre
683 722 734 781 cst
761 705 911 780 maxime
936 704 1119 798 suticitus,
1145 708 1193 783 ita

57 849 125 924 pro
149 849 211 895 sua
234 820 307 897 fede
317 821 593 925 deprehenditur
616 810 766 899 bellator
785 823 983 899 acerrimus.
1032 824 1195 928 Denique

57 939 128 1013 huc
154 936 199 1013 ad
226 966 337 1013 uuum
352 967 475 1025 omncs
490 939 706 1032 incumbunt,
726 940 780 1016 vel
798 957 837 1017 ut
850 941 1194 1044 regnumincolurne,

56 1056 112 1131 vel
134 1072 173 1132 ut
186 1073 345 1132 veratrum
371 1058 568 1135 confertum
593 1057 777 1134 retineant:
800 1087 904 1134 tremo
929 1056 985 1133 vol
1012 1059 1193 1136 minimam

58 1175 181 1251 sinceri
202 1174 264 1249 zeli
288 1173 348 1249 dat
370 1176 668 1280 significationem.
786 1224 790 1231 ·

156 1298 235 1371 Nec
247 1294 297 1369 sic
321 1310 439 1369 tamen
449 1294 611 1371 desinunt
626 1292 821 1371 doctrinam
842 1312 998 1373 nostram
1012 1296 1193 1387 incessere,

57 1428 90 1486 et
115 1411 244 1514 quibus
269 1429 417 1513 possunt
442 1413 643 1491 nominibus
655 1412 829 1513 criminari
858 1431 891 1490 et
912 1413 1095 1504 infamare,
1120 1442 1193 1517 quo

57 1529 111 1604 vel
140 1528 288 1605 invisam
314 1528 369 1606 vel
398 1549 595 1634 suspectam
627 1529 785 1608 reddant.
840 1536 981 1608 Novam
1017 1529 1193 1635 appellant

56 1663 89 1722 et
105 1675 221 1750 nuper
234 1664 369 1723 natam:
396 1645 539 1725 dubiam
552 1679 626 1726 esse
651 1667 685 1737 et
702 1650 869 1729 innectam
890 1648 1110 1725 cavillantur:
1133 1660 1193 1725 'ro-

55 1783 139 1868 gant
172 1764 299 1866 quibus
329 1769 537 1844 confirmata
566 1768 609 1843 sit
640 1767 814 1856 miraculis
820 1797 831 1871 ᾖ
865 1782 1039 1869 quaerunt
1071 1795 1114 1842 au
1150 1766 1194 1842 sit
1282 1780 1285 1789 '

55 1913 217 1988 aequum,
237 1901 277 1960 ut
301 1901 422 1960 contra
450 1900 502 1960 tot
525 1903 727 1962 sanctorum
752 1890 898 1960 Petrum
925 1890 1139 1959 consensum
1158 1902 1193 1959 et

57 2001 323 2077 vetustissimam
340 2003 628 2081 consuetudinem
639 1992 810 2093 obtineat:
836 2018 961 2103 urgent
979 2001 1192 2077 utschisma·

58 2120 161 2194 ticam
185 2149 260 2194 esse
291 2120 483 2216 fateamur,
522 2149 613 2223 quae
643 2135 765 2196 contra
783 2156 786 2161 ’
801 2117 982 2194 ecclesiam
1016 2116 1190 2221 proelium

59 2255 211 2314 nauseat:
240 2237 293 2313 rel
311 2235 490 2314 ecelesiam
501 2235 618 2313 multis
636 2234 780 2313 saeculis
790 2235 1058 2311 intermortuam
1074 2235 1191 2326 fuisse,

56 2354 181 2459 quibus
203 2354 287 2431 nillil
314 2353 382 2429 tale
403 2355 565 2433 auditum·
585 2354 664 2431 fuir.
711 2359 898 2429 Postremo
917 2351 1002 2428 nihil
1016 2382 1105 2456 opus
1116 2382 1196 2429 esse·

56 2473 150 2549 aiunt
175 2472 292 2547 multis
315 2473 549 2575 argumentis>
565 2470 676 2574 qualis
690 2473 782 2546 enim
803 2471 846 2546 sit
867 2470 1052 2548 iudicaria
1071 2469 1190 2546 fructi·

56 2591 120 2666 bus
147 2620 265 2694 posse:
299 2606 419 2691 utpote
443 2619 533 2692 quae
555 2607 689 2665 tantum
715 2596 886 2665 sectarum
922 2618 1104 2677 acervum,
1137 2605 1192 2663 tot

55 2708 265 2785 seditionum
304 2708 439 2797 turbas,
476 2725 607 2783 tantam
639 2706 800 2783 vitiorum
833 2705 1004 2783 licentiam
1047 2705 1189 2808 peperit

54 2825 193 2902 Scilicet
220 2854 390 2930 perquam
421 2824 484 2900 iltis
509 2824 612 2901 facile
642 2842 692 2900 est
725 2823 821 2926 apud
848 2820 1025 2898 credulam
1049 2825 1190 2926 imperi.

54 2962 197 3045 tamque
228 2942 484 3019 multitudinem
517 2942 673 3018 ‹lesertae
702 2970 826 3017 causac
857 2939 1038 3016 insultare:
1066 2968 1189 3016 acrum

54 3064 81 3137 si
107 3061 210 3137 nobis
237 3092 380 3164 cpuoque
407 3079 549 3137 mutuae
573 3076 685 3136 essent
705 3057 844 3134 dicendi
862 3058 971 3145 vices,
991 3055 1191 3133 deferveret

54 3181 221 3282 profecto
243 3179 330 3253 haec
359 3180 568 3268 acrimonia,
596 3206 665 3280 qua
692 3176 800 3251 sicin
830 3206 895 3250 nos
920 3173 1031 3278 plenis
1061 3173 1190 3264 buccis,

56 3327 94 3373 ac
118 3315 191 3371 tam
224 3296 495 3398 licenter·quaru
519 3297 663 3398 impune
689 3293 907 3396 despumant.
932 3335 984 3347 -
1036 3297 1067 3372 l.
1088 3292 1189 3368 Prin-

55 3417 144 3520 cipio
170 3444 300 3490 novam
328 3413 424 3516 quod
451 3411 644 3517 appellant,
675 3419 755 3486 Deo
781 3426 861 3487 sunt
886 3409 1112 3485 vehementer
1134 3410 1188 3484 in-

54 3535 142 3622 iurii,
166 3534 263 3609 cuius
286 3562 423 3606 sacrum
448 3531 597 3608 verbum
621 3528 782 3605 novitatis
804 3525 994 3603 insimulari
1020 3554 1093 3599 raon
1116 3554 1189 3600 me·

54 3651 204 3730 rebatur.
255 3648 483 3751 Illisqnidcm
504 3676 633 3723 noram
656 3675 731 3720 esse
748 3642 891 3719 minime
903 3640 1037 3732 dubito,
1061 3641 1189 3743 quibus

56 3786 90 3845 et
111 3769 270 3845 Christus
302 3797 415 3842 novus
449 3784 499 3840 est
533 3783 566 3839 ct
590 3760 817 3865 Evangelium
854 3789 1003 3835 novum:
1040 3757 1102 3834 sed
1128 3759 1191 3861 qui

56 3886 146 3961 illam
159 3885 261 3963 Pauli
277 3884 483 3959 concionem
496 3900 649 3957 veterem
661 3910 735 3955 csse
758 3892 940 3963 rsovorunt,
957 3882 1073 3951 lesum
1087 3873 1189 3951 Chri-

56 4020 144 4079 stum
157 4019 337 4079 mortuurn
352 4021 498 4105 propter
509 4016 649 4101 peccata
662 4013 792 4085 nostra,
806 3994 1031 4071 resurrexisse
1043 4007 1191 4105 propter

56 4120 334 4199 iustificationem
363 4135 517 4194 nostram
545 4119 674 4215 (Rom.
698 4118 733 4204 4,
756 4115 849 4209 25),
879 4110 963 4188 nihil
994 4107 1089 4212 apud
1121 4135 1190 4183 nos

57 4233 320 4341 deprehendent
345 4265 487 4315 novum.
546 4231 656 4333 Quod
688 4230 748 4307 diu
780 4229 955 4332 incognita
986 4223 1193 4328 sepultaque

58 4354 167 4447 latuit,
197 4356 374 4433 humanae
400 4352 588 4461 impietatis
609 4350 741 4428 crimen
772 4365 854 4432 estz·
872 4372 1098 4483 unusquam
1123 4334 1195 4423 Del
