2596 4726
131 206 190 269 224
522 194 599 257 Ltu.
620 196 673 257 tv,
714 194 803 259 CAP.
822 195 877 257 tv.

133 342 260 425 amplior
279 351 341 401 erat
361 358 442 421 ager,
461 340 512 417 qui
532 338 585 399 sub
607 339 668 401 eius
688 340 860 421 episcopatu
879 350 953 415 erat,
972 360 1060 421 qnam
1081 352 1117 403 ut
1134 340 1261 405 sufficere

134 420 271 483 omnibus
291 417 422 495 episcopi
441 416 546 475 muniis
565 414 676 495 ubique
695 430 805 508 posset,
824 438 878 498 per
897 421 992 497 ipsum
1011 438 1118 499 agrurn
1139 419 1262 511 designa-

133 500 241 561 bantur
261 495 346 555 certis
368 492 440 553 locis
460 492 634 570 presbyteri,
654 516 704 571 qur
724 496 755 577 'gr
774 494 938 554 minoribus
958 496 1090 575 negotiis
1110 496 1172 557 eius
1190 516 1261 557 rreer

135 576 263 636 obirent.
301 568 527 645 liosvocabant
545 568 783 650 chorepiscopos,
803 571 882 650 quod
902 590 958 650 per
976 570 1069 652 ipsam
1089 572 1261 653 prouinciam

135 653 306 732 episcopum
326 646 595 726 repraesentabant.
964 650 968 661 '

210 734 238 791 3.
279 723 337 783 Sed
364 734 502 802 quantum
532 720 566 779 ad
594 720 722 779 olhcium
742 723 864 795 attinet,
895 719 932 781 de
956 740 1126 803 quo·nune
1150 726 1261 817 agimru,

133 818 191 865 tam
213 801 382 893 episcopum
404 820 489 877 quam
514 796 702 876 presbyteros
722 798 804 857 verbi
829 810 859 857 et
882 811 1134 861 sacramentorum
1153 804 1261 881 duperi-

133 883 240 941 satiom
271 875 441 936 incumbere
468 875 610 952 oportuit.
659 874 735 933 Nam
755 873 948 951 Alexandriae
972 887 1087 937 tantum
1114 878 1261 958 (quonian

132 957 193 1017 illic
212 956 298 1014 Arius
317 950 466 1011 ecclesiam
487 949 667 1026 turbaverat)
687 950 852 1009 institutum
873 950 942 1025 luit,
962 973 1001 1011 ne
1020 952 1180 1035 presbyter
1198 974 1262 1014 cou-

135 1036 251 1093 cioucm
272 1029 308 1089 ad
338 1025 471 1107 ›opulum
491 1025 628 1097 haberet,
654 1038 688 1084 ut
707 1027 749 1084 ait
766 1026 904 1087 Socrates
929 1027 980 1087 lib.
1001 1050 1085 1089 nouo
1107 1030 1262 1111 tripartitae

133 1108 281 1169 historiae.
322 1051 413 1175 bned
439 1114 535 1160 tamen
557 1103 650 1179 ipsum
671 1102 867 1183 {lieronymus
888 1103 990 1183 [epist.
1011 1106 1047 1164 ad
1067 1104 1193 1189 Eraga]
1211 1105 1262 1167 sibi

134 1186 288 1275 displicere
308 1200 370 1239 non
391 1178 558 1238 dissimulat.
610 1178 700 1239 Certe
726 1180 816 1238 instar
837 1182 966 1259 portenti
985 1179 1120 1241 habiturn
1140 1180 1263 1257 estetsi

134 1285 198 1341 quis
219 1280 250 1319 se
269 1277 324 1339 pro
345 1256 485 1334 episcopo
505 1254 696 1327 venditasset,
722 1255 853 1334 quinon
874 1257 960 1315 etiam
986 1259 1102 1338 reipsa
1123 1258 1262 1320 exhibuis-

133 1349 178 1399 set
196 1354 296 1394 verum
317 1332 495 1411 episcopum.
538 1332 581 1390 Ea
601 1332 692 1411 igitur
712 1330 768 1391 luit
788 1344 953 1411 temporum
978 1332 1099 1393 illorum
1119 1337 1264 1409 severitas,

133 1425 167 1474 ut
187 1411 434 1477 ministriomnes
454 1408 490 1467 ad
510 1407 689 1487 implendum
709 1429 830 1483 munus,
862 1407 947 1487 quale
965 1408 1001 1468 ab
1029 1410 1100 1489 ipsis
1120 1410 1262 1473 Dominus

133 1489 266 1581 requirit,
286 1487 330 1547 mli
355 1497 481 1545 crentur.
522 1486 583 1544 Nec
604 1484 687 1545 unius
706 1496 821 1544 tautum
842 1486 943 1545 aetatis
961 1505 1075 1545 morem
1092 1488 1209 1551 resero:
1227 1490 1263 1547 si-

134 1567 251 1646 qurdem
278 1584 316 1622 ne
334 1504 659 1643 iiregoriieqnidem
691 1572 841 1640 tempore,
872 1582 932 1640 quo
961 1562 1084 1623 ecclesia
1115 1566 1175 1625 iam
1205 1564 1263 1624 lere

133 1642 260 1721 collapsa
280 1653 342 1700 erat
361 1642 456 1716 (certe
475 1637 597 1696 multum
617 1636 785 1716 abantiquo
804 1637 931 1717 puritate
943 1638 1201 1721 degeneraverat),
1217 1652 1262 1701 to-

112 1718 254 1779 .lerabile
279 1717 380 1776 luisset
399 1714 568 1793 episcopum
593 1713 719 1793 aliquem
738 1736 754 1773 a
781 1715 974 1775 concionibus
992 1715 1153 1777 abstinere.
1191 1716 1262 1793 „Sa-

132 1796 258 1873 „cerdus
278 1793 390 1871 (iuquit
408 1795 470 1871 ipse
490 1789 596 1851 alicubi
616 1792 699 1869 epist.
718 1793 780 1867 24.)
810 1790 951 1860 moritur,
981 1792 1006 1851 si
1030 1792 1067 1851 de
1095 1813 1133 1853 eo
1152 1794 1262 1855 sonitus

133 1893 215 1949 „non
236 1870 383 1930 audiatur:
418 1868 484 1946 quia
505 1868 575 1927 iram
596 1878 699 1927 contra
717 1886 749 1927 se
770 1867 879 1926 occulti
898 1867 1000 1928 iudicis
1021 1869 1130 1951 erigit,
1160 1868 1185 1929 si
1202 1869 1261 1930 sine

132 1948 250 2025 „sonitu
272 1944 495 2026 praedicationis
515 1944 653 2004 incedit.“
691 1944 730 2002 llt
749 1941 817 2003 alibi
838 1944 933 2024 [hom.
954 1944 985 2003 in
1005 1944 1262 2025 Ezech.11,2ss]a

132 2024 255 2101 „Quum
274 2034 398 2082 testatur
417 2020 523 2080 Paulus
542 2021 623 2098 (Act.
642 2025 689 2093 20,
701 2020 775 2110 26),
793 2040 825 2080 se
844 2020 983 2079 mundum
1004 2040 1067 2081 esse
1087 2043 1105 2083 a
1123 2026 1260 2105 sanguine

133 2100 298 2178 „omnium,
328 2098 358 2157 in
379 2097 431 2157 hac
451 2118 526 2156 voce
546 2117 600 2156 nos
620 2098 838 2171 convincimur,
870 2118 924 2157 nos
944 2098 1193 2181 constringimur,
1209 2118 1258 2159 not

132 2180 196 2255 „rei
217 2195 279 2236 esse
300 2175 491 2245 ostendimur,
512 2176 561 2252 qui
582 2171 757 2234 Sacerdotes
776 2192 925 2246 vocamur,
945 2174 994 2253 qui
1013 2195 1106 2255 super
1126 2196 1161 2236 ea
1180 2174 1257 2247 mala,

132 2274 228 2332 „quae
249 2252 367 2330 propria
389 2250 543 2321 hahemus,
562 2249 670 2309 alienas
689 2269 807 2329 quoque
826 2263 935 2311 rnortes
956 2250 1105 2313 addimus:
1131 2254 1200 2332 qnia
1217 2262 1257 2313 tot

133 2328 330 2406 „occidimus,
351 2339 425 2405 qum
450 2326 485 2385 ad
506 2339 633 2385 mortem
653 2326 695 2386 ire
715 2326 846 2404 quotidie
871 2326 964 2416 tepidi
984 2338 1014 2385 et
1032 2339 1165 2389 tacentes
1183 2328 1255 2390 vide·

131 2411 245 2482 „mus.“
284 2404 430 2462 Tacentes
454 2423 485 2460 se
511 2413 541 2460 et
560 2403 633 2462 alios
652 2414 754 2476 vocat,
778 2404 846 2482 quia
870 2425 965 2465 mrnus
989 2404 1095 2465 assidui
1117 2404 1255 2467 essemiu

132 2501 222 2559 opere
243 2501 326 2558 quarn
348 2480 529 2538 conveniret.
570 2480 670 2551 Quum
692 2500 729 2535 ne
750 2480 784 2539 iis
796 2480 913 2558 quidem
934 2493 1042 2558 pareat,
1062 2482 1115 2561 qui
1133 2477 1253 2543 osticium

133 2557 249 2617 dimidia
270 2577 302 2613 es
324 2568 406 2633 parte
426 2554 568 2634 agebant:
600 2554 670 2632 quid
699 2555 843 2615 facturum
871 2555 956 2615 luisse
987 2570 1072 2636 putas
1097 2559 1205 2639 siquis
1228 2556 1252 2615 in

131 2647 225 2695 toturn
247 2633 402 2691 cessasset?
456 2629 554 2690 Voluit
577 2651 649 2707 crgo
681 2631 731 2689 diu
762 2632 833 2691 illud
863 2633 892 2691 in
920 2633 1055 2708 ecclesia,
1088 2647 1122 2695 ut
1153 2636 1253 2713 primae

132 2710 261 2791 episcopi
281 2721 376 2788 partes
398 2720 509 2780 essent,
533 2710 674 2787 populum
695 2706 786 2767 verbo
808 2709 864 2767 Dei
884 2730 1017 2789 pascere,
1036 2730 1090 2771 sen
1110 2712 1253 2772 aedificare

132 2787 281 2849 ecclesiam
304 2786 419 2863 publice
440 2785 625 2865 aopriratim
646 2806 713 2844 sana
734 2784 878 2844 doctrina.

207 2871 234 2925 l.
276 2863 365 2937 Quod
398 2876 495 2922 atatem
528 2862 660 2941 singulae
690 2862 857 2941 provinciae
888 2882 977 2922 unum
1011 2861 1161 2924 habebant
1185 2863 1251 2923 iuter

131 2944 284 3022 episcopos
304 2940 553 3019 archiepiscopum
574 2940 627 3015 (cl‘.
646 2960 708 3018 cap.
722 2945 748 3003 7.
768 2961 789 2997 s.
801 2938 881 3014 15.):
902 2940 981 3018 quod
1001 2939 1072 2999 item
1092 2941 1123 3000 in
1136 2941 1251 3000 Nicaena

131 3019 249 3094 syuodo
271 3017 420 3076 constituti
441 3027 509 3074 sunt
529 3016 729 3085 Patriarcbae,
755 3016 804 3094 qui
826 3028 922 3075 essent
941 3016 1047 3076 ordine
1069 3030 1100 3076 et
1119 3016 1249 3099 dignitate

130 3092 357 3172 archiepiscopis
376 3093 556 3170 superiores,
587 3092 615 3148 iu
640 3092 676 3149 ad
697 3092 864 3169 disciplinae
889 3094 1144 3153 conseruationem
1170 3088 1249 3173 perti·

129 3171 228 3227 nebat.
269 3170 445 3246 Quanquam
465 3169 494 3225 in
516 3168 569 3225 hac
590 3168 787 3246 disputatione
808 3169 960 3247 praeteriri
981 3190 1040 3227 non
1055 3182 1165 3249 potest,
1182 3164 1250 3247 quod

130 3246 268 3304 rarissimi
289 3257 350 3302 erat
370 3267 445 3303 usus.
497 3242 546 3302 Ob
575 3243 648 3303 hanc
675 3245 763 3322 igitur
789 3267 901 3304 causam
927 3246 1112 3336 potissimum
1138 3241 1251 3305 instituti

129 3332 198 3380 suut
217 3318 258 3376 illi
279 3320 395 3399 gradus,
414 3332 448 3378 ut
466 3320 489 3378 si
509 3319 578 3397 quid
601 3321 627 3376 in
650 3321 769 3379 ccclesia
782 3321 912 3399 qualibet
931 3322 1086 3397 incideret,
1107 3322 1186 3403 quod
1198 3338 1251 3379 non

130 3407 228 3477 posset
248 3394 359 3454 benea
386 3397 482 3475 paucis
503 3396 645 3474 expediri,
671 3398 707 3454 ad
732 3398 874 3475 synodum
898 3398 1112 3489 provincialem
1138 3398 1251 3459 relerre·

35 3534 45 3559 x
130 3486 186 3533 tur.
227 3471 259 3529 Si
283 3472 453 3549 magnitudo
479 3472 699 3531 autdilsscultas
725 3494 825 3533 causae
851 3476 1250 3555 maioremquoquediscns·
1294 3480 1297 3495 ⁴

129 3551 241 3609 sionem
272 3548 446 3627 postularet,
478 3548 690 3608 adhibebantur
710 3549 893 3609 Patriarchae
914 3573 970 3610 uua
992 3573 1057 3610 curn
1079 3552 1211 3634 synodis,
1236 3566 1250 3606 a

130 3626 235 3705 quibus
255 3646 314 3683 nou
336 3636 411 3682 esset
431 3628 602 3703 provocatio
624 3628 676 3685 nisi
698 3626 731 3684 ad
754 3627 914 3686 universale
934 3628 1103 3688 concilium.
1144 3626 1250 3687 Guber-

128 3704 278 3761 nationem
298 3700 339 3760 sic
359 3704 544 3760 constitutam
566 3703 700 3761 nonnulli
720 3703 919 3762 llierarchiam
945 3715 1107 3780 vocarunt,
1138 3703 1249 3765 nomine

129 3782 178 3856 (ut
197 3778 268 3837 urihi
288 3777 417 3853 uidetur)
443 3778 623 3857 improprio,
654 3791 734 3838 certe
760 3779 918 3858 Scripturis
946 3781 1097 3841 inusitato.
1150 3780 1249 3841 Carere

128 3855 206 3913 enim
226 3853 319 3914 voluit
338 3855 464 3932 Spiritus
484 3868 613 3930 sanctus,
635 3876 671 3913 ne
693 3856 757 3934 quis
783 3857 977 3935 principatum
1004 3869 1054 3916 aut
1083 3854 1248 3917 dominatio·

128 3940 196 3989 nem
215 3933 384 4003 somniaret,
404 3952 492 4067 iprum
513 3931 549 3990 de
569 3931 707 3990 ecclesiae
723 3931 940 4013 gubernatione
960 3932 1066 4013 agitur.
1105 3926 1248 3993 Verumsi

127 4027 189 4066 rem
210 4007 318 4066 omisso
338 4028 410 4067 voca
435 4007 483 4066 ulo
504 4008 667 4082 intuemur,
688 4009 867 4084 reperiemus
886 4021 1000 4068 veteres
1021 4010 1177 4089 episcopos
1196 4023 1247 4066 non

126 4084 208 4143 aliam
229 4083 374 4164 regendae
394 4083 533 4144 ecclesiae
552 4084 676 4144 sormam
692 4085 815 4145 voluisse
836 4087 948 4168 lingere
968 4086 1004 4146 ab
1017 4106 1062 4163 ea,
1082 4107 1168 4166 quam
1177 4084 1246 4144 Deus

126 4159 218 4220 verbo
238 4181 292 4221 suo
311 4161 504 4240 praescripsit.

201 4242 230 4301 5.
269 4236 332 4296 Nec
351 4236 406 4297 alia
433 4251 502 4296 tunc
531 4234 586 4294 luit
606 4234 797 4296 diaconorum
824 4238 900 4298 ratio
922 4259 1008 4318 quam
1032 4236 1088 4299 sub
1107 4232 1244 4319 Apostoli

125 4310 178 4390 (cl.
190 4318 292 4399 caph
309 4334 333 4375 s.
347 4315 400 4393 6.).
441 4312 618 4377 Oblationes
638 4312 716 4375 enim
736 4312 865 4376 fidelium
886 4316 1074 4397 quotidianas
1093 4327 1125 4379 et
1142 4327 1242 4377 annuos
