<?xml version="1.0" encoding="UTF-8"?>
<!DOCTYPE html PUBLIC "-//W3C//DTD XHTML 1.0 Transitional//EN"
    "http://www.w3.org/TR/xhtml1/DTD/xhtml1-transitional.dtd">
<html xmlns="http://www.w3.org/1999/xhtml" xml:lang="en" lang="en">
 <head>
  <title>
</title>
<meta http-equiv="Content-Type" content="text/html;charset=utf-8" />
  <meta name='ocr-system' content='tesseract 3.04.00' />
  <meta name='ocr-capabilities' content='ocr_page ocr_carea ocr_par ocr_line ocrx_word'/>
</head>
<body>
  <div class='ocr_page' id='page_1' title='image "./ioanniscalvinii02tholgoog/ioanniscalvinii02tholgoog_0693.png"; bbox 0 0 2596 4726; ppageno 0'>
   <div class='ocr_carea' id='block_1_1' title="bbox 110 211 850 286">
    <p class='ocr_par' dir='ltr' id='par_1_1' title="bbox 110 211 850 286">
     <span class='ocr_line' id='line_1_1' title="bbox 110 211 850 286; baseline -0.018 0"><span class='ocrx_word' id='word_1_1' title='bbox 110 223 172 286; x_wconf 73' lang='lat' dir='ltr'>tta</span> <span class='ocrx_word' id='word_1_2' title='bbox 511 212 588 273; x_wconf 75' lang='grc' dir='ltr'>ΠΒ.</span> <span class='ocrx_word' id='word_1_3' title='bbox 607 211 661 271; x_wconf 87' lang='lat' dir='ltr'>tv.</span> <span class='ocrx_word' id='word_1_4' title='bbox 701 212 790 277; x_wconf 76' lang='lat' dir='ltr'>CAP.</span> <span class='ocrx_word' id='word_1_5' title='bbox 808 212 850 273; x_wconf 85' lang='grc' dir='ltr'>ΙΙ.</span> 
     </span>
    </p>
   </div>
   <div class='ocr_carea' id='block_1_2' title="bbox 116 356 1248 911">
    <p class='ocr_par' dir='ltr' id='par_1_2' title="bbox 116 356 1248 501">
     <span class='ocr_line' id='line_1_2' title="bbox 116 356 1248 501; baseline 0.003 -83"><span class='ocrx_word' id='word_1_6' title='bbox 116 358 392 501; x_wconf 49' lang='lat' dir='ltr'>fflffflssssquo</span> <span class='ocrx_word' id='word_1_7' title='bbox 421 356 546 442; x_wconf 82' lang='lat' dir='ltr'>legitimi</span> <span class='ocrx_word' id='word_1_8' title='bbox 565 358 695 419; x_wconf 85' lang='lat' dir='ltr'>fidelium</span> <span class='ocrx_word' id='word_1_9' title='bbox 714 368 817 421; x_wconf 83' lang='lat' dir='ltr'>coetus</span> <span class='ocrx_word' id='word_1_10' title='bbox 837 378 854 419; x_wconf 92' lang='lat' dir='ltr'>a</span> <span class='ocrx_word' id='word_1_11' title='bbox 873 356 1038 421; x_wconf 87' lang='lat' dir='ltr'>Turcarum</span> <span class='ocrx_word' id='word_1_12' title='bbox 1057 358 1248 423; x_wconf 80' lang='lat' dir='ltr'>conventibus</span> 
     </span>
    </p>

    <p class='ocr_par' dir='ltr' id='par_1_3' title="bbox 117 509 1248 911">
     <span class='ocr_line' id='line_1_3' title="bbox 193 509 1247 593; baseline 0.002 -24"><span class='ocrx_word' id='word_1_13' title='bbox 193 519 241 579; x_wconf 89' lang='lat'>11.</span> <span class='ocrx_word' id='word_1_14' title='bbox 278 512 322 572; x_wconf 90' lang='lat' dir='ltr'>Ut</span> <span class='ocrx_word' id='word_1_15' title='bbox 339 522 438 571; x_wconf 85' lang='lat' dir='ltr'>tamen</span> <span class='ocrx_word' id='word_1_16' title='bbox 456 510 616 571; x_wconf 86' lang='lat' dir='ltr'>tnanebant</span> <span class='ocrx_word' id='word_1_17' title='bbox 635 510 706 571; x_wconf 91' lang='lat' dir='ltr'>olim</span> <span class='ocrx_word' id='word_1_18' title='bbox 732 511 811 572; x_wconf 89' lang='lat' dir='ltr'>inter</span> <span class='ocrx_word' id='word_1_19' title='bbox 830 509 957 571; x_wconf 88' lang='lat' dir='ltr'>Iudaeos</span> <span class='ocrx_word' id='word_1_20' title='bbox 977 509 1146 592; x_wconf 78' lang='lat' dir='ltr'>peculiam</span> <span class='ocrx_word' id='word_1_21' title='bbox 1164 530 1247 593; x_wconf 85' lang='lat' dir='ltr'>quae-</span> 
     </span>
     <span class='ocr_line' id='line_1_4' title="bbox 117 586 1248 680; baseline -0.004 -29"><span class='ocrx_word' id='word_1_22' title='bbox 117 590 185 651; x_wconf 91' lang='lat' dir='ltr'>dam</span> <span class='ocrx_word' id='word_1_23' title='bbox 205 586 344 649; x_wconf 89' lang='lat' dir='ltr'>ecelesiae</span> <span class='ocrx_word' id='word_1_24' title='bbox 361 587 590 678; x_wconf 72' lang='lat' dir='ltr'>praerogativae,</span> <span class='ocrx_word' id='word_1_25' title='bbox 609 586 657 678; x_wconf 67' lang='lat'>⁵3³.</span> <span class='ocrx_word' id='word_1_26' title='bbox 670 607 725 647; x_wconf 91' lang='lat' dir='ltr'>nee</span> <span class='ocrx_word' id='word_1_27' title='bbox 744 588 834 680; x_wconf 81' lang='lat' dir='ltr'>bodie</span> <span class='ocrx_word' id='word_1_28' title='bbox 850 587 976 679; x_wconf 65' lang='lat' dir='ltr'>Dapistis</span> <span class='ocrx_word' id='word_1_29' title='bbox 995 587 1163 679; x_wconf 79' lang='lat' dir='ltr'>adimimus,</span> <span class='ocrx_word' id='word_1_30' title='bbox 1182 605 1248 668; x_wconf 87' lang='lat' dir='ltr'>quae</span> 
     </span>
     <span class='ocr_line' id='line_1_5' title="bbox 119 662 1248 801; baseline 0.001 -3"><span class='ocrx_word' id='word_1_31' title='bbox 119 685 273 759; x_wconf 89' lang='grc' dir='ltr'><strong>Ρ</strong></span> <span class='ocrx_word' id='word_1_32' title='bbox 294 663 1014 801; x_wconf 45' lang='lat' dir='ltr'>‘itrisse§narniensesn</span> <span class='ocrx_word' id='word_1_33' title='bbox 1033 662 1248 800; x_wconf 61' lang='lat' dir='ltr'>taint</span> 
     </span>
     <span class='ocr_line' id='line_1_6' title="bbox 117 743 1247 911; baseline -0.003 -33"><span class='ocrx_word' id='word_1_34' title='bbox 117 744 206 911; x_wconf 50' lang='lat' dir='ltr'>iiiios</span> <span class='ocrx_word' id='word_1_35' title='bbox 222 743 362 877; x_wconf 53' lang='lat' dir='ltr'>biblitdtc</span> <span class='ocrx_word' id='word_1_36' title='bbox 380 814 533 876; x_wconf 83' lang='lat' dir='ltr'>subnixum</span> <span class='ocrx_word' id='word_1_37' title='bbox 553 825 656 876; x_wconf 88' lang='lat' dir='ltr'>contra</span> <span class='ocrx_word' id='word_1_38' title='bbox 677 761 983 901; x_wconf 46' lang='lat' dir='ltr'>eordiriiiinpietatem</span> <span class='ocrx_word' id='word_1_39' title='bbox 1000 784 1167 877; x_wconf 66' lang='lat' dir='ltr'>inluetando</span> <span class='ocrx_word' id='word_1_40' title='bbox 1186 760 1247 897; x_wconf 49' lang='lat' dir='ltr'>pogen</span> 
     </span>
    </p>
   </div>
   <div class='ocr_carea' id='block_1_3' title="bbox 71 891 1250 4178">
    <p class='ocr_par' dir='ltr' id='par_1_4' title="bbox 71 891 1250 2346">
     <span class='ocr_line' id='line_1_7' title="bbox 117 891 1247 1028; baseline -0.004 -73"><span class='ocrx_word' id='word_1_41' title='bbox 117 894 256 968; x_wconf 74' lang='lat' dir='ltr'>sistebat,</span> <span class='ocrx_word' id='word_1_42' title='bbox 280 912 367 973; x_wconf 90' lang='lat' dir='ltr'>quam</span> <span class='ocrx_word' id='word_1_43' title='bbox 390 891 426 951; x_wconf 94' lang='lat' dir='ltr'>ab</span> <span class='ocrx_word' id='word_1_44' title='bbox 447 891 503 951; x_wconf 90' lang='lat' dir='ltr'>illis</span> <span class='ocrx_word' id='word_1_45' title='bbox 524 892 760 953; x_wconf 81' lang='lat' dir='ltr'>conservabatur.</span> <span class='ocrx_word' id='word_1_46' title='bbox 812 892 898 965; x_wconf 87' lang='lat' dir='ltr'>Quae</span> <span class='ocrx_word' id='word_1_47' title='bbox 922 894 1019 1028; x_wconf 74' lang='lat' dir='ltr'>itaque</span> <span class='ocrx_word' id='word_1_48' title='bbox 1040 892 1190 953; x_wconf 77' lang='lat' dir='ltr'>certitudo</span> <span class='ocrx_word' id='word_1_49' title='bbox 1209 902 1247 951; x_wconf 85' lang='lat' dir='ltr'>est</span> 
     </span>
     <span class='ocr_line' id='line_1_8' title="bbox 117 966 1246 1043; baseline -0.004 -10"><span class='ocrx_word' id='word_1_50' title='bbox 117 992 153 1033; x_wconf 90' lang='lat' dir='ltr'>ac</span> <span class='ocrx_word' id='word_1_51' title='bbox 173 969 336 1033; x_wconf 82' lang='lat' dir='ltr'>constantia</span> <span class='ocrx_word' id='word_1_52' title='bbox 355 968 468 1027; x_wconf 88' lang='lat' dir='ltr'>divinae</span> <span class='ocrx_word' id='word_1_53' title='bbox 489 966 643 1041; x_wconf 87' lang='lat' dir='ltr'>bonitatis,</span> <span class='ocrx_word' id='word_1_54' title='bbox 661 969 810 1029; x_wconf 75' lang='lat' dir='ltr'>residebat</span> <span class='ocrx_word' id='word_1_55' title='bbox 830 970 888 1029; x_wconf 90' lang='lat' dir='ltr'>illic</span> <span class='ocrx_word' id='word_1_56' title='bbox 908 968 957 1030; x_wconf 85' lang='lat' dir='ltr'>loe</span> <span class='ocrx_word' id='word_1_57' title='bbox 979 992 1011 1029; x_wconf 92' lang='lat' dir='ltr'>us</span> <span class='ocrx_word' id='word_1_58' title='bbox 1032 968 1176 1043; x_wconf 83' lang='lat' dir='ltr'>Domini,</span> <span class='ocrx_word' id='word_1_59' title='bbox 1197 986 1246 1028; x_wconf 87' lang='lat' dir='ltr'>nee</span> 
     </span>
     <span class='ocr_line' id='line_1_9' title="bbox 119 1043 1246 1133; baseline -0.005 -25"><span class='ocrx_word' id='word_1_60' title='bbox 119 1048 274 1109; x_wconf 77' lang='lat' dir='ltr'>obliterari</span> <span class='ocrx_word' id='word_1_61' title='bbox 299 1044 415 1105; x_wconf 89' lang='lat' dir='ltr'>illorum</span> <span class='ocrx_word' id='word_1_62' title='bbox 440 1043 562 1133; x_wconf 83' lang='lat' dir='ltr'>perfidia</span> <span class='ocrx_word' id='word_1_63' title='bbox 587 1056 707 1123; x_wconf 87' lang='lat' dir='ltr'>poterat</span> <span class='ocrx_word' id='word_1_64' title='bbox 727 1045 788 1105; x_wconf 88' lang='lat' dir='ltr'>eius</span> <span class='ocrx_word' id='word_1_65' title='bbox 813 1044 899 1105; x_wconf 87' lang='lat' dir='ltr'>fides:</span> <span class='ocrx_word' id='word_1_66' title='bbox 925 1065 982 1105; x_wconf 89' lang='lat' dir='ltr'>nec</span> <span class='ocrx_word' id='word_1_67' title='bbox 1005 1044 1132 1125; x_wconf 82' lang='lat' dir='ltr'>impuris</span> <span class='ocrx_word' id='word_1_68' title='bbox 1151 1064 1246 1105; x_wconf 90' lang='lat' dir='ltr'>eorum</span> 
     </span>
     <span class='ocr_line' id='line_1_10' title="bbox 119 1119 1248 1213; baseline -0.004 -29"><span class='ocrx_word' id='word_1_69' title='bbox 119 1124 253 1184; x_wconf 89' lang='lat' dir='ltr'>manibus</span> <span class='ocrx_word' id='word_1_70' title='bbox 271 1119 421 1202; x_wconf 81' lang='lat' dir='ltr'>profanari</span> <span class='ocrx_word' id='word_1_71' title='bbox 439 1131 478 1179; x_wconf 92' lang='lat' dir='ltr'>ita</span> <span class='ocrx_word' id='word_1_72' title='bbox 505 1120 687 1195; x_wconf 86' lang='lat' dir='ltr'>circumcisio</span> <span class='ocrx_word' id='word_1_73' title='bbox 706 1132 838 1213; x_wconf 88' lang='lat' dir='ltr'>poterat,</span> <span class='ocrx_word' id='word_1_74' title='bbox 858 1122 928 1200; x_wconf 93' lang='lat' dir='ltr'>quin</span> <span class='ocrx_word' id='word_1_75' title='bbox 948 1120 1034 1181; x_wconf 83' lang='lat' dir='ltr'>simul</span> <span class='ocrx_word' id='word_1_76' title='bbox 1053 1140 1160 1181; x_wconf 84' lang='lat' dir='ltr'>verum</span> <span class='ocrx_word' id='word_1_77' title='bbox 1178 1132 1248 1181; x_wconf 86' lang='lat' dir='ltr'>esset</span> 
     </span>
     <span class='ocr_line' id='line_1_11' title="bbox 118 1195 1249 1287; baseline -0.005 -26"><span class='ocrx_word' id='word_1_78' title='bbox 118 1203 234 1281; x_wconf 87' lang='lat' dir='ltr'>signum</span> <span class='ocrx_word' id='word_1_79' title='bbox 253 1209 285 1258; x_wconf 88' lang='lat' dir='ltr'>ct</span> <span class='ocrx_word' id='word_1_80' title='bbox 302 1207 512 1257; x_wconf 86' lang='lat' dir='ltr'>sacramentum</span> <span class='ocrx_word' id='word_1_81' title='bbox 523 1196 584 1257; x_wconf 90' lang='lat' dir='ltr'>eius</span> <span class='ocrx_word' id='word_1_82' title='bbox 602 1196 740 1258; x_wconf 79' lang='lat' dir='ltr'>foederis.</span> <span class='ocrx_word' id='word_1_83' title='bbox 778 1197 867 1257; x_wconf 90' lang='lat' dir='ltr'>Unde</span> <span class='ocrx_word' id='word_1_84' title='bbox 886 1197 1007 1272; x_wconf 78' lang='lat' dir='ltr'>liberos,</span> <span class='ocrx_word' id='word_1_85' title='bbox 1020 1196 1072 1287; x_wconf 90' lang='lat' dir='ltr'>qui</span> <span class='ocrx_word' id='word_1_86' title='bbox 1081 1195 1140 1257; x_wconf 90' lang='lat' dir='ltr'>illis</span> <span class='ocrx_word' id='word_1_87' title='bbox 1152 1214 1249 1255; x_wconf 87' lang='lat' dir='ltr'>nasce-</span> 
     </span>
     <span class='ocr_line' id='line_1_12' title="bbox 118 1270 1249 1353; baseline -0.003 -19"><span class='ocrx_word' id='word_1_88' title='bbox 118 1276 244 1347; x_wconf 84' lang='lat' dir='ltr'>bantur,</span> <span class='ocrx_word' id='word_1_89' title='bbox 272 1293 340 1333; x_wconf 93' lang='lat' dir='ltr'>suos</span> <span class='ocrx_word' id='word_1_90' title='bbox 359 1271 504 1331; x_wconf 87' lang='lat' dir='ltr'>Dominus</span> <span class='ocrx_word' id='word_1_91' title='bbox 528 1271 651 1333; x_wconf 77' lang='lat' dir='ltr'>vocabat</span> <span class='ocrx_word' id='word_1_92' title='bbox 670 1274 791 1350; x_wconf 83' lang='lat' dir='ltr'>(Eaecb.</span> <span class='ocrx_word' id='word_1_93' title='bbox 810 1280 863 1345; x_wconf 86' lang='lat'>16,</span> <span class='ocrx_word' id='word_1_94' title='bbox 881 1277 970 1349; x_wconf 78' lang='lat' dir='ltr'>un.)=-</span> <span class='ocrx_word' id='word_1_95' title='bbox 987 1294 1039 1353; x_wconf 92' lang='lat' dir='ltr'>qui</span> <span class='ocrx_word' id='word_1_96' title='bbox 1058 1272 1117 1333; x_wconf 86' lang='lat' dir='ltr'>nisi</span> <span class='ocrx_word' id='word_1_97' title='bbox 1136 1270 1249 1353; x_wconf 85' lang='lat' dir='ltr'>speciali</span> 
     </span>
     <span class='ocr_line' id='line_1_13' title="bbox 119 1347 1248 1429; baseline -0.005 -16"><span class='ocrx_word' id='word_1_98' title='bbox 119 1350 344 1423; x_wconf 90' lang='lat' dir='ltr'>benedictione,</span> <span class='ocrx_word' id='word_1_99' title='bbox 371 1347 444 1407; x_wconf 88' lang='lat' dir='ltr'>nibil</span> <span class='ocrx_word' id='word_1_100' title='bbox 471 1348 593 1409; x_wconf 90' lang='lat' dir='ltr'>adeum</span> <span class='ocrx_word' id='word_1_101' title='bbox 640 1350 810 1410; x_wconf 87' lang='lat' dir='ltr'>ertinerent.</span> <span class='ocrx_word' id='word_1_102' title='bbox 855 1350 916 1410; x_wconf 92' lang='lat' dir='ltr'>Sed</span> <span class='ocrx_word' id='word_1_103' title='bbox 934 1370 1024 1429; x_wconf 88' lang='lat' dir='ltr'>quum</span> <span class='ocrx_word' id='word_1_104' title='bbox 1043 1348 1151 1409; x_wconf 86' lang='lat' dir='ltr'>suedos</span> <span class='ocrx_word' id='word_1_105' title='bbox 1171 1368 1248 1409; x_wconf 86' lang='lat' dir='ltr'>suum</span> 
     </span>
     <span class='ocr_line' id='line_1_14' title="bbox 119 1420 1249 1509; baseline -0.006 -19"><span class='ocrx_word' id='word_1_106' title='bbox 119 1432 152 1490; x_wconf 92' lang='lat' dir='ltr'>in</span> <span class='ocrx_word' id='word_1_107' title='bbox 171 1424 280 1501; x_wconf 87' lang='lat' dir='ltr'>Gallia,</span> <span class='ocrx_word' id='word_1_108' title='bbox 296 1423 394 1497; x_wconf 90' lang='lat' dir='ltr'>ltalia,</span> <span class='ocrx_word' id='word_1_109' title='bbox 414 1422 587 1498; x_wconf 83' lang='lat' dir='ltr'>Germania,</span> <span class='ocrx_word' id='word_1_110' title='bbox 637 1426 760 1506; x_wconf 89' lang='lat' dir='ltr'>ispania,</span> <span class='ocrx_word' id='word_1_111' title='bbox 779 1426 887 1509; x_wconf 77' lang='lat' dir='ltr'>Anglia</span> <span class='ocrx_word' id='word_1_112' title='bbox 907 1420 1093 1505; x_wconf 79' lang='lat' dir='ltr'>deposuerit:</span> <span class='ocrx_word' id='word_1_113' title='bbox 1115 1424 1167 1485; x_wconf 94' lang='lat' dir='ltr'>iibi</span> <span class='ocrx_word' id='word_1_114' title='bbox 1186 1425 1249 1485; x_wconf 87' lang='lat' dir='ltr'>illae</span> 
     </span>
     <span class='ocr_line' id='line_1_15' title="bbox 119 1500 1249 1586; baseline -0.006 -21"><span class='ocrx_word' id='word_1_115' title='bbox 119 1504 289 1586; x_wconf 88' lang='lat' dir='ltr'>provinciae</span> <span class='ocrx_word' id='word_1_116' title='bbox 307 1500 480 1562; x_wconf 81' lang='lat' dir='ltr'>Antichristi</span> <span class='ocrx_word' id='word_1_117' title='bbox 497 1501 651 1580; x_wconf 81' lang='lat' dir='ltr'>tyrannide</span> <span class='ocrx_word' id='word_1_118' title='bbox 671 1522 826 1582; x_wconf 84' lang='lat' dir='ltr'>oppressae</span> <span class='ocrx_word' id='word_1_119' title='bbox 845 1513 930 1575; x_wconf 89' lang='lat' dir='ltr'>sunt,</span> <span class='ocrx_word' id='word_1_120' title='bbox 948 1522 1008 1582; x_wconf 92' lang='lat' dir='ltr'>quo</span> <span class='ocrx_word' id='word_1_121' title='bbox 1028 1513 1130 1561; x_wconf 92' lang='lat' dir='ltr'>tamen</span> <span class='ocrx_word' id='word_1_122' title='bbox 1150 1500 1249 1563; x_wconf 77' lang='lat' dir='ltr'>foedus</span> 
     </span>
     <span class='ocr_line' id='line_1_16' title="bbox 119 1574 1249 1658; baseline -0.004 -17"><span class='ocrx_word' id='word_1_123' title='bbox 119 1601 204 1643; x_wconf 89' lang='lat' dir='ltr'>suum</span> <span class='ocrx_word' id='word_1_124' title='bbox 223 1574 391 1639; x_wconf 84' lang='lat' dir='ltr'>inviolabile</span> <span class='ocrx_word' id='word_1_125' title='bbox 410 1590 559 1652; x_wconf 89' lang='lat' dir='ltr'>maneret,</span> <span class='ocrx_word' id='word_1_126' title='bbox 577 1578 756 1658; x_wconf 89' lang='lat' dir='ltr'>Baptismum</span> <span class='ocrx_word' id='word_1_127' title='bbox 776 1578 871 1658; x_wconf 90' lang='lat' dir='ltr'>primo</span> <span class='ocrx_word' id='word_1_128' title='bbox 892 1578 951 1637; x_wconf 91' lang='lat' dir='ltr'>illic</span> <span class='ocrx_word' id='word_1_129' title='bbox 970 1578 1171 1653; x_wconf 79' lang='lat' dir='ltr'>conservarit,</span> <span class='ocrx_word' id='word_1_130' title='bbox 1190 1576 1249 1637; x_wconf 81' lang='lat' dir='ltr'>loe·</span> 
     </span>
     <span class='ocr_line' id='line_1_17' title="bbox 121 1653 1249 1733; baseline -0.004 -15"><span class='ocrx_word' id='word_1_131' title='bbox 121 1658 199 1718; x_wconf 88' lang='lat' dir='ltr'>deris</span> <span class='ocrx_word' id='word_1_132' title='bbox 218 1654 418 1716; x_wconf 89' lang='lat' dir='ltr'>testimonium</span> <span class='ocrx_word' id='word_1_133' title='bbox 438 1655 486 1732; x_wconf 89' lang='lat' dir='ltr'>qui</span> <span class='ocrx_word' id='word_1_134' title='bbox 507 1654 568 1714; x_wconf 91' lang='lat' dir='ltr'>eius</span> <span class='ocrx_word' id='word_1_135' title='bbox 589 1674 642 1713; x_wconf 91' lang='lat' dir='ltr'>nre</span> <span class='ocrx_word' id='word_1_136' title='bbox 661 1667 864 1730; x_wconf 86' lang='lat' dir='ltr'>consecratus,</span> <span class='ocrx_word' id='word_1_137' title='bbox 889 1654 978 1715; x_wconf 85' lang='lat' dir='ltr'>invita</span> <span class='ocrx_word' id='word_1_138' title='bbox 1004 1653 1132 1713; x_wconf 88' lang='lat' dir='ltr'>bumana</span> <span class='ocrx_word' id='word_1_139' title='bbox 1151 1654 1249 1733; x_wconf 90' lang='lat' dir='ltr'>impie·</span> 
     </span>
     <span class='ocr_line' id='line_1_18' title="bbox 120 1728 1250 1811; baseline -0.004 -15"><span class='ocrx_word' id='word_1_140' title='bbox 120 1745 193 1809; x_wconf 81' lang='lat' dir='ltr'>tate,</span> <span class='ocrx_word' id='word_1_141' title='bbox 209 1733 269 1793; x_wconf 83' lang='lat' dir='ltr'>vini</span> <span class='ocrx_word' id='word_1_142' title='bbox 288 1752 368 1792; x_wconf 85' lang='lat' dir='ltr'>suam</span> <span class='ocrx_word' id='word_1_143' title='bbox 379 1729 501 1790; x_wconf 90' lang='lat' dir='ltr'>retinet:</span> <span class='ocrx_word' id='word_1_144' title='bbox 522 1730 628 1790; x_wconf 90' lang='lat' dir='ltr'>deinde</span> <span class='ocrx_word' id='word_1_145' title='bbox 646 1752 697 1791; x_wconf 88' lang='lat' dir='ltr'>sua</span> <span class='ocrx_word' id='word_1_146' title='bbox 717 1731 900 1811; x_wconf 76' lang='lat' dir='ltr'>providentia</span> <span class='ocrx_word' id='word_1_147' title='bbox 911 1730 1021 1805; x_wconf 84' lang='lat' dir='ltr'>ellecit,</span> <span class='ocrx_word' id='word_1_148' title='bbox 1040 1742 1074 1791; x_wconf 89' lang='lat' dir='ltr'>ut</span> <span class='ocrx_word' id='word_1_149' title='bbox 1091 1728 1167 1790; x_wconf 90' lang='lat' dir='ltr'>aliae</span> <span class='ocrx_word' id='word_1_150' title='bbox 1178 1748 1250 1810; x_wconf 88' lang='lat' dir='ltr'>quo·</span> 
     </span>
     <span class='ocr_line' id='line_1_19' title="bbox 122 1806 1250 1890; baseline -0.004 -20"><span class='ocrx_word' id='word_1_151' title='bbox 122 1830 180 1890; x_wconf 89' lang='lat' dir='ltr'>que</span> <span class='ocrx_word' id='word_1_152' title='bbox 200 1809 341 1889; x_wconf 90' lang='lat' dir='ltr'>reliquiae</span> <span class='ocrx_word' id='word_1_153' title='bbox 361 1818 520 1879; x_wconf 81' lang='lat' dir='ltr'>exstarent,</span> <span class='ocrx_word' id='word_1_154' title='bbox 545 1827 584 1866; x_wconf 92' lang='lat' dir='ltr'>ne</span> <span class='ocrx_word' id='word_1_155' title='bbox 609 1807 729 1868; x_wconf 86' lang='lat' dir='ltr'>ecclesia</span> <span class='ocrx_word' id='word_1_156' title='bbox 755 1829 875 1888; x_wconf 89' lang='lat' dir='ltr'>prorsus</span> <span class='ocrx_word' id='word_1_157' title='bbox 898 1806 1043 1866; x_wconf 84' lang='lat' dir='ltr'>interiret</span> <span class='ocrx_word' id='word_1_158' title='bbox 1089 1808 1134 1866; x_wconf 76' lang='lat' dir='ltr'>At</span> <span class='ocrx_word' id='word_1_159' title='bbox 1151 1826 1250 1887; x_wconf 87' lang='lat' dir='ltr'>quein-</span> 
     </span>
     <span class='ocr_line' id='line_1_20' title="bbox 71 1882 1249 1962; baseline -0.004 -15"><span class='ocrx_word' id='word_1_160' title='bbox 71 1940 74 1946; x_wconf 94' lang='lat'><em>.</em></span> <span class='ocrx_word' id='word_1_161' title='bbox 121 1886 279 1947; x_wconf 89' lang='lat' dir='ltr'>admodum</span> <span class='ocrx_word' id='word_1_162' title='bbox 304 1885 345 1943; x_wconf 91' lang='lat' dir='ltr'>ita</span> <span class='ocrx_word' id='word_1_163' title='bbox 375 1902 462 1962; x_wconf 88' lang='lat' dir='ltr'>saepe</span> <span class='ocrx_word' id='word_1_164' title='bbox 488 1882 643 1944; x_wconf 89' lang='lat' dir='ltr'>diruuntur</span> <span class='ocrx_word' id='word_1_165' title='bbox 662 1884 808 1960; x_wconf 87' lang='lat' dir='ltr'>aedificia,</span> <span class='ocrx_word' id='word_1_166' title='bbox 838 1895 872 1944; x_wconf 89' lang='lat' dir='ltr'>ut</span> <span class='ocrx_word' id='word_1_167' title='bbox 890 1882 1080 1944; x_wconf 82' lang='lat' dir='ltr'>fundamenta</span> <span class='ocrx_word' id='word_1_168' title='bbox 1101 1894 1137 1944; x_wconf 74' lang='lat' dir='ltr'>ct·</span> <span class='ocrx_word' id='word_1_169' title='bbox 1152 1883 1249 1943; x_wconf 80' lang='lat' dir='ltr'>ruinae</span> 
     </span>
     <span class='ocr_line' id='line_1_21' title="bbox 121 1958 1248 2038; baseline -0.002 -17"><span class='ocrx_word' id='word_1_170' title='bbox 121 1974 275 2034; x_wconf 90' lang='lat' dir='ltr'>maneant,</span> <span class='ocrx_word' id='word_1_171' title='bbox 299 1961 339 2019; x_wconf 87' lang='lat' dir='ltr'>ita</span> <span class='ocrx_word' id='word_1_172' title='bbox 363 1981 425 2019; x_wconf 93' lang='lat' dir='ltr'>non</span> <span class='ocrx_word' id='word_1_173' title='bbox 450 1979 549 2038; x_wconf 88' lang='lat' dir='ltr'>passus</span> <span class='ocrx_word' id='word_1_174' title='bbox 575 1972 618 2020; x_wconf 92' lang='lat' dir='ltr'>est</span> <span class='ocrx_word' id='word_1_175' title='bbox 638 1960 787 2021; x_wconf 87' lang='lat' dir='ltr'>ecclesiam</span> <span class='ocrx_word' id='word_1_176' title='bbox 807 1982 887 2021; x_wconf 90' lang='lat' dir='ltr'>suam</span> <span class='ocrx_word' id='word_1_177' title='bbox 910 1959 947 2020; x_wconf 92' lang='lat' dir='ltr'>ab</span> <span class='ocrx_word' id='word_1_178' title='bbox 966 1958 1153 2020; x_wconf 77' lang='lat' dir='ltr'>Antichristo</span> <span class='ocrx_word' id='word_1_179' title='bbox 1172 1958 1248 2019; x_wconf 82' lang='lat' dir='ltr'>vela</span> 
     </span>
     <span class='ocr_line' id='line_1_22' title="bbox 122 2034 1247 2118; baseline -0.004 -20"><span class='ocrx_word' id='word_1_180' title='bbox 122 2038 315 2099; x_wconf 79' lang='lat' dir='ltr'>fundamento</span> <span class='ocrx_word' id='word_1_181' title='bbox 341 2035 492 2110; x_wconf 85' lang='lat' dir='ltr'>subverti,</span> <span class='ocrx_word' id='word_1_182' title='bbox 521 2035 568 2096; x_wconf 82' lang='lat' dir='ltr'>vel</span> <span class='ocrx_word' id='word_1_183' title='bbox 598 2037 663 2096; x_wconf 89' lang='lat' dir='ltr'>solo</span> <span class='ocrx_word' id='word_1_184' title='bbox 687 2037 805 2118; x_wconf 87' lang='lat' dir='ltr'>aequari</span> <span class='ocrx_word' id='word_1_185' title='bbox 829 2039 995 2116; x_wconf 90' lang='lat' dir='ltr'>(utcunque</span> <span class='ocrx_word' id='word_1_186' title='bbox 1014 2035 1052 2095; x_wconf 92' lang='lat' dir='ltr'>ad</span> <span class='ocrx_word' id='word_1_187' title='bbox 1073 2034 1247 2114; x_wconf 81' lang='lat' dir='ltr'>puniendam</span> 
     </span>
     <span class='ocr_line' id='line_1_23' title="bbox 121 2110 1247 2192; baseline -0.003 -18"><span class='ocrx_word' id='word_1_188' title='bbox 121 2114 275 2175; x_wconf 89' lang='lat' dir='ltr'>bominum</span> <span class='ocrx_word' id='word_1_189' title='bbox 294 2112 552 2192; x_wconf 77' lang='lat' dir='ltr'>ingratitudinem,</span> <span class='ocrx_word' id='word_1_190' title='bbox 571 2113 621 2191; x_wconf 89' lang='lat' dir='ltr'>qui</span> <span class='ocrx_word' id='word_1_191' title='bbox 640 2115 761 2174; x_wconf 87' lang='lat' dir='ltr'>verbum</span> <span class='ocrx_word' id='word_1_192' title='bbox 781 2135 864 2174; x_wconf 90' lang='lat' dir='ltr'>suum</span> <span class='ocrx_word' id='word_1_193' title='bbox 884 2125 1001 2173; x_wconf 91' lang='lat' dir='ltr'>contem</span> <span class='ocrx_word' id='word_1_194' title='bbox 1023 2124 1140 2189; x_wconf 85' lang='lat' dir='ltr'>serant,</span> <span class='ocrx_word' id='word_1_195' title='bbox 1158 2110 1247 2173; x_wconf 87' lang='lat' dir='ltr'>borri-</span> 
     </span>
     <span class='ocr_line' id='line_1_24' title="bbox 120 2134 1247 2270; baseline -0.003 -20"><span class='ocrx_word' id='word_1_196' title='bbox 120 2191 211 2251; x_wconf 91' lang='lat' dir='ltr'>bilem</span> <span class='ocrx_word' id='word_1_197' title='bbox 235 2188 448 2270; x_wconf 86' lang='lat' dir='ltr'>quassationem</span> <span class='ocrx_word' id='word_1_198' title='bbox 474 2209 507 2248; x_wconf 89' lang='lat' dir='ltr'>ae</span> <span class='ocrx_word' id='word_1_199' title='bbox 528 2186 729 2249; x_wconf 89' lang='lat' dir='ltr'>disiectionem</span> <span class='ocrx_word' id='word_1_200' title='bbox 752 2190 817 2249; x_wconf 85' lang='lat' dir='ltr'>lieri</span> <span class='ocrx_word' id='word_1_201' title='bbox 837 2134 1033 2268; x_wconf 68' lang='lat' dir='ltr'>permiseriti,</span> <span class='ocrx_word' id='word_1_202' title='bbox 1055 2188 1110 2250; x_wconf 91' lang='lat' dir='ltr'>scd</span> <span class='ocrx_word' id='word_1_203' title='bbox 1134 2188 1247 2269; x_wconf 86' lang='lat' dir='ltr'>abipsa</span> 
     </span>
     <span class='ocr_line' id='line_1_25' title="bbox 120 2264 1081 2346; baseline -0.002 -20"><span class='ocrx_word' id='word_1_204' title='bbox 120 2285 240 2346; x_wconf 91' lang='lat' dir='ltr'>qnoque</span> <span class='ocrx_word' id='word_1_205' title='bbox 259 2264 422 2327; x_wconf 77' lang='lat' dir='ltr'>vastatione</span> <span class='ocrx_word' id='word_1_206' title='bbox 439 2265 610 2324; x_wconf 89' lang='lat' dir='ltr'>semirutum</span> <span class='ocrx_word' id='word_1_207' title='bbox 628 2265 791 2326; x_wconf 86' lang='lat' dir='ltr'>aedificium</span> <span class='ocrx_word' id='word_1_208' title='bbox 808 2285 958 2346; x_wconf 89' lang='lat' dir='ltr'>superesse</span> <span class='ocrx_word' id='word_1_209' title='bbox 976 2265 1081 2326; x_wconf 85' lang='lat' dir='ltr'>voluit.</span> 
     </span>
    </p>

    <p class='ocr_par' dir='ltr' id='par_1_5' title="bbox 116 2340 1247 4178">
     <span class='ocr_line' id='line_1_26' title="bbox 197 2340 1247 2422; baseline 0.001 -24"><span class='ocrx_word' id='word_1_210' title='bbox 197 2347 243 2405; x_wconf 79' lang='lat'>12.</span> <span class='ocrx_word' id='word_1_211' title='bbox 284 2340 386 2413; x_wconf 87' lang='lat' dir='ltr'>Quum</span> <span class='ocrx_word' id='word_1_212' title='bbox 417 2360 490 2422; x_wconf 89' lang='lat' dir='ltr'>ergo</span> <span class='ocrx_word' id='word_1_213' title='bbox 521 2342 662 2402; x_wconf 87' lang='lat' dir='ltr'>ecelesiae</span> <span class='ocrx_word' id='word_1_214' title='bbox 687 2343 804 2402; x_wconf 91' lang='lat' dir='ltr'>titulum</span> <span class='ocrx_word' id='word_1_215' title='bbox 834 2363 897 2402; x_wconf 87' lang='lat' dir='ltr'>non</span> <span class='ocrx_word' id='word_1_216' title='bbox 926 2342 1101 2421; x_wconf 87' lang='lat' dir='ltr'>simpliciter</span> <span class='ocrx_word' id='word_1_217' title='bbox 1122 2340 1247 2402; x_wconf 78' lang='lat' dir='ltr'>volomus</span> 
     </span>
     <span class='ocr_line' id='line_1_27' title="bbox 121 2414 1247 2507; baseline -0.002 -28"><span class='ocrx_word' id='word_1_218' title='bbox 121 2418 286 2479; x_wconf 88' lang='lat' dir='ltr'>concedere</span> <span class='ocrx_word' id='word_1_219' title='bbox 306 2414 445 2507; x_wconf 87' lang='lat' dir='ltr'>Papistis,</span> <span class='ocrx_word' id='word_1_220' title='bbox 476 2438 538 2476; x_wconf 93' lang='lat' dir='ltr'>unii</span> <span class='ocrx_word' id='word_1_221' title='bbox 568 2418 636 2477; x_wconf 90' lang='lat' dir='ltr'>ideo</span> <span class='ocrx_word' id='word_1_222' title='bbox 663 2419 798 2479; x_wconf 89' lang='lat' dir='ltr'>ecelesias</span> <span class='ocrx_word' id='word_1_223' title='bbox 821 2418 897 2499; x_wconf 88' lang='lat' dir='ltr'>apud</span> <span class='ocrx_word' id='word_1_224' title='bbox 919 2438 970 2479; x_wconf 88' lang='lat' dir='ltr'>eos</span> <span class='ocrx_word' id='word_1_225' title='bbox 995 2438 1057 2479; x_wconf 89' lang='lat' dir='ltr'>esse</span> <span class='ocrx_word' id='word_1_226' title='bbox 1081 2417 1247 2491; x_wconf 78' lang='lat' dir='ltr'>inficiamur,</span> 
     </span>
     <span class='ocr_line' id='line_1_28' title="bbox 119 2491 1245 2575; baseline -0.004 -18"><span class='ocrx_word' id='word_1_227' title='bbox 119 2493 172 2557; x_wconf 84' lang='lat' dir='ltr'>sed</span> <span class='ocrx_word' id='word_1_228' title='bbox 197 2505 309 2552; x_wconf 89' lang='lat' dir='ltr'>tantum</span> <span class='ocrx_word' id='word_1_229' title='bbox 333 2491 480 2571; x_wconf 74' lang='lat' dir='ltr'>litigamus</span> <span class='ocrx_word' id='word_1_230' title='bbox 505 2493 628 2552; x_wconf 87' lang='lat' dir='ltr'>devera</span> <span class='ocrx_word' id='word_1_231' title='bbox 656 2507 686 2553; x_wconf 90' lang='lat' dir='ltr'>et</span> <span class='ocrx_word' id='word_1_232' title='bbox 711 2494 839 2575; x_wconf 83' lang='lat' dir='ltr'>legitima</span> <span class='ocrx_word' id='word_1_233' title='bbox 865 2494 1004 2555; x_wconf 88' lang='lat' dir='ltr'>eeclesiae</span> <span class='ocrx_word' id='word_1_234' title='bbox 1029 2494 1245 2567; x_wconf 89' lang='lat' dir='ltr'>constitutione,</span> 
     </span>
     <span class='ocr_line' id='line_1_29' title="bbox 121 2567 1245 2653; baseline -0.001 -23"><span class='ocrx_word' id='word_1_235' title='bbox 121 2571 245 2651; x_wconf 89' lang='lat' dir='ltr'>quaein</span> <span class='ocrx_word' id='word_1_236' title='bbox 266 2567 476 2630; x_wconf 88' lang='lat' dir='ltr'>communione</span> <span class='ocrx_word' id='word_1_237' title='bbox 496 2591 561 2629; x_wconf 89' lang='lat' dir='ltr'>curn</span> <span class='ocrx_word' id='word_1_238' title='bbox 589 2590 753 2643; x_wconf 88' lang='lat' dir='ltr'>sacrorum,</span> <span class='ocrx_word' id='word_1_239' title='bbox 780 2592 854 2650; x_wconf 89' lang='lat' dir='ltr'>quac</span> <span class='ocrx_word' id='word_1_240' title='bbox 874 2572 954 2653; x_wconf 87' lang='lat' dir='ltr'>signa</span> <span class='ocrx_word' id='word_1_241' title='bbox 973 2572 1033 2630; x_wconf 90' lang='lat' dir='ltr'>sint</span> <span class='ocrx_word' id='word_1_242' title='bbox 1052 2570 1245 2652; x_wconf 78' lang='lat' dir='ltr'>professionis,</span> 
     </span>
     <span class='ocr_line' id='line_1_30' title="bbox 121 2643 1244 2725; baseline -0.004 -17"><span class='ocrx_word' id='word_1_243' title='bbox 121 2661 184 2708; x_wconf 89' lang='lat' dir='ltr'>tum</span> <span class='ocrx_word' id='word_1_244' title='bbox 195 2666 269 2707; x_wconf 77' lang='lat' dir='ltr'>vero</span> <span class='ocrx_word' id='word_1_245' title='bbox 289 2643 470 2725; x_wconf 87' lang='lat' dir='ltr'>potissimum</span> <span class='ocrx_word' id='word_1_246' title='bbox 483 2644 634 2705; x_wconf 90' lang='lat' dir='ltr'>doctrinae</span> <span class='ocrx_word' id='word_1_247' title='bbox 655 2647 822 2725; x_wconf 87' lang='lat' dir='ltr'>requiritur.</span> <span class='ocrx_word' id='word_1_248' title='bbox 859 2649 1071 2707; x_wconf 76' lang='lat' dir='ltr'>Antichristum</span> <span class='ocrx_word' id='word_1_249' title='bbox 1092 2644 1244 2725; x_wconf 88' lang='lat' dir='ltr'>intemplo</span> 
     </span>
     <span class='ocr_line' id='line_1_31' title="bbox 120 2721 1243 2802; baseline -0.002 -18"><span class='ocrx_word' id='word_1_250' title='bbox 120 2725 179 2784; x_wconf 89' lang='lat' dir='ltr'>Dei</span> <span class='ocrx_word' id='word_1_251' title='bbox 199 2744 343 2784; x_wconf 86' lang='lat' dir='ltr'>sessurum</span> <span class='ocrx_word' id='word_1_252' title='bbox 362 2721 570 2801; x_wconf 83' lang='lat' dir='ltr'>praedixerunt</span> <span class='ocrx_word' id='word_1_253' title='bbox 588 2722 694 2783; x_wconf 87' lang='lat' dir='ltr'>Daniel</span> <span class='ocrx_word' id='word_1_254' title='bbox 714 2736 744 2782; x_wconf 90' lang='lat' dir='ltr'>et</span> <span class='ocrx_word' id='word_1_255' title='bbox 764 2724 870 2784; x_wconf 89' lang='lat' dir='ltr'>Paulus</span> <span class='ocrx_word' id='word_1_256' title='bbox 889 2725 979 2802; x_wconf 92' lang='lat' dir='ltr'>(Dan.</span> <span class='ocrx_word' id='word_1_257' title='bbox 990 2732 1020 2799; x_wconf 83' lang='lat'>9,</span> <span class='ocrx_word' id='word_1_258' title='bbox 1031 2730 1078 2789; x_wconf 78' lang='lat'>27.</span> <span class='ocrx_word' id='word_1_259' title='bbox 1100 2724 1243 2783; x_wconf 79' lang='lat' dir='ltr'>ILTbett·</span> 
     </span>
     <span class='ocr_line' id='line_1_32' title="bbox 120 2796 1244 2937; baseline -0.008 -73"><span class='ocrx_word' id='word_1_260' title='bbox 120 2810 151 2877; x_wconf 78' lang='lat'>2,</span> <span class='ocrx_word' id='word_1_261' title='bbox 163 2802 222 2937; x_wconf 52' lang='lat' dir='ltr'>lp:</span> <span class='ocrx_word' id='word_1_262' title='bbox 243 2799 319 2860; x_wconf 88' lang='lat' dir='ltr'>illius</span> <span class='ocrx_word' id='word_1_263' title='bbox 338 2796 473 2859; x_wconf 84' lang='lat' dir='ltr'>scelerati</span> <span class='ocrx_word' id='word_1_264' title='bbox 494 2811 524 2858; x_wconf 89' lang='lat' dir='ltr'>et</span> <span class='ocrx_word' id='word_1_265' title='bbox 543 2798 731 2859; x_wconf 85' lang='lat' dir='ltr'>abominandi</span> <span class='ocrx_word' id='word_1_266' title='bbox 752 2803 835 2883; x_wconf 90' lang='lat' dir='ltr'>regni</span> <span class='ocrx_word' id='word_1_267' title='bbox 849 2801 949 2859; x_wconf 91' lang='lat' dir='ltr'>ducem</span> <span class='ocrx_word' id='word_1_268' title='bbox 971 2813 1001 2860; x_wconf 90' lang='lat' dir='ltr'>et</span> <span class='ocrx_word' id='word_1_269' title='bbox 1019 2802 1244 2883; x_wconf 88' lang='lat' dir='ltr'>antesignanum,</span> 
     </span>
     <span class='ocr_line' id='line_1_33' title="bbox 121 2872 1243 2965; baseline -0.006 -28"><span class='ocrx_word' id='word_1_270' title='bbox 121 2900 178 2956; x_wconf 89' lang='lat' dir='ltr'>apii</span> <span class='ocrx_word' id='word_1_271' title='bbox 212 2875 576 2938; x_wconf 81' lang='lat' dir='ltr'>noslaeimusllomanum</span> <span class='ocrx_word' id='word_1_272' title='bbox 588 2876 771 2937; x_wconf 88' lang='lat' dir='ltr'>Pontificem.</span> <span class='ocrx_word' id='word_1_273' title='bbox 811 2878 1068 2951; x_wconf 87' lang='lat' dir='ltr'>Quodsedcseius</span> <span class='ocrx_word' id='word_1_274' title='bbox 1089 2880 1121 2937; x_wconf 92' lang='lat' dir='ltr'>in</span> <span class='ocrx_word' id='word_1_275' title='bbox 1142 2872 1243 2965; x_wconf 87' lang='lat' dir='ltr'>templo</span> 
     </span>
     <span class='ocr_line' id='line_1_34' title="bbox 119 2948 1243 3034; baseline -0.005 -21"><span class='ocrx_word' id='word_1_276' title='bbox 119 2955 180 3013; x_wconf 89' lang='lat' dir='ltr'>Dei</span> <span class='ocrx_word' id='word_1_277' title='bbox 194 2953 364 3027; x_wconf 88' lang='lat' dir='ltr'>collocatur,</span> <span class='ocrx_word' id='word_1_278' title='bbox 383 2954 422 3010; x_wconf 92' lang='lat' dir='ltr'>ita</span> <span class='ocrx_word' id='word_1_279' title='bbox 443 2952 584 3029; x_wconf 86' lang='lat' dir='ltr'>innuitur,</span> <span class='ocrx_word' id='word_1_280' title='bbox 604 2953 662 3012; x_wconf 86' lang='lat' dir='ltr'>tale</span> <span class='ocrx_word' id='word_1_281' title='bbox 682 2956 747 3014; x_wconf 86' lang='lat' dir='ltr'>sore</span> <span class='ocrx_word' id='word_1_282' title='bbox 768 2956 828 3013; x_wconf 91' lang='lat' dir='ltr'>eius</span> <span class='ocrx_word' id='word_1_283' title='bbox 848 2955 1062 3034; x_wconf 84' lang='lat' dir='ltr'>regniimquod</span> <span class='ocrx_word' id='word_1_284' title='bbox 1075 2975 1132 3014; x_wconf 89' lang='lat' dir='ltr'>nec</span> <span class='ocrx_word' id='word_1_285' title='bbox 1145 2948 1243 3014; x_wconf 83' lang='lat' dir='ltr'>Christi</span> 
     </span>
     <span class='ocr_line' id='line_1_35' title="bbox 120 3027 1243 3111; baseline -0.002 -22"><span class='ocrx_word' id='word_1_286' title='bbox 120 3052 176 3090; x_wconf 91' lang='lat' dir='ltr'>nec</span> <span class='ocrx_word' id='word_1_287' title='bbox 196 3030 336 3090; x_wconf 87' lang='lat' dir='ltr'>ecelesiae</span> <span class='ocrx_word' id='word_1_288' title='bbox 355 3048 466 3087; x_wconf 89' lang='lat' dir='ltr'>nomen</span> <span class='ocrx_word' id='word_1_289' title='bbox 476 3027 602 3088; x_wconf 83' lang='lat' dir='ltr'>aboleat</span> <span class='ocrx_word' id='word_1_290' title='bbox 641 3030 718 3091; x_wconf 87' lang='lat' dir='ltr'>Hinc</span> <span class='ocrx_word' id='word_1_291' title='bbox 738 3032 920 3111; x_wconf 82' lang='lat' dir='ltr'>igiturpatet</span> <span class='ocrx_word' id='word_1_292' title='bbox 935 3051 989 3090; x_wconf 92' lang='lat' dir='ltr'>nos</span> <span class='ocrx_word' id='word_1_293' title='bbox 1001 3032 1122 3092; x_wconf 90' lang='lat' dir='ltr'>minime</span> <span class='ocrx_word' id='word_1_294' title='bbox 1135 3044 1243 3110; x_wconf 80' lang='lat' dir='ltr'>negare,</span> 
     </span>
     <span class='ocr_line' id='line_1_36' title="bbox 120 3102 1243 3187; baseline -0.001 -23"><span class='ocrx_word' id='word_1_295' title='bbox 120 3107 191 3184; x_wconf 90' lang='lat' dir='ltr'>quin</span> <span class='ocrx_word' id='word_1_296' title='bbox 211 3106 265 3165; x_wconf 90' lang='lat' dir='ltr'>sub</span> <span class='ocrx_word' id='word_1_297' title='bbox 286 3106 477 3184; x_wconf 92' lang='lat' dir='ltr'>eiusquoque</span> <span class='ocrx_word' id='word_1_298' title='bbox 497 3104 655 3179; x_wconf 86' lang='lat' dir='ltr'>tyrannide</span> <span class='ocrx_word' id='word_1_299' title='bbox 675 3107 814 3168; x_wconf 84' lang='lat' dir='ltr'>ecclesiae</span> <span class='ocrx_word' id='word_1_300' title='bbox 833 3117 983 3165; x_wconf 84' lang='lat' dir='ltr'>maneant:</span> <span class='ocrx_word' id='word_1_301' title='bbox 1003 3108 1055 3169; x_wconf 88' lang='lat' dir='ltr'>sed</span> <span class='ocrx_word' id='word_1_302' title='bbox 1075 3128 1148 3187; x_wconf 85' lang='lat' dir='ltr'>quas</span> <span class='ocrx_word' id='word_1_303' title='bbox 1166 3102 1243 3166; x_wconf 86' lang='lat' dir='ltr'>sacri·</span> 
     </span>
     <span class='ocr_line' id='line_1_37' title="bbox 120 3180 1243 3271; baseline 0.001 -33"><span class='ocrx_word' id='word_1_304' title='bbox 120 3181 186 3261; x_wconf 85' lang='lat' dir='ltr'>lega</span> <span class='ocrx_word' id='word_1_305' title='bbox 206 3180 357 3259; x_wconf 88' lang='lat' dir='ltr'>impietate</span> <span class='ocrx_word' id='word_1_306' title='bbox 398 3180 552 3251; x_wconf 90' lang='lat' dir='ltr'>rofanarit,</span> <span class='ocrx_word' id='word_1_307' title='bbox 572 3201 642 3271; x_wconf 85' lang='lat' dir='ltr'>quas</span> <span class='ocrx_word' id='word_1_308' title='bbox 661 3183 780 3242; x_wconf 89' lang='lat' dir='ltr'>immani</span> <span class='ocrx_word' id='word_1_309' title='bbox 794 3183 1165 3257; x_wconf 84' lang='lat' dir='ltr'>dominationeafflixerit,</span> <span class='ocrx_word' id='word_1_310' title='bbox 1183 3198 1243 3261; x_wconf 80' lang='lat' dir='ltr'>quat</span> 
     </span>
     <span class='ocr_line' id='line_1_38' title="bbox 120 3202 1245 3353; baseline 0.002 -38"><span class='ocrx_word' id='word_1_311' title='bbox 120 3255 201 3315; x_wconf 89' lang='lat' dir='ltr'>malis</span> <span class='ocrx_word' id='word_1_312' title='bbox 223 3268 253 3314; x_wconf 93' lang='lat' dir='ltr'>et</span> <span class='ocrx_word' id='word_1_313' title='bbox 272 3202 435 3315; x_wconf 66' lang='lat' dir='ltr'>exitialibus</span> <span class='ocrx_word' id='word_1_314' title='bbox 459 3255 611 3344; x_wconf 74' lang='lat' dir='ltr'>doctrinis,</span> <span class='ocrx_word' id='word_1_315' title='bbox 631 3277 683 3318; x_wconf 89' lang='lat' dir='ltr'>ceu</span> <span class='ocrx_word' id='word_1_316' title='bbox 709 3260 856 3319; x_wconf 88' lang='lat' dir='ltr'>venenatis</span> <span class='ocrx_word' id='word_1_317' title='bbox 879 3260 1060 3337; x_wconf 87' lang='lat' dir='ltr'>potionibus,</span> <span class='ocrx_word' id='word_1_318' title='bbox 1078 3258 1245 3353; x_wconf 85' lang='lat' dir='ltr'>corruperit,</span> 
     </span>
     <span class='ocr_line' id='line_1_39' title="bbox 121 3331 1245 3413; baseline 0.004 -22"><span class='ocrx_word' id='word_1_319' title='bbox 121 3342 153 3391; x_wconf 87' lang='lat' dir='ltr'>et</span> <span class='ocrx_word' id='word_1_320' title='bbox 179 3331 394 3410; x_wconf 89' lang='lat' dir='ltr'>propemodum</span> <span class='ocrx_word' id='word_1_321' title='bbox 420 3334 565 3405; x_wconf 86' lang='lat' dir='ltr'>enecarit,</span> <span class='ocrx_word' id='word_1_322' title='bbox 590 3335 747 3413; x_wconf 86' lang='lat' dir='ltr'>inquibus</span> <span class='ocrx_word' id='word_1_323' title='bbox 771 3337 973 3413; x_wconf 90' lang='lat' dir='ltr'>semisepultus</span> <span class='ocrx_word' id='word_1_324' title='bbox 999 3337 1090 3397; x_wconf 87' lang='lat' dir='ltr'>lateat</span> <span class='ocrx_word' id='word_1_325' title='bbox 1110 3338 1245 3407; x_wconf 81' lang='lat' dir='ltr'>Christus,</span> 
     </span>
     <span class='ocr_line' id='line_1_40' title="bbox 120 3406 1244 3497; baseline 0 -30"><span class='ocrx_word' id='word_1_326' title='bbox 120 3406 260 3496; x_wconf 77' lang='lat' dir='ltr'>obrutum</span> <span class='ocrx_word' id='word_1_327' title='bbox 280 3406 486 3487; x_wconf 83' lang='lat' dir='ltr'>Evangelium,</span> <span class='ocrx_word' id='word_1_328' title='bbox 516 3408 674 3497; x_wconf 86' lang='lat' dir='ltr'>profligata</span> <span class='ocrx_word' id='word_1_329' title='bbox 693 3411 803 3491; x_wconf 88' lang='lat' dir='ltr'>pietas,</span> <span class='ocrx_word' id='word_1_330' title='bbox 833 3412 926 3471; x_wconf 87' lang='lat' dir='ltr'>cultus</span> <span class='ocrx_word' id='word_1_331' title='bbox 946 3412 1004 3472; x_wconf 87' lang='lat' dir='ltr'>Dei</span> <span class='ocrx_word' id='word_1_332' title='bbox 1028 3416 1092 3473; x_wconf 84' lang='lat' dir='ltr'>sere</span> <span class='ocrx_word' id='word_1_333' title='bbox 1112 3412 1244 3474; x_wconf 79' lang='lat' dir='ltr'>abolitos:</span> 
     </span>
     <span class='ocr_line' id='line_1_41' title="bbox 119 3482 1245 3571; baseline 0.006 -28"><span class='ocrx_word' id='word_1_334' title='bbox 119 3484 150 3543; x_wconf 93' lang='lat' dir='ltr'>in</span> <span class='ocrx_word' id='word_1_335' title='bbox 171 3482 276 3562; x_wconf 87' lang='lat' dir='ltr'>quibus</span> <span class='ocrx_word' id='word_1_336' title='bbox 296 3482 363 3540; x_wconf 92' lang='lat' dir='ltr'>deni</span> <span class='ocrx_word' id='word_1_337' title='bbox 387 3503 423 3540; x_wconf 94' lang='lat' dir='ltr'>iie</span> <span class='ocrx_word' id='word_1_338' title='bbox 443 3503 541 3542; x_wconf 91' lang='lat' dir='ltr'>omnia</span> <span class='ocrx_word' id='word_1_339' title='bbox 560 3486 600 3544; x_wconf 90' lang='lat' dir='ltr'>sic</span> <span class='ocrx_word' id='word_1_340' title='bbox 620 3488 678 3546; x_wconf 89' lang='lat' dir='ltr'>sint</span> <span class='ocrx_word' id='word_1_341' title='bbox 697 3489 888 3562; x_wconf 88' lang='lat' dir='ltr'>conturbata,</span> <span class='ocrx_word' id='word_1_342' title='bbox 914 3501 946 3548; x_wconf 89' lang='lat' dir='ltr'>ut</span> <span class='ocrx_word' id='word_1_343' title='bbox 966 3488 1129 3570; x_wconf 88' lang='lat' dir='ltr'>Babylonis</span> <span class='ocrx_word' id='word_1_344' title='bbox 1154 3487 1245 3571; x_wconf 75' lang='lat' dir='ltr'>potius</span> 
     </span>
     <span class='ocr_line' id='line_1_42' title="bbox 120 3504 1246 3650; baseline 0.005 -31"><span class='ocrx_word' id='word_1_345' title='bbox 120 3580 208 3650; x_wconf 86' lang='lat' dir='ltr'>quani</span> <span class='ocrx_word' id='word_1_346' title='bbox 228 3557 354 3619; x_wconf 72' lang='lat' dir='ltr'>cititatis</span> <span class='ocrx_word' id='word_1_347' title='bbox 366 3504 432 3616; x_wconf 74' lang='lat' dir='ltr'>bei</span> <span class='ocrx_word' id='word_1_348' title='bbox 451 3571 573 3620; x_wconf 83' lang='lat' dir='ltr'>sanetae</span> <span class='ocrx_word' id='word_1_349' title='bbox 587 3560 674 3623; x_wconf 81' lang='lat' dir='ltr'>iacies</span> <span class='ocrx_word' id='word_1_350' title='bbox 693 3564 751 3623; x_wconf 86' lang='lat' dir='ltr'>illic</span> <span class='ocrx_word' id='word_1_351' title='bbox 771 3578 917 3644; x_wconf 87' lang='lat' dir='ltr'>appareat.</span> <span class='ocrx_word' id='word_1_352' title='bbox 954 3565 990 3624; x_wconf 90' lang='lat' dir='ltr'>In</span> <span class='ocrx_word' id='word_1_353' title='bbox 1009 3588 1138 3642; x_wconf 88' lang='lat' dir='ltr'>summa,</span> <span class='ocrx_word' id='word_1_354' title='bbox 1157 3563 1246 3627; x_wconf 89' lang='lat' dir='ltr'>cecle-</span> 
     </span>
     <span class='ocr_line' id='line_1_43' title="bbox 119 3635 1246 3723; baseline 0.003 -27"><span class='ocrx_word' id='word_1_355' title='bbox 119 3657 176 3696; x_wconf 90' lang='lat' dir='ltr'>sias</span> <span class='ocrx_word' id='word_1_356' title='bbox 187 3655 249 3696; x_wconf 90' lang='lat' dir='ltr'>esse</span> <span class='ocrx_word' id='word_1_357' title='bbox 262 3635 339 3706; x_wconf 87' lang='lat' dir='ltr'>dico,</span> <span class='ocrx_word' id='word_1_358' title='bbox 360 3646 501 3714; x_wconf 85' lang='lat' dir='ltr'>quatenus</span> <span class='ocrx_word' id='word_1_359' title='bbox 522 3639 623 3715; x_wconf 87' lang='lat' dir='ltr'>populi</span> <span class='ocrx_word' id='word_1_360' title='bbox 642 3641 686 3699; x_wconf 92' lang='lat' dir='ltr'>siii</span> <span class='ocrx_word' id='word_1_361' title='bbox 697 3641 842 3720; x_wconf 88' lang='lat' dir='ltr'>reliquias,</span> <span class='ocrx_word' id='word_1_362' title='bbox 861 3653 1011 3720; x_wconf 89' lang='lat' dir='ltr'>utcunque</span> <span class='ocrx_word' id='word_1_363' title='bbox 1022 3644 1130 3703; x_wconf 88' lang='lat' dir='ltr'>misere</span> <span class='ocrx_word' id='word_1_364' title='bbox 1140 3642 1246 3723; x_wconf 89' lang='lat' dir='ltr'>disper-</span> 
     </span>
     <span class='ocr_line' id='line_1_44' title="bbox 118 3710 1246 3800; baseline 0.005 -29"><span class='ocrx_word' id='word_1_365' title='bbox 118 3733 163 3772; x_wconf 90' lang='lat' dir='ltr'>sas</span> <span class='ocrx_word' id='word_1_366' title='bbox 183 3733 217 3772; x_wconf 90' lang='lat' dir='ltr'>ac</span> <span class='ocrx_word' id='word_1_367' title='bbox 238 3713 381 3785; x_wconf 87' lang='lat' dir='ltr'>disiectas,</span> <span class='ocrx_word' id='word_1_368' title='bbox 400 3710 459 3770; x_wconf 85' lang='lat' dir='ltr'>illic</span> <span class='ocrx_word' id='word_1_369' title='bbox 478 3712 650 3774; x_wconf 87' lang='lat' dir='ltr'>mirabiliter</span> <span class='ocrx_word' id='word_1_370' title='bbox 669 3718 815 3777; x_wconf 87' lang='lat' dir='ltr'>Dominus</span> <span class='ocrx_word' id='word_1_371' title='bbox 835 3730 999 3792; x_wconf 86' lang='lat' dir='ltr'>conservat,</span> <span class='ocrx_word' id='word_1_372' title='bbox 1019 3732 1163 3797; x_wconf 87' lang='lat' dir='ltr'>quatenus</span> <span class='ocrx_word' id='word_1_373' title='bbox 1183 3738 1246 3800; x_wconf 92' lang='lat' dir='ltr'>per-</span> 
     </span>
     <span class='ocr_line' id='line_1_45' title="bbox 118 3786 1246 3878; baseline 0.007 -33"><span class='ocrx_word' id='word_1_374' title='bbox 118 3800 241 3848; x_wconf 85' lang='lat' dir='ltr'>manent</span> <span class='ocrx_word' id='word_1_375' title='bbox 269 3789 383 3866; x_wconf 90' lang='lat' dir='ltr'>aliquot</span> <span class='ocrx_word' id='word_1_376' title='bbox 413 3786 552 3848; x_wconf 86' lang='lat' dir='ltr'>ecclesiae</span> <span class='ocrx_word' id='word_1_377' title='bbox 577 3792 724 3872; x_wconf 81' lang='lat' dir='ltr'>symbola:</span> <span class='ocrx_word' id='word_1_378' title='bbox 756 3807 845 3874; x_wconf 89' lang='lat' dir='ltr'>atque</span> <span class='ocrx_word' id='word_1_379' title='bbox 871 3815 904 3855; x_wconf 92' lang='lat' dir='ltr'>ea</span> <span class='ocrx_word' id='word_1_380' title='bbox 933 3797 1104 3874; x_wconf 87' lang='lat' dir='ltr'>praesertim</span> <span class='ocrx_word' id='word_1_381' title='bbox 1125 3814 1246 3878; x_wconf 88' lang='lat' dir='ltr'>quorum</span> 
     </span>
     <span class='ocr_line' id='line_1_46' title="bbox 119 3862 1244 3952; baseline 0.007 -29"><span class='ocrx_word' id='word_1_382' title='bbox 119 3864 276 3924; x_wconf 79' lang='lat' dir='ltr'>efficaciam</span> <span class='ocrx_word' id='word_1_383' title='bbox 296 3882 352 3922; x_wconf 91' lang='lat' dir='ltr'>nec</span> <span class='ocrx_word' id='word_1_384' title='bbox 372 3862 482 3924; x_wconf 86' lang='lat' dir='ltr'>diabtoli</span> <span class='ocrx_word' id='word_1_385' title='bbox 506 3869 618 3940; x_wconf 89' lang='lat' dir='ltr'>astutia,</span> <span class='ocrx_word' id='word_1_386' title='bbox 641 3889 696 3927; x_wconf 90' lang='lat' dir='ltr'>nec</span> <span class='ocrx_word' id='word_1_387' title='bbox 721 3869 848 3931; x_wconf 89' lang='lat' dir='ltr'>bumana</span> <span class='ocrx_word' id='word_1_388' title='bbox 873 3872 998 3949; x_wconf 88' lang='lat' dir='ltr'>pravitas</span> <span class='ocrx_word' id='word_1_389' title='bbox 1023 3872 1175 3934; x_wconf 90' lang='lat' dir='ltr'>destruere</span> <span class='ocrx_word' id='word_1_390' title='bbox 1194 3892 1244 3952; x_wconf 91' lang='lat' dir='ltr'>po·</span> 
     </span>
     <span class='ocr_line' id='line_1_47' title="bbox 117 3939 1245 4031; baseline 0.006 -31"><span class='ocrx_word' id='word_1_391' title='bbox 117 3950 183 4029; x_wconf 73' lang='lat' dir='ltr'>test</span> <span class='ocrx_word' id='word_1_392' title='bbox 223 3941 283 3999; x_wconf 88' lang='lat' dir='ltr'>Sed</span> <span class='ocrx_word' id='word_1_393' title='bbox 303 3939 408 4029; x_wconf 73' lang='lat' dir='ltr'>quiae</span> <span class='ocrx_word' id='word_1_394' title='bbox 426 3961 572 4002; x_wconf 81' lang='lat' dir='ltr'>converso</span> <span class='ocrx_word' id='word_1_395' title='bbox 591 3944 706 4004; x_wconf 90' lang='lat' dir='ltr'>deletae</span> <span class='ocrx_word' id='word_1_396' title='bbox 725 3961 792 4008; x_wconf 90' lang='lat' dir='ltr'>sunt</span> <span class='ocrx_word' id='word_1_397' title='bbox 811 3947 871 4009; x_wconf 89' lang='lat' dir='ltr'>illic</span> <span class='ocrx_word' id='word_1_398' title='bbox 884 3961 981 4022; x_wconf 87' lang='lat' dir='ltr'>notae,</span> <span class='ocrx_word' id='word_1_399' title='bbox 1003 3969 1073 4029; x_wconf 91' lang='lat' dir='ltr'>quas</span> <span class='ocrx_word' id='word_1_400' title='bbox 1093 3950 1245 4031; x_wconf 83' lang='lat' dir='ltr'>praecipue</span> 
     </span>
     <span class='ocr_line' id='line_1_48' title="bbox 116 4016 1240 4107; baseline 0.01 -33"><span class='ocrx_word' id='word_1_401' title='bbox 116 4037 148 4076; x_wconf 93' lang='lat' dir='ltr'>iii</span> <span class='ocrx_word' id='word_1_402' title='bbox 168 4016 221 4076; x_wconf 90' lang='lat' dir='ltr'>bac</span> <span class='ocrx_word' id='word_1_403' title='bbox 241 4017 439 4096; x_wconf 87' lang='lat' dir='ltr'>disputatione</span> <span class='ocrx_word' id='word_1_404' title='bbox 458 4020 606 4097; x_wconf 89' lang='lat' dir='ltr'>respicere</span> <span class='ocrx_word' id='word_1_405' title='bbox 625 4020 774 4099; x_wconf 89' lang='lat' dir='ltr'>debemus,</span> <span class='ocrx_word' id='word_1_406' title='bbox 793 4024 860 4085; x_wconf 89' lang='lat' dir='ltr'>dico</span> <span class='ocrx_word' id='word_1_407' title='bbox 881 4046 1120 4107; x_wconf 88' lang='lat' dir='ltr'>unumquemque</span> <span class='ocrx_word' id='word_1_408' title='bbox 1131 4038 1240 4089; x_wconf 89' lang='lat' dir='ltr'>coetum</span> 
     </span>
     <span class='ocr_line' id='line_1_49' title="bbox 117 4095 957 4178; baseline 0.012 -27"><span class='ocrx_word' id='word_1_409' title='bbox 117 4103 149 4154; x_wconf 94' lang='lat' dir='ltr'>et</span> <span class='ocrx_word' id='word_1_410' title='bbox 167 4104 262 4157; x_wconf 92' lang='lat' dir='ltr'>totum</span> <span class='ocrx_word' id='word_1_411' title='bbox 281 4113 389 4172; x_wconf 89' lang='lat' dir='ltr'>corpus</span> <span class='ocrx_word' id='word_1_412' title='bbox 408 4113 510 4156; x_wconf 88' lang='lat' dir='ltr'>carere</span> <span class='ocrx_word' id='word_1_413' title='bbox 528 4095 675 4178; x_wconf 88' lang='lat' dir='ltr'>legitimae</span> <span class='ocrx_word' id='word_1_414' title='bbox 695 4101 833 4165; x_wconf 88' lang='lat' dir='ltr'>ecclesiae</span> <span class='ocrx_word' id='word_1_415' title='bbox 854 4101 957 4164; x_wconf 81' lang='lat' dir='ltr'>forma.</span> 
     </span>
    </p>
   </div>
   <div class='ocr_carea' id='block_1_4' title="bbox 0 0 1302 4726">
    <p class='ocr_par' dir='ltr' id='par_1_6' title="bbox 0 0 1302 4726">
     <span class='ocr_line' id='line_1_50' title="bbox 0 0 1302 4726; baseline 0 0"><span class='ocrx_word' id='word_1_416' title='bbox 0 0 1302 4726; x_wconf 95' lang='lat' dir='ltr'> </span> 
     </span>
    </p>
   </div>
  </div>
 </body>
</html>
