2700 4732
495 220 573 285 ΗΒ,
593 220 651 285 111.
690 219 781 285 ChP.
800 220 867 285 XV.
973 164 977 173 Ι
1217 230 1259 295 49

109 376 276 448 repetatur.
322 362 457 427 Neednni
482 366 570 429 etiarn
596 368 749 443 contenti,
782 368 812 428 in
837 366 924 431 laude
953 365 1103 429 bonorum
1127 386 1254 449 operum

108 444 180 505 Deo
200 442 385 505 suffurantur
404 442 484 523 quod
508 444 545 503 ad
571 442 723 504 hominem
748 446 936 507 transferant.
974 444 1056 518 Quia
1072 444 1174 505 vident
1199 467 1255 527 pa·

110 542 177 581 rum
196 520 295 581 valere
325 520 362 579 ad
394 520 543 581 hominem
569 520 765 581 attollendum
795 523 874 582 bona
895 540 1002 601 opera,
1030 542 1066 583 ae
1090 542 1129 581 ne
1148 525 1254 585 merita

111 597 234 679 quidem
254 598 375 677 proprie
395 596 509 669 vocari,
539 596 563 655 si
588 596 702 657 divinae
721 598 832 679 gratiae
858 598 969 659 fructus
995 610 1186 659 censeantur:
1216 619 1251 659 ex

110 676 140 735 ri
161 672 250 733 liberi
269 673 385 733 arbitrii
405 693 439 733 ea
459 674 595 747 eliciunt,
615 674 713 733 oleum
732 674 848 735 scilicet
867 694 901 733 ex
920 673 1025 754 lapide.
1073 676 1118 735 lle
1138 676 1251 755 princi-

110 750 209 833 palem
226 751 348 887 puidem
368 770 482 809 causam
508 752 538 809 in
561 750 656 885 pratia
682 770 744 811 esse
768 760 835 812 non'
862 764 987 833 negant:
1020 751 1072 813 sed
1093 771 1130 811 eo
1150 763 1252 813 tamen

112 840 302 889 conterunt
326 847 389 886 non
417 827 530 886 excludi
573 826 685 887 rherum
716 828 886 903 arbitrium,
915 848 969 907 per
993 828 1074 907 quod
1097 827 1136 888 sit
1161 848 1252 890 omne
1330 842 1335 849 ‘

111 904 260 963 meritum.
289 904 395 982 Neque
411 904 440 962 id
457 903 577 963 tradunt
597 904 776 982 posteriores
794 906 884 965 modo
897 904 1065 984 Sophistae,
1083 905 1135 964 sed
1148 924 1252 966 eornm

110 978 298 1063 Pythagoras
317 980 501 1040 Lornhardus
522 981 617 1055 [Seni.
638 980 689 1039 lih.
710 988 738 1043 2.
759 982 824 1042 dist
842 982 923 1061 28.]:
949 1002 1037 1060 quem
1057 982 1080 1041 si
1102 1003 1173 1041 cum·
1188 982 1252 1046 istis

110 1076 278 1137 compares,
295 1078 396 1117 sanum
417 1068 447 1114 et
465 1056 597 1115 sobrium
619 1077 681 1117 esse
701 1058 787 1117 dieas.
826 1059 920 1118 hlirae
939 1059 1077 1137 profecto
1097 1058 1250 1121 coecitatis

110 1132 184 1225 tuit,
204 1154 295 1213 quum
313 1133 509 1213 Augustinum
530 1135 618 1194 toties
639 1134 668 1192 in
690 1155 742 1193 ore
764 1134 901 1207 haberet,
928 1156 989 1193 non
1009 1134 1114 1195 vidisse
1140 1148 1251 1215 quanta

110 1208 313 1271 solhcitudine
331 1211 381 1270 rin
394 1208 444 1268 ille
464 1210 583 1284 caverit,
603 1228 641 1269 ne
661 1210 719 1269 ulla
740 1232 772 1271 ex
792 1211 878 1271 bunis
891 1211 1030 1293 operibus
1050 1210 1164 1291 gloriae
1181 1232 1253 1304 par-

108 1284 204 1347 titula
223 1289 254 1345 in
274 1284 423 1345 hominem
445 1286 638 1348 derivaretur.
689 1288 808 1380 Suprae
832 1310 921 1367 quum
942 1287 979 1346 de
1003 1287 1100 1347 libero
1125 1288 1251 1351 arbritio

109 1362 154 1423 dis
178 1362 273 1423 ulatio
293 1374 378 1435 esset,
398 1364 582 1422 recitavimus
603 1363 715 1442 aliquot
735 1386 764 1424 m
787 1366 861 1424 hanc
880 1385 942 1423 rem
963 1364 1053 1443 ipsius
1071 1365 1252 1441 testimonis,

130 1462 160 1500 ur
187 1461 221 1499 us
240 1438 344 1499 similia
365 1438 525 1498 identidem
546 1440 576 1497 in
597 1440 658 1499 eius
677 1442 793 1519 seriptis
814 1452 971 1499 recurrunt
991 1441 1044 1521 [cf.
1059 1440 1251 1506 inPsal.1dtt.

107 1460 207 1597 {pist
226 1515 325 1607 idib-k
356 1526 390 1575 ut
410 1538 498 1594 quum
518 1528 598 1575 vetat
628 1536 666 1576 ne
692 1519 795 1577 merita
827 1530 927 1576 nostra
952 1538 1074 1597 usquam
1097 1518 1251 1595 lactemus,

105 1592 183 1675 ,quia
215 1604 246 1650 et
276 1594 336 1671 ipsa
362 1592 420 1651 Dei
452 1593 529 1651 dona
558 1605 641 1653 sunt:
674 1608 704 1654 et
729 1616 818 1674 qnnm
850 1596 967 1669 scribit,
998 1613 1092 1665 outne
1111 1596 1250 1655 meritum

112 1680 249 1731 nmirum
270 1669 389 1727 nonnisi
409 1690 425 1728 a
445 1670 537 1749 gratia
558 1689 634 1741 esse,
666 1692 728 1731 non
753 1670 847 1751 parari
873 1690 928 1750 per
951 1682 1081 1730 nostram
1100 1671 1252 1731 sufficien-

110 1746 196 1821 tiam,
213 1744 266 1805 sed
286 1764 340 1825 per
359 1746 482 1825 gratiam
502 1757 599 1804 totum
620 1748 693 1821 lieri,
713 1760 768 1807 etc.
808 1747 854 1806 Ad
875 1748 1044 1827 Scripturas
1063 1746 1159 1807 lucem
1179 1766 1252 1808 eoe-

112 1820 236 1896 eutiase,
266 1824 361 1881 utinus
381 1822 503 1880 mirum:
537 1823 566 1879 in
588 1845 643 1902 qna
664 1845 725 1883 non
746 1825 786 1884 ita
808 1824 933 1883 feliciter
952 1823 1141 1883 exercitatum
1162 1824 1252 1885 fuisse

108 1920 148 1981 ap
171 1910 244 1959 aret.
283 1898 363 1957 Nihil
383 1911 480 1957 tamen
504 1898 662 1959 desiderari
682 1902 774 1980 possit
793 1901 928 1961 adversus
949 1920 1016 1959 eum
1036 1913 1067 1960 et
1086 1901 1147 1961 eius
1164 1900 1251 1961 disci·

107 1920 199 2057 puina
219 1975 323 2037 clarius
342 1978 399 2035 isto
411 1974 546 2054 Apostoli
567 1976 670 2035 verbo.
696 1977 858 2037 interdicta
878 1979 956 2036 enim
975 1977 1148 2037 Christianis
1169 1977 1252 2038 omni

107 2052 303 2135 gloriatione,
321 2054 465 2112 rationem
486 2074 538 2111 cur
558 2054 680 2133 gloriari
699 2055 780 2115 nefas
799 2056 846 2131 sit,
865 2054 1018 2135 subiungit
1036 2054 1249 2134 (Ept1.2‚10)=

108 2130 214 2205 „Quia
234 2128 292 2189 Dei
312 2128 424 2187 factura
444 2151 557 2203 sumus,
584 2132 674 2190 creati
695 2131 729 2189 ad
750 2134 829 2191 bona
850 2152 955 2211 opera,
975 2152 1048 2211 quae
1067 2132 1252 2211 praepararit

109 2218 145 2267 ut
165 2205 272 2267 inillis
297 2204 509 2265 ambulemus.“
558 2206 659 2279 Quum
680 2228 752 2289 ergo
774 2208 846 2267 nihil
871 2229 887 2267 a
912 2208 998 2267 nohis
1023 2208 1095 2267 boni
1115 2210 1251 2289 prodeat,

108 2283 171 2345 uisi
196 2296 340 2363 quatenus
364 2283 531 2363 regenerati
556 2304 671 2358 sumus,
702 2285 889 2365 regeneratio
914 2297 1012 2345 autem
1038 2297 1156 2361 nostra,
1187 2296 1252 2347 tota

109 2360 186 2423 eitra
206 2363 425 2438 exceptionem,
454 2359 512 2417 Dei
537 2361 588 2419 sit:
621 2382 682 2420 non
710 2375 753 2421 est
777 2383 830 2421 cnr
853 2361 967 2422 unciam
993 2361 1081 2422 nobis
1107 2361 1138 2420 in
1163 2360 1250 2423 bonis

109 2436 253 2530 operibus
265 2437 455 2495 vindicemus.
493 2436 650 2496 Postremo
664 2437 732 2497 dum
754 2438 866 2497 assidue
885 2439 1034 2499 inculcant
1053 2437 1132 2498 hona
1148 2459 1251 2519 opera,

109 2536 153 2577 stc
174 2514 294 2573 interim
319 2512 511 2573 conscientias
541 2514 714 2587 instituunt,
746 2528 779 2574 ut
803 2516 954 2575 confidere
979 2537 1128 2594 nunquam
1153 2517 1251 2577 ausint

108 2592 211 2651 Ileum
231 2610 262 2651 se
281 2589 441 2669 propitium
463 2611 496 2648 ae
517 2590 660 2650 faventem
680 2589 737 2651 suis
750 2592 890 2671 operibus
911 2592 1028 2653 habere.
1069 2592 1133 2651 Nos
1153 2604 1251 2652 autem

110 2679 228 2741 contra,
247 2666 327 2727 nulla
346 2666 445 2725 meriti
466 2668 634 2742 mentione,
658 2667 798 2749 singulari
824 2681 921 2729 tamen
946 2668 1152 2747 consolatione
1177 2669 1252 2728 fide-

109 2744 184 2805 lium
205 2744 317 2803 animos
342 2754 443 2802 nostra
465 2744 597 2803 doctrina
618 2745 771 2826 erigimus,
803 2746 872 2805 dum
898 2766 949 2805 eos
975 2747 1112 2805 docemus
1138 2744 1168 2803 in
1193 2745 1251 2806 suis

111 2820 256 2901 operibus
273 2820 340 2879 Deo
362 2820 493 2898 placere,
518 2820 697 2900 indubicque
718 2834 853 2901 acceptos
875 2840 944 2881 esse.
991 2822 1181 2895 Quinetiam
1203 2820 1251 2881 hie

112 2897 268 2978 exigimus,
285 2908 318 2955 ut
337 2895 448 2953 nullum
462 2898 611 2987 quisquam
626 2920 699 2977 opus
720 2909 815 2957 tentet
834 2911 883 2957 aut
893 2898 1157 2978 aggrediatursine
1177 2898 1250 2957 lide:

110 2975 173 3035 hoe
192 2984 239 3033 est
256 2974 311 3033 nisi
331 2986 411 3032 certa
431 2975 519 3031 ammi
540 2974 644 3033 fiducia
665 2975 743 3053 prius
764 2974 884 3033 definiat
903 2978 969 3035 Deo
989 2974 1174 3055 placiturum.

188 3056 219 3117 8,
260 3050 463 3125 Quamobrem
484 3051 519 3109 ab
541 3052 628 3109 unico
649 3051 700 3109 illo
727 3051 918 3111 fundamento
943 3071 1126 3129 nequaquam
1145 3050 1252 3111 abduci

112 3150 168 3191 nos
188 3146 228 3187 ne
247 3126 338 3187 latum
353 3127 468 3205 quidem
481 3147 608 3207 unguem
625 3129 785 3205 patiamur:
806 3150 866 3207 quo
880 3130 968 3197 iacto,
988 3128 1133 3207 sapientes
1143 3127 1252 3186 deinde

112 3204 270 3275 architecti
295 3216 377 3263 recte
397 3216 483 3282 atque
508 3204 614 3263 ordine
639 3204 891 3283 superaedificant.
942 3206 1016 3263 Nam
1036 3204 1096 3263 sive
1116 3203 1253 3264 doctrina

111 3296 144 3345 et
164 3281 371 3341 exhortatione
393 3301 465 3359 opus
486 3292 545 3354 est,
575 3282 737 3341 admonent
756 3282 835 3360 quod
861 3284 914 3359 „in
935 3282 992 3342 hoe
1011 3280 1069 3339 Dei
1090 3279 1180 3342 Filius
1200 3301 1252 3360 ap·

110 3360 229 3443 paruit,
260 3369 293 3415 ut
313 3356 450 3415 dissolvat
470 3377 560 3435 opera
581 3357 703 3416 diaboli:
738 3379 776 3417 ne
823 3371 926 3419 eccent
945 3359 996 3437 qui
1023 3378 1057 3417 ex
1077 3358 1144 3418 Deo
1164 3369 1250 3417 sunt:

110 3435 251 3498 sufficere
270 3435 460 3513 praeteritum
483 3446 595 3511 tempus
615 3434 771 3512 implendis
791 3436 933 3494 (rentium
954 3434 1118 3494 desideriis:
1140 3434 1252 3494 electos

110 3514 173 3575 Dei
193 3532 263 3571 vasa
283 3530 345 3569 esse
365 3510 583 3569 misericordiae
603 3510 709 3570 selecta
728 3514 760 3569 in
781 3512 960 3587 honorem,“
984 3530 1095 3590 quaea
1114 3510 1252 3571 sordibus

111 3588 268 3651 emundari
289 3588 469 3659 debeant’l).
498 3588 557 3645 Sed
578 3588 784 3647 omniasemel
805 3590 953 3659 dicuntur,
976 3609 1065 3665 quum
1085 3586 1253 3646 ostenditur

113 3666 198 3747 quod
210 3664 282 3725 tales
293 3663 364 3723 velit
377 3664 510 3723 Christus
523 3664 688 3742 discipulos,
708 3666 759 3743 qni
779 3686 809 3723 se
828 3665 897 3744 ipsis
910 3665 1071 3744 abnegatis,
1091 3684 1125 3723 ac
1137 3662 1252 3723 sublata

113 3762 168 3804 sua
190 3761 293 3815 cruce,
324 3744 417 3820 ipsum
437 3753 606 3818 sequantur.
656 3740 718 3813 Qui
738 3762 769 3801 se
789 3742 882 3821 ipsum
902 3740 1075 3822 abnegavit,
1105 3740 1252 3798 malorum

114 3818 250 3881 omnium
268 3817 395 3877 radicem
417 3819 553 3891 exsecuit,
574 3838 611 3874 ne
632 3817 754 3897 amplius
775 3830 895 3897 quaerat
907 3837 1053 3897 quaesua
1072 3828 1148 3875 sunt.
1190 3816 1253 3889 Qui

114 3916 235 3956 crucem
255 3916 335 3954 suam
355 3893 486 3967 sustulit,
507 3894 542 3952 ad
563 3914 680 3953 omnem
702 3894 873 3974 patientiam
894 3912 928 3953 ac
941 3892 1200 3952 mansuetudinem
1220 3910 1253 3951 se

115 3972 307 4051 comparavit.
359 3973 405 4030 lle
426 3971 535 4031 Christi
556 3970 718 4050 exemplum
744 3985 775 4030 et
801 3971 870 4031 haec
892 3982 921 4030 et
941 3971 997 4029 alia
1017 3970 1116 4029 omnia
1135 3969 1253 4049 pietatis

113 4070 150 4109 ae
169 4046 328 4108 sanctitatis
349 4048 446 4107 officia
467 4046 682 4125 complectitur.
725 4049 781 4107 Ille
804 4070 836 4107 se
855 4048 936 4107 Patri
956 4047 1145 4108 obedientem
1167 4066 1253 4124 prae·
1284 4068 1287 4073 ·

112 4126 193 4187 stitit
210 4125 247 4185 ad
266 4137 392 4185 mortem
413 4144 519 4204 usque:
540 4123 590 4183 ille
609 4137 688 4185 totns
709 4125 764 4185 suit
783 4125 813 4184 in
829 4124 970 4205 operibus
981 4125 1040 4183 Dei
1051 4122 1253 4203 perficiendis:

184 4366 444 4437 ⁸)1.10ann.3‚8.
472 4368 497 4425 l.
515 4368 570 4427 Pet
586 4368 655 4437 4.3·
687 4362 955 4437 11.Tinnt.tt.·'-
989 4366 1053 4423 Luc.
1067 4366 1095 4433 9,
1110 4368 1154 4426 23·

142 4456 237 4510 cetrina·
249 4460 368 4511 tutitutto
384 4462 417 4511 tt.
1036 4440 1055 4501 4
