2700 4732
488 212 566 277 usn.
585 213 644 275 ιιι.
685 212 776 277 usu.
792 214 907 277 svnt
1227 223 1265 287 n

123 379 199 422 rem.
238 359 364 440 Semper
373 359 604 435 meminerimus,
622 358 696 421 banc
707 360 946 440 promissionem,
965 372 998 422 nt
1007 373 1134 425 caeteras
1148 381 1263 441 omnes,

123 436 200 498 nihil
219 435 331 497 fruetus
349 436 438 498 nobis
452 435 615 511 allaturam,
634 436 689 497 nisi
708 439 901 517 praecederet
919 439 1077 519 gratuitum
1096 440 1263 501 misericor·

125 513 192 575 diae
211 513 327 587 foedus,
346 514 394 574 cui
412 524 476 573 tota
495 511 595 573 salutis
615 525 733 574 nostrae
746 514 892 575 certitudo
912 515 1106 577 incumberet.
1143 517 1189 576 Eo
1209 538 1262 577 an·
1304 548 1307 553 ·

121 601 186 651 tem
207 588 286 664 ireti,
305 589 455 651 confidere
473 609 576 650 secure
592 589 744 666 debemus,
763 591 835 653 obse
858 592 912 653 uiis
931 593 1017 652 etiam
1038 592 1146 653 nostris
1180 615 1261 653 uam-

122 664 200 727 libet
217 665 344 747 indignis
363 686 424 726 uon
446 666 614 726 delaturum
639 687 655 726 a
675 667 734 727 Dei
758 613 934 728 liberilitate
959 669 1130 749 praemium.
1159 614 1205 730 in
1226 691 1261 732 ea

123 745 343 824 exspectatione
363 754 397 803 ut
419 763 474 803 uos
501 744 656 803 confirmet
674 744 854 835 Apostolus,
877 744 974 805 Deum
994 746 1097 805 asserit
1115 765 1176 805 non
1197 765 1261 807 esse

122 819 273 891 iniustum,
314 820 363 879 uin
379 831 565 879 constaturus
584 820 623 879 sit
642 819 709 879 fider
728 821 819 881 semel
840 821 933 882 datae.
972 821 1086 882 Iustitia
1099 822 1190 903 igitur
1204 824 1259 884 ista

122 896 217 989 magis
235 895 272 957 ad
292 841 407 956 divinae
448 896 628 956 romissionis
648 897 817 971 veritatem,
841 918 928 978 quam
949 899 984 959 ad
1004 901 1184 959 reddendam
1206 899 1258 959 de-

122 971 179 1033 bite
196 973 374 1053 aequitatem
394 917 529 1032 relertur.
568 972 605 1030 In
624 993 714 1051 quem
732 992 847 1034 sensum
869 974 986 1056 insigne
1005 987 1048 1035 est
1068 976 1177 1036 dictum
1189 976 1257 1035 Au·

122 1049 282 1131 gnstinia
314 1049 394 1139 quod
426 1061 459 1108 ut
484 1049 526 1109 vir
551 1061 668 1108 sanctus
692 1069 724 1108 re
747 1062 828 1110 etere
853 1057 968 1130 saepius
993 1073 1047 1131 pro
1071 1051 1257 1113 memorabili

120 1140 186 1185 non
205 1125 358 1197 dubitauit,
377 1129 416 1184 ita
436 1145 498 1184 non
517 1124 670 1216 indignum
689 1072 799 1199 iudico,
819 1127 898 1206 quod
918 1126 1030 1187 assidue
1049 1129 1190 1190 memoria
1208 1148 1257 1189 re·

121 1213 265 1280 petamus.
304 1200 432 1273 „Fidelis
452 1201 564 1291 (inquit
582 1222 611 1260 ιιι
624 1200 701 1261 Psal.
712 1209 762 1279 32,
778 1208 844 1268 109.
857 1215 887 1264 et
897 1202 967 1263 alibi
978 1207 1080 1284 saepe)
1098 1204 1210 1266 Domin

120 1278 196 1357 „qui
215 1299 247 1338 se
266 1277 352 1338 nobis
373 1277 443 1338 iecit
455 1276 635 1337 debitorem:
657 1298 719 1339 uon
738 1280 848 1361 aliquid
869 1301 886 1341 a
905 1279 1185 1362 nobisaccipiendo,
1203 1302 1234 1344 se

117 1354 243 1431 „omnia
263 1354 495 1433 promittendo.“

196 1435 226 1495 ἃ
264 1430 460 1490 Δάἀιιοιιιιῑιιι
479 1441 510 1490 et
528 1429 595 1490 illae
614 1429 699 1490 Pauli
718 1432 880 1493 sententiae
898 1432 939 1568 31.
960 1433 1033 1494 Cor.
1052 1438 1100 1509 13,
1119 1433 1179 1510 2):
1199 1432 1256 1509 „Si

115 1504 266 1585 „babeam
286 1526 405 1565 omnem
425 1505 529 1578 iidem,
561 1507 599 1565 ita
620 1519 653 1567 ut
673 1520 790 1568 montes
809 1508 876 1569 loco
918 1511 1077 1582 imoveam,
1104 1511 1254 1570 caritatem

117 1594 237 1659 „antem
258 1603 320 1643 non
341 1582 473 1657 habeam,
492 1581 565 1642 nihil
576 1588 679 1643 .sum.“
717 1584 793 1643 ltem
814 1585 900 1663 (ibid.
921 1610 948 1646 v.
969 1589 1046 1659 13.):
1066 1588 1173 1660 „Nunc
1193 1606 1255 1647 ma·
1304 1634 1317 1655 ι

119 1669 215 1733 „nent
232 1678 309 1739 spes,
328 1658 410 1734 hdes,
430 1659 548 1719 caritas:
568 1658 619 1718 sed
640 1660 760 1721 maxima
781 1664 812 1721 in
834 1662 876 1722 bis
897 1665 1032 1722 caritas.“
1071 1662 1148 1721 item
1168 1663 1254 1741 (Col.

118 1737 248 1813 21⁴0:
273 1736 392 1814 „Super
411 1736 508 1795 omnia
530 1734 636 1794 habete
656 1741 821 1809 caritatem,
868 1759 921 1797 uae
947 1751 992 1797 est
1011 1738 1158 1797 vinculum
1184 1756 1255 1827 per·

118 1810 308 1887 ,Jecfionis“
326 1845 365 1857 -
403 1811 445 1870 Ex
470 1811 571 1902 primis
592 1811 706 1872 duobus
732 1759 918 1877 contendunt
938 1814 1032 1875 nostri
1053 1813 1254 1890 pharisaea),

117 1889 241 1949 narnate
261 1908 315 1948 nos
335 1887 484 1947 iustificare
526 1888 603 1946 otius
624 1909 710 1966 quam
730 1889 802 1949 hde:
830 1891 941 1949 virtute
965 1889 1119 1964 nimirum,
1139 1901 1172 1949 ut
1196 1889 1252 1968 ipsi

115 1964 214 2038 aiunt,
231 1965 361 2046 potiore.
399 1965 440 2023 At
463 1910 545 2023 nullo
572 1984 608 2022 ne
632 1967 694 2023 otio
716 1965 837 2025 diluitur
857 1967 927 2027 baec
947 1968 1102 2048 argutatio.
1152 1965 1252 2045 Expo-

116 2040 226 2103 suimus
238 2042 317 2101 enirn
337 2039 418 2114 alibi,
438 2041 473 2100 ad
488 2061 583 2100 veram
603 1984 690 2100 idern
711 2042 784 2101 nibil
804 2045 963 2122 pertinere,
982 2042 1162 2122 quaeprimo
1182 2041 1251 2103 loco

115 2116 266 2178 dicuntur.
313 2117 448 2177 Alterum
468 2139 523 2178 nos
564 2137 662 2197 uoque
688 2118 724 2177 de
748 2139 819 2179 vera
844 2120 903 2180 fide
927 2121 1172 2199 interpretamur,
1192 2139 1250 2199 qna

114 2193 260 2255 maiorem
278 2214 341 2255 esse
367 2193 518 2253 caritatem
539 2138 622 2253 dicit:
655 2214 715 2252 non
745 2206 884 2278 tanquam
912 2197 951 2257 sit
973 2196 1066 2277 magis
1090 2194 1252 2273 meritoris,

114 2270 168 2332 sed
179 2270 248 2351 qnia
266 2271 358 2353 magis
378 2270 525 2330 fructuosa
540 2282 593 2339 est,
612 2271 677 2362 quia
698 2270 782 2331 latius
801 2284 893 2352 patet,
911 2272 978 2353 quia
997 2273 1130 2365 pluribus
1149 2271 1251 2349 servit,

157 2348 165 2364 '
202 2367 319 2427 semper
337 2348 427 2429 riget,
447 2369 536 2426 quum
557 2346 625 2405 fider
647 2368 713 2407 usus
732 2347 769 2407 ad
789 2360 904 2428 tempus
924 2362 1071 2410 consistat.
1110 2349 1144 2410 Si
1154 2347 1250 2409 excel·

128 2423 237 2484 entiam
257 2437 432 2502 spectamus,
451 2425 557 2482 merito
577 2423 635 2482 Dei
656 2424 774 2485 dilectio
796 2427 902 2506 primas
927 2438 1041 2486 teneat:
1068 2426 1105 2485 de
1124 2446 1183 2505 qua
1202 2424 1250 2485 hie

114 2520 213 2563 sermo
238 2500 332 2561 Paulo
359 2512 494 2559 nonest.
534 2500 684 2578 Siquidem
706 2522 795 2561 uuum
817 2501 892 2563 istud
914 2514 1009 2583 urget,
1031 2515 1062 2562 ut
1082 2514 1181 2563 mutua
1192 2522 1249 2567 ‚ea-

112 2577 202 2638 ritate
221 2596 276 2637 nos
296 2578 326 2638 in
347 2576 478 2636 Domino
498 2576 619 2647 vicissim
640 2577 835 2639 aedificemus.
886 2578 946 2639 Sed
967 2579 1123 2659 fingamus,
1153 2577 1250 2638 modis

113 2652 254 2715 omnibus
273 2654 423 2713 caritatetn
443 2653 510 2711 lidei
532 2654 725 2733 praecellere:
747 2654 811 2734 quis
831 2666 929 2714 tamen
949 2676 1021 2716 sano
1042 2654 1167 2726 iudicio,
1188 2653 1248 2713 imo

137 2729 180 2791 uis
200 2731 323 2790 omnino
347 2752 419 2790 sano
445 2729 587 2801 cerebro,
616 2750 650 2788 ex
676 2751 712 2789 eo
738 2731 931 2791 ratiocinetur
956 2734 1049 2812 magis
1074 2728 1249 2790 iustificare?

135 2806 171 2877 ,is
186 2804 355 2867 iustificandi
369 2825 442 2887 quae
463 2826 552 2884 penes
573 2806 659 2864 sudem
680 2820 734 2879 est,
755 2828 814 2865 non
835 2808 864 2865 in
886 2807 1028 2888 dignitate
1048 2808 1146 2886 operis
1168 2805 1247 2865 loca·

81 2908 97 2923 ··
114 2893 175 2943 tur.
215 2881 286 2943 Sola
303 2882 361 2942 Dei
381 2882 579 2942 misericordia
603 2895 633 2942 et
653 2884 758 2942 merito
780 2883 890 2943 Christi
910 2894 1026 2942 constat
1044 2895 1144 2942 nostra
1164 2880 1249 2941 insti-

115 2957 233 3033 ficatio‚
258 2980 342 3039 quam
364 2960 432 3018 dum
454 2959 523 3018 fides
544 2959 755 3038 apprehendit,
787 2960 942 3020 iustificare
964 2959 1078 3019 dicitur.
1117 2960 1204 3018 Nunc
1223 2955 1249 3018 si

114 3036 296 3098 adversarios
317 3038 491 3117 interroges,
513 3058 572 3114 quo
594 3056 679 3095 seusu
701 3036 935 3097 iustificationem
956 3036 1068 3096 caritati
1088 3034 1248 3115 assignent,

114 3112 348 3192 respondebunt,
369 3114 448 3187 Quia
468 3112 597 3172 osticium
619 3125 661 3172 est
682 3113 748 3174 Deo
768 3126 899 3195 gratum,
921 3114 981 3174 eius
1007 3113 1112 3171 merito
1141 3130 1176 3170 es
1201 3110 1248 3169 di-

114 3189 199 3251 vinae
218 3189 358 3250 bonitatis
378 3188 580 3267 acceptatione
607 3189 741 3250 iustitiam
762 3191 847 3250 nobis
874 3190 1021 3282 imputari,
1066 3188 1144 3248 Hinc
1164 3187 1248 3249 vides

112 3287 199 3345 quam
219 3264 297 3326 belle
319 3267 460 3346 procedat
478 3278 693 3346 argumentum.
732 3268 835 3326 Fidem
855 3266 1011 3327 iustificare
1031 3264 1163 3337 dicimus,
1182 3285 1246 3326 non

112 3343 182 3423 quia
200 3343 338 3402 iustitiam
365 3342 450 3402 nobis
475 3364 525 3402 sua
551 3341 694 3423 dignitate
720 3356 881 3403 mereatur:
907 3342 958 3404 sed
979 3343 1046 3422 quia
1068 3343 1247 3402 instrumen-

108 3432 174 3481 tum
195 3420 244 3492 sit,
262 3440 322 3498 quo
344 3420 455 3479 Christi
480 3419 616 3478 iustitiam
635 3420 725 3500 gratis
750 3420 928 3481 obtinemus.
968 3419 1020 3478 Isti
1041 3417 1248 3511 praetermissa

108 3496 170 3555 Dei
195 3496 411 3570 misericordia,
436 3495 553 3557 Christo
578 3515 614 3553 ue
646 3497 805 3575 praeterito
825 3497 891 3575 (ubi
910 3516 1020 3556 summa
1039 3494 1166 3554 rustitiae
1187 3494 1247 3570 est)

109 3572 238 3633 caritatis
251 3573 395 3632 beneficio
416 3594 470 3632 nos
491 3517 639 3631 iustihcari
660 3585 806 3652 pugnant:
827 3574 893 3652 quia
912 3591 999 3653 supra
1011 3570 1097 3629 fidem
1116 3569 1246 3630 excellat.

108 3648 240 3708 Perinde
260 3650 318 3709 acsi
338 3650 403 3728 quis
422 3650 564 3728 aptiorem
586 3669 647 3708 esse
667 3668 768 3730 regem
789 3650 918 3729 disputet
941 3647 1125 3709 conficiendo
1146 3647 1245 3708 calceo

108 3744 197 3805 quam
217 3736 361 3799 sutorem,
380 3728 446 3804 quia
464 3726 502 3785 sit
521 3725 638 3784 inlinito
659 3728 862 3805 praestantior.
901 3727 958 3786 Hie
977 3746 1052 3785 unus
1062 3722 1247 3804 syllogismus

107 3800 211 3879 amplo
231 3802 411 3862 documento
433 3814 490 3876 est,
515 3802 628 3862 scholas
653 3823 755 3862 omnes
776 3802 956 3863 Sorbonicas
981 3822 1018 3860 ne
1041 3802 1159 3863 summis
1179 3798 1247 3891 qui-

107 3879 178 3940 dem
201 3877 287 3938 labris
299 3879 463 3961 degustare,
476 3879 546 3958 quid
566 3879 605 3938 sit
623 3878 693 3938 fidei
713 3879 887 3939 iustificatio.
926 3878 1034 3958 Siquis
1053 3891 1152 3938 autem
1171 3897 1246 3936 nsa-

106 3965 161 4014 tor
180 3955 275 4015 adhuc
295 3956 474 4047 interpellet,
494 3978 546 4015 cur
565 3956 632 4016 fidei
652 3976 762 4016 nomen
780 3955 896 4016 tantulo
907 3954 1062 4015 intervallo
1082 3954 1160 4034 apud
1170 3953 1247 4013 Pau·

76 4112 81 4121 .
106 4030 172 4091 lum
191 4032 270 4093 varie
290 4035 481 4112 accipiamus,
511 4032 593 4092 huius
617 4033 871 4113 interpretationis
896 4054 956 4095 non
982 4032 1053 4093 levis
1077 4032 1154 4092 ratio
1172 4029 1247 4090 mihi

160 4280 211 4363 f)
229 4281 270 4336 Cf·
288 4282 360 4337 ω’·
377 4287 412 4339 “l
429 4286 598 4348 Sadoletum,
624 4284 670 4358 qui
686 4283 836 4359 scripserat,
860 4284 993 4343 caritatem
1013 4303 1068 4343 esse
1084 4282 1199 4357 primam
1214 4300 1246 4335 so

105 4363 273 4424 volumem
290 4352 379 4412 salutis
394 4369 500 4411 nostras
517 4374 629 4411 mursam.
1219 4382 1223 4389 .
