2700 4732
81 200 167 279 'm
493 202 860 305 mmmm

109 350 477 513 sd.t.ltttt..t‘tltt.
491 354 656 511 'idid-¹1¹,
669 354 986 495 hililihiliiifi‘
1009 372 1065 491 ‘ts
1078 365 1277 492 illidii·

109 508 366 646 proFlplasplaepppa
385 507 687 643 iporgppritrrppa,eppnit
697 508 839 642 Spiritum
852 507 1251 644 blasplpemiasesttnompdo

108 608 267 744 pppmppppa
288 607 417 751 qunipe
440 606 513 750 ιιῐιιίΙΙΙ
522 606 729 749 incvlritidl'esdi
742 606 1021 743 ,lpppnipppapnippm
1045 604 1252 753 idipdumdenlbl

109 742 291 820 impingunt,
316 760 365 817 qur
387 736 507 796 (husto
526 748 700 813 ignoranter
717 736 911 810 maledicunt,
932 737 989 797 hoc
1009 739 1128 798 interam
1148 737 1251 797 animo

108 817 249 899 praediti,
275 827 307 873 ut
327 814 500 893 patefactam
526 815 582 873 sibi
601 813 660 873 Dei
679 813 833 874 veritatem
855 813 1039 896 exstinguere
1058 813 1172 885 nolint,
1196 825 1252 873 aut

132 913 197 952 uem
219 892 354 951 noverint
375 908 437 951 esse
458 889 606 951 Christum
626 890 764 961 Domini,
787 890 879 950 verbo
900 911 961 952 uno
988 890 1120 951 laedere:
1152 888 1196 950 illi
1215 889 1251 949 in

108 915 228 1029 latrem
248 988 282 1027 ac
301 967 406 1026 Filium
427 978 561 1047 peccant.
612 966 663 1027 Sic
681 966 767 1027 multi
793 979 861 1027 sunt
885 967 991 1041 hodie,
1023 968 1073 1048 qui
1091 964 1252 1049 Evangelii

109 1045 272 1107 doctrinam
302 1043 435 1123 pessime·
458 1054 659 1104 exsecrantur:
691 1063 778 1123 quam
802 1043 827 1103 si
851 1042 1003 1125 Evangelii
1034 1061 1098 1105 esse
1127 1044 1251 1117 scirent,

108 1134 177 1185 toto
202 1120 293 1180 corde
317 1118 451 1179 venerari
516 1121 569 1180 rati
594 1130 700 1179 essent
752 1120 889 1194 Quorum
907 1132 1016 1195 ‚autem
1041 1120 1190 1181 convicta!
1201 1130 1252 1179 est

109 1198 308 1273 conscicntia,
338 1194 397 1255 Dei
422 1140 544 1255 verbirm
575 1216 639 1257 esse
663 1194 743 1276 quod
769 1197 926 1275 repudiant
950 1208 1037 1276 atque
1062 1198 1252 1277 impugnant,

108 1277 282 1356 impugnare
310 1284 406 1332 tamen
428 1293 489 1333 non
510 1272 664 1346 desinunt,
693 1271 744 1331 illi·
761 1274 790 1333 in
810 1273 954 1354 Spiritum
979 1273 1181 1354 blasphemare
1201 1272 1251 1331 di·

109 1364 230 1415 cuntur:
251 1336 489 1430 quandoduidem
509 1348 645 1415 adversus
664 1348 907 1409 illuminationem
926 1354 1019 1428 (quae
1032 1370 1106 1430 opus
1117 1358 1164 1409 est
1176 1348 1252 1428 Spi-

108 1429 182 1489 ritus
201 1426 308 1505 sancti)
328 1425 484 1485 luctantur.
524 1425 612 1485 Tales
631 1437 717 1485 erant
736 1445 770 1485 er
783 1425 898 1487 ludaeis
918 1425 1066 1500 nonnulli,
1085 1427 1135 1506 qui
1154 1445 1249 1503 qnam

108 1505 244 1565 resistere
264 1501 389 1583 Spiritui
416 1521 469 1581 per
488 1502 670 1582 Stephanum
696 1501 829 1582 loquenti
854 1523 915 1562 non
942 1515 1078 1584 possent,
1107 1503 1251 1563 resistere

107 1593 208 1642 tamen
229 1576 450 1640 contendebant
469 1579 550 1658 (Act.
568 1584 604 1652 6,
624 1580 695 1656 10.).
744 1580 813 1638 Non
835 1579 955 1638 dubium
977 1592 1020 1641 est
1039 1579 1111 1660 quin
1137 1575 1250 1639 exitiis

108 1658 193 1719 multi
218 1656 306 1749 Legis
335 1655 401 1715 zelo
427 1655 462 1714 ad
488 1655 518 1714 id
538 1667 729 1735 raperentur:
760 1654 811 1715 sed
836 1655 923 1715 luisse
944 1655 1015 1717 alios
1035 1667 1170 1737 apparet,
1195 1652 1250 1735 qni

108 1734 253 1794 malitiosa
273 1732 424 1811 impietate
443 1732 473 1791 in
486 1731 583 1791 Deum
603 1733 698 1811 ipsum
718 1731 860 1806 lucerent,
881 1731 937 1791 hoc
958 1743 1011 1805 est,
1030 1734 1060 1792 in
1081 1731 1249 1793 doctrinam

131 1832 196 1871 uam
218 1830 279 1871 esse
298 1808 392 1869 aDeo
413 1826 476 1868 ιιοιι
495 1808 675 1868 nesciebant.
714 1807 803 1868 Tales
823 1820 854 1868 et
872 1808 927 1889 ipsi
940 1808 1099 1882 Pharisaei,
1118 1811 1151 1867 in
1170 1828 1250 1890 quos

140 1889 256 1949 ominus
284 1884 446 1958 invehitur,
499 1885 528 1945 ui
555 1884 683 1965 Spiritus
713 1885 806 1945 saneti
833 1887 971 1946 virtutem
1001 1897 1033 1945 ut
1068 1885 1251 1960 disiicereut,

108 1963 280 2025 Beelzebub
301 1963 423 2023 nomine
443 1906 624 2022 iniamabant
643 1961 800 2039 (Martha,
814 1967 861 2025 34.
875 1974 905 2022 et
924 1969 971 2037 12,
983 1965 1055 2041 24).
1095 1961 1170 2027 Hic,
1227 1981 1249 2023 o

108 2054 155 2102 eat
174 2041 302 2120 Spiritus
322 2037 533 2117 blasphemiae,
560 2038 611 2098 ubi
632 2037 756 2099 hominis
775 2038 900 2098 andacia'
916 2038 945 2098 in
966 2037 1178 2099 contumeliam
1219 2060 1248 2097 r-

108 2117 169 2178 vini
194 2117 321 2177 nominis
346 2115 412 2174 data
443 2134 535 2195 opera
565 2115 690 2193 prosilit
742 2114 833 2191 Quod
864 2115 960 2175 innuit
979 2114 1086 2176 Paulus
1106 2115 1147 2191 (l.
1167 2114 1248 2175 Tim.

108 2195 339 2285 1‚13.),·qnum
361 2191 449 2251 docet
467 2212 499 2252 se
519 2190 746 2252 misericordiam
762 2204 987 2271 consequutum,
1006 2192 1087 2328 pund
1107 2192 1249 2273 ignorans

108 2291 142 2330 ea
164 2290 219 2350 per
236 2267 471 2328 incredulitatem
489 2268 686 2342 commiserat,
705 2288 829 2349 quorum
850 2269 957 2328 merito
978 2270 1007 2327 in
1030 2268 1115 2347 ignru
1135 2266 1251 2359 alioqui

108 2348 212 2407 luisset
230 2345 322 2425 gretia
332 2345 464 2417 Domini.
503 2345 536 2403 Si
556 2345 722 2428 ignorantia
742 2365 807 2404 cum
827 2344 1032 2404 incredulitate
1053 2348 1151 2405 iuncta
1163 2343 1250 2415 secat,

107 2434 142 2482 ut
162 2422 276 2481 veniam
301 2421 467 2493 obtineret,
497 2419 565 2482 hinc
595 2425 728 2499 sequitur
757 2441 818 2481 non
848 2440 910 2481 esse
929 2422 1033 2483 veniae
1053 2422 1169 2499 locum,
1194 2419 1250 2482 ubi

107 2499 229 2561 scientia
250 2498 285 2558 ad
306 2497 541 2556 incredulitatem
561 2501 691 2557 accessit.
1255 2554 1262 2561 ,

185 2581 233 2639 23.
272 2574 449 2654 Apostolum
469 2594 542 2632 vero
563 2595 625 2632 non
646 2575 682 2635 de
703 2572 870 2654 particulari
889 2594 950 2633 uno
971 2573 1054 2655 lapsu
1072 2573 1118 2634 vel
1139 2573 1249 2649 altero,

107 2651 158 2715 sed
180 2653 217 2711 de
237 2651 392 2711 universali
412 2649 581 2709 desectione
601 2650 699 2730 loqui,
729 2672 786 2730 qua
809 2670 841 2710 sc
867 2651 986 2731 reprobi
1006 2672 1022 2710 a
1047 2651 1140 2711 salute
1162 2649 1249 2710 abdi-

108 2742 192 2801 cant,
222 2730 246 2790 si
267 2729 343 2787 bene
364 2726 590 2802 animadvertas,
618 2727 774 2807 intelliges.
821 2728 882 2787 Eos
907 2740 1004 2787 autem
1030 2727 1249 2806 implacabilem

106 2807 205 2866 Deum
226 2805 335 2865 sentire
355 2805 460 2863 mirum
480 2824 541 2863 non
563 2815 617 2880 est,
636 2825 710 2884 quos
729 2805 856 2863 loannes
876 2807 906 2863 in
928 2826 977 2863 sua
992 2804 1144 2864 Canonica
1164 2803 1251 2864 aibr-

107 2896 168 2943 mat
186 2883 226 2960 (1.
248 2903 293 2961 ep.
312 2887 347 2953 2,
366 2884 448 2955 19.),
465 2900 526 2939 non
547 2880 690 2961 scissus
709 2880 810 2939 electis
829 2901 845 2940 a
866 2880 970 2959 quibus
991 2881 1132 2940 exierunt.
1173 2881 1251 2941 Ser·

106 2976 225 3020 monem
247 2959 389 3040 siquidem
411 2958 440 3016 in
462 2978 513 3017 eos
533 2957 643 3039 dirigit,
663 2958 715 3036 qui
735 2957 908 3038 religionem
931 2956 1125 3017 Christianam
1146 2977 1179 3017 se
1197 2977 1250 3017 re-

129 3048 210 3096 etere
230 3055 316 3117 posse
336 3033 588 3117 imaginabantur,
608 3034 662 3093 etsi
681 3033 771 3095 semel
792 3034 829 3093 ab
851 3053 884 3093 ea
905 3034 1089 3093 deiecerant:
1111 3054 1186 3125 quos
1208 3033 1248 3094 ab

107 3058 161 3173 lac
187 3111 256 3173 salsa
283 3124 314 3172 et
338 3111 502 3191 perniciosa
527 3110 669 3190 opinione
693 3131 833 3182 avocans,
865 3110 936 3169 dicit
961 3110 1039 3187 quod
1063 3110 1249 3170 verissimum

108 3200 169 3261 est,
201 3197 262 3249 noia
282 3188 385 3268 patere
410 3188 444 3247 iis
470 3185 596 3246 reditum
620 3187 655 3247 ad
683 3187 793 3247 Christi
823 3188 1077 3261 communionem,
1110 3188 1160 3267 qui
1180 3208 1250 3247 eam

107 3266 233 3326 scientes
253 3266 389 3325 volentes
409 3263 601 3343 proiecerint.
646 3263 811 3323 Proiiciunt
835 3275 933 3322 autem
954 3284 1015 3322 non
1037 3264 1086 3342 qui
1105 3261 1249 3343 simpliei-

106 3354 155 3402 ter
174 3341 311 3401 dissoluta
332 3343 409 3399 vitae
429 3340 547 3399 licentia
565 3338 688 3399 verbum
701 3340 822 3399 Domini
842 3339 1110 3419 transgrediuntur:
1130 3340 1182 3400 sed
1196 3340 1250 3420 qui

107 3430 199 3479 totam
221 3417 282 3477 eius
299 3418 462 3476 doctrinam
483 3435 518 3474 ex
537 3417 671 3497 professo
691 3417 836 3476 reiiciunt.
876 3418 956 3496 Ergo
997 3415 1189 3496 aralogismus
1204 3426 1251 3477 est

106 3494 250 3555 inr'verbo
272 3492 462 3573 prolabendi,
488 3505 518 3552 et
537 3492 694 3573 peccandi,
720 3494 859 3572 quoniam
889 3438 1005 3566 protuli
1023 3494 1181 3553 Novatiani
1201 3492 1250 3552 iu·

25 3624 28 3633 .
105 3582 316 3652 terpretantur,
334 3572 358 3631 si
378 3570 442 3649 quis
462 3570 543 3652 Lege
555 3569 687 3647 Domini,
708 3590 770 3629 non
788 3569 962 3642 furandum,
982 3589 1038 3630 nee
1057 3569 1250 3629 scortandum

107 3649 240 3721 edoctus,
260 3669 275 3707 a
298 3649 377 3708 furto
398 3657 449 3705 aut
468 3648 648 3708 scortatione
668 3668 729 3706 non
750 3644 904 3706 abstineat.
943 3649 984 3706 ht
1003 3656 1106 3706 contra
1125 3646 1251 3707 subesse

8 3773 10 3777 η
106 3726 225 3787 tacitam
251 3723 409 3784 antithesin
429 3722 560 3798 affirmo,
584 3724 614 3782 in
640 3744 697 3803 qua
716 3723 811 3801 repeti
832 3723 959 3783 debeant
979 3723 1078 3782 omnia
1098 3722 1250 3783 contraria

107 3803 155 3874 iis,
175 3821 249 3882 quae
268 3801 436 3879 priusdicta
457 3800 587 3860 fuerant:
609 3812 641 3858 ut
663 3800 709 3859 hic
730 3820 790 3858 non
813 3799 986 3878 particulare
998 3799 1119 3878 aliquod
1131 3800 1250 3875 vitium,

106 3881 157 3941 sed
178 3877 347 3938 universalis
357 3877 469 3937 aversio
490 3878 598 3949 aDeo,
619 3887 648 3935 et
660 3876 750 3936 totins
773 3879 821 3954 (nt
835 3876 1004 3955 italoquar)
1025 3875 1152 3937 hominis
1172 3896 1250 3955 apo-

106 3957 190 4017 stasia
212 3954 399 4034 exprimatur.
451 3955 552 4027 Quum
574 3972 645 4033 ergo
668 3953 754 4024 dicit,
775 3974 825 4012 eos
846 3954 896 4032 qui
918 3953 1046 4032 prolapsi
1066 3952 1137 4025 sint,
1163 3965 1250 4032 post-

106 4054 192 4113 qnam
212 4030 302 4091 semel
321 4029 478 4090 illuminati
497 4031 628 4106 suerunt,
649 4042 839 4110 gustaverunt
860 4031 970 4088 donum
992 4029 1136 4102 coeleste,
1155 4030 1251 4108 parti-

106 4110 185 4190 cipes
207 4109 278 4169 facti
299 4119 368 4168 sunt
379 4107 504 4188 Spiritus
516 4108 628 4179 Sancti,
648 4117 839 4188 gustaverunt
859 4110 944 4164 etiam
967 4106 1078 4164 bonum
1099 4105 1156 4164 Dei
1176 4126 1250 4165 ver-

104 4184 186 4259 bum',
207 4186 387 4274 virtutesque
407 4185 521 4244 venturi
532 4182 648 4243 'saeculi
673 4182 782 4259 (llebr.
802 4188 836 4255 6,
855 4186 914 4258 d.):
941 4182 1166 4263 intelligendum
1193 4193 1250 4255 est,

104 4262 156 4343 qui
177 4262 274 4322 lumen
296 4260 424 4341 Spiritus
449 4259 609 4319 deliberata
635 4258 787 4338 impietate
807 4259 995 4332 suffocarint,
1021 4259 1091 4317 duni
1111 4257 1251 4320 coelestis

100 4350 222 4422 gustum
242 4337 425 4417 respuerint,
446 4358 464 4398 a
482 4337 715 4398 sanctificatione
736 4335 863 4416 Spiritus
882 4356 914 4397 se
933 4335 1104 4411 alienariut,
1123 4336 1250 4396 verbum
