2596 4726
2 187 4 209 ¹
120 207 180 275 sss
526 198 604 263 tm
623 198 667 261 u
706 198 797 263 car.
815 199 873 262 ιιι.

125 342 315 425 Apostolus),
333 341 465 406 videmus
483 353 566 405 uerte
584 342 655 424 quid
674 342 808 406 futurum
826 345 880 420 sit,
897 342 922 403 si
942 342 1088 404 Dominus
1107 342 1265 405 bumanam

124 422 277 484 libidinem
297 439 353 501 pro
372 440 423 480 sua
442 419 635 481 inclinatione
644 423 742 505 vagari
761 421 852 483 sinat:
874 419 952 480 nulla
968 432 1012 481 est
1022 420 1137 482 rabiosa
1155 419 1264 495 bellua,

126 496 1264 656 attentettzit⁵¹²2lttsittttn32lltt‘51²2{23:³0¹th''fltttt

126 651 184 715 suis
204 651 325 711 morbos
345 614 518 710 utos'curat
530 649 685 725 Dominus,
704 669 741 710 eu
762 670 849 731 quem
870 671 935 710 mox
955 670 1134 729 exponemus
1154 650 1262 710 modo:

126 728 158 791 iu
177 727 241 789 aliis
260 726 371 787 iniecto
391 725 477 786 lreno
497 726 636 796 duntaxat
654 738 788 801 coercet,
813 738 928 786 tantum
948 748 985 785 ne
1006 724 1165 799 ebulliant,
1191 748 1264 805 qua·

126 815 213 865 tenus
247 802 385 884 expedire
412 801 549 883 providet
578 802 614 863 ad
647 804 874 865 conservandam
902 822 1001 862 rerum
1034 803 1263 863 universitatem.

126 881 205 972 llius
224 879 274 942 alii
293 879 417 960 pudore,
437 878 488 939 alii
505 877 602 959 legum
623 892 703 940 metu
723 881 899 952 retinentur,
917 897 956 939 ue
976 879 1006 938 in
1026 879 1117 970 multa
1130 878 1263 970 ›foedita-

125 956 1264 1112 {tr-{ttatttttttt‘zrtfttlttttnffltt'ti‘deliteat:

127 1128 194 1171 uere
213 1109 337 1184 ducant,
361 1108 396 1168 ad
417 1128 482 1168 eam
500 1121 653 1201 utcunque
676 1109 816 1189 aspirant:
847 1108 895 1169 alii
920 1130 1007 1188 supra
1026 1106 1074 1168 vul
1097 1126 1179 1167 arem
1197 1114 1264 1169 sot-

126 1196 187 1247 tem
208 1174 380 1321 ‘melf'mll
399 1206 463 1322 ὃυο
482 1205 534 1247 tua
558 1196 708 1247 maiestate
727 1186 799 1276 alios
818 1185 994 1246 contineant
1013 1184 1043 1243 in
1064 1128 1176 1275 oglfipio.
1216 1184 1262 1244 lta

125 1281 177 1322 sua
197 1282 281 1343 provi
303 1273 379 1321 entia
431 1281 480 1322 eus
500 1273 622 1323 naturae
641 1272 863 1343 perversitatem
883 1262 1031 1337 refrenat,
1056 1281 1143 1320 nem
1164 1272 1262 1322 aetum

126 1350 277 1418 erumpat:
297 1338 348 1399 sed
369 1358 429 1398 uon
451 1351 556 1419 purgat
574 1339 661 1400 intus.

202 1420 231 1479 4.
270 1414 409 1474 Nondum
428 1425 528 1473 tamen
547 1415 660 1476 solutus
679 1427 725 1476 est
741 1413 903 1495 serupulus.
940 1412 1091 1474 Autenim
1103 1412 1263 1475 Camillum

38 1509 40 1513 ·
126 1511 226 1573 parem
252 1490 398 1553 Catilinae
429 1489 583 1565 laniamus,
613 1493 770 1553 convenies
800 1502 849 1551 aut
878 1490 908 1550 in
935 1490 1063 1551 Camillo
1089 1489 1263 1552 babebimus

126 1567 305 1648 exemplum,
326 1574 471 1640 naturam,
490 1567 515 1626 si
533 1567 631 1628 studio
651 1566 816 1641 excolatur,
837 1566 970 1639 bonitate
990 1567 1192 1646 non'prorsus
1211 1588 1262 1628 va·

126 1663 215 1722 care·
240 1645 307 1726 ligo
326 1664 398 1705 vero
418 1642 530 1718 fateor,
555 1645 679 1723 quaein
702 1645 826 1706 Camillo
852 1644 972 1703 luerunt
996 1646 1146 1724 speciosae
1166 1643 1263 1720 dotes,

46 1744 64 1755 “
125 1734 156 1782 et
175 1721 233 1780 Dei
255 1720 340 1791 luisse
361 1719 455 1793 dona,
480 1732 512 1779 et
536 1720 599 1780 iure
620 1720 866 1781 commendabiles
885 1719 993 1796 videri,
1022 1721 1046 1780 si
1072 1721 1101 1779 in
1122 1738 1153 1779 se
1172 1719 1262 1780 aesti-

125 1809 257 1858 mentur:
288 1796 339 1856 sed
370 1796 522 1877 quomodo
552 1797 689 1858 naturalis
720 1797 875 1879 probitatis
900 1807 988 1856 erunt
1018 1797 1049 1856 in
1077 1797 1141 1875 ipso
1167 1797 1261 1857 docu-

87 1883 95 1904 ‘
124 1870 243 1935 menta?
282 1872 393 1934 Annon
412 1872 449 1933 ad
470 1871 597 1934 animum
623 1874 805 1934 redeundum
826 1873 899 1946 erit,
920 1883 950 1934 et
969 1873 1042 1934 baec
1062 1871 1194 1933 ducenda
1214 1895 1262 1933 ra-

125 1948 300 2013 tiocinatio?
321 1949 374 2030 [cl.
394 1948 519 2031 August
540 1951 589 2012 lib.
599 1957 628 2014 4.
649 1954 729 2011 cunt.
748 1949 875 2044 Iuliam]
894 1949 927 2009 Si
946 1950 1036 2010 bomo
1057 1948 1189 2010 animalis
1207 1948 1262 2010 tali

124 2047 240 2087 morum
259 2027 431 2109 integritate
450 2026 610 2107 praestitit,
629 2048 691 2088 non
712 2027 813 2088 deesse
834 2040 936 2106 utrque
954 2038 1077 2087 naturae
1093 2026 1128 2085 ad
1147 2026 1261 2088 virtutis

125 2103 252 2164 studium
272 2099 449 2163 facultatem.
490 2103 571 2179 Quid
591 2117 689 2163 autem
714 2104 738 2164 si
763 2103 876 2164 animus
917 2125 999 2163 ravus
1025 2102 1113 2162 luerit
1137 2114 1167 2162 et
1186 2123 1260 2164 con-

124 2178 1131 2317 sennensesstrrlitussrsstu1rameses
1146 2178 1261 2316 {til

77 2388 82 2399 ,
125 2330 177 2392 dis.
218 2330 315 2405 Quam
335 2331 407 2392 mibi
425 2330 456 2390 in
476 2331 531 2391 bac
551 2297 634 2412 partle
654 2332 834 2413 praedicabis
855 2332 998 2392 humanae
1017 2343 1138 2391 naturae
1150 2333 1186 2392 ad
1204 2331 1261 2393 bn-

125 2429 194 2467 uum
215 2407 397 2486 potentiam,
427 2407 452 2467 si
480 2407 511 2466 in
535 2428 645 2467 summa
670 2409 847 2489 integritatis
872 2409 970 2489 specie
994 2427 1111 2488 semper
1134 2409 1170 2467 ad
1191 2430 1263 2468 eor-

124 2482 292 2564 ruptionem
314 2482 385 2543 lerri
405 2482 653 2576 deprehenditur?
692 2486 774 2566 Ergo
800 2496 832 2543 ut
857 2484 1007 2543 bominem
1035 2504 1050 2542 a
1071 2482 1177 2542 virtute
1198 2505 1262 2547 nun

69 2602 72 2607 -
124 2559 389 2630 commendaveris,
410 2581 490 2620 curus
510 2560 567 2620 vita
587 2561 641 2621 sub
662 2561 776 2621 virtutis
796 2560 981 2642 imagineim
1005 2570 1113 2618 nnunt:
1140 2559 1178 2617 ita
1204 2561 1273 2629 liu-¹

125 2655 229 2727 manae
247 2636 391 2696 voluntati
412 2637 488 2728 recti
505 2637 661 2774 expetendi
682 2637 847 2698 facultatem
868 2657 929 2695 non
949 2580 1069 2709 tribuas,
1089 2635 1264 2728 quantisper

124 2725 627 2870 ¹ellasalcllllillla'pllsllslsrslllrlaeestionis
653 2790 779 2862 solutio,
811 2811 872 2850 non
904 2810 966 2850 esse
996 2789 1064 2850 istas
1088 2810 1262 2851 communes

123 2876 244 2925 naturae
265 2865 364 2941 dotes,
387 2867 437 2927 sed
463 2866 602 2947 speciales
623 2866 681 2926 Dei
700 2868 823 2948 gratias,
847 2887 917 2946 quas
936 2868 1014 2928 varie
1035 2878 1065 2926 et
1090 2865 1125 2925 ad
1146 2877 1261 2927 certum

123 2941 242 3002 modum
268 2942 399 3023 prolenis
423 2942 534 3034 alioqui
560 2943 727 3004 bominibus
751 2944 908 3022 dispensat
956 2944 1025 3019 Qua
1055 2942 1171 3002 ratione
1196 2962 1261 3003 nnn

122 3016 314 3109 formidamus
340 3019 371 3078 in
391 3019 504 3101 vulgari
534 3041 670 3081 sermone
701 3019 779 3081 bunc
804 3021 880 3080 bene
905 3031 1020 3109 natum,
1044 3020 1126 3080 illum
1151 3038 1261 3155 pravae

124 3105 243 3156 naturae
257 3095 365 3167 dicere.
403 3097 467 3158 Nec
487 3109 585 3157 tamen
605 3108 762 3178 utrumque
776 3096 931 3156 desinimus
951 3096 1102 3157 includere
1116 3118 1149 3156 su
1191 3096 1261 3155 uni-

122 3170 225 3261 versali
246 3169 387 3232 humanae
406 3172 554 3253 pravitatis
574 3173 760 3234 conditiones
786 3174 836 3234 sed
856 3172 1016 3234 indicamus
1035 3174 1105 3253 quid
1125 3172 1260 3251 specialis

122 3258 232 3326 gratiae
253 3247 281 3305 in
302 3248 425 3307 alterum
437 3248 584 3310 Dominus
604 3250 774 3324 contulerit,
815 3271 854 3311 uo
873 3249 996 3310 alterum
1017 3272 1077 3309 nun
1098 3248 1136 3308 sit
1155 3249 1261 3332 digna·

44 3342 47 3347 ·
122 3333 179 3381 tus.
218 3322 334 3413 Saulem
359 3324 522 3404 praeficere
542 3345 638 3408 regno
657 3326 763 3387 rolens
782 3273 824 3403 (l.
844 3325 924 3387 Sam.
944 3333 996 3396 10,
1016 3329 1078 3405 6.),
1099 3326 1180 3404 quasi
1202 3347 1261 3386 no·

121 3419 189 3457 rum
208 3397 357 3458 hommem
378 3400 529 3462 formavit:
549 3413 637 3482 atque
658 3403 729 3463 baec
750 3405 822 3464 ratio
845 3415 890 3463 est
909 3424 961 3463 cur
980 3402 1077 3476 Plato,
1097 3402 1132 3461 ad
1145 3403 1260 3462 Home·

122 3473 221 3564 sicam·
236 3474 360 3535 fabulam
381 3477 529 3552 alludens,
553 3478 667 3560 Regum
694 3478 767 3538 filins
787 3481 880 3541 creari
900 3480 978 3539 dicat
1003 3479 1099 3559 aliqua
1118 3478 1261 3560 singulari

82 3591 86 3599 -
122 3563 193 3609 nuta
212 3550 356 3644 insigues:
384 3555 451 3633 quia
469 3555 551 3615 Deus
579 3555 706 3615 bumano
732 3557 835 3638 generi
856 3555 1010 3616 consulere
1031 3556 1148 3629 volens,
1171 3573 1259 3635 saepe

122 3647 201 3761 qpps
217 3627 252 3687 ad
272 3629 425 3720 imperium
447 3630 590 3723 destirast,
616 3631 733 3693 heroica
754 3646 856 3692 natura
881 3633 1011 3692 instruit:
1042 3645 1136 3722 atque·
1152 3652 1185 3691 ex
1204 3631 1260 3725 bac

38 3741 40 3744 ’
121 3722 256 3871 insili}
272 3705 914 3872 t?‘ltnttttlntttttttdett
928 3706 1261 3868 ‘ttlssztiahtt¹tt:5:

120 3866 311 3917 stantsssrmus
332 3880 455 3938 quisque
477 3860 545 3932 suis,
577 3880 643 3919 eum
674 3881 791 3942 semper
821 3861 938 3943 impulit
961 3884 1012 3921 sua
1037 3860 1160 3922 ambitio
1185 3863 1260 3940 (qua

120 3930 186 3991 labe
199 3932 356 3993 foedantur
367 3955 469 3995 omnes
488 3937 622 4010 virtutes,
643 3949 675 3997 ut
693 3959 792 3998 coram
804 3938 872 3999 Deo
888 3937 1015 4075 gratiam
1036 3959 1155 3998 omnem
1174 3937 1261 3998 amit·

554 2713 625 2774 elixa
646 2726 698 2774 est
743 2715 920 2793 Quanquam
944 2711 1016 2773 baec
1036 2725 1194 2772 certissima
1216 2724 1262 2774 est

120 4011 210 4098 tant),
223 4031 285 4145 'lm
308 4010 405 4071 nibilo
417 4012 591 4102 ‘ducendum
611 4026 656 4074 est
675 4014 814 4104 quicquid
840 4014 886 4076 lau
909 4036 924 4074 e
946 4016 1066 4104 dignum
1081 4009 1209 4105 ‘apparet
1229 4015 1260 4072 in

119 4081 230 4175 bomini
253 4108 286 4147 us
306 4088 447 4179 profanis.
484 4089 570 4149 nude
611 4090 670 4181 uod
692 4112 847 4182 praecipua
863 4114 932 4229 pars
952 4091 1135 4151 rectitudinis
1151 4090 1261 4182 deficit,

119 4159 169 4219 ubs
190 4161 301 4222 nullum
322 4174 366 4224 est
381 4162 586 4256 'illustrandae
637 4187 664 4225 er
684 4168 797 4258 gloriae
817 4181 863 4228 stu
886 4192 963 4244 sum,
995 4188 1055 4247 quo
1081 4177 1261 4260 vacuros'unt

116 4239 1261 4403 snt“1esn⁸t;12‘3.>t¹¹n,‚e”estne'rastedensistete
