2700 4732
3 194 31 265 -’
78 226 138 291 ass
460 216 539 279 nm.
559 215 619 279 m.
657 215 747 280 car.
767 214 824 277 111.

80 365 159 426 ridet
171 362 278 424 lesaias
296 363 350 442 (58
370 362 415 438 6.)
434 360 485 441 qni
504 373 654 422 externam
672 360 704 422 in
721 350 897 422 ceremoniis
908 358 1137 441 resipiscentiam
1147 370 1227 424 stre·

82 462 142 503 nne
162 440 281 521 quidem
301 404 517 499 moliebantur:
543 450 574 498 at
592 438 713 499 interibi
732 437 886 500 fasciculos
907 436 1086 516 iniquitatis,
1116 438 1227 519 quibus

82 518 239 600 colligatos
257 514 400 576 tenebant
418 534 573 595 pauperes,
592 515 751 576 dissolvere
772 534 833 573 non
857 514 1010 573 curabant.
1048 514 1110 573 Ubi
1135 516 1226 575 etiam

81 594 185 728 pulcrp
217 593 363 669 ostendit,
393 591 425 652 in
457 592 564 673 quibus
595 592 717 673 proprie
747 592 802 652 sita
835 590 873 651 sit
904 590 1010 679 officiis
1038 591 1227 670 poenitentia

82 692 146 733 nou
186 681 244 730 cta.
974 702 978 719 ι

159 752 187 812 7.
226 743 397 805 Secundum
416 754 506 824 caput
525 752 599 817 erat,
618 741 699 823 qnod
720 763 753 803 ex
772 742 849 802 serio
870 742 929 802 Dei
948 742 1054 803 timore
1068 743 1226 805 docuimus

82 824 175 905 ipsam
196 821 354 902 proficisci.
393 819 478 881 Prius
498 823 576 880 enim
599 840 684 900 qnam
704 820 739 880 ad
763 818 992 899 resipiscentiam
1018 840 1099 880 mens
1119 840 1226 901 pecca-

83 900 157 962 toris
182 897 358 971 inclinetur,
391 897 480 958 divini
505 897 605 958 iudicii
631 897 813 976 cogitatione
843 896 959 955 excitari
991 909 1121 975 oportet:
1160 896 1226 957 Ubi

83 988 180 1038 autem
200 974 271 1035 baec
291 974 433 1055 cogitatio
457 976 575 1054 penitus
600 973 755 1043 insederit,
785 973 882 1031 Deum
908 972 1066 1052 aliquando
1092 971 1226 1034 tribunat

81 1068 312 1115 conscensurum
332 1051 368 1111 ad
389 1049 559 1131 exigendam
579 1052 710 1111 omnium
731 1050 877 1108 dictorum
896 1048 1102 1128 laetorumque
1131 1049 1226 1110 ratio·

82 1150 166 1189 nem:
195 1128 334 1188 miserum
354 1126 505 1187 bominem
529 1127 761 1204 interquiescere
785 1146 847 1186 non
872 1125 964 1197 sinet,
999 1144 1054 1185 nec
1081 1138 1226 1206 punctum

82 1206 224 1285 temporis
243 1204 398 1283 respirare,
417 1205 488 1284 quin
508 1214 653 1282 perpetuo
673 1203 708 1261 ad
728 1201 928 1261 meditandum
944 1201 1022 1261 alind
1042 1202 1117 1262 ritae
1136 1202 1225 1263 insti-

83 1294 179 1341 tutum
209 1278 387 1353 exstimulet,
416 1300 476 1360 quo
507 1301 538 1340 se
564 1281 599 1339 ad
624 1279 764 1338 iudicium
785 1278 856 1337 illud
875 1279 977 1338 sistere
1001 1299 1105 1337 secure
1124 1288 1225 1357 queat.

41 1414 43 1421 ,
83 1359 187 1432 Quare
207 1356 358 1434 Scriptura
379 1376 480 1435 saepe,
512 1357 582 1415 dum
606 1356 641 1415 ad
670 1355 881 1436 poenitentiam
901 1355 1090 1426 cobortatnr,
1119 1353 1225 1414 iudicii

82 1434 265 1494 mentionem
286 1432 390 1506 iniicit,
411 1445 443 1492 ut
463 1432 540 1513 apud
560 1431 714 1493 leremiam
734 1433 778 1508 (t,
797 1431 857 1506 d.):
896 1431 963 1503 „Ne
989 1431 1067 1490 sorte
1087 1431 1226 1512 egredie-

82 1521 155 1587 „tnr
174 1521 208 1569 nt
228 1509 303 1590 ignis
323 1509 408 1569 furor
427 1530 518 1580 mens,
539 1520 569 1568 et
588 1528 649 1569 nnn
669 1509 706 1567 sit
726 1509 774 1587 qni
796 1507 974 1587 exstinguat,
995 1520 1119 1587 propter
1137 1504 1226 1567 mali-

81 1587 172 1661 „tiam
191 1605 316 1665 operum
336 1590 528 1646 vestrorum.“
548 1584 584 1643 ln
605 1585 750 1644 concione
769 1583 856 1644 Pauli
875 1585 909 1643 ad
924 1583 1119 1643 Athenienses
1138 1585 1224 1662 (Act

82 1669 131 1737 17,
150 1665 231 1738 30.):
269 1661 331 1736 „Et
356 1674 490 1742 tempora
516 1661 632 1741 quidem
660 1661 744 1719 buius
764 1660 952 1741 ignorantiae
971 1682 1059 1739 qunrn
1081 1661 1226 1721 hactenus

82 1737 292 1816 „dissimularit
320 1738 416 1815 Dens,
449 1759 528 1798 nunc
558 1738 713 1814 annuntiat
743 1736 910 1796 bominibus
930 1749 963 1795 ut
983 1756 1085 1796 omncs
1109 1736 1226 1816 ubique

81 1816 322 1896 „poenitentiam
343 1826 445 1896 agant:
472 1835 508 1875 co
529 1812 609 1894 quod
629 1813 730 1874 statuit
749 1814 836 1886 diem,
855 1813 885 1872 in
906 1834 966 1892 quo
987 1814 1165 1873 indicaturus
1177 1824 1226 1888 est

81 1891 208 1971 „orbern
229 1892 257 1966 in
278 1893 461 1970 aequitate:“
491 1902 521 1949 et
540 1891 602 1950 aliis
622 1889 821 1969 compluribus
840 1890 870 1947 in
897 1888 980 1949 locis.
1030 1889 1186 1948 Interdum
1205 1909 1225 1950 a

83 1967 288 2050 punitionibus
309 1968 366 2026 iarn
386 1968 534 2048 irrogatis,
551 1967 649 2027 Deum
671 1986 732 2026 esse
752 1966 877 2025 indicem
898 1965 1042 2026 declarat:
1070 1987 1131 2045 quo
1151 1986 1225 2046 pec·

81 2057 195 2104 catores
216 2063 315 2103 secum
335 2065 366 2102 re
390 2055 488 2114 ntcnt,
512 2044 614 2123 peiora
634 2043 690 2103 sibi
710 2043 863 2102 imminere
884 2043 938 2102 nisi
957 2055 1072 2101 mature
1088 2042 1224 2122 resipue-

80 2122 151 2180 rint.
191 2119 361 2201 Exemplum
370 2065 465 2179 babes
478 2119 706 2187 Deuteronomii
718 2120 855 2178 vicesimo
867 2139 959 2178 nono.
982 2118 1133 2191 Quoniam
1145 2138 1224 2179 vero

80 2218 97 2256 a
117 2196 231 2277 peccati
251 2195 375 2256 horrore
396 2208 426 2255 et
446 2196 515 2256 odio
530 2196 685 2257 conversio
696 2193 862 2269 inchoatur,
881 2195 949 2255 ideo
969 2194 1126 2267 tristitiam,
1144 2212 1222 2334 qnae

81 2272 241 2333 secundum
263 2271 360 2331 Deum
381 2285 434 2348 est,
455 2266 657 2353 poenitentiae
679 2292 791 2332 causam
813 2271 919 2331 lacitA
943 2270 1054 2332 ostolus
1074 2270 1132 2351 (11.
1173 2280 1221 2333 οι.

80 2355 110 2423 7,
128 2350 202 2425 tlt).
242 2347 402 2407 'iristitiam
422 2361 518 2409 autern
538 2349 699 2409 secundnm
718 2347 816 2407 Deum
837 2294 974 2428 appellat,
995 2348 1045 2407 ubi
1060 2369 1127 2437 pon
1144 2368 1224 2429 pne-

79 2445 148 2483 nam
169 2423 260 2482 morlo
281 2424 479 2500 exhorremus,
497 2425 548 2484 scd
568 2437 721 2504 peccatum
741 2424 846 2504 ipsum,
867 2446 969 2505 eano
984 2423 1138 2504 displicere
1151 2424 1223 2487 Deo

80 2499 288 2581 intelligimus,
309 2501 424 2561 odimus
445 2514 474 2560 et
496 2522 689 2561 exsecramur:
722 2521 776 2560 nce
797 2503 920 2574 rnirnm,
950 2503 1018 2591 qnia
1039 2500 1092 2560 nisi
1112 2503 1224 2565 acriter

32 2622 35 2635 .
78 2597 262 2659 pungamur,
295 2598 356 2636 non
384 2589 483 2656 posset
507 2578 616 2660 corrigi
636 2577 729 2636 carnis
749 2590 869 2637 nostrae
888 2577 1035 2659 pignties:
1066 2572 1128 2656 ind
1154 2597 1221 2638 oon

52 2653 250 2715 ‚sufficerent
271 2653 332 2714 cius
356 2656 471 2733 stupori
498 2666 528 2713 et
558 2654 712 2715 socordiae
758 2655 927 2730 unctiones,
959 2655 1013 2714 nisi
1038 2654 1142 2715 lerults
1168 2674 1222 2713 ex-

78 2729 206 2790 serendo
227 2728 312 2790 altius
332 2741 502 2809 penetraret
521 2732 611 2791 Deus.
649 2675 773 2792 Accedit
793 2734 881 2791 etiarn
906 2731 1107 2805 contumacis,
1189 2751 1222 2790 m

78 2804 160 2869 velut
177 2804 290 2866 malleis
310 2807 453 2866 contundi
474 2827 592 2868 necesse
613 2819 666 2866 est.
726 2808 766 2866 Er
789 2828 807 2867 o
828 2809 1031 2880 severitatem,
1060 2750 1164 2886 qual)
1186 2828 1222 2869 ue

32 2894 34 2897 '
78 2883 172 2943 utitur
191 2882 342 2952 minando,
361 2883 475 2964 ingenii
492 2884 588 2945 nostri
609 2883 734 2962 pravitas
747 2827 788 2943 ab
802 2904 839 2944 eo
860 2895 1028 2963 extorquet:
1063 2885 1130 2964 quia
1147 2884 1221 2943 dor-

78 2960 203 3020 mientes
217 2959 322 3020 frustra
334 2957 440 3020 blande
460 2959 599 3021 alliceret.
620 2961 801 3021 Testimonia
814 2982 875 3020 noo
891 2962 995 3033 recito,
1019 2966 1095 3040 quae
1112 2961 1220 3040 passim

76 3046 248 3096 occurrunt.
297 3037 363 3099 Alia
387 3038 474 3097 etiam
495 3038 610 3098 ratione
630 3038 719 3098 timor
739 3039 796 3098 Dei
817 3039 1019 3118 poenitentioe
1039 3037 1220 3118 principium

78 3124 135 3187 est,
155 3111 224 3191 quia
245 3114 299 3174 etsi
321 3115 458 3175 omnibus
478 3116 618 3174 virtutum
639 3115 767 3175 numeris
788 3114 922 3174 absoluta
941 3115 978 3175 sit
999 3114 1126 3173 bominis
1145 3115 1221 3191 viu,

78 3188 135 3247 nisi
163 3189 198 3248 ad
224 3187 283 3248 Dei
301 3191 417 3255 ,cultum
444 3191 607 3264 reseratur,
637 3190 747 3251 landari
773 3192 891 3271 quidem
921 3191 1068 3269 poterita
1095 3190 1221 3265 mundo,

77 3264 129 3324 sed
151 3264 181 3324 in
202 3266 289 3327 coelo
309 3288 389 3326 mera
409 3265 588 3327 abominatio
610 3268 680 3327 erit:
701 3269 818 3347 quando
840 3270 994 3359 praecipua
1009 3266 1137 3327 institiae
1151 3287 1220 3347 pers

77 3350 133 3414 est,
153 3363 237 3401 snum
257 3343 301 3401 ius
322 3354 352 3401 et
370 3341 516 3403 bonorem
535 3342 603 3402 Deo
625 3343 759 3418 reddere,
790 3366 850 3435 quo
873 3346 964 3424 impie
984 3343 1146 3418 fraudatur,
1167 3342 1220 3404 obi

76 3416 164 3477 nobis
177 3419 362 3551 prqpositum
383 3440 445 3479 non
466 3432 520 3494 est,
538 3420 684 3480 subiicere
705 3441 759 3480 nos
779 3440 841 3480 crus
861 3421 995 3499 imperio.

152 3498 182 3560 8.
252 3495 328 3554 ertio
350 3495 417 3554 loco
439 3496 639 3576 explicandum
660 3508 758 3569 restat,
779 3497 862 3577 quale
882 3499 920 3557 sit
944 3496 1021 3556 istud
1042 3495 1124 3576 quod
1144 3496 1219 3557 dici-

33 3579 34 3583 ’
75 3590 158 3643 mus,
190 3570 402 3650 poenitentiam
430 3572 541 3633 duabus
560 3575 692 3652 partibus
713 3586 863 3632 constare:
893 3574 1121 3633 mortificatione
1141 3572 1221 3634 scili·

76 3660 125 3707 cet
144 3647 250 3721 carnis,
271 3660 301 3707 et
320 3649 438 3729 spiritus
457 3650 663 3711 vivificatione.
703 3650 738 3709 Id
758 3651 937 3729 Prophetae,
959 3649 1028 3711 licet
1047 3670 1103 3730 pro
1115 3671 1222 3711 carna·

74 3722 110 3785 lis
129 3722 233 3804 populi
257 3737 344 3804 captu
370 3725 528 3805 simplicius
556 3737 587 3785 et
618 3726 731 3803 rudius,
763 3726 876 3807 liquido
908 3740 1006 3786 tamen
1040 3727 1219 3806 exprimunt,

99 3821 168 3860 uum
189 3800 292 3860 dicunt
316 3802 542 3879 (Ps.3t.15.):
583 3803 716 3877 „Desine
743 3824 759 3864 a
784 3804 862 3864 malo
897 3815 927 3863 et
953 3804 998 3863 lac
1024 3803 1221 3864 bonitatem.“

76 3822 153 3937 ltem
174 3877 245 3954 (les.
266 3879 459 3955 1‚16.17.):
499 3880 686 3954 „Lavnmini,
716 3880 819 3938 mundi
839 3893 951 3955 cstote,
976 3880 1090 3939 auferte
1108 3879 1220 3941 malum

72 3972 220 4032 „operum
240 3965 404 4015 vostrorum
425 3954 462 4014 ab
484 3957 577 4016 oculis
591 3957 672 4016 meis.
694 3957 846 4030 Quiescite
860 3979 947 4038 agere
958 3977 1103 4036 perverse,
1115 3957 1221 4017 discite

74 4028 282 4106 „benefacere
312 4033 445 4110 quaerite
465 4031 615 4109 indicium,
642 4033 796 4095 subvenite
817 4039 995 4114 oppress0,“
1017 4046 1073 4092 etc.
1115 4035 1220 4108 Quum

73 4106 152 4166 enirn
173 4127 190 4165 a
209 4104 320 4167 malitia
341 4120 493 4182 revocant,
514 4111 606 4169 totius
627 4112 721 4171 carnis
742 4110 892 4169 interitum
914 4112 1043 4191 exigunt,
1064 4130 1139 4189 quae
1154 4132 1220 4170 ma-

72 4181 138 4271 litis
158 4193 188 4241 et
207 4183 401 4262 perversitate
420 4185 529 4246 referta
550 4198 602 4247 est.
641 4186 699 4247 Res
719 4206 823 4267 porsus
845 4186 970 4246 difficilis
991 4199 1021 4246 ct
1041 4187 1140 4262 ardua,
1162 4208 1218 4247 nos

73 4277 153 4337 rpsos
173 4277 294 4335 exuere,
327 4263 515 4322 etanativo
536 4263 658 4345 ingenio
679 4264 755 4322 demi
792 4283 851 4322 are.
910 4264 1014 4341 Ncqoc
1035 4264 1113 4322 enim
1147 4284 1219 4322 caro

71 4331 150 4393 bene
169 4335 316 4398 interiisse
336 4339 465 4417 putanda
485 4351 540 4420 est,
559 4339 616 4401 uisi
637 4284 813 4421 quicquidra
835 4339 920 4400 nobis
941 4340 1098 4413 babemus,
1119 4338 1217 4399 aboli-
