<?xml version="1.0" encoding="UTF-8"?>
<!DOCTYPE html PUBLIC "-//W3C//DTD XHTML 1.0 Transitional//EN"
    "http://www.w3.org/TR/xhtml1/DTD/xhtml1-transitional.dtd">
<html xmlns="http://www.w3.org/1999/xhtml" xml:lang="en" lang="en">
 <head>
  <title>
</title>
<meta http-equiv="Content-Type" content="text/html;charset=utf-8" />
  <meta name='ocr-system' content='tesseract 3.04.00' />
  <meta name='ocr-capabilities' content='ocr_page ocr_carea ocr_par ocr_line ocrx_word'/>
</head>
<body>
  <div class='ocr_page' id='page_1' title='image "./ioanniscalvinii02tholgoog/ioanniscalvinii02tholgoog_0887.png"; bbox 0 0 2596 4726; ppageno 0'>
   <div class='ocr_carea' id='block_1_1' title="bbox 127 132 901 294">
    <p class='ocr_par' dir='ltr' id='par_1_1' title="bbox 127 132 901 294">
     <span class='ocr_line' id='line_1_1' title="bbox 127 132 901 294; baseline -0.01 -33"><span class='ocrx_word' id='word_1_1' title='bbox 127 196 187 261; x_wconf 83' lang='lat' dir='ltr'>aas</span> <span class='ocrx_word' id='word_1_2' title='bbox 274 132 279 141; x_wconf 34' lang='lat'>¹</span> <span class='ocrx_word' id='word_1_3' title='bbox 507 190 582 259; x_wconf 83' lang='lat' dir='ltr'>aas.</span> <span class='ocrx_word' id='word_1_4' title='bbox 601 192 656 253; x_wconf 86' lang='lat' dir='ltr'>rv.</span> <span class='ocrx_word' id='word_1_5' title='bbox 694 189 785 255; x_wconf 83' lang='lat' dir='ltr'>car.</span> <span class='ocrx_word' id='word_1_6' title='bbox 804 136 901 294; x_wconf 74' lang='lat' dir='ltr'>auu</span> 
     </span>
    </p>
   </div>
   <div class='ocr_carea' id='block_1_2' title="bbox 129 334 1265 550">
    <p class='ocr_par' dir='ltr' id='par_1_2' title="bbox 129 334 1265 550">
     <span class='ocr_line' id='line_1_2' title="bbox 130 334 1265 419; baseline -0.002 -21"><span class='ocrx_word' id='word_1_7' title='bbox 130 348 189 399; x_wconf 85' lang='lat' dir='ltr'>tur.</span> <span class='ocrx_word' id='word_1_8' title='bbox 227 335 311 398; x_wconf 79' lang='lat' dir='ltr'>Hanc</span> <span class='ocrx_word' id='word_1_9' title='bbox 331 337 408 397; x_wconf 91' lang='lat' dir='ltr'>enim</span> <span class='ocrx_word' id='word_1_10' title='bbox 428 335 595 418; x_wconf 75' lang='lat' dir='ltr'>palinodiae</span> <span class='ocrx_word' id='word_1_11' title='bbox 612 334 769 397; x_wconf 80' lang='lat' dir='ltr'>formulam</span> <span class='ocrx_word' id='word_1_12' title='bbox 789 334 910 395; x_wconf 84' lang='lat' dir='ltr'>dictavit</span> <span class='ocrx_word' id='word_1_13' title='bbox 930 335 1112 419; x_wconf 77' lang='lat' dir='ltr'>berengario</span> <span class='ocrx_word' id='word_1_14' title='bbox 1124 334 1265 396; x_wconf 81' lang='lat' dir='ltr'>Nicotaus</span> 
     </span>
     <span class='ocr_line' id='line_1_3' title="bbox 129 408 1263 550; baseline -0.002 -77"><span class='ocrx_word' id='word_1_15' title='bbox 129 412 220 505; x_wconf 70' lang='lat' dir='ltr'>Papa,</span> <span class='ocrx_word' id='word_1_16' title='bbox 237 432 312 492; x_wconf 87' lang='lat' dir='ltr'>quae</span> <span class='ocrx_word' id='word_1_17' title='bbox 326 414 533 550; x_wconf 85' lang='lat' dir='ltr'>poenitentiae</span> <span class='ocrx_word' id='word_1_18' title='bbox 551 408 635 473; x_wconf 86' lang='lat' dir='ltr'>testis</span> <span class='ocrx_word' id='word_1_19' title='bbox 652 412 745 474; x_wconf 83' lang='lat' dir='ltr'>foret:</span> <span class='ocrx_word' id='word_1_20' title='bbox 764 412 862 473; x_wconf 86' lang='lat' dir='ltr'>verbis</span> <span class='ocrx_word' id='word_1_21' title='bbox 880 411 991 473; x_wconf 83' lang='lat' dir='ltr'>scilicet</span> <span class='ocrx_word' id='word_1_22' title='bbox 1009 430 1142 493; x_wconf 85' lang='lat' dir='ltr'>eousque</span> <span class='ocrx_word' id='word_1_23' title='bbox 1159 412 1263 550; x_wconf 81' lang='lat' dir='ltr'>prodi·</span> 
     </span>
    </p>
   </div>
   <div class='ocr_carea' id='block_1_3' title="bbox 73 486 1266 4325">
    <p class='ocr_par' dir='ltr' id='par_1_3' title="bbox 73 486 1266 4325">
     <span class='ocr_line' id='line_1_4' title="bbox 130 486 1265 582; baseline -0.002 -33"><span class='ocrx_word' id='word_1_24' title='bbox 130 508 236 581; x_wconf 65' lang='lat' dir='ltr'>qroaas,</span> <span class='ocrx_word' id='word_1_25' title='bbox 256 500 288 550; x_wconf 91' lang='lat' dir='ltr'>ut</span> <span class='ocrx_word' id='word_1_26' title='bbox 307 510 422 572; x_wconf 84' lang='lat' dir='ltr'>gossae¹</span> <span class='ocrx_word' id='word_1_27' title='bbox 440 503 545 551; x_wconf 91' lang='lat' dir='ltr'>auctor</span> <span class='ocrx_word' id='word_1_28' title='bbox 565 489 720 566; x_wconf 74' lang='lat' dir='ltr'><strong>exclamet,</strong></span> <span class='ocrx_word' id='word_1_29' title='bbox 739 486 901 582; x_wconf 87' lang='lat' dir='ltr'>perieulum</span> <span class='ocrx_word' id='word_1_30' title='bbox 922 508 1001 564; x_wconf 90' lang='lat' dir='ltr'>esse,</span> <span class='ocrx_word' id='word_1_31' title='bbox 1026 487 1082 548; x_wconf 89' lang='lat' dir='ltr'>nisi</span> <span class='ocrx_word' id='word_1_32' title='bbox 1101 508 1157 569; x_wconf 90' lang='lat' dir='ltr'>pru</span> <span class='ocrx_word' id='word_1_33' title='bbox 1179 498 1265 548; x_wconf 89' lang='lat' dir='ltr'>enter</span> 
     </span>
     <span class='ocr_line' id='line_1_5' title="bbox 120 563 1264 647; baseline -0.003 -19"><span class='ocrx_word' id='word_1_34' title='bbox 120 564 188 641; x_wconf 79' lang='lat' dir='ltr'>‚nti</span> <span class='ocrx_word' id='word_1_35' title='bbox 212 581 333 626; x_wconf 88' lang='lat' dir='ltr'>caveant</span> <span class='ocrx_word' id='word_1_36' title='bbox 356 565 497 641; x_wconf 85' lang='lat' dir='ltr'>lectores,</span> <span class='ocrx_word' id='word_1_37' title='bbox 528 586 567 626; x_wconf 91' lang='lat' dir='ltr'>ne</span> <span class='ocrx_word' id='word_1_38' title='bbox 586 566 721 627; x_wconf 89' lang='lat' dir='ltr'>haeresin</span> <span class='ocrx_word' id='word_1_39' title='bbox 745 564 815 625; x_wconf 82' lang='lat' dir='ltr'>inde</span> <span class='ocrx_word' id='word_1_40' title='bbox 839 563 976 625; x_wconf 80' lang='lat' dir='ltr'>hauriant</span> <span class='ocrx_word' id='word_1_41' title='bbox 998 565 1150 646; x_wconf 87' lang='lat' dir='ltr'>peiorem,</span> <span class='ocrx_word' id='word_1_42' title='bbox 1174 584 1264 647; x_wconf 84' lang='lat' dir='ltr'>quam</span> 
     </span>
     <span class='ocr_line' id='line_1_6' title="bbox 132 640 1263 725; baseline -0.001 -24"><span class='ocrx_word' id='word_1_43' title='bbox 132 640 223 701; x_wconf 82' lang='lat' dir='ltr'>luerit</span> <span class='ocrx_word' id='word_1_44' title='bbox 241 642 423 725; x_wconf 75' lang='lat' dir='ltr'>berengarii,</span> <span class='ocrx_word' id='word_1_45' title='bbox 441 642 581 705; x_wconf 83' lang='lat' dir='ltr'>Distinet.</span> <span class='ocrx_word' id='word_1_46' title='bbox 595 650 624 707; x_wconf 81' lang='lat'>2.</span> <span class='ocrx_word' id='word_1_47' title='bbox 642 662 667 703; x_wconf 85' lang='lat' dir='ltr'>c.</span> <span class='ocrx_word' id='word_1_48' title='bbox 705 640 772 725; x_wconf 77' lang='lat' dir='ltr'>Ego</span> <span class='ocrx_word' id='word_1_49' title='bbox 791 641 1045 723; x_wconf 83' lang='lat' dir='ltr'>Berengarius.-</span> <span class='ocrx_word' id='word_1_50' title='bbox 1066 641 1174 702; x_wconf 85' lang='lat' dir='ltr'>Petrus</span> <span class='ocrx_word' id='word_1_51' title='bbox 1192 658 1263 703; x_wconf 77' lang='lat' dir='ltr'>vero</span> 
     </span>
     <span class='ocr_line' id='line_1_7' title="bbox 133 715 1264 799; baseline 0 -22"><span class='ocrx_word' id='word_1_52' title='bbox 133 716 318 780; x_wconf 85' lang='lat' dir='ltr'>Lombardus</span> <span class='ocrx_word' id='word_1_53' title='bbox 338 720 391 779; x_wconf 90' lang='lat' dir='ltr'>etsi</span> <span class='ocrx_word' id='word_1_54' title='bbox 409 722 441 780; x_wconf 92' lang='lat' dir='ltr'>in</span> <span class='ocrx_word' id='word_1_55' title='bbox 466 719 628 780; x_wconf 72' lang='lat' dir='ltr'>acusanda</span> <span class='ocrx_word' id='word_1_56' title='bbox 654 718 835 779; x_wconf 75' lang='lat' dir='ltr'>absurditate</span> <span class='ocrx_word' id='word_1_57' title='bbox 858 717 981 777; x_wconf 87' lang='lat' dir='ltr'>multum</span> <span class='ocrx_word' id='word_1_58' title='bbox 1005 715 1139 793; x_wconf 87' lang='lat' dir='ltr'>laboret,</span> <span class='ocrx_word' id='word_1_59' title='bbox 1172 717 1264 799; x_wconf 77' lang='lat' dir='ltr'>magia</span> 
     </span>
     <span class='ocr_line' id='line_1_8' title="bbox 73 792 1263 875; baseline -0.003 -20"><span class='ocrx_word' id='word_1_60' title='bbox 73 870 77 875; x_wconf 21' lang='grc' dir='ltr'>ι</span> <span class='ocrx_word' id='word_1_61' title='bbox 131 804 231 855; x_wconf 83' lang='lat' dir='ltr'>tamen</span> <span class='ocrx_word' id='word_1_62' title='bbox 265 796 387 857; x_wconf 88' lang='lat' dir='ltr'>inclinat</span> <span class='ocrx_word' id='word_1_63' title='bbox 421 799 451 855; x_wconf 89' lang='lat' dir='ltr'>in</span> <span class='ocrx_word' id='word_1_64' title='bbox 486 797 626 856; x_wconf 84' lang='lat' dir='ltr'>diversam</span> <span class='ocrx_word' id='word_1_65' title='bbox 660 795 844 855; x_wconf 86' lang='lat' dir='ltr'>seutentiam.</span> <span class='ocrx_word' id='word_1_66' title='bbox 902 792 1053 874; x_wconf 80' lang='lat' dir='ltr'>Siquidem</span> <span class='ocrx_word' id='word_1_67' title='bbox 1083 806 1118 854; x_wconf 88' lang='lat' dir='ltr'>nt</span> <span class='ocrx_word' id='word_1_68' title='bbox 1147 792 1263 853; x_wconf 85' lang='lat' dir='ltr'>finitum</span> 
     </span>
     <span class='ocr_line' id='line_1_9' title="bbox 134 869 1265 965; baseline -0.002 -35"><span class='ocrx_word' id='word_1_69' title='bbox 134 889 199 931; x_wconf 88' lang='lat' dir='ltr'>esse</span> <span class='ocrx_word' id='word_1_70' title='bbox 230 892 284 952; x_wconf 92' lang='lat' dir='ltr'>pro</span> <span class='ocrx_word' id='word_1_71' title='bbox 310 884 452 965; x_wconf 85' lang='lat' dir='ltr'>perpetua</span> <span class='ocrx_word' id='word_1_72' title='bbox 477 872 610 952; x_wconf 85' lang='lat' dir='ltr'>corporis</span> <span class='ocrx_word' id='word_1_73' title='bbox 634 869 754 930; x_wconf 89' lang='lat' dir='ltr'>humani</span> <span class='ocrx_word' id='word_1_74' title='bbox 779 870 912 945; x_wconf 89' lang='lat' dir='ltr'>ratione,</span> <span class='ocrx_word' id='word_1_75' title='bbox 936 869 1057 930; x_wconf 88' lang='lat' dir='ltr'>minime</span> <span class='ocrx_word' id='word_1_76' title='bbox 1081 869 1265 953; x_wconf 76' lang='lat' dir='ltr'>ambigimus,</span> 
     </span>
     <span class='ocr_line' id='line_1_10' title="bbox 132 945 1264 1029; baseline -0.001 -22"><span class='ocrx_word' id='word_1_77' title='bbox 132 946 280 1026; x_wconf 91' lang='lat' dir='ltr'>coeloque</span> <span class='ocrx_word' id='word_1_78' title='bbox 290 952 446 1026; x_wconf 79' lang='lat' dir='ltr'>contineri,</span> <span class='ocrx_word' id='word_1_79' title='bbox 464 969 524 1029; x_wconf 91' lang='lat' dir='ltr'>quo</span> <span class='ocrx_word' id='word_1_80' title='bbox 537 946 626 1008; x_wconf 90' lang='lat' dir='ltr'>semel</span> <span class='ocrx_word' id='word_1_81' title='bbox 647 957 796 1027; x_wconf 86' lang='lat' dir='ltr'>receptum</span> <span class='ocrx_word' id='word_1_82' title='bbox 813 956 866 1022; x_wconf 90' lang='lat' dir='ltr'>est,</span> <span class='ocrx_word' id='word_1_83' title='bbox 886 948 982 1007; x_wconf 89' lang='lat' dir='ltr'>donec</span> <span class='ocrx_word' id='word_1_84' title='bbox 1001 945 1037 1008; x_wconf 89' lang='lat' dir='ltr'>ad</span> <span class='ocrx_word' id='word_1_85' title='bbox 1056 945 1199 1008; x_wconf 89' lang='lat' dir='ltr'>iudicium</span> <span class='ocrx_word' id='word_1_86' title='bbox 1216 964 1264 1006; x_wconf 87' lang='lat' dir='ltr'>re-</span> 
     </span>
     <span class='ocr_line' id='line_1_11' title="bbox 133 1021 1266 1103; baseline -0.001 -21"><span class='ocrx_word' id='word_1_87' title='bbox 133 1021 215 1084; x_wconf 88' lang='lat' dir='ltr'>deat:</span> <span class='ocrx_word' id='word_1_88' title='bbox 237 1025 275 1084; x_wconf 91' lang='lat' dir='ltr'>ita</span> <span class='ocrx_word' id='word_1_89' title='bbox 293 1024 347 1085; x_wconf 85' lang='lat' dir='ltr'>sub</span> <span class='ocrx_word' id='word_1_90' title='bbox 367 1024 439 1085; x_wconf 90' lang='lat' dir='ltr'>baec</span> <span class='ocrx_word' id='word_1_91' title='bbox 458 1021 661 1103; x_wconf 77' lang='lat' dir='ltr'>corruptibilia</span> <span class='ocrx_word' id='word_1_92' title='bbox 682 1022 827 1083; x_wconf 89' lang='lat' dir='ltr'>elementa</span> <span class='ocrx_word' id='word_1_93' title='bbox 846 1023 996 1083; x_wconf 87' lang='lat' dir='ltr'>retrahere</span> <span class='ocrx_word' id='word_1_94' title='bbox 1013 1024 1023 1083; x_wconf 90' lang='lat' dir='ltr'>i</span> <span class='ocrx_word' id='word_1_95' title='bbox 1045 1044 1109 1083; x_wconf 84' lang='lat' dir='ltr'>aum</span> <span class='ocrx_word' id='word_1_96' title='bbox 1128 1033 1182 1083; x_wconf 88' lang='lat' dir='ltr'>aut</span> <span class='ocrx_word' id='word_1_97' title='bbox 1199 1021 1266 1083; x_wconf 91' lang='lat' dir='ltr'>ubi-</span> 
     </span>
     <span class='ocr_line' id='line_1_12' title="bbox 131 1043 1263 1195; baseline -0.002 -36"><span class='ocrx_word' id='word_1_98' title='bbox 131 1119 190 1179; x_wconf 85' lang='lat' dir='ltr'>que</span> <span class='ocrx_word' id='word_1_99' title='bbox 209 1120 346 1181; x_wconf 87' lang='lat' dir='ltr'>praesens</span> <span class='ocrx_word' id='word_1_100' title='bbox 365 1101 528 1195; x_wconf 69' lang='lat' dir='ltr'>imaginari,</span> <span class='ocrx_word' id='word_1_101' title='bbox 549 1120 667 1180; x_wconf 89' lang='lat' dir='ltr'>prorsus</span> <span class='ocrx_word' id='word_1_102' title='bbox 678 1099 808 1160; x_wconf 85' lang='lat' dir='ltr'>ducimus¹</span> <span class='ocrx_word' id='word_1_103' title='bbox 820 1099 901 1160; x_wconf 81' lang='lat' dir='ltr'>nefas</span> <span class='ocrx_word' id='word_1_104' title='bbox 920 1119 993 1159; x_wconf 85' lang='lat' dir='ltr'>esse.</span> <span class='ocrx_word' id='word_1_105' title='bbox 1024 1043 1136 1179; x_wconf 72' lang='lat' dir='ltr'>itaque</span> <span class='ocrx_word' id='word_1_106' title='bbox 1145 1098 1177 1159; x_wconf 86' lang='lat' dir='ltr'>id</span> <span class='ocrx_word' id='word_1_107' title='bbox 1193 1117 1263 1160; x_wconf 88' lang='lat' dir='ltr'>sane</span> 
     </span>
     <span class='ocr_line' id='line_1_13' title="bbox 130 1174 1264 1258; baseline -0.004 -21"><span class='ocrx_word' id='word_1_108' title='bbox 130 1196 204 1257; x_wconf 88' lang='lat' dir='ltr'>opus</span> <span class='ocrx_word' id='word_1_109' title='bbox 224 1189 284 1252; x_wconf 88' lang='lat' dir='ltr'>est,</span> <span class='ocrx_word' id='word_1_110' title='bbox 309 1198 368 1257; x_wconf 91' lang='lat' dir='ltr'>quo</span> <span class='ocrx_word' id='word_1_111' title='bbox 388 1177 475 1258; x_wconf 83' lang='lat' dir='ltr'>ipsius</span> <span class='ocrx_word' id='word_1_112' title='bbox 517 1175 720 1255; x_wconf 89' lang='lat' dir='ltr'>articipationc</span> <span class='ocrx_word' id='word_1_113' title='bbox 739 1175 884 1253; x_wconf 86' lang='lat' dir='ltr'>iruamur,</span> <span class='ocrx_word' id='word_1_114' title='bbox 908 1175 1027 1256; x_wconf 88' lang='lat' dir='ltr'>quando</span> <span class='ocrx_word' id='word_1_115' title='bbox 1048 1175 1106 1237; x_wconf 91' lang='lat' dir='ltr'>boc</span> <span class='ocrx_word' id='word_1_116' title='bbox 1125 1174 1264 1237; x_wconf 78' lang='lat' dir='ltr'>beneficii</span> 
     </span>
     <span class='ocr_line' id='line_1_14' title="bbox 129 1198 1265 1335; baseline 0 -23"><span class='ocrx_word' id='word_1_117' title='bbox 129 1252 336 1333; x_wconf 78' lang='lat' dir='ltr'>perspiritum</span> <span class='ocrx_word' id='word_1_118' title='bbox 356 1276 439 1314; x_wconf 91' lang='lat' dir='ltr'>auum</span> <span class='ocrx_word' id='word_1_119' title='bbox 460 1198 547 1315; x_wconf 83' lang='lat' dir='ltr'>nobis</span> <span class='ocrx_word' id='word_1_120' title='bbox 567 1251 713 1314; x_wconf 78' lang='lat' dir='ltr'>Dominus</span> <span class='ocrx_word' id='word_1_121' title='bbox 732 1251 865 1335; x_wconf 78' lang='lat' dir='ltr'>largitur,</span> <span class='ocrx_word' id='word_1_122' title='bbox 881 1264 916 1312; x_wconf 91' lang='lat' dir='ltr'>ut</span> <span class='ocrx_word' id='word_1_123' title='bbox 935 1274 1024 1313; x_wconf 87' lang='lat' dir='ltr'>ouum</span> <span class='ocrx_word' id='word_1_124' title='bbox 1043 1272 1185 1333; x_wconf 88' lang='lat' dir='ltr'>corpore,</span> <span class='ocrx_word' id='word_1_125' title='bbox 1203 1252 1265 1332; x_wconf 90' lang='lat' dir='ltr'>api·</span> 
     </span>
     <span class='ocr_line' id='line_1_15' title="bbox 130 1328 1266 1411; baseline 0 -22"><span class='ocrx_word' id='word_1_126' title='bbox 130 1328 189 1389; x_wconf 90' lang='lat' dir='ltr'>ritu</span> <span class='ocrx_word' id='word_1_127' title='bbox 215 1342 247 1390; x_wconf 90' lang='lat' dir='ltr'>et</span> <span class='ocrx_word' id='word_1_128' title='bbox 269 1330 365 1392; x_wconf 79' lang='lat' dir='ltr'>anima</span> <span class='ocrx_word' id='word_1_129' title='bbox 387 1353 486 1394; x_wconf 89' lang='lat' dir='ltr'>secum</span> <span class='ocrx_word' id='word_1_130' title='bbox 511 1332 623 1392; x_wconf 86' lang='lat' dir='ltr'>fiamus.</span> <span class='ocrx_word' id='word_1_131' title='bbox 670 1328 824 1403; x_wconf 82' lang='lat' dir='ltr'>Vinculum</span> <span class='ocrx_word' id='word_1_132' title='bbox 845 1350 918 1411; x_wconf 80' lang='lat' dir='ltr'>ergo</span> <span class='ocrx_word' id='word_1_133' title='bbox 937 1330 1020 1391; x_wconf 88' lang='lat' dir='ltr'>iatius</span> <span class='ocrx_word' id='word_1_134' title='bbox 1045 1329 1266 1392; x_wconf 87' lang='lat' dir='ltr'>coniunctionis</span> 
     </span>
     <span class='ocr_line' id='line_1_16' title="bbox 130 1405 1266 1488; baseline 0.003 -24"><span class='ocrx_word' id='word_1_135' title='bbox 130 1416 176 1465; x_wconf 86' lang='lat' dir='ltr'>eat</span> <span class='ocrx_word' id='word_1_136' title='bbox 195 1405 321 1487; x_wconf 84' lang='lat' dir='ltr'>Spiritus</span> <span class='ocrx_word' id='word_1_137' title='bbox 335 1409 456 1484; x_wconf 78' lang='lat' dir='ltr'>Christi,</span> <span class='ocrx_word' id='word_1_138' title='bbox 476 1409 557 1480; x_wconf 86' lang='lat' dir='ltr'>cuius</span> <span class='ocrx_word' id='word_1_139' title='bbox 576 1429 653 1469; x_wconf 86' lang='lat' dir='ltr'>nem</span> <span class='ocrx_word' id='word_1_140' title='bbox 672 1405 860 1488; x_wconf 84' lang='lat' dir='ltr'>copulamur,</span> <span class='ocrx_word' id='word_1_141' title='bbox 880 1419 910 1466; x_wconf 88' lang='lat' dir='ltr'>et</span> <span class='ocrx_word' id='word_1_142' title='bbox 950 1406 1044 1466; x_wconf 88' lang='lat' dir='ltr'>uidam</span> <span class='ocrx_word' id='word_1_143' title='bbox 1063 1407 1158 1467; x_wconf 82' lang='lat' dir='ltr'>veluti</span> <span class='ocrx_word' id='word_1_144' title='bbox 1178 1426 1266 1468; x_wconf 87' lang='lat' dir='ltr'>caua·</span> 
     </span>
     <span class='ocr_line' id='line_1_17' title="bbox 132 1428 1265 1567; baseline 0.001 -25"><span class='ocrx_word' id='word_1_145' title='bbox 132 1480 178 1558; x_wconf 88' lang='lat' dir='ltr'>lis,</span> <span class='ocrx_word' id='word_1_146' title='bbox 198 1503 253 1563; x_wconf 92' lang='lat' dir='ltr'>per</span> <span class='ocrx_word' id='word_1_147' title='bbox 293 1506 371 1563; x_wconf 90' lang='lat' dir='ltr'>uem,</span> <span class='ocrx_word' id='word_1_148' title='bbox 392 1486 529 1567; x_wconf 88' lang='lat' dir='ltr'>quiequid</span> <span class='ocrx_word' id='word_1_149' title='bbox 540 1484 674 1547; x_wconf 84' lang='lat' dir='ltr'>Christus</span> <span class='ocrx_word' id='word_1_150' title='bbox 692 1487 754 1564; x_wconf 89' lang='lat' dir='ltr'>ipse</span> <span class='ocrx_word' id='word_1_151' title='bbox 775 1496 805 1544; x_wconf 89' lang='lat' dir='ltr'>et</span> <span class='ocrx_word' id='word_1_152' title='bbox 824 1496 868 1545; x_wconf 88' lang='lat' dir='ltr'>est</span> <span class='ocrx_word' id='word_1_153' title='bbox 887 1495 918 1544; x_wconf 92' lang='lat' dir='ltr'>et</span> <span class='ocrx_word' id='word_1_154' title='bbox 929 1428 1035 1560; x_wconf 83' lang='lat' dir='ltr'>babet,</span> <span class='ocrx_word' id='word_1_155' title='bbox 1054 1483 1090 1544; x_wconf 89' lang='lat' dir='ltr'>ad</span> <span class='ocrx_word' id='word_1_156' title='bbox 1110 1503 1167 1545; x_wconf 89' lang='lat' dir='ltr'>nos</span> <span class='ocrx_word' id='word_1_157' title='bbox 1187 1482 1265 1544; x_wconf 89' lang='lat' dir='ltr'>deri·</span> 
     </span>
     <span class='ocr_line' id='line_1_18' title="bbox 78 1558 1264 1643; baseline 0.001 -25"><span class='ocrx_word' id='word_1_158' title='bbox 78 1572 86 1589; x_wconf 83' lang='lat'><strong><em>¹</em></strong></span> <span class='ocrx_word' id='word_1_159' title='bbox 127 1570 228 1619; x_wconf 81' lang='lat' dir='ltr'>vatur..</span> <span class='ocrx_word' id='word_1_160' title='bbox 288 1581 334 1622; x_wconf 86' lang='lat' dir='ltr'>aus</span> <span class='ocrx_word' id='word_1_161' title='bbox 351 1565 376 1624; x_wconf 91' lang='lat' dir='ltr'>si</span> <span class='ocrx_word' id='word_1_162' title='bbox 394 1562 487 1624; x_wconf 87' lang='lat' dir='ltr'>solem</span> <span class='ocrx_word' id='word_1_163' title='bbox 506 1562 701 1643; x_wconf 75' lang='lat' dir='ltr'>conspicimus</span> <span class='ocrx_word' id='word_1_164' title='bbox 721 1562 808 1624; x_wconf 89' lang='lat' dir='ltr'>radiis</span> <span class='ocrx_word' id='word_1_165' title='bbox 832 1564 864 1621; x_wconf 90' lang='lat' dir='ltr'>iu</span> <span class='ocrx_word' id='word_1_166' title='bbox 889 1572 998 1622; x_wconf 84' lang='lat' dir='ltr'>terram</span> <span class='ocrx_word' id='word_1_167' title='bbox 1024 1560 1201 1621; x_wconf 85' lang='lat' dir='ltr'>emicantem</span> <span class='ocrx_word' id='word_1_168' title='bbox 1227 1558 1264 1621; x_wconf 91' lang='lat' dir='ltr'>ad</span> 
     </span>
     <span class='ocr_line' id='line_1_19' title="bbox 130 1636 1264 1721; baseline 0.002 -27"><span class='ocrx_word' id='word_1_169' title='bbox 130 1638 333 1717; x_wconf 74' lang='lat' dir='ltr'>generandos,</span> <span class='ocrx_word' id='word_1_170' title='bbox 357 1640 515 1715; x_wconf 78' lang='lat' dir='ltr'>fovendos,</span> <span class='ocrx_word' id='word_1_171' title='bbox 539 1636 720 1721; x_wconf 83' lang='lat' dir='ltr'>vegetandoa</span> <span class='ocrx_word' id='word_1_172' title='bbox 739 1638 801 1699; x_wconf 90' lang='lat' dir='ltr'>eius</span> <span class='ocrx_word' id='word_1_173' title='bbox 826 1638 923 1699; x_wconf 78' lang='lat' dir='ltr'>foetus</span> <span class='ocrx_word' id='word_1_174' title='bbox 942 1658 1022 1699; x_wconf 87' lang='lat' dir='ltr'>suam</span> <span class='ocrx_word' id='word_1_175' title='bbox 1062 1636 1264 1698; x_wconf 89' lang='lat' dir='ltr'>uodammodo</span> 
     </span>
     <span class='ocr_line' id='line_1_20' title="bbox 130 1712 1264 1797; baseline -0.001 -24"><span class='ocrx_word' id='word_1_176' title='bbox 130 1712 320 1775; x_wconf 83' lang='lat' dir='ltr'>substantiam</span> <span class='ocrx_word' id='word_1_177' title='bbox 347 1715 382 1777; x_wconf 89' lang='lat' dir='ltr'>ad</span> <span class='ocrx_word' id='word_1_178' title='bbox 411 1736 475 1776; x_wconf 87' lang='lat' dir='ltr'>eam</span> <span class='ocrx_word' id='word_1_179' title='bbox 500 1715 651 1775; x_wconf 87' lang='lat' dir='ltr'>traiicere:</span> <span class='ocrx_word' id='word_1_180' title='bbox 676 1736 730 1775; x_wconf 89' lang='lat' dir='ltr'>cur</span> <span class='ocrx_word' id='word_1_181' title='bbox 753 1715 878 1776; x_wconf 88' lang='lat' dir='ltr'>inlerior</span> <span class='ocrx_word' id='word_1_182' title='bbox 902 1714 1029 1797; x_wconf 88' lang='lat' dir='ltr'>Spiritus</span> <span class='ocrx_word' id='word_1_183' title='bbox 1079 1713 1163 1775; x_wconf 90' lang='lat' dir='ltr'>bristi</span> <span class='ocrx_word' id='word_1_184' title='bbox 1189 1723 1264 1775; x_wconf 84' lang='lat' dir='ltr'>esset</span> 
     </span>
     <span class='ocr_line' id='line_1_21' title="bbox 128 1787 1262 1875; baseline 0 -25"><span class='ocrx_word' id='word_1_185' title='bbox 128 1787 280 1852; x_wconf 81' lang='lat' dir='ltr'>irradiatio</span> <span class='ocrx_word' id='word_1_186' title='bbox 307 1791 342 1852; x_wconf 90' lang='lat' dir='ltr'>ad</span> <span class='ocrx_word' id='word_1_187' title='bbox 366 1793 604 1854; x_wconf 88' lang='lat' dir='ltr'>commonionem</span> <span class='ocrx_word' id='word_1_188' title='bbox 624 1793 717 1853; x_wconf 88' lang='lat' dir='ltr'>carnis</span> <span class='ocrx_word' id='word_1_189' title='bbox 736 1796 768 1852; x_wconf 79' lang='lat' dir='ltr'>tt</span> <span class='ocrx_word' id='word_1_190' title='bbox 786 1790 934 1875; x_wconf 81' lang='lat' dir='ltr'>sanguinis</span> <span class='ocrx_word' id='word_1_191' title='bbox 954 1792 1015 1852; x_wconf 89' lang='lat' dir='ltr'>eius</span> <span class='ocrx_word' id='word_1_192' title='bbox 1036 1792 1066 1850; x_wconf 87' lang='lat' dir='ltr'>iu</span> <span class='ocrx_word' id='word_1_193' title='bbox 1087 1812 1143 1852; x_wconf 89' lang='lat' dir='ltr'>uos</span> <span class='ocrx_word' id='word_1_194' title='bbox 1164 1790 1262 1852; x_wconf 89' lang='lat' dir='ltr'>tradu-</span> 
     </span>
     <span class='ocr_line' id='line_1_22' title="bbox 130 1866 1262 1951; baseline 0.003 -26"><span class='ocrx_word' id='word_1_195' title='bbox 130 1866 272 1928; x_wconf 71' lang='lat' dir='ltr'>cendam?</span> <span class='ocrx_word' id='word_1_196' title='bbox 310 1868 503 1951; x_wconf 85' lang='lat' dir='ltr'>Quapropter</span> <span class='ocrx_word' id='word_1_197' title='bbox 515 1869 677 1949; x_wconf 86' lang='lat' dir='ltr'>Scriptura,</span> <span class='ocrx_word' id='word_1_198' title='bbox 695 1868 747 1929; x_wconf 88' lang='lat' dir='ltr'>ubi</span> <span class='ocrx_word' id='word_1_199' title='bbox 768 1868 805 1928; x_wconf 91' lang='lat' dir='ltr'>de</span> <span class='ocrx_word' id='word_1_200' title='bbox 825 1880 924 1929; x_wconf 69' lang='lat' dir='ltr'>nostra</span> <span class='ocrx_word' id='word_1_201' title='bbox 944 1889 1009 1929; x_wconf 89' lang='lat' dir='ltr'>cum</span> <span class='ocrx_word' id='word_1_202' title='bbox 1030 1867 1152 1929; x_wconf 89' lang='lat' dir='ltr'>Christo</span> <span class='ocrx_word' id='word_1_203' title='bbox 1171 1867 1262 1950; x_wconf 88' lang='lat' dir='ltr'>parti·</span> 
     </span>
     <span class='ocr_line' id='line_1_23' title="bbox 131 1940 1261 2026; baseline 0.001 -24"><span class='ocrx_word' id='word_1_204' title='bbox 131 1940 279 2023; x_wconf 88' lang='lat' dir='ltr'>cipatione</span> <span class='ocrx_word' id='word_1_205' title='bbox 299 1945 439 2026; x_wconf 88' lang='lat' dir='ltr'>loquitur,</span> <span class='ocrx_word' id='word_1_206' title='bbox 457 1947 515 2007; x_wconf 80' lang='lat' dir='ltr'>vim</span> <span class='ocrx_word' id='word_1_207' title='bbox 528 1947 589 2006; x_wconf 89' lang='lat' dir='ltr'>cius</span> <span class='ocrx_word' id='word_1_208' title='bbox 608 1950 770 2007; x_wconf 83' lang='lat' dir='ltr'>universam</span> <span class='ocrx_word' id='word_1_209' title='bbox 787 1946 823 2006; x_wconf 93' lang='lat' dir='ltr'>ad</span> <span class='ocrx_word' id='word_1_210' title='bbox 834 1944 966 2026; x_wconf 88' lang='lat' dir='ltr'>spiritum</span> <span class='ocrx_word' id='word_1_211' title='bbox 980 1944 1082 2005; x_wconf 85' lang='lat' dir='ltr'>refert.</span> <span class='ocrx_word' id='word_1_212' title='bbox 1111 1944 1177 2008; x_wconf 89' lang='lat' dir='ltr'>Pro</span> <span class='ocrx_word' id='word_1_213' title='bbox 1188 1943 1261 2006; x_wconf 87' lang='lat' dir='ltr'>mul-</span> 
     </span>
     <span class='ocr_line' id='line_1_24' title="bbox 129 2017 1261 2103; baseline 0.003 -24"><span class='ocrx_word' id='word_1_214' title='bbox 129 2017 168 2079; x_wconf 85' lang='lat' dir='ltr'>tis</span> <span class='ocrx_word' id='word_1_215' title='bbox 182 2032 280 2082; x_wconf 83' lang='lat' dir='ltr'>tamen</span> <span class='ocrx_word' id='word_1_216' title='bbox 298 2043 373 2083; x_wconf 89' lang='lat' dir='ltr'>uuus</span> <span class='ocrx_word' id='word_1_217' title='bbox 390 2022 471 2084; x_wconf 92' lang='lat' dir='ltr'>locus</span> <span class='ocrx_word' id='word_1_218' title='bbox 481 2022 615 2084; x_wconf 83' lang='lat' dir='ltr'>sufficiet.</span> <span class='ocrx_word' id='word_1_219' title='bbox 639 2022 746 2083; x_wconf 84' lang='lat' dir='ltr'>Paulus</span> <span class='ocrx_word' id='word_1_220' title='bbox 758 2022 836 2083; x_wconf 89' lang='lat' dir='ltr'>euim</span> <span class='ocrx_word' id='word_1_221' title='bbox 848 2021 884 2081; x_wconf 88' lang='lat' dir='ltr'>ad</span> <span class='ocrx_word' id='word_1_222' title='bbox 895 2020 981 2083; x_wconf 82' lang='lat' dir='ltr'>Rom.</span> <span class='ocrx_word' id='word_1_223' title='bbox 989 2026 1086 2103; x_wconf 66' lang='lat' dir='ltr'>captt.</span> <span class='ocrx_word' id='word_1_224' title='bbox 1097 2028 1160 2088; x_wconf 78' lang='lat' dir='ltr'>r-9·</span> <span class='ocrx_word' id='word_1_225' title='bbox 1166 2034 1197 2083; x_wconf 91' lang='lat' dir='ltr'>et</span> <span class='ocrx_word' id='word_1_226' title='bbox 1205 2029 1261 2096; x_wconf 72' lang='lat' dir='ltr'>sst</span> 
     </span>
     <span class='ocr_line' id='line_1_25' title="bbox 130 2094 1261 2180; baseline 0.006 -25"><span class='ocrx_word' id='word_1_227' title='bbox 130 2094 281 2157; x_wconf 80' lang='lat' dir='ltr'>Christum</span> <span class='ocrx_word' id='word_1_228' title='bbox 301 2119 362 2159; x_wconf 90' lang='lat' dir='ltr'>non</span> <span class='ocrx_word' id='word_1_229' title='bbox 384 2099 470 2159; x_wconf 87' lang='lat' dir='ltr'>aliter</span> <span class='ocrx_word' id='word_1_230' title='bbox 494 2100 524 2157; x_wconf 90' lang='lat' dir='ltr'>in</span> <span class='ocrx_word' id='word_1_231' title='bbox 550 2099 653 2177; x_wconf 89' lang='lat' dir='ltr'>nobis,</span> <span class='ocrx_word' id='word_1_232' title='bbox 672 2119 758 2178; x_wconf 91' lang='lat' dir='ltr'>qnam</span> <span class='ocrx_word' id='word_1_233' title='bbox 783 2118 838 2180; x_wconf 92' lang='lat' dir='ltr'>per</span> <span class='ocrx_word' id='word_1_234' title='bbox 856 2098 998 2179; x_wconf 89' lang='lat' dir='ltr'>Spiritum</span> <span class='ocrx_word' id='word_1_235' title='bbox 1020 2120 1117 2160; x_wconf 89' lang='lat' dir='ltr'>suum·</span> <span class='ocrx_word' id='word_1_236' title='bbox 1130 2098 1261 2161; x_wconf 79' lang='lat' dir='ltr'>habitare</span> 
     </span>
     <span class='ocr_line' id='line_1_26' title="bbox 130 2171 1259 2257; baseline 0.004 -25"><span class='ocrx_word' id='word_1_237' title='bbox 130 2171 259 2234; x_wconf 74' lang='lat' dir='ltr'>disserite</span> <span class='ocrx_word' id='word_1_238' title='bbox 285 2197 344 2256; x_wconf 94' lang='lat' dir='ltr'>quo</span> <span class='ocrx_word' id='word_1_239' title='bbox 364 2186 462 2236; x_wconf 87' lang='lat' dir='ltr'>tamen</span> <span class='ocrx_word' id='word_1_240' title='bbox 481 2174 571 2252; x_wconf 87' lang='lat' dir='ltr'>illam,</span> <span class='ocrx_word' id='word_1_241' title='bbox 591 2174 628 2235; x_wconf 89' lang='lat' dir='ltr'>de</span> <span class='ocrx_word' id='word_1_242' title='bbox 647 2196 708 2257; x_wconf 69' lang='lat' dir='ltr'>qua</span> <span class='ocrx_word' id='word_1_243' title='bbox 723 2196 802 2236; x_wconf 89' lang='lat' dir='ltr'>nuuc</span> <span class='ocrx_word' id='word_1_244' title='bbox 826 2195 923 2236; x_wconf 86' lang='lat' dir='ltr'>sermo</span> <span class='ocrx_word' id='word_1_245' title='bbox 949 2186 1002 2251; x_wconf 86' lang='lat' dir='ltr'>est,</span> <span class='ocrx_word' id='word_1_246' title='bbox 1022 2175 1117 2236; x_wconf 85' lang='lat' dir='ltr'>caruis</span> <span class='ocrx_word' id='word_1_247' title='bbox 1141 2187 1175 2237; x_wconf 85' lang='lat' dir='ltr'>et</span> <span class='ocrx_word' id='word_1_248' title='bbox 1198 2196 1259 2238; x_wconf 82' lang='lat' dir='ltr'>aaa·</span> 
     </span>
     <span class='ocr_line' id='line_1_27' title="bbox 130 2249 1260 2332; baseline 0.006 -23"><span class='ocrx_word' id='word_1_249' title='bbox 130 2249 225 2331; x_wconf 74' lang='lat' dir='ltr'>guinis</span> <span class='ocrx_word' id='word_1_250' title='bbox 240 2254 477 2313; x_wconf 87' lang='lat' dir='ltr'>communionem</span> <span class='ocrx_word' id='word_1_251' title='bbox 497 2272 559 2312; x_wconf 91' lang='lat' dir='ltr'>nou</span> <span class='ocrx_word' id='word_1_252' title='bbox 579 2251 669 2328; x_wconf 92' lang='lat' dir='ltr'>tollit,</span> <span class='ocrx_word' id='word_1_253' title='bbox 687 2252 739 2312; x_wconf 88' lang='lat' dir='ltr'>scd</span> <span class='ocrx_word' id='word_1_254' title='bbox 758 2252 795 2313; x_wconf 89' lang='lat' dir='ltr'>ab</span> <span class='ocrx_word' id='word_1_255' title='bbox 814 2272 875 2313; x_wconf 89' lang='lat' dir='ltr'>uno</span> <span class='ocrx_word' id='word_1_256' title='bbox 886 2251 1001 2332; x_wconf 88' lang='lat' dir='ltr'>Spiritu</span> <span class='ocrx_word' id='word_1_257' title='bbox 1021 2250 1098 2313; x_wconf 82' lang='lat' dir='ltr'>ellici</span> <span class='ocrx_word' id='word_1_258' title='bbox 1110 2252 1211 2331; x_wconf 88' lang='lat' dir='ltr'>docet,</span> <span class='ocrx_word' id='word_1_259' title='bbox 1229 2265 1260 2315; x_wconf 87' lang='lat' dir='ltr'>ut</span> 
     </span>
     <span class='ocr_line' id='line_1_28' title="bbox 128 2326 1193 2409; baseline 0.005 -25"><span class='ocrx_word' id='word_1_260' title='bbox 128 2336 225 2385; x_wconf 89' lang='lat' dir='ltr'>totum</span> <span class='ocrx_word' id='word_1_261' title='bbox 246 2326 395 2388; x_wconf 85' lang='lat' dir='ltr'>Christum</span> <span class='ocrx_word' id='word_1_262' title='bbox 415 2329 611 2409; x_wconf 84' lang='lat' dir='ltr'>possideamus</span> <span class='ocrx_word' id='word_1_263' title='bbox 632 2339 663 2388; x_wconf 91' lang='lat' dir='ltr'>et</span> <span class='ocrx_word' id='word_1_264' title='bbox 680 2328 838 2389; x_wconf 85' lang='lat' dir='ltr'>habeamus</span> <span class='ocrx_word' id='word_1_265' title='bbox 857 2328 887 2388; x_wconf 92' lang='lat' dir='ltr'>in</span> <span class='ocrx_word' id='word_1_266' title='bbox 909 2327 994 2389; x_wconf 91' lang='lat' dir='ltr'>uobis</span> <span class='ocrx_word' id='word_1_267' title='bbox 1012 2341 1193 2389; x_wconf 87' lang='lat' dir='ltr'>manentem.</span> 
     </span>
     <span class='ocr_line' id='line_1_29' title="bbox 205 2402 1258 2539; baseline 0.011 -83"><span class='ocrx_word' id='word_1_268' title='bbox 205 2408 252 2467; x_wconf 80' lang='lat'>13.</span> <span class='ocrx_word' id='word_1_269' title='bbox 291 2403 493 2464; x_wconf 86' lang='lat' dir='ltr'>Verecundius</span> <span class='ocrx_word' id='word_1_270' title='bbox 513 2402 702 2481; x_wconf 78' lang='lat' dir='ltr'>scholastici,</span> <span class='ocrx_word' id='word_1_271' title='bbox 733 2426 807 2485; x_wconf 89' lang='lat' dir='ltr'>quos</span> <span class='ocrx_word' id='word_1_272' title='bbox 835 2415 896 2464; x_wconf 87' lang='lat' dir='ltr'>tam</span> <span class='ocrx_word' id='word_1_273' title='bbox 927 2403 1068 2539; x_wconf 72' lang='lat' dir='ltr'>qarbarae</span> <span class='ocrx_word' id='word_1_274' title='bbox 1101 2405 1258 2487; x_wconf 86' lang='lat' dir='ltr'>impietatis</span> 
     </span>
     <span class='ocr_line' id='line_1_30' title="bbox 128 2474 1258 2562; baseline 0.006 -27"><span class='ocrx_word' id='word_1_275' title='bbox 128 2474 236 2536; x_wconf 90' lang='lat' dir='ltr'>horror</span> <span class='ocrx_word' id='word_1_276' title='bbox 247 2480 364 2538; x_wconf 88' lang='lat' dir='ltr'>terruit:</span> <span class='ocrx_word' id='word_1_277' title='bbox 385 2478 457 2538; x_wconf 90' lang='lat' dir='ltr'>nibil</span> <span class='ocrx_word' id='word_1_278' title='bbox 476 2493 574 2539; x_wconf 89' lang='lat' dir='ltr'>tamen</span> <span class='ocrx_word' id='word_1_279' title='bbox 594 2480 649 2559; x_wconf 90' lang='lat' dir='ltr'>ipsi</span> <span class='ocrx_word' id='word_1_280' title='bbox 669 2502 786 2561; x_wconf 90' lang='lat' dir='ltr'>quoque</span> <span class='ocrx_word' id='word_1_281' title='bbox 806 2502 892 2559; x_wconf 86' lang='lat' dir='ltr'>quam</span> <span class='ocrx_word' id='word_1_282' title='bbox 914 2502 926 2539; x_wconf 91' lang='lat' dir='ltr'>s</span> <span class='ocrx_word' id='word_1_283' title='bbox 950 2480 1118 2542; x_wconf 87' lang='lat' dir='ltr'>btilioribus</span> <span class='ocrx_word' id='word_1_284' title='bbox 1139 2485 1258 2562; x_wconf 86' lang='lat' dir='ltr'>praesti·</span> 
     </span>
     <span class='ocr_line' id='line_1_31' title="bbox 150 2554 1258 2636; baseline 0.008 -24"><span class='ocrx_word' id='word_1_285' title='bbox 150 2556 182 2614; x_wconf 90' lang='lat' dir='ltr'>iis</span> <span class='ocrx_word' id='word_1_286' title='bbox 207 2554 320 2614; x_wconf 87' lang='lat' dir='ltr'>ludunt.</span> <span class='ocrx_word' id='word_1_287' title='bbox 368 2558 436 2615; x_wconf 92' lang='lat' dir='ltr'>Non</span> <span class='ocrx_word' id='word_1_288' title='bbox 463 2558 709 2634; x_wconf 85' lang='lat' dir='ltr'>circumscriptive</span> <span class='ocrx_word' id='word_1_289' title='bbox 739 2578 794 2616; x_wconf 87' lang='lat' dir='ltr'>nec</span> <span class='ocrx_word' id='word_1_290' title='bbox 825 2558 972 2636; x_wconf 86' lang='lat' dir='ltr'>corporali</span> <span class='ocrx_word' id='word_1_291' title='bbox 996 2558 1086 2617; x_wconf 91' lang='lat' dir='ltr'>modo</span> <span class='ocrx_word' id='word_1_292' title='bbox 1112 2562 1258 2621; x_wconf 84' lang='lat' dir='ltr'>contineri</span> 
     </span>
     <span class='ocr_line' id='line_1_32' title="bbox 126 2573 1258 2712; baseline 0.004 -21"><span class='ocrx_word' id='word_1_293' title='bbox 126 2573 186 2692; x_wconf 78' lang='lat' dir='ltr'>iilic</span> <span class='ocrx_word' id='word_1_294' title='bbox 213 2631 361 2692; x_wconf 86' lang='lat' dir='ltr'>Christum</span> <span class='ocrx_word' id='word_1_295' title='bbox 387 2633 569 2707; x_wconf 84' lang='lat' dir='ltr'>concedunt,</span> <span class='ocrx_word' id='word_1_296' title='bbox 600 2635 651 2692; x_wconf 90' lang='lat' dir='ltr'>sed</span> <span class='ocrx_word' id='word_1_297' title='bbox 682 2634 825 2692; x_wconf 87' lang='lat' dir='ltr'>rationem</span> <span class='ocrx_word' id='word_1_298' title='bbox 859 2634 963 2692; x_wconf 89' lang='lat' dir='ltr'>deinde</span> <span class='ocrx_word' id='word_1_299' title='bbox 989 2635 1258 2712; x_wconf 77' lang='lat' dir='ltr'>comminiscuntur,</span> 
     </span>
     <span class='ocr_line' id='line_1_33' title="bbox 128 2709 1257 2791; baseline 0.005 -25"><span class='ocrx_word' id='word_1_300' title='bbox 128 2729 215 2788; x_wconf 89' lang='lat' dir='ltr'>quam</span> <span class='ocrx_word' id='word_1_301' title='bbox 237 2729 291 2769; x_wconf 92' lang='lat' dir='ltr'>nee</span> <span class='ocrx_word' id='word_1_302' title='bbox 311 2709 367 2791; x_wconf 89' lang='lat' dir='ltr'>ipsi</span> <span class='ocrx_word' id='word_1_303' title='bbox 386 2709 554 2791; x_wconf 83' lang='lat' dir='ltr'>intelligunt</span> <span class='ocrx_word' id='word_1_304' title='bbox 579 2730 634 2768; x_wconf 88' lang='lat' dir='ltr'>nec</span> <span class='ocrx_word' id='word_1_305' title='bbox 660 2709 721 2770; x_wconf 89' lang='lat' dir='ltr'>aliis</span> <span class='ocrx_word' id='word_1_306' title='bbox 745 2710 1045 2790; x_wconf 84' lang='lat' dir='ltr'>possunt-explicare,</span> <span class='ocrx_word' id='word_1_307' title='bbox 1066 2732 1142 2789; x_wconf 88' lang='lat' dir='ltr'>quae</span> <span class='ocrx_word' id='word_1_308' title='bbox 1163 2725 1257 2774; x_wconf 61' lang='lat' dir='ltr'>nmen</span> 
     </span>
     <span class='ocr_line' id='line_1_34' title="bbox 127 2785 1256 2867; baseline 0.003 -23"><span class='ocrx_word' id='word_1_309' title='bbox 127 2805 164 2846; x_wconf 93' lang='lat' dir='ltr'>eo</span> <span class='ocrx_word' id='word_1_310' title='bbox 185 2785 304 2861; x_wconf 87' lang='lat' dir='ltr'>recidit,</span> <span class='ocrx_word' id='word_1_311' title='bbox 336 2798 369 2845; x_wconf 91' lang='lat' dir='ltr'>ut</span> <span class='ocrx_word' id='word_1_312' title='bbox 390 2786 522 2847; x_wconf 87' lang='lat' dir='ltr'>Christus</span> <span class='ocrx_word' id='word_1_313' title='bbox 548 2787 578 2844; x_wconf 92' lang='lat' dir='ltr'>in</span> <span class='ocrx_word' id='word_1_314' title='bbox 599 2787 697 2866; x_wconf 87' lang='lat' dir='ltr'>specie</span> <span class='ocrx_word' id='word_1_315' title='bbox 717 2788 812 2866; x_wconf 88' lang='lat' dir='ltr'>panis,</span> <span class='ocrx_word' id='word_1_316' title='bbox 833 2808 918 2864; x_wconf 88' lang='lat' dir='ltr'>quam</span> <span class='ocrx_word' id='word_1_317' title='bbox 939 2799 1060 2861; x_wconf 75' lang='lat' dir='ltr'>vocarit,</span> <span class='ocrx_word' id='word_1_318' title='bbox 1093 2802 1256 2867; x_wconf 89' lang='lat' dir='ltr'>quaeratur.</span> 
     </span>
     <span class='ocr_line' id='line_1_35' title="bbox 128 2861 1257 2952; baseline 0.004 -31"><span class='ocrx_word' id='word_1_319' title='bbox 128 2861 211 2936; x_wconf 86' lang='lat' dir='ltr'>Quid</span> <span class='ocrx_word' id='word_1_320' title='bbox 232 2861 328 2923; x_wconf 81' lang='lat' dir='ltr'>enirn?</span> <span class='ocrx_word' id='word_1_321' title='bbox 348 2883 436 2941; x_wconf 91' lang='lat' dir='ltr'>quum</span> <span class='ocrx_word' id='word_1_322' title='bbox 456 2863 644 2923; x_wconf 84' lang='lat' dir='ltr'>substantiam</span> <span class='ocrx_word' id='word_1_323' title='bbox 663 2865 745 2952; x_wconf 89' lang='lat' dir='ltr'>panis</span> <span class='ocrx_word' id='word_1_324' title='bbox 770 2867 799 2922; x_wconf 92' lang='lat' dir='ltr'>in</span> <span class='ocrx_word' id='word_1_325' title='bbox 821 2865 969 2924; x_wconf 86' lang='lat' dir='ltr'>Christum</span> <span class='ocrx_word' id='word_1_326' title='bbox 996 2866 1129 2924; x_wconf 86' lang='lat' dir='ltr'>converti</span> <span class='ocrx_word' id='word_1_327' title='bbox 1149 2867 1257 2939; x_wconf 87' lang='lat' dir='ltr'>dicunt,</span> 
     </span>
     <span class='ocr_line' id='line_1_36' title="bbox 127 2938 1257 3022; baseline 0.004 -25"><span class='ocrx_word' id='word_1_328' title='bbox 127 2958 227 2999; x_wconf 84' lang='lat' dir='ltr'>annon</span> <span class='ocrx_word' id='word_1_329' title='bbox 248 2939 373 3022; x_wconf 76' lang='lat' dir='ltr'>affigunt</span> <span class='ocrx_word' id='word_1_330' title='bbox 392 2939 535 3015; x_wconf 87' lang='lat' dir='ltr'>albedini,</span> <span class='ocrx_word' id='word_1_331' title='bbox 556 2961 642 3019; x_wconf 87' lang='lat' dir='ltr'>quarn</span> <span class='ocrx_word' id='word_1_332' title='bbox 662 2941 720 3000; x_wconf 81' lang='lat' dir='ltr'>illic</span> <span class='ocrx_word' id='word_1_333' title='bbox 741 2940 880 3019; x_wconf 87' lang='lat' dir='ltr'>reliquam</span> <span class='ocrx_word' id='word_1_334' title='bbox 902 2938 1028 2999; x_wconf 79' lang='lat' dir='ltr'>iaciunt?</span> <span class='ocrx_word' id='word_1_335' title='bbox 1066 2941 1106 3000; x_wconf 82' lang='lat' dir='ltr'>As</span> <span class='ocrx_word' id='word_1_336' title='bbox 1127 2942 1168 3002; x_wconf 86' lang='lat' dir='ltr'>sic</span> <span class='ocrx_word' id='word_1_337' title='bbox 1189 2965 1257 3004; x_wconf 89' lang='lat' dir='ltr'>con·</span> 
     </span>
     <span class='ocr_line' id='line_1_37' title="bbox 126 3015 1255 3095; baseline 0.006 -23"><span class='ocrx_word' id='word_1_338' title='bbox 126 3015 238 3073; x_wconf 88' lang='lat' dir='ltr'>tinctur</span> <span class='ocrx_word' id='word_1_339' title='bbox 261 3017 290 3073; x_wconf 92' lang='lat' dir='ltr'>in</span> <span class='ocrx_word' id='word_1_340' title='bbox 311 3029 509 3091; x_wconf 88' lang='lat' dir='ltr'>sacramento,</span> <span class='ocrx_word' id='word_1_341' title='bbox 530 3028 561 3074; x_wconf 90' lang='lat' dir='ltr'>ut</span> <span class='ocrx_word' id='word_1_342' title='bbox 581 3018 610 3074; x_wconf 89' lang='lat' dir='ltr'>in</span> <span class='ocrx_word' id='word_1_343' title='bbox 637 3016 722 3077; x_wconf 91' lang='lat' dir='ltr'>coelo</span> <span class='ocrx_word' id='word_1_344' title='bbox 749 3028 880 3086; x_wconf 85' lang='lat' dir='ltr'>mancat,</span> <span class='ocrx_word' id='word_1_345' title='bbox 911 3017 1062 3095; x_wconf 88' lang='lat' dir='ltr'>inquiunt:</span> <span class='ocrx_word' id='word_1_346' title='bbox 1097 3038 1153 3078; x_wconf 90' lang='lat' dir='ltr'>uec</span> <span class='ocrx_word' id='word_1_347' title='bbox 1173 3020 1255 3078; x_wconf 85' lang='lat' dir='ltr'>aliam</span> 
     </span>
     <span class='ocr_line' id='line_1_38' title="bbox 126 3091 1257 3175; baseline 0.008 -28"><span class='ocrx_word' id='word_1_348' title='bbox 126 3110 211 3168; x_wconf 87' lang='lat' dir='ltr'>quam</span> <span class='ocrx_word' id='word_1_349' title='bbox 236 3091 413 3151; x_wconf 88' lang='lat' dir='ltr'>habitudinis</span> <span class='ocrx_word' id='word_1_350' title='bbox 439 3093 631 3171; x_wconf 82' lang='lat' dir='ltr'>praesentiam</span> <span class='ocrx_word' id='word_1_351' title='bbox 655 3094 814 3154; x_wconf 84' lang='lat' dir='ltr'>statuimus.</span> <span class='ocrx_word' id='word_1_352' title='bbox 864 3093 973 3150; x_wconf 86' lang='lat' dir='ltr'>Verum</span> <span class='ocrx_word' id='word_1_353' title='bbox 998 3113 1189 3175; x_wconf 85' lang='lat' dir='ltr'>quaecuuque</span> <span class='ocrx_word' id='word_1_354' title='bbox 1216 3097 1257 3156; x_wconf 86' lang='lat' dir='ltr'>la-</span> 
     </span>
     <span class='ocr_line' id='line_1_39' title="bbox 127 3164 1255 3250; baseline 0.005 -25"><span class='ocrx_word' id='word_1_355' title='bbox 127 3164 232 3225; x_wconf 89' lang='lat' dir='ltr'>ciendo</span> <span class='ocrx_word' id='word_1_356' title='bbox 255 3167 322 3228; x_wconf 86' lang='lat' dir='ltr'>suco</span> <span class='ocrx_word' id='word_1_357' title='bbox 343 3168 485 3227; x_wconf 74' lang='lat' dir='ltr'>voeabula</span> <span class='ocrx_word' id='word_1_358' title='bbox 506 3167 684 3242; x_wconf 85' lang='lat' dir='ltr'>obtendant,</span> <span class='ocrx_word' id='word_1_359' title='bbox 710 3168 756 3227; x_wconf 90' lang='lat' dir='ltr'>bic</span> <span class='ocrx_word' id='word_1_360' title='bbox 777 3169 908 3228; x_wconf 89' lang='lat' dir='ltr'>omnium</span> <span class='ocrx_word' id='word_1_361' title='bbox 935 3168 1000 3228; x_wconf 87' lang='lat' dir='ltr'>linis</span> <span class='ocrx_word' id='word_1_362' title='bbox 1025 3183 1084 3246; x_wconf 90' lang='lat' dir='ltr'>est,</span> <span class='ocrx_word' id='word_1_363' title='bbox 1111 3192 1164 3250; x_wconf 90' lang='lat' dir='ltr'>per</span> <span class='ocrx_word' id='word_1_364' title='bbox 1186 3194 1255 3235; x_wconf 90' lang='lat' dir='ltr'>cou-</span> 
     </span>
     <span class='ocr_line' id='line_1_40' title="bbox 125 3243 1254 3324; baseline 0.008 -24"><span class='ocrx_word' id='word_1_365' title='bbox 125 3243 320 3301; x_wconf 87' lang='lat' dir='ltr'>secrationem</span> <span class='ocrx_word' id='word_1_366' title='bbox 347 3244 494 3303; x_wconf 87' lang='lat' dir='ltr'>Christum</span> <span class='ocrx_word' id='word_1_367' title='bbox 516 3245 592 3317; x_wconf 89' lang='lat' dir='ltr'>fieri,</span> <span class='ocrx_word' id='word_1_368' title='bbox 620 3246 669 3323; x_wconf 91' lang='lat' dir='ltr'>qui</span> <span class='ocrx_word' id='word_1_369' title='bbox 696 3258 780 3305; x_wconf 85' lang='lat' dir='ltr'>antea</span> <span class='ocrx_word' id='word_1_370' title='bbox 802 3246 882 3324; x_wconf 87' lang='lat' dir='ltr'>panis</span> <span class='ocrx_word' id='word_1_371' title='bbox 915 3258 991 3317; x_wconf 88' lang='lat' dir='ltr'>erat,</span> <span class='ocrx_word' id='word_1_372' title='bbox 1023 3259 1056 3304; x_wconf 91' lang='lat' dir='ltr'>ut</span> <span class='ocrx_word' id='word_1_373' title='bbox 1076 3248 1184 3309; x_wconf 82' lang='lat' dir='ltr'>deinde</span> <span class='ocrx_word' id='word_1_374' title='bbox 1205 3248 1254 3309; x_wconf 90' lang='lat' dir='ltr'>suh</span> 
     </span>
     <span class='ocr_line' id='line_1_41' title="bbox 126 3317 1256 3404; baseline 0.008 -28"><span class='ocrx_word' id='word_1_375' title='bbox 126 3317 180 3378; x_wconf 88' lang='lat' dir='ltr'>illo</span> <span class='ocrx_word' id='word_1_376' title='bbox 206 3319 288 3396; x_wconf 89' lang='lat' dir='ltr'>panis</span> <span class='ocrx_word' id='word_1_377' title='bbox 314 3319 418 3379; x_wconf 86' lang='lat' dir='ltr'>colore</span> <span class='ocrx_word' id='word_1_378' title='bbox 443 3321 532 3379; x_wconf 89' lang='lat' dir='ltr'>lateat</span> <span class='ocrx_word' id='word_1_379' title='bbox 552 3321 695 3380; x_wconf 86' lang='lat' dir='ltr'>Christus.</span> <span class='ocrx_word' id='word_1_380' title='bbox 748 3323 840 3397; x_wconf 79' lang='lat' dir='ltr'>Quod</span> <span class='ocrx_word' id='word_1_381' title='bbox 861 3323 946 3381; x_wconf 88' lang='lat' dir='ltr'>etiam</span> <span class='ocrx_word' id='word_1_382' title='bbox 967 3322 1074 3381; x_wconf 88' lang='lat' dir='ltr'>diserte</span> <span class='ocrx_word' id='word_1_383' title='bbox 1095 3327 1256 3404; x_wconf 86' lang='lat' dir='ltr'>exprimere</span> 
     </span>
     <span class='ocr_line' id='line_1_42' title="bbox 126 3396 1255 3478; baseline 0.011 -25"><span class='ocrx_word' id='word_1_384' title='bbox 126 3413 178 3455; x_wconf 89' lang='lat' dir='ltr'>eos</span> <span class='ocrx_word' id='word_1_385' title='bbox 198 3416 258 3453; x_wconf 92' lang='lat' dir='ltr'>non</span> <span class='ocrx_word' id='word_1_386' title='bbox 279 3396 385 3474; x_wconf 87' lang='lat' dir='ltr'>pudet:</span> <span class='ocrx_word' id='word_1_387' title='bbox 407 3410 474 3456; x_wconf 88' lang='lat' dir='ltr'>sunt</span> <span class='ocrx_word' id='word_1_388' title='bbox 495 3399 571 3455; x_wconf 86' lang='lat' dir='ltr'>enirn</span> <span class='ocrx_word' id='word_1_389' title='bbox 592 3398 752 3458; x_wconf 81' lang='lat' dir='ltr'>hembardi</span> <span class='ocrx_word' id='word_1_390' title='bbox 771 3398 858 3458; x_wconf 83' lang='lat' dir='ltr'>verba</span> <span class='ocrx_word' id='word_1_391' title='bbox 879 3401 968 3476; x_wconf 88' lang='lat' dir='ltr'>(scot.</span> <span class='ocrx_word' id='word_1_392' title='bbox 988 3398 1038 3457; x_wconf 87' lang='lat' dir='ltr'>lib.</span> <span class='ocrx_word' id='word_1_393' title='bbox 1051 3407 1079 3463; x_wconf 83' lang='grc'>4.</span> <span class='ocrx_word' id='word_1_394' title='bbox 1100 3401 1167 3462; x_wconf 86' lang='lat' dir='ltr'>dist.</span> <span class='ocrx_word' id='word_1_395' title='bbox 1181 3403 1255 3478; x_wconf 76' lang='lat'><strong>1⁶2.):</strong></span> 
     </span>
     <span class='ocr_line' id='line_1_43' title="bbox 124 3470 1254 3556; baseline 0.006 -25"><span class='ocrx_word' id='word_1_396' title='bbox 124 3470 264 3551; x_wconf 87' lang='lat' dir='ltr'>„Corpus</span> <span class='ocrx_word' id='word_1_397' title='bbox 286 3471 411 3546; x_wconf 85' lang='lat' dir='ltr'>Christi,</span> <span class='ocrx_word' id='word_1_398' title='bbox 442 3473 521 3552; x_wconf 90' lang='lat' dir='ltr'>quod</span> <span class='ocrx_word' id='word_1_399' title='bbox 542 3475 571 3532; x_wconf 92' lang='lat' dir='ltr'>in</span> <span class='ocrx_word' id='word_1_400' title='bbox 592 3494 623 3533; x_wconf 90' lang='lat' dir='ltr'>se</span> <span class='ocrx_word' id='word_1_401' title='bbox 643 3474 755 3533; x_wconf 87' lang='lat' dir='ltr'>visibile</span> <span class='ocrx_word' id='word_1_402' title='bbox 776 3488 835 3550; x_wconf 89' lang='lat' dir='ltr'>est,</span> <span class='ocrx_word' id='word_1_403' title='bbox 866 3474 919 3534; x_wconf 88' lang='lat' dir='ltr'>sub</span> <span class='ocrx_word' id='word_1_404' title='bbox 940 3475 1036 3554; x_wconf 86' lang='lat' dir='ltr'>specie</span> <span class='ocrx_word' id='word_1_405' title='bbox 1057 3479 1156 3556; x_wconf 89' lang='lat' dir='ltr'>panis,</span> <span class='ocrx_word' id='word_1_406' title='bbox 1184 3480 1254 3538; x_wconf 85' lang='lat' dir='ltr'>laeta</span> 
     </span>
     <span class='ocr_line' id='line_1_44' title="bbox 124 3550 1254 3643; baseline 0.006 -35"><span class='ocrx_word' id='word_1_407' title='bbox 124 3550 379 3624; x_wconf 87' lang='lat' dir='ltr'>„c0osecratiooe,</span> <span class='ocrx_word' id='word_1_408' title='bbox 400 3550 490 3609; x_wconf 85' lang='lat' dir='ltr'>latere</span> <span class='ocrx_word' id='word_1_409' title='bbox 503 3551 682 3629; x_wconf 84' lang='lat' dir='ltr'>ctoperiri.“</span> <span class='ocrx_word' id='word_1_410' title='bbox 721 3551 765 3610; x_wconf 91' lang='lat' dir='ltr'>Ita</span> <span class='ocrx_word' id='word_1_411' title='bbox 785 3552 861 3610; x_wconf 89' lang='lat' dir='ltr'>illius</span> <span class='ocrx_word' id='word_1_412' title='bbox 881 3551 961 3631; x_wconf 91' lang='lat' dir='ltr'>panis</span> <span class='ocrx_word' id='word_1_413' title='bbox 974 3552 1066 3643; x_wconf 75' lang='lat' dir='ltr'>figura</span> <span class='ocrx_word' id='word_1_414' title='bbox 1087 3555 1161 3614; x_wconf 87' lang='lat' dir='ltr'>nihil</span> <span class='ocrx_word' id='word_1_415' title='bbox 1181 3554 1254 3615; x_wconf 89' lang='lat' dir='ltr'>aliud</span> 
     </span>
     <span class='ocr_line' id='line_1_45' title="bbox 123 3623 1255 3710; baseline 0.005 -26"><span class='ocrx_word' id='word_1_416' title='bbox 123 3646 208 3705; x_wconf 89' lang='lat' dir='ltr'>quam</span> <span class='ocrx_word' id='word_1_417' title='bbox 229 3623 307 3685; x_wconf 83' lang='lat' dir='ltr'>larva</span> <span class='ocrx_word' id='word_1_418' title='bbox 327 3636 381 3697; x_wconf 89' lang='lat' dir='ltr'>est,</span> <span class='ocrx_word' id='word_1_419' title='bbox 401 3647 475 3705; x_wconf 83' lang='lat' dir='ltr'>quae</span> <span class='ocrx_word' id='word_1_420' title='bbox 489 3627 581 3686; x_wconf 89' lang='lat' dir='ltr'>carnis</span> <span class='ocrx_word' id='word_1_421' title='bbox 595 3648 665 3686; x_wconf 88' lang='lat' dir='ltr'>cous</span> <span class='ocrx_word' id='word_1_422' title='bbox 689 3638 784 3686; x_wconf 88' lang='lat' dir='ltr'>ectum</span> <span class='ocrx_word' id='word_1_423' title='bbox 804 3627 915 3688; x_wconf 85' lang='lat' dir='ltr'>auferat</span> <span class='ocrx_word' id='word_1_424' title='bbox 928 3629 1029 3699; x_wconf 79' lang='lat' dir='ltr'>oculis.</span> <span class='ocrx_word' id='word_1_425' title='bbox 1069 3631 1175 3710; x_wconf 89' lang='lat' dir='ltr'>Neque</span> <span class='ocrx_word' id='word_1_426' title='bbox 1188 3651 1255 3692; x_wconf 84' lang='lat' dir='ltr'>vero</span> 
     </span>
     <span class='ocr_line' id='line_1_46' title="bbox 122 3700 1256 3783; baseline 0.008 -24"><span class='ocrx_word' id='word_1_427' title='bbox 122 3700 221 3761; x_wconf 88' lang='lat' dir='ltr'>multis</span> <span class='ocrx_word' id='word_1_428' title='bbox 241 3703 417 3762; x_wconf 86' lang='lat' dir='ltr'>coniecturis</span> <span class='ocrx_word' id='word_1_429' title='bbox 437 3725 511 3782; x_wconf 92' lang='lat' dir='ltr'>opus</span> <span class='ocrx_word' id='word_1_430' title='bbox 531 3717 584 3780; x_wconf 83' lang='lat' dir='ltr'>es&#39;t,</span> <span class='ocrx_word' id='word_1_431' title='bbox 604 3717 636 3765; x_wconf 92' lang='lat' dir='ltr'>ut</span> <span class='ocrx_word' id='word_1_432' title='bbox 677 3704 916 3783; x_wconf 82' lang='lat' dir='ltr'>eprehendaurus,</span> <span class='ocrx_word' id='word_1_433' title='bbox 936 3727 1006 3783; x_wconf 92' lang='lat' dir='ltr'>quas</span> <span class='ocrx_word' id='word_1_434' title='bbox 1025 3706 1086 3767; x_wconf 89' lang='lat' dir='ltr'>istis</span> <span class='ocrx_word' id='word_1_435' title='bbox 1097 3709 1196 3770; x_wconf 83' lang='lat' dir='ltr'>verbis</span> <span class='ocrx_word' id='word_1_436' title='bbox 1214 3709 1256 3768; x_wconf 86' lang='lat' dir='ltr'>io·</span> 
     </span>
     <span class='ocr_line' id='line_1_47' title="bbox 123 3777 1255 3861; baseline 0.006 -24"><span class='ocrx_word' id='word_1_437' title='bbox 123 3777 208 3837; x_wconf 87' lang='lat' dir='ltr'>sidias</span> <span class='ocrx_word' id='word_1_438' title='bbox 233 3778 355 3837; x_wconf 89' lang='lat' dir='ltr'>tendere</span> <span class='ocrx_word' id='word_1_439' title='bbox 381 3778 545 3855; x_wconf 84' lang='lat' dir='ltr'>voluerint,</span> <span class='ocrx_word' id='word_1_440' title='bbox 575 3802 663 3859; x_wconf 87' lang='lat' dir='ltr'>quum</span> <span class='ocrx_word' id='word_1_441' title='bbox 691 3801 735 3839; x_wconf 90' lang='lat' dir='ltr'>res</span> <span class='ocrx_word' id='word_1_442' title='bbox 760 3782 821 3861; x_wconf 89' lang='lat' dir='ltr'>ipsa</span> <span class='ocrx_word' id='word_1_443' title='bbox 842 3781 918 3842; x_wconf 89' lang='lat' dir='ltr'>clare</span> <span class='ocrx_word' id='word_1_444' title='bbox 939 3780 1085 3860; x_wconf 91' lang='lat' dir='ltr'>loquatur.</span> <span class='ocrx_word' id='word_1_445' title='bbox 1138 3786 1255 3860; x_wconf 87' lang='lat' dir='ltr'>Quanta</span> 
     </span>
     <span class='ocr_line' id='line_1_48' title="bbox 123 3853 1254 3934; baseline 0.008 -23"><span class='ocrx_word' id='word_1_446' title='bbox 123 3853 202 3911; x_wconf 90' lang='lat' dir='ltr'>enim</span> <span class='ocrx_word' id='word_1_447' title='bbox 221 3854 428 3931; x_wconf 87' lang='lat' dir='ltr'>superstitione</span> <span class='ocrx_word' id='word_1_448' title='bbox 448 3858 505 3915; x_wconf 90' lang='lat' dir='ltr'>iam</span> <span class='ocrx_word' id='word_1_449' title='bbox 524 3857 644 3917; x_wconf 89' lang='lat' dir='ltr'>saeculis</span> <span class='ocrx_word' id='word_1_450' title='bbox 664 3856 776 3934; x_wconf 83' lang='lat' dir='ltr'>aliqhot</span> <span class='ocrx_word' id='word_1_451' title='bbox 802 3880 863 3916; x_wconf 91' lang='lat' dir='ltr'>non</span> <span class='ocrx_word' id='word_1_452' title='bbox 888 3871 999 3918; x_wconf 85' lang='lat' dir='ltr'>tautum</span> <span class='ocrx_word' id='word_1_453' title='bbox 1020 3859 1176 3921; x_wconf 88' lang='lat' dir='ltr'>hominum</span> <span class='ocrx_word' id='word_1_454' title='bbox 1191 3860 1254 3922; x_wconf 72' lang='lat' dir='ltr'>vul-</span> 
     </span>
     <span class='ocr_line' id='line_1_49' title="bbox 124 3931 1255 4018; baseline 0.009 -31"><span class='ocrx_word' id='word_1_455' title='bbox 124 3947 195 4009; x_wconf 84' lang='lat' dir='ltr'>gus,</span> <span class='ocrx_word' id='word_1_456' title='bbox 220 3931 271 3989; x_wconf 88' lang='lat' dir='ltr'>sed</span> <span class='ocrx_word' id='word_1_457' title='bbox 296 3933 439 4009; x_wconf 88' lang='lat' dir='ltr'>primores</span> <span class='ocrx_word' id='word_1_458' title='bbox 459 3953 578 4012; x_wconf 90' lang='lat' dir='ltr'>quoque</span> <span class='ocrx_word' id='word_1_459' title='bbox 597 3934 651 4013; x_wconf 91' lang='lat' dir='ltr'>ipsi</span> <span class='ocrx_word' id='word_1_460' title='bbox 671 3932 783 3992; x_wconf 88' lang='lat' dir='ltr'>detenti</span> <span class='ocrx_word' id='word_1_461' title='bbox 809 3935 919 3994; x_wconf 88' lang='lat' dir='ltr'>suerint</span> <span class='ocrx_word' id='word_1_462' title='bbox 948 3957 981 3995; x_wconf 90' lang='lat' dir='ltr'>ac</span> <span class='ocrx_word' id='word_1_463' title='bbox 1006 3936 1094 3995; x_wconf 89' lang='lat' dir='ltr'>hodie</span> <span class='ocrx_word' id='word_1_464' title='bbox 1117 3938 1148 3997; x_wconf 91' lang='lat' dir='ltr'>in</span> <span class='ocrx_word' id='word_1_465' title='bbox 1169 3938 1255 4018; x_wconf 85' lang='lat' dir='ltr'>Papi-</span> 
     </span>
     <span class='ocr_line' id='line_1_50' title="bbox 77 3998 1255 4095; baseline 0.006 -29"><span class='ocrx_word' id='word_1_466' title='bbox 77 4012 79 4017; x_wconf 87' lang='grc'><strong>’</strong></span> <span class='ocrx_word' id='word_1_467' title='bbox 123 4004 202 4066; x_wconf 87' lang='lat' dir='ltr'>stiria</span> <span class='ocrx_word' id='word_1_468' title='bbox 223 4006 351 4067; x_wconf 87' lang='lat' dir='ltr'>ecclesiis</span> <span class='ocrx_word' id='word_1_469' title='bbox 378 3998 577 4083; x_wconf 85' lang='lat' dir='ltr'>detineaniur,</span> <span class='ocrx_word' id='word_1_470' title='bbox 603 4010 702 4068; x_wconf 84' lang='lat' dir='ltr'>videre</span> <span class='ocrx_word' id='word_1_471' title='bbox 723 4022 774 4069; x_wconf 89' lang='lat' dir='ltr'>est.</span> <span class='ocrx_word' id='word_1_472' title='bbox 818 4011 892 4071; x_wconf 81' lang='lat' dir='ltr'>Nam</span> <span class='ocrx_word' id='word_1_473' title='bbox 920 4012 956 4070; x_wconf 90' lang='lat' dir='ltr'>de</span> <span class='ocrx_word' id='word_1_474' title='bbox 977 4032 1044 4071; x_wconf 89' lang='lat' dir='ltr'>vera</span> <span class='ocrx_word' id='word_1_475' title='bbox 1070 4013 1129 4073; x_wconf 89' lang='lat' dir='ltr'>lide</span> <span class='ocrx_word' id='word_1_476' title='bbox 1156 4035 1255 4095; x_wconf 89' lang='lat' dir='ltr'>parum</span> 
     </span>
     <span class='ocr_line' id='line_1_51' title="bbox 122 4080 1254 4165; baseline 0.009 -23"><span class='ocrx_word' id='word_1_477' title='bbox 122 4080 239 4143; x_wconf 87' lang='lat' dir='ltr'>solliciti</span> <span class='ocrx_word' id='word_1_478' title='bbox 259 4087 332 4163; x_wconf 89' lang='lat' dir='ltr'>(qua</span> <span class='ocrx_word' id='word_1_479' title='bbox 350 4082 411 4145; x_wconf 88' lang='lat' dir='ltr'>sola</span> <span class='ocrx_word' id='word_1_480' title='bbox 433 4097 462 4144; x_wconf 90' lang='lat' dir='ltr'>et</span> <span class='ocrx_word' id='word_1_481' title='bbox 482 4086 513 4145; x_wconf 91' lang='lat' dir='ltr'>in</span> <span class='ocrx_word' id='word_1_482' title='bbox 531 4085 640 4146; x_wconf 89' lang='lat' dir='ltr'>Christi</span> <span class='ocrx_word' id='word_1_483' title='bbox 659 4086 842 4165; x_wconf 84' lang='lat' dir='ltr'>pervenimus</span> <span class='ocrx_word' id='word_1_484' title='bbox 864 4090 1034 4148; x_wconf 89' lang='lat' dir='ltr'>societatem</span> <span class='ocrx_word' id='word_1_485' title='bbox 1056 4102 1085 4148; x_wconf 90' lang='lat' dir='ltr'>et</span> <span class='ocrx_word' id='word_1_486' title='bbox 1105 4112 1172 4151; x_wconf 89' lang='lat' dir='ltr'>eum</span> <span class='ocrx_word' id='word_1_487' title='bbox 1193 4093 1202 4150; x_wconf 90' lang='lat' dir='ltr'>i</span> <span class='ocrx_word' id='word_1_488' title='bbox 1225 4111 1254 4152; x_wconf 85' lang='lat' dir='ltr'>se</span> 
     </span>
     <span class='ocr_line' id='line_1_52' title="bbox 121 4113 1255 4247; baseline 0.01 -31"><span class='ocrx_word' id='word_1_489' title='bbox 121 4158 327 4238; x_wconf 78' lang='lat' dir='ltr'>cohaeremus)</span> <span class='ocrx_word' id='word_1_490' title='bbox 346 4161 436 4221; x_wconf 88' lang='lat' dir='ltr'>modo</span> <span class='ocrx_word' id='word_1_491' title='bbox 457 4161 602 4222; x_wconf 88' lang='lat' dir='ltr'>carnalem</span> <span class='ocrx_word' id='word_1_492' title='bbox 623 4160 683 4222; x_wconf 89' lang='lat' dir='ltr'>eina</span> <span class='ocrx_word' id='word_1_493' title='bbox 704 4165 896 4242; x_wconf 88' lang='lat' dir='ltr'>praesentiam</span> <span class='ocrx_word' id='word_1_494' title='bbox 918 4165 1053 4241; x_wconf 87' lang='lat' dir='ltr'>habeant,</span> <span class='ocrx_word' id='word_1_495' title='bbox 1074 4189 1162 4247; x_wconf 88' lang='lat' dir='ltr'>quarn</span> <span class='ocrx_word' id='word_1_496' title='bbox 1183 4113 1255 4229; x_wconf 76' lang='lat' dir='ltr'>uitro</span> 
     </span>
     <span class='ocr_line' id='line_1_53' title="bbox 120 4234 1256 4325; baseline 0.006 -27"><span class='ocrx_word' id='word_1_497' title='bbox 120 4234 246 4298; x_wconf 77' lang='lat' dir='ltr'>terbum</span> <span class='ocrx_word' id='word_1_498' title='bbox 257 4236 446 4318; x_wconf 74' lang='lat' dir='ltr'>fabricarunt,</span> <span class='ocrx_word' id='word_1_499' title='bbox 459 4241 527 4302; x_wconf 88' lang='lat' dir='ltr'>satis</span> <span class='ocrx_word' id='word_1_500' title='bbox 537 4239 618 4300; x_wconf 87' lang='lat' dir='ltr'>illum</span> <span class='ocrx_word' id='word_1_501' title='bbox 629 4251 814 4320; x_wconf 85' lang='lat' dir='ltr'>praesentem</span> <span class='ocrx_word' id='word_1_502' title='bbox 827 4240 936 4305; x_wconf 89' lang='lat' dir='ltr'>habere</span> <span class='ocrx_word' id='word_1_503' title='bbox 946 4262 976 4304; x_wconf 86' lang='lat' dir='ltr'>se</span> <span class='ocrx_word' id='word_1_504' title='bbox 989 4254 1104 4325; x_wconf 85' lang='lat' dir='ltr'>putant.</span> <span class='ocrx_word' id='word_1_505' title='bbox 1125 4244 1256 4309; x_wconf 85' lang='lat' dir='ltr'>Proinde</span> 
     </span>
    </p>
   </div>
   <div class='ocr_carea' id='block_1_4' title="bbox 0 0 1302 4726">
    <p class='ocr_par' dir='ltr' id='par_1_4' title="bbox 0 0 1302 4726">
     <span class='ocr_line' id='line_1_54' title="bbox 0 0 1302 4726; baseline 0 3"><span class='ocrx_word' id='word_1_506' title='bbox 0 0 1302 4726; x_wconf 95' lang='lat' dir='ltr'> </span> 
     </span>
    </p>
   </div>
  </div>
 </body>
</html>
