2700 4732
658 46 672 81 s

388 158 394 165 ’
482 209 558 271 sm.
576 208 629 270 rv.
669 208 757 272 cre.
776 208 828 271 ss.-
1170 214 1230 279 sss

100 357 234 419 onmium
254 361 399 416 consensu
417 374 526 415 summa
545 355 750 433 veneratione,
778 367 815 416 ut
833 352 1015 429 merebatur,
1033 365 1154 435 'excepta
1173 365 1226 416 est.

98 432 178 495 llam
191 454 280 513 quum
301 430 467 511 primarium
478 431 544 490 fidei
562 444 779 513 nostraecaput
796 430 856 491 illic
875 430 1097 510 periclitaretur,
1114 432 1227 493 adesset

98 508 195 571 ltostis
225 508 311 567 Arius
341 507 371 565 in
401 508 571 586 procinctu,
602 528 728 587 quocum
757 529 858 569 manus
888 506 1087 567 conserendae
1119 521 1228 583 essent,

95 606 246 649 summurn
265 603 338 642 vero
358 594 538 642 momentum
562 585 592 642 io
618 600 720 643 eorum
744 583 902 644 concordia
927 596 1016 656 esset,
1045 585 1094 662 qui
1113 585 1149 645 ad
1169 605 1225 663 op-

94 660 292 743 ¹pugnandum
320 659 386 717 Arii
418 678 548 718 errorem
574 661 667 738 parati
691 671 844 719 uenerant:
867 658 922 738 ipsi
947 658 1133 720 nibilominus
1159 672 1225 719 tao-

92 748 203 799 torum
216 735 410 795 discriminum
429 736 533 808 securi,
551 735 610 794 imo
622 735 701 795 velut
717 736 873 817 gravitatis,
893 735 1062 809 modestiae,
1081 747 1112 795 et
1131 736 1226 797 omnis

89 810 289 875 humanitatis
309 810 405 882 obliti,
423 810 529 870 omisso
549 811 628 889 quod
640 812 670 870 in
682 811 814 871 manibus
825 822 887 869 erat
901 812 1068 884 certamine,
1081 812 1178 889 (quasi
1191 832 1225 871 ex

90 888 264 961 destinato,
278 885 351 945 sirio
362 886 560 969 gratificaturi,
581 907 617 946 eo
630 890 853 961 concessissent)
871 887 1014 946 intestinis
1025 887 1145 947 dissidiis
1160 908 1224 949 sese

89 963 293 1047 ''aroscindere
314 973 488 1041 coeperunt:
510 975 540 1020 et
550 962 654 1043 stylum
667 964 716 1042 qui
735 966 765 1022 in
777 964 876 1021 Arium
897 962 1081 1041 stringendus
1101 976 1174 1038 erat,
1193 965 1225 1023 iu

89 1060 131 1103 ue
153 1040 234 1119 ipsos
253 1039 388 1174 dirigere.
428 1038 451 1094 F
454 1037 544 1097 nedae
565 1040 780 1098 criminationes
799 1038 1005 1099 audiebantur:
1026 1037 1226 1117 libellisccu·

89 1116 205 1179 nterii
224 1115 311 1174 volita
336 1126 398 1172 aut:
418 1134 473 1173 nee
492 1114 714 1174 contentionum
735 1114 799 1173 bnis
818 1113 892 1172 ullus
913 1114 1003 1173 sactus
1023 1127 1108 1187 esset,
1121 1116 1224 1175 tlouee

89 1189 212 1257 mutuis
241 1189 408 1249 vulneribus
438 1209 469 1248 se
499 1190 712 1264 confodissent,
743 1191 798 1249 uisi
827 1190 985 1269 imperator
1015 1188 1225 1251 Constantinus

89 1266 289 1340 occurrisset,
309 1266 358 1345 qui
368 1265 584 1344 inquisitionem
603 1265 632 1323 in
653 1286 755 1325 eorum
767 1267 863 1338 vitam,
884 1286 944 1323 rem
959 1285 1020 1325 esse
1039 1287 1125 1346 supra
1143 1288 1225 1328 suam

89 1341 304 1423 cognitionem
325 1341 485 1420 professus,
511 1342 597 1400 talem
621 1342 823 1421 intemperiem
848 1341 931 1401 laude
954 1343 1044 1423 magis
1064 1362 1148 1420 quam
1168 1342 1225 1402 ob-

89 1418 268 1500 iurgatione
287 1417 443 1497 castigavit.
494 1417 591 1489 Quam
619 1418 716 1478 multis
741 1418 870 1497 partibus
894 1429 923 1476 et
949 1417 1003 1475 alis
1024 1438 1099 1495 quae
1118 1419 1224 1478 deinde

89 1505 227 1575 sequuta
246 1504 314 1553 sunt
334 1493 466 1553 Concilia
489 1492 566 1572 lapsa
595 1493 680 1552 luisse
702 1494 855 1553 verisimile
881 1491 942 1553 est?
978 1491 1043 1552 Nec
1062 1492 1152 1575 longa
1172 1496 1225 1553 de-

89 1570 316 1633 l'uonstratione
329 1590 400 1647 opus
421 1568 490 1627 baec
511 1589 556 1628 res
576 1568 677 1628 babet:
697 1571 721 1629 si
734 1570 796 1649 quis
812 1571 887 1629 eninr
908 1581 969 1630 acta
989 1568 1130 1651 perlegat,
1148 1570 1225 1630 mul·

89 1658 143 1711 us
164 1645 225 1705 illic
244 1646 425 1704 infirmitates
444 1645 664 1705 animadvertet:
686 1666 722 1703 ne
743 1647 811 1724 quid
832 1647 923 1705 dicam
943 1646 1065 1723 gravius.
1257 1665 1260 1670 ·

89 1754 93 1759 ·
176 1720 228 1785 '11.
266 1723 305 1779 Et
323 1721 394 1779 l.eo
415 1720 590 1779 Romanus
615 1720 750 1780 Pontifex
775 1743 836 1781 noo
862 1722 976 1781 dubitat
998 1721 1113 1800 synodo
1134 1721 1224 1783 Cbal-

89 1797 272 1870 tedouensi,
292 1818 376 1875 quarn
396 1798 425 1855 in
446 1794 628 1877 dogmatibus
640 1797 829 1857 orthodoxam
851 1796 967 1869 fatetur,
986 1796 1174 1857 ambitionem
1194 1808 1224 1857 et

89 1872 297 1937 inconsultam
327 1872 519 1932 temeritatem
552 1872 687 1931 obiicere.
736 1874 906 1954 Legitimam
930 1873 1045 1952 quidem
1076 1893 1224 1933 essenon

89 1960 209 2033 negat,
231 1949 282 2010 sed
302 1967 399 2007 errare
419 1949 545 2027 potuisse
566 1947 657 2024 palam
678 1951 788 2009 asserit.
838 1949 958 2026 Ineptus
979 1949 1056 2008 sorte
1075 1949 1160 2009 alicui
1179 1950 1223 2010 vi-

89 2028 191 2099 dear,
210 2025 259 2104 qui
279 2024 314 2083 de
334 2025 591 2083 commonstrandis
613 2025 776 2085 huiusmodi
795 2026 943 2085 erroribus
968 2024 1113 2085 laborem:
1134 2046 1224 2104 quum

89 2104 251 2165 fateantur
270 2101 439 2174 adversarii,
465 2120 562 2159 errare
584 2100 718 2160 Consilia
744 2102 879 2181 possein
899 2101 932 2161 iis
952 2121 1026 2179 quae
1046 2101 1081 2160 ad
1101 2101 1223 2163 salutem
1254 2165 1258 2171 Α

89 2198 165 2241 nors
184 2188 252 2237 sunt
271 2176 437 2236 necessaria.
477 2176 536 2235 Sed
556 2196 651 2254 neque
670 2197 860 2310 supervacuus
873 2189 916 2237 est
934 2176 981 2237 bic
1002 2176 1094 2236 labor.
1133 2178 1224 2236 'l'am-

89 2254 158 2316 etsi
179 2254 255 2311 enim
276 2253 383 2325 coacti,
403 2251 493 2311 verbo
515 2252 631 2330 quidem
651 2253 680 2311 id
712 2265 842 2313 alentur:
865 2276 953 2333 quum
973 2265 1070 2312 tamen
1091 2254 1223 2313 omnium

89 2328 306 2393 Consiliorum
325 2328 595 2387 determinationem
616 2329 644 2387 in
665 2348 697 2387 rc
717 2329 857 2408 qualibet,
875 2329 956 2389 nullo
973 2329 1148 2403 discrimine,
1167 2350 1223 2422 pro

89 2405 230 2487 Spiritus
250 2405 340 2464 sancti
360 2405 477 2463 oraculo
499 2404 583 2463 nobis
603 2404 777 2479 obtrudant,
795 2406 859 2485 plus
880 2407 1011 2487 exigunt,
1032 2427 1117 2484 quam
1137 2406 1222 2467 initio

89 2493 292 2561 sumpserant.
344 2480 425 2552 Quid
444 2483 484 2539 sic
505 2479 618 2559 agendo
638 2482 835 2551 contendunt,
864 2482 918 2541 nisi
938 2502 1035 2547 errare
1055 2502 1116 2542 uon
1136 2503 1222 2562 posse

89 2555 253 2623 concilis:
274 2568 324 2614 aut
343 2557 365 2614 si
387 2568 493 2626 errant,
515 2556 594 2614 nefas
616 2576 676 2616 esse
696 2570 792 2617 tamen
813 2578 912 2616 serum
932 2578 1067 2629 cernere,
1091 2566 1221 2618 autnon

89 2635 241 2698 assentari
252 2631 416 2691 erroribus?
455 2634 557 2722 Neque
579 2631 655 2690 aliud
675 2633 797 2693 intendo
817 2655 901 2712 quarn
923 2634 991 2692 inde
1013 2653 1097 2712 posse
1112 2633 1222 2714 colligi,

89 2709 245 2789 Spiritum
268 2720 398 2768 sanctum
423 2709 463 2767 sic
488 2729 546 2785 pras
572 2708 681 2787 alioqui
702 2720 731 2766 et
755 2723 866 2769 sanctas
886 2710 1014 2788 synodos
1033 2708 1225 2788 gubernasse,·
1261 2734 1280 2776 .·

89 2798 131 2851 sat
154 2783 271 2842 interim
289 2784 397 2861 aliquid
418 2785 457 2842 eis
478 2783 639 2842 humanitus
660 2785 791 2844 accidere
812 2785 937 2858 sineret,
962 2804 999 2842 ne
1026 2785 1146 2843 nimium
1168 2784 1221 2843 lio-

89 2858 231 2923 minibus
242 2861 460 2919 confideremus.
498 2862 577 2918 llaec
597 2859 688 2918 multo
708 2859 811 2919 melior
831 2872 874 2918 est
891 2861 1046 2931 sententia,
1066 2881 1151 2937 quarn
1172 2860 1221 2921 illa

89 2932 421 3017 GregoriiNasianzeni
428 2937 565 3014 (cp.55.)‚
577 2936 688 2994 Nullius
699 2957 823 3014 unquam
832 2934 1102 2995 Corrciliisevidisse
1111 2935 1221 2994 bonurn

89 3017 200 3077 iissem.
235 3008 310 3071 llam
331 3013 395 3090 quia
416 3012 633 3070 asseritorunia
652 3013 714 3070 siue
734 3012 904 3091 exceptione
923 3012 997 3069 male
1010 3011 1139 3086 desiisse,
1159 3032 1221 3071 non

89 3087 222 3153 multum
253 3087 433 3149 auctoritatis
464 3088 520 3146 illis
551 3086 697 3165 relinquit.
745 3089 791 3145 De
823 3087 1046 3167 provincialibus
1079 3086 1220 3147 Consiliis

89 3164 281 3229 mentionem
300 3185 429 3222 seorsum
442 3163 547 3235 faeere,
568 3163 639 3221 nibil
658 3165 714 3222 iam
735 3185 852 3223 necesse
872 3177 928 3223 est:
949 3163 1064 3241 quando
1079 3183 1113 3221 es
1129 3182 1221 3243 gene·

89 3241 208 3307 salibus
227 3241 377 3299 aestimare
398 3252 563 3320 promptum
581 3252 633 3314 est,
645 3253 783 3330 quantum
795 3241 975 3299 auctoritatis
995 3240 1029 3300 ed
1050 3239 1220 3299 condendos

89 3316 168 3381 bd'ei
187 3317 339 3389 articulos,
370 3328 400 3374 et
423 3317 616 3392 quodcunque
638 3338 726 3375 visum
756 3317 845 3375 suerit
864 3317 1014 3376 doctrinae
1033 3336 1125 3397 genus
1144 3315 1221 3375 reci-

89 3391 238 3478 piendum
258 3392 365 3451 babere
386 3391 520 3450 debeant

138 3514 144 3535 .
175 3473 221 3531 12.
259 3468 299 3526 At
319 3467 410 3527 nostri
432 3468 692 3540 Romanenses,
717 3466 767 3526 ubi
792 3468 821 3525 in
843 3488 943 3527 causae
961 3489 1029 3528 snae
1049 3469 1219 3529 defensione

89 3546 197 3609 emnia
217 3544 337 3603 rationis
364 3544 504 3631 praesidia
529 3544 674 3603 labascere
694 3544 750 3602 sibi
769 3543 883 3616 vident,
910 3545 945 3602 ad
970 3557 1128 3604 extremum
1148 3544 1219 3604 illud

89 3623 293 3698 miserumque
313 3619 470 3700 sullugium
490 3620 665 3679 concedunt.
708 3619 826 3678 Etiamsi
847 3632 944 3679 mente
965 3633 995 3687 et
1014 3621 1137 3681 consilio
1157 3632 1219 3681 stu-

89 3695 159 3763 sidi
178 3696 251 3767 sint,
271 3696 368 3754 animo
388 3717 457 3754 sero
479 3707 508 3753 et
527 3696 676 3754 voluntate
696 3696 877 3773 nequissimi,
900 3716 1018 3756 manere
1037 3708 1133 3756 tamen
1153 3717 1220 3754 uer·

89 3772 166 3839 'snm
186 3771 319 3844 Domini,
360 3772 418 3832 uod
438 3772 612 3850 Praepositis
633 3771 755 3830 obedire
774 3772 855 3831 iubet
875 3770 1097 3848 (licuisse).
1135 3772 1219 3831 Itane

89 3848 187 3913 sero?
212 3848 324 3926 quidsi
371 3850 530 3926 raepositos
554 3868 615 3906 esse
641 3867 744 3928 negem
766 3849 814 3937 qui
835 3848 905 3906 tales
925 3848 1011 3907 sunt?
1048 3851 1118 3908 Non
1139 3849 1218 3908 enirn

89 3928 159 3989 slus
180 3923 235 3983 sibi
263 3945 400 4004 arrogare
426 3924 535 3982 debent
554 3944 639 4001 quarn
664 3923 796 3981 bebuerrt
820 3923 923 3996 losue,
948 3923 996 4002 qui
1020 3937 1050 3983 et
1069 3923 1218 4003 Propheta

89 4000 218 4067 >osuini
245 4000 316 4072 luit,
349 4013 378 4059 et
402 4000 517 4061 eximius
537 3999 648 4059 Pastor.
696 4000 852 4059 Audiamus
876 4013 972 4059 autem
998 4000 1101 4078 quibus
1120 4000 1243 4059 verbis.

90 4088 286 4156 nauguretur
311 4077 340 4134 iu
364 4098 446 4134 suurn
472 4098 575 4134 munus
602 4097 616 4133 a
642 4076 771 4134 Domino
791 4077 865 4152 (los.
884 4085 920 4151 ’1,
939 4082 966 4140 7.
987 4088 1016 4134 et
1034 4077 1093 4151 8.):
1125 4078 1218 4151 „Nou

89 4151 249 4233 ‚recedat,
279 4152 389 4230 inquit,
417 4151 555 4209 volumen
575 4150 663 4230 Legis
683 4152 718 4211 ab
740 4172 791 4211 ore
811 4164 878 4211 tuo:
912 4153 962 4211 sed
982 4152 1166 4211 meditaberis
1186 4154 1217 4209 in

89 4248 152 4307 ,eo
173 4226 274 4287 diebus
294 4250 328 4287 ac
348 4226 492 4287 noctibus.
541 4228 645 4305 Neque
669 4229 704 4287 ael
725 4227 869 4287 dexteram
894 4246 990 4307 neque
1015 4228 1051 4288 ad
1075 4229 1218 4289 sinistram

89 4301 288 4385 ,declinabisz
313 4316 383 4366 tunc
403 4304 510 4385 diriges
531 4304 603 4366 siam
617 4316 718 4383 susm,
745 4316 775 4367 et
793 4302 939 4386 intelliges
959 4308 1056 4367 ssus.“
1094 4302 1142 4365 llli
1161 4303 1217 4386 igi·
