2700 4732
101 194 159 253 lll‘d
481 189 556 247 lillt.
578 190 601 247 l.
643 190 733 250 tlitt'.
757 189 840 247 llIll.

105 328 231 409 Spiritus
251 344 443 412 nuncupatur.
500 334 580 393 ..sitiit
603 336 681 393 euim
702 336 799 393 olistat
820 334 975 412 quominus
1001 344 1064 392 tota
1083 330 1245 410 splrltualis

104 408 143 467 ait
160 409 220 466 Dei
239 410 374 485 essentia,
398 412 427 469 iii
448 434 504 490 qua
527 414 623 486 Pater,
646 412 734 470 Filius
754 424 783 469 ct
797 409 923 488 Spiritus
937 431 1002 469 coru
1027 408 1244 468 reliendiiotue:

105 484 185 563 quod
204 486 298 565 ipsum
319 508 353 544 ex
372 488 524 577 Scriptura
550 489 669 567 planum
697 490 738 545 lit.
777 491 852 547 Nam
873 499 905 544 iit
924 432 1244 545 illiclicumaudiiuiis

104 562 251 622 nominari
271 562 422 644 Spiritum,
443 578 481 624 ita
503 578 532 622 ct
552 566 694 643 Spiritum
713 575 857 640 sanctum,
879 575 1021 643 quatenus
1039 574 1083 621 est
1103 562 1245 643 hyposta-

106 638 144 698 εἰς
164 640 255 701 totius
274 642 427 714 essentiae,
447 642 578 699 audimus
598 641 654 701 dici
675 654 706 700 et
726 640 783 697 Ilei
806 661 867 701 esse
888 652 918 698 et
937 661 953 699 a
972 641 1049 700 Deo.
1224 694 1227 699 .

182 722 229 781 21.
270 718 420 790 Quoniam
442 730 537 776 autcni
558 718 659 789 Satan,
679 731 711 775 ut
732 717 818 774 sulem
839 728 969 776 nostram
989 718 1026 776 ab
1047 716 1115 795 ipsis
1135 713 1245 774 radici-

105 791 161 853 luis
180 794 370 883 convelleret
389 795 495 883 partim
516 795 552 853 ile
573 794 668 853 diviua
687 794 754 851 Filii
775 804 800 851 et
823 793 950 872 Spiritus
971 794 1109 868 essentia,
1134 791 1243 871 partim

106 867 145 927 dc
162 870 312 949 personali
331 871 519 929 distinctione
539 872 673 949 ingentes
695 890 805 950 pugnas
824 890 941 947 semper
958 870 1064 929 movit:
1097 881 1186 948 atque
1208 878 1245 929 ut

107 947 243 1007 omnibus
263 966 359 1025 prope
377 947 498 1007 saeculis
518 948 625 1027 impios
648 947 765 1025 spiritus
791 946 934 1020 excitavit,
961 947 1011 1025 qui
1032 948 1169 1006 doctores
1190 966 1243 1005 or-

106 1021 254 1083 thodoxos
274 1023 326 1083 liac
347 1024 376 1082 in
397 1036 480 1101 parte.
500 1036 647 1097 vexarent,
680 1023 717 1081 ita
739 1035 768 1082 ct
789 1022 876 1082 lindie
906 1044 940 1082 eii
969 1023 1116 1083 veteribus
1138 1020 1244 1083 favillis

104 1119 214 1157 novum
234 1099 333 1181 Ignem
353 1099 514 1159 accendere
535 1112 671 1160 conatur:
694 1100 739 1159 liic
758 1099 902 1177 perversis
922 1100 1106 1179 qtiorundam
1132 1098 1244 1159 deliciis

106 1195 265 1235 occurrere
285 1197 393 1255 operae
413 1178 539 1253 pretium
560 1188 612 1236 est.
632 1178 781 1235 llactemis
802 1176 912 1235 dociles
936 1178 1149 1250 manuducere,
1179 1196 1242 1237 noti

105 1263 203 1311 autem
235 1274 301 1312 cum
331 1254 499 1331 praefractis
526 1264 556 1311 ct
580 1253 774 1313 contentiosis
798 1274 915 1311 manum
940 1272 1098 1312 conserere
1117 1252 1243 1312 maxime

106 1330 293 1407 propositum
313 1330 381 1389 luit:
402 1342 479 1389 nunc
497 1342 595 1389 autem
617 1329 730 1399 recitas,
752 1348 826 1406 quae
847 1328 960 1407 placide
980 1340 1098 1388 ostensa
1118 1330 1185 1399 luit,
1203 1328 1242 1387 ab
1282 1390 1288 1399 ¹

105 1405 243 1465 omnibus
262 1404 467 1485 improborimi
487 1406 637 1465 calumniIs
657 1404 826 1465 asserenda:
847 1405 900 1463 etsi
911 1406 1009 1483 praeci
1022 1427 1101 1464 mum
1113 1404 1242 1465 studiuiu
1275 1432 1281 1439 ·

105 1479 137 1539 iii
156 1479 214 1541 lioc
234 1482 395 1557 incumbet,
414 1494 447 1540 ut
466 1481 596 1541 liabeant
616 1482 665 1561 qui
685 1481 783 1540 faciles
804 1494 978 1559 apertasque
998 1428 1056 1540 Ilei
1076 1482 1168 1541 verbo
1189 1504 1241 1541 au-

104 1576 152 1617 res
172 1557 317 1635 dederint,
337 1558 366 1618 in
388 1580 447 1638 quo
468 1570 550 1619 certo
566 1560 641 1636 pede
657 1558 826 1618 consistant.
852 1558 996 1637 Equidem
1009 1558 1065 1631 hic,
1085 1557 1241 1637 siquando

105 1631 174 1695 alias
193 1634 224 1694 in
244 1636 404 1696 reconditis
425 1635 593 1713 Scripturas
613 1633 770 1713 mysteriis,
801 1634 900 1695 sobrie
920 1636 1069 1726 multaque
1089 1655 1156 1695 cum
1174 1654 1241 1695 iuo-
1281 1649 1288 1673 ¹

106 1710 259 1771 deratioue
278 1712 561 1791 pliilosoplianilum:
589 1710 717 1771 adliiliita
737 1711 824 1769 etiam
843 1712 934 1771 multa
955 1723 1103 1787 cautione,
1132 1732 1171 1771 ne
1191 1720 1241 1772 aut

105 1787 248 1869 cogitatio
267 1800 317 1847 aut
337 1790 435 1869 lingua
461 1790 536 1850 ultra
560 1788 712 1879 procedat,
739 1808 825 1866 quam
846 1788 927 1847 verbi
947 1788 1006 1847 Dei
1025 1790 1098 1847 lines
1117 1808 1150 1849 se
1169 1808 1241 1867 pro·

103 1862 240 1939 tendunt.
280 1866 444 1939 Quomodo
465 1865 542 1924 enini
563 1886 732 1924 immensam
752 1864 811 1923 Ilei
832 1866 987 1924 essentiam
1009 1866 1045 1924 ad
1070 1887 1155 1925 suum
1174 1878 1241 1923 m'o-
1276 1894 1279 1901 ·

105 1937 205 1999 dulum
225 1961 308 2002 mens
328 1942 452 2001 luiiiiana
473 1942 600 2014 deliniat,
621 1962 695 2021 qnae
720 1941 853 2000 nondum
879 1952 1008 2001 statuere
1028 1953 1111 2001 certo
1132 1940 1240 2031 potuit,

104 2018 192 2151 quale
224 2020 260 2079 sit
291 2020 362 2079 solis
394 2040 513 2097 corpus,
541 2020 621 2097 quod
650 2031 746 2078 tamen
768 2017 861 2077 oculis
881 2017 1014 2096 quotidie
1040 2018 1240 2109 conspicitur?
1269 2051 1284 2073 .-

122 2115 171 2152 nio
191 2116 273 2169 vero,
293 2096 445 2175 quomodo
466 2096 589 2175 proprio
616 2096 704 2154 ductu
730 2094 765 2153 ail
786 2094 843 2152 Dei
870 2114 961 2173 usque
981 2096 1171 2153 substantiam
1192 2114 1240 2155 exa
1268 2100 1271 2105 '

105 2170 272 2231 cutiendam
291 2183 439 2250 penetret,
459 2192 532 2248 quae
557 2193 636 2230 suain
663 2170 751 2249 ipsius
775 2171 895 2229 minime
914 2171 1105 2249 assequitur?
1138 2172 1240 2245 Quare

103 2246 173 2306 Deo
198 2248 326 2307 libenter
350 2247 550 2327 permittamus
574 2248 617 2305 sui
647 2247 857 2327 cognitionem.
915 2248 983 2326 lpse
1012 2248 1091 2307 enim
1124 2249 1240 2309 demum

105 2344 191 2399 unus,
210 2336 244 2382 ut
264 2325 359 2403 inquit
379 2324 504 2383 Hilarius
524 2324 637 2401 (tiu-1.
659 2322 841 2399 dcTrinit.)‚
865 2322 989 2383 idoneus
1008 2322 1063 2385 silii
1085 2326 1166 2385 testis
1187 2336 1261 2401 eal„

106 2399 157 2477 qui
177 2400 232 2459 uisi
252 2420 306 2479 per
324 2421 355 2460 sc
376 2400 511 2479 cognitus
533 2422 593 2461 non
615 2412 667 2460 est.
708 2401 913 2459 Periuittcnms
937 2413 1034 2459 autem
1058 2402 1082 2461 si
1103 2414 1132 2460 ct
1152 2402 1239 2463 taleis

105 2476 304 2555 concipiemus
315 2477 420 2557 ipsum,
440 2477 556 2555 qualem
575 2497 606 2537 se
627 2476 712 2536 nobis
733 2478 885 2555 patefacit:
905 2498 960 2536 nec
982 2478 1018 2535 do
1038 2478 1101 2557 ipso
1123 2478 1240 2539 aliunde

103 2551 315 2613 sciscitabimur
334 2576 419 2632 quam
440 2574 473 2611 cx
494 2554 555 2613 eius
574 2553 676 2612 serbo.
704 2554 824 2613 Exstant
843 2552 873 2611 iri
893 2551 951 2613 linc
967 2568 1172 2635 argumentum
1186 2557 1240 2618 lio·

103 2628 201 2688 miliae
222 2630 425 2710 chrysostomi
449 2630 579 2709 quinque
602 2631 737 2689 adversus
758 2632 929 2690 dnomoeos
955 2632 1007 2709 [ile
1028 2632 1241 2711 incomprehen

104 2703 183 2765 sibili
204 2706 260 2767 tici
280 2708 417 2787 Natura]‚
438 2706 542 2787 quilius
562 2718 659 2766 tamen
681 2707 812 2766 cohiberi
832 2706 1034 2785 sophistarum
1048 2709 1165 2769 audacia
1178 2728 1241 2771 non

105 2783 214 2860 potuit,
240 2785 310 2864 quin
332 2784 414 2844 lrena
435 2783 597 2867 garrulitati
617 2784 753 2842 laxarent.
792 2783 891 2841 Nihilo
914 2784 990 2841 enim
1013 2784 1173 2845 modestius
1193 2786 1241 2847 liic

105 2878 138 2919 se
156 2874 310 2941 gesserunt
336 2884 423 2941 quam
447 2860 498 2920 ulii
520 2881 558 2919 ue
582 2858 688 2921 solent.
729 2860 819 2920 Cuius
846 2860 1015 2919 temeritatis
1040 2860 1241 2923 infelicissimo

105 2954 240 2999 successu
260 2940 410 2999 admoueri
430 2960 485 2999 nos
501 2882 601 3013 dccet,
622 2950 655 2995 ut
674 2937 825 2997 docilitate
845 2937 936 3016 magis
957 2958 1042 3013 iqiiam
1062 2938 1198 2998 acumine
1209 2940 1242 2999 iu

104 3010 189 3072 istam
209 3017 410 3094 quaestionem
430 3015 601 3075 incumbere
621 3034 708 3073 curae
727 3014 778 3073 sit:
801 3032 855 3072 nec
876 3014 905 3070 in
918 3014 1043 3071 animum
1058 3014 1243 3093 inducamur,

105 3100 157 3147 aut
175 3091 272 3151 Deum
291 3114 410 3181 usquam
430 3093 606 3172 investigare
626 3091 681 3149 nisi
699 3092 730 3148 io
751 3110 835 3151 sacro
856 3092 916 3147 eius
935 3090 1039 3159 verbo,
1058 3102 1108 3149 aut
1128 3091 1242 3171 deipso

125 3166 259 3247 uicquam
278 3180 409 3249 cogitare
430 3168 485 3227 uisi
506 3180 665 3244 praeeunte
685 3170 745 3225 eius
765 3166 868 3241 verbo,
888 3178 937 3225 aut
956 3166 1038 3243 loqui
1058 3168 1113 3225 nisi
1135 3187 1169 3226 eii
1189 3189 1244 3230 eo·

104 3190 173 3303 dein
192 3246 283 3306 verlto
304 3256 460 3335 sumptum.
520 3244 636 3317 Quodsi
657 3264 730 3321 quae
750 3245 850 3303 suliest
873 3243 903 3301 iu
928 3264 985 3299 una
1011 3243 1163 3303 divinitate
1183 3246 1243 3305 Pa-

105 3321 169 3391 tris,
187 3322 256 3381 Filii
275 3332 305 3381 et
325 3324 450 3399 Spiritus
471 3319 620 3379 distinctio
645 3330 697 3395 (ut
723 3332 767 3379 est
786 3320 907 3399 cognitu
929 3319 1083 3454 ‹lillicilisp‚
1113 3320 1244 3401 ingeniis

105 3398 278 3476 quibusdam
298 3398 363 3489 plus
384 3397 501 3457 facessit
519 3398 631 3477 negotii
648 3408 679 3454 et
696 3396 848 3457 molestiae
869 3418 955 3474 quam
976 3416 1047 3474 expe
1069 3396 1119 3469 iat,
1137 3398 1244 3458 menii-

105 3474 205 3532 nerint
218 3474 413 3554 laliyrintliiim
428 3476 543 3555 ingredi
554 3473 679 3535 lioniiiiis
695 3484 818 3541 mentes,
837 3472 905 3529 dum
925 3492 995 3532 suae
1014 3472 1175 3533 curiositati
1197 3474 1245 3535 iu·

106 3550 243 3633 dulgent:
262 3563 352 3643 atque
371 3550 410 3609 ita
431 3548 494 3633 re'gi
513 3570 545 3611 se
564 3551 723 3611 sustineant
743 3548 918 3609 coelestibus
935 3548 1070 3624 oracidIs,
1089 3560 1245 3631 utcunque

108 3628 238 3709 mysterii
257 3626 441 3689 altitudinem
463 3649 523 3687 nou
545 3626 668 3705 capiant.

181 3711 229 3771 22.
269 3706 383 3764 'sciere
403 3705 568 3786 catalogum
588 3721 733 3771 errorum,
754 3700 859 3775 quilius
884 3700 953 3760 olim
973 3712 1084 3761 tentata
1105 3701 1245 3765 luitlidei

106 3782 256 3843 sinceritas
276 3782 306 3841 in
328 3780 384 3840 hoc
403 3781 556 3841 doctrinae
576 3780 682 3857 capite,
702 3778 785 3837 nimis
806 3778 927 3858 longum
947 3790 1033 3845 esset,
1058 3778 1181 3857 plenum
1203 3800 1244 3843 ue

107 3858 203 3917 inutili
223 3858 337 3917 taedio:
368 3878 400 3917 ac
424 3858 639 3918 haereticorum
662 3854 796 3934 plerique
815 3854 916 3913 crassis
941 3854 1049 3913 deliciis
1071 3866 1162 3916 totam
1215 3857 1244 3919 ci

107 3934 232 4015 gloriam
253 3936 292 3994 ita
312 3937 440 4017 aggressi
458 3948 527 3995 sunt
546 3934 684 4004 obruere,
705 3943 737 3989 ut
755 3933 822 3989 sutis
843 3950 904 3989 csse
926 3931 1059 3990 duxerint
1079 3945 1243 3995 concutere

107 4034 143 4071 ac
162 4012 279 4071 turbare
298 4014 459 4089 imperitos.
498 4012 604 4071 Statim
624 4028 694 4067 vero
721 4030 736 4066 a
756 4008 854 4085 paucis
876 4007 1042 4066 liominilius
1062 4008 1245 4071 ebullierunt
1273 4019 1279 4044 ⁶

107 4087 206 4166 plures
226 4101 333 4160 sectae,
354 4110 429 4167 quac
457 4090 552 4148 iartim
574 4089 734 4145 lacerarent
755 4084 811 4142 Ilei
828 4084 991 4158 essentiam,
1011 4085 1117 4163 partim
1138 4085 1243 4147 distin·

108 4164 238 4225 ctionem
259 4187 332 4244 quac
352 4165 430 4224 iuter
447 4110 595 4226 l’ersonas
615 4172 669 4235 est,
689 4160 916 4221 contunderent.
954 4162 1051 4220 Porro
1070 4162 1095 4222 si
1105 4172 1243 4225 tenemus

49 4302 52 4307 ,
130 4242 189 4301 uod
216 4256 285 4303 ante
314 4264 347 4301 es
373 4242 525 4319 Scriptura
544 4240 611 4301 satis
630 4250 779 4299 ostensum
801 4249 854 4311 cst,
883 4236 1042 4315 simplicem
1073 4250 1105 4297 et
1134 4238 1243 4299 indivi-

108 4262 193 4379 duam
215 4340 278 4381 cssc
298 4318 451 4380 essentiam
470 4318 555 4380 unius
567 4316 637 4393 Dei,
660 4335 734 4395 quae
753 4316 789 4375 ad
807 4315 924 4376 Patrem
944 4326 975 4374 et
993 4312 1100 4373 Filium
1121 4326 1152 4375 et
1169 4314 1243 4397 Spi-
