2700 4732
512 250 590 313 usn.
609 248 667 314 ut.
706 251 795 319 cst.
816 252 856 314 u.
1193 262 1250 327 371

112 396 238 481 „quales
308 393 489 457 otabnntur?
527 395 560 457 Si
579 396 677 458 iumen
732 398 772 458 od
792 398 822 457 in
842 396 928 459 nobis
939 409 993 473 est,
1010 398 1154 461 tenebrae
1172 413 1252 477 sunt,

111 478 214 559 „ipsae
223 486 293 565 tene
317 493 366 533 rae
379 476 694 553 quantaeerunt(bIatt
716 475 847 550 .6‚23.)?
867 475 947 550 Quid
958 475 1066 559 igitur?
1084 477 1147 537 sine
1157 476 1250 538 dubio

110 551 258 633 „vanitati
269 551 370 611 similis
390 549 482 611 sactus
493 560 536 609 est
545 549 651 610 bomo:
670 553 701 609 in
714 550 836 610 nihilum
849 553 982 614 redactus
994 563 1039 613 cst
1049 552 1154 614 bomo:
1174 553 1250 614 nibil

111 641 180 707 „est
189 628 292 689 bomo.
306 626 475 701 ¹Quomodo
486 638 582 686 tamen
596 628 709 706 penitus
722 627 795 686 nibil
807 640 861 700 est,
871 648 958 708 quem
969 628 1137 710 magnificat
1147 629 1249 692 Deusi

113 704 301 783 „Quomodo
322 703 411 777 nibil,
437 722 505 794 erga
526 724 611 837 quem
632 703 797 783 appositum
819 715 862 763 est
882 725 935 764 cor
960 704 1106 764 divinum?
1143 706 1250 787 Respi-

112 802 232 859 „remus
253 779 366 839 iratres.
413 780 475 838 Etsi
502 780 531 837 ni
555 780 573 837 il
597 801 694 839 sumus
726 780 756 839 in
789 780 926 840 cordibus
957 781 1080 854 nostris,
1108 780 1188 842 sorte
1216 783 1250 843 iu

113 858 228 935 „corde
246 856 304 915 Dei
325 866 423 935 potest
441 854 549 934 aliquid
571 855 661 916 latere
681 855 717 914 de
738 856 834 916 nobis.
880 858 908 915 0
928 857 1017 917 Pater
1035 858 1250 919 misericordia·

113 954 219 1011 „rum‚
236 952 256 993 o
277 932 366 991 Pater
385 932 573 1003 miserorum,
599 932 748 1011 quomodo
769 932 892 1013 apponis
913 952 982 1015 erga
1002 955 1056 994 nos
1077 954 1129 994 cor
1148 933 1249 996 tuumi

115 1010 204 1089 „Cor
221 1009 298 1071 enim
318 1020 400 1068 tuum
421 1008 471 1067 ubi
491 1021 535 1067 est
554 1008 704 1068 thesaurus
724 1020 798 1068 turis.
838 1009 1001 1084 Quomodo
1015 1022 1111 1071 autem
1131 1010 1249 1071 tbesau-

116 1096 273 1165 „rustum
291 1107 406 1158 snmus,
432 1084 456 1144 si
481 1083 552 1142 nibil
578 1086 695 1145 sumus?
734 1086 847 1145 Omnes
867 1097 971 1167 gentes
991 1087 1071 1166 quusi
1097 1108 1158 1147 nou
1178 1087 1249 1163 sint,

115 1164 181 1241 „sic
197 1174 265 1223 suut
283 1173 352 1221 ante
371 1172 415 1219 te:
436 1161 464 1219 in
486 1160 607 1220 nihilum
620 1161 843 1239 reputabuntur.
882 1162 1026 1221 Nimirum
1040 1175 1108 1222 ante
1121 1175 1165 1223 te:
1186 1183 1249 1224 non

114 1239 216 1318 „iutra
236 1249 281 1298 te:
301 1236 344 1298 sic
364 1238 392 1296 in
412 1237 522 1297 iudicio
543 1238 671 1298 veritatis
692 1250 769 1310 tuae,
789 1238 840 1297 sed
861 1259 922 1298 nou
943 1239 1032 1299 sicin
1054 1238 1162 1299 affectu
1184 1241 1249 1319 pie·

113 1316 203 1393 „tatis
222 1326 299 1373 tuae.
345 1313 490 1373 Nimirum
514 1335 600 1374 vocas
627 1332 755 1393 eaquae
781 1334 843 1373 non
862 1326 946 1388 snut,
966 1326 1104 1395 tanquam
1125 1317 1198 1389 sint,
1218 1327 1250 1377 et

113 1412 203 1470 „non
223 1402 293 1451 sunt
311 1409 400 1473 ergo,
419 1392 487 1469 quia
507 1410 581 1468 qnae
601 1410 661 1450 uon
682 1401 766 1463 sunt,
786 1410 887 1451 voras:
909 1403 939 1451 et
957 1404 1041 1467 sunt,
1064 1391 1129 1471 quia
1150 1413 1249 1453 vocas.

113 1469 223 1545 „Licet
242 1467 321 1527 euim
341 1486 401 1526 non
421 1467 494 1538 sint,
520 1477 659 1545 quantum
681 1467 716 1524 ad
736 1487 784 1541 se,
804 1467 881 1547 apud
902 1479 931 1527 te
950 1478 1047 1528 umen
1067 1478 1151 1542 sunt,
1171 1468 1248 1531 iuxta

111 1544 207 1621 „illud
228 1542 327 1614 Pauli,
357 1542 427 1602 Non
458 1541 649 1622 exoperibus
675 1542 817 1616 iustitiae,
847 1542 898 1603 sed
923 1565 957 1605 er
976 1549 1120 1604 vocante“
1146 1546 1247 1623 (Rom.

111 1620 237 1696 212).
279 1618 397 1678 Deinde
421 1618 569 1678 mirificam
590 1638 652 1678 esse
678 1618 753 1679 banc
772 1620 986 1683 connexionem
1006 1621 1078 1679 dicit
1096 1621 1249 1700 utriusque

113 1696 367 1759 considerationis
406 1694 496 1756 Certe
509 1714 583 1775 qnae
602 1696 682 1755 inter
699 1716 730 1755 se
742 1716 873 1755 connexa
892 1708 971 1771 sunt,
990 1716 1020 1755 se
1041 1696 1163 1756 invicem
1184 1717 1249 1757 non

68 1772 76 1789 .
113 1774 279 1835 destruunt.
319 1771 410 1848 Quod
437 1768 523 1831 etiam
549 1772 578 1830 in
602 1772 802 1831 conclusione*
818 1774 945 1851 apertius
970 1771 1098 1833 declarat
1118 1772 1161 1833 bis
1180 1793 1248 1834 rer·

112 1849 177 1913 bis:
207 1847 290 1924 „lam
315 1848 339 1908 si
364 1860 487 1926 utraque
512 1848 747 1908 consideratione
773 1848 930 1929 diligenter
952 1849 1160 1928 inspexerimus
1190 1870 1247 1911 uos

113 1925 207 2007 „quid
227 1946 339 1986 sumus:
365 1925 424 1984 imo
444 1924 473 1982 in
495 1946 552 1983 una
572 1945 659 2005 quam
679 1924 766 1997 nibil,
786 1925 816 1984 in
837 1925 926 1986 altera
947 1946 1033 2005 quatu
1052 1922 1245 2007 magnificatis

112 2014 211 2085 „puto
231 2012 390 2080 temperata
409 2001 524 2060 videtur
547 2000 684 2081 gloriatio
709 2012 823 2060 nostra:
854 2001 904 2061 sed
930 2001 1026 2061 forsan
1052 2002 1143 2081 magis
1162 2012 1247 2063 aneta

112 2090 194 2159 „est‚
212 2078 336 2138 solidata
357 2077 493 2157 quidem,
513 2088 545 2134 ut
565 2098 625 2136 non
646 2078 676 2135 in
697 2077 783 2137 nobis
802 2079 853 2137 sed
874 2079 904 2137 in
924 2078 1056 2138 Domino
1076 2078 1246 2159 gloriemur.

111 2157 279 2235 „Nimirum
299 2155 341 2214 sic
362 2153 532 2234 cogitamus,
551 2153 575 2212 si
595 2154 756 2213 decreverit
775 2153 886 2213 salvare
906 2175 970 2227 uos,
990 2156 1086 2214 statim
1107 2153 1247 2214 liberabi·

109 2252 217 2311 „murs
237 2231 292 2291 iam
313 2231 343 2290 in
363 2228 420 2290 boe
439 2230 582 2308 respirare
602 2229 678 2289 licet.
717 2229 777 2288 Sed
789 2230 819 2289 in
831 2231 963 2291 altiorem
977 2231 1123 2309 speculam
1144 2251 1248 2291 ascen·
1293 2259 1299 2279 ι

110 2308 250 2387 „dentem
270 2326 439 2386 quaeramus
460 2307 603 2365 civitatem
624 2306 692 2378 Dei,
712 2326 881 2384 quaeramus
902 2307 1053 2387 templum,
1074 2327 1247 2386 quaeramus

110 2384 272 2465 „domum
297 2403 468 2462 quaeramus
488 2403 632 2461 sponsam.
683 2383 750 2441 Non
771 2382 880 2445 oblitus
899 2404 978 2442 sum:
1008 2383 1058 2442 sed
1079 2405 1144 2443 cum
1163 2394 1247 2443 metu

109 2472 168 2541 „et
184 2459 349 2521 reverentia
370 2458 452 2530 dico,
473 2459 544 2531 Nos,
564 2461 694 2538 inquam,
715 2480 826 2518 sumus:
846 2459 896 2519 sed
917 2461 947 2518 in
967 2460 1057 2519 corde
1076 2459 1144 2520 Dei.
1183 2459 1247 2520 Nos

108 2557 249 2619 „sumusz
268 2536 319 2597 sed
340 2535 416 2593 illius
437 2535 617 2615 dignatione,
637 2556 698 2595 nou
719 2548 816 2594 nostra
838 2536 1013 2615 dignitate.“

188 2618 238 2679 ᾖ.
278 2613 375 2672 Porro
396 2612 484 2670 timor
503 2611 642 2684 Domini,
672 2612 752 2671 cuius
772 2613 970 2671 testimonium
990 2610 1092 2690 passim
1113 2610 1247 2671 defertur

110 2690 220 2755 ametis
239 2689 388 2763 omuibus,
409 2698 438 2746 et
458 2688 506 2767 qui
527 2687 596 2747 alias
615 2691 727 2746 initium
744 2691 911 2761 sapientiae,
932 2688 1001 2747 alias
1020 2691 1162 2761 supientia
1179 2691 1248 2762 ipso

112 2777 300 2847 nuncupatur
312 2765 362 2841 s),
393 2766 506 2824 tametsi
526 2786 599 2823 unus
620 2777 679 2838 est,
703 2764 820 2843 gemino
841 2778 938 2823 tamen
960 2784 1098 2822 exsensu
1120 2774 1247 2822 emanat.

113 2842 214 2903 Habet
234 2843 315 2903 enim
340 2842 371 2900 in
396 2859 427 2900 se
446 2841 526 2901 Deus
548 2841 640 2901 Patris
665 2840 873 2913 reverentiam,
905 2851 934 2898 et
959 2839 1088 2898 Domini
1139 2839 1247 2918 ltaque

113 2918 169 3003 qui
185 2908 267 2993 idum
287 2918 343 2977 rite
363 2917 442 2976 volet
461 2918 576 2988 colere,
606 2928 635 2976 et
659 2917 847 2976 obedientem
873 2915 913 2975 illi
935 2915 1024 2974 filium
1045 2936 1076 2974 se
1089 2926 1246 3005 praestare

111 3008 146 3057 et
165 2994 378 3075 obsequentem
398 3013 510 3053 servum
531 2992 668 3054 studebit.
708 2992 927 3065 Obedientiam‚
947 2990 1096 3070 quaesibi
1117 3001 1149 3049 ut
1164 2990 1247 3050 Patri
1266 3023 1269 3027 ·

109 3072 256 3143 redditur,
274 3070 420 3129 Dominus
442 3090 493 3149 per
505 3070 684 3149 Prophetem
703 3066 839 3128 bonorem
857 3079 955 3128 vocat:
977 3066 1150 3146 obsequium
1164 3064 1247 3144 quod

109 3160 146 3210 ut
165 3148 297 3209 Domino
319 3146 486 3218 exhibetur,
504 3151 641 3204 timorem.
689 3146 818 3219 „Filius‚
838 3144 947 3224 inquit,
971 3142 1100 3202 honorat
1119 3154 1245 3221 patrem,

112 3237 146 3284 et
164 3244 263 3285 servus
283 3223 443 3283 domiuum.
482 3224 513 3281 Si
535 3243 591 3304 ego
613 3223 713 3295 Pater,
735 3221 784 3280 ubi
805 3219 920 3280 honor?
959 3220 991 3277 Si
1011 3219 1171 3291 Dominus,
1191 3219 1245 3279 ubi

112 3298 242 3362 timori“
278 3301 436 3378 Utcunque
457 3311 552 3358 autem
567 3300 734 3378 distinguat,
752 3298 833 3358 vides
853 3308 886 3356 ut
905 3296 1067 3356 contundat
1085 3307 1246 3375 utrumque

112 3377 212 3438 simul.
247 3377 354 3436 Timor
372 3397 444 3455 ergo
463 3376 601 3449 Domini,
631 3377 669 3435 sit
700 3374 785 3435 nobis
815 3372 978 3433 reverentia
1005 3373 1119 3431 bonore
1138 3371 1193 3431 illo
1214 3382 1246 3432 et

113 3454 224 3513 timore
240 3456 333 3513 mista.
372 3454 435 3511 Nec
455 3453 558 3510 mirum
579 3453 602 3511 si
623 3464 719 3511 utrum
742 3470 778 3510 ue
804 3449 944 3509 allectum
964 3448 1042 3507 idern
1060 3449 1173 3507 animus
1194 3468 1243 3507 re-

112 3530 220 3610 cipiat:
248 3528 384 3607 namqui
405 3550 501 3587 secum
523 3540 653 3619 reputat,
674 3472 763 3607 qualis
789 3528 826 3586 sit
853 3525 937 3585 nobis
979 3537 1042 3585 ater
1060 3524 1156 3599 Deus,
1177 3526 1246 3584 satis

68 3634 76 3645 ·
110 3606 204 3668 babet
223 3626 336 3681 causae,
358 3606 469 3664 etiamsi
489 3605 560 3664 nulls
580 3607 639 3665 sint
658 3603 760 3676 inseri,
781 3625 833 3662 cur
853 3603 914 3661 eius
934 3546 1130 3662 oitensionem
1152 3600 1245 3679 quali·

109 3685 165 3745 bet
183 3695 280 3743 morte
299 3683 415 3763 gravius
435 3682 647 3760 perhorrescat.
686 3681 745 3739 Sed
767 3679 853 3738 etiam
873 3682 964 3757 (quae
983 3676 1081 3736 estad
1102 3675 1246 3755 peccandi

108 3760 260 3821 licentiam
280 3758 375 3819 carnis
395 3771 513 3817 nostrae
534 3757 663 3833 lascivia)
684 3777 743 3836 quo
764 3776 826 3816 eam
847 3751 1087 3814 modisomnibus
1103 3750 1246 3811 cohibeas

104 3858 186 3911 mus,
203 3835 371 3928 arripienda
391 3833 475 3894 simul
496 3846 539 3893 est
559 3834 629 3893 baec
649 3832 800 3915 cogitatio,
818 3829 963 3904 Domino,
981 3828 1035 3889 sub
1055 3829 1137 3887 cuius
1156 3838 1245 3906 pote·

106 3922 186 3973 state
206 3912 355 3994 degimus,
376 3931 438 3971 esse
458 3911 670 3970 abominationi
689 3928 806 3969 omnem
826 3908 1023 3999 iniquitatem:
1053 3903 1134 3962 cuius
1153 3902 1245 3964 ultio-

107 4010 179 4049 nem
205 4009 266 4049 non
293 3988 433 4065 evadent,
459 3988 509 4067 qui
527 3987 673 4070 flagitiose
697 3985 823 4047 vivendo
855 4003 916 4044 erus
938 3983 1011 4043 uam
1035 3978 1189 4041 adversum
1213 3996 1246 4041 se

108 4067 312 4146 provocarint.

111 4240 1246 4270 ww*

180 4358 207 4445 ⁵)
223 4374 265 4427 r.
283 4377 342 4437 111,
359 4374 399 4430 to.
433 4375 509 4427 u...
524 4378 548 4438 1,
564 4375 588 4428 a.
611 4374 636 4437 a,
653 4375 692 4427 10.
716 4372 757 4431 aa.
774 4370 815 4424 aa
848 4370 912 4503 up,
922 4368 966 4478 qa,
979 4366 1022 4423 aa.
1055 4364 1170 4419 umes.
1183 4365 1208 4428 t.
1219 4346 1269 4421 α’·
