2700 4732
111 210 184 279 m
514 154 851 265 'mmmm

200 356 231 417 2.
269 349 398 420 Verum,
429 366 489 440 quo
519 364 568 407 res
597 344 728 482 apprime
752 345 841 428 digna
866 345 988 429 cognitu
1007 344 1116 408 certius
1141 347 1266 429 liqueat,

117 427 288 490 tenendum
308 437 352 485 est
373 422 521 485 Christum
540 440 615 502 pecu
628 421 678 482 iari
702 423 793 483 modo
814 423 927 503 Spiritu
951 435 1054 484 saneto
1079 425 1193 485 venisse
1217 426 1265 485 in·
1337 474 1340 495 ,

118 515 283 566 structum:
307 518 415 580 nempe
436 511 468 560 ut
487 520 503 559 a
523 498 634 559 mundo
654 518 709 560 nos
728 511 909 591 segregaret,
928 521 962 560 ac
982 500 1013 558 in
1034 519 1116 585 spem
1136 500 1266 583 collige·

119 591 168 641 ret
197 592 333 641 aeternae
362 575 560 636 baereditatis.
608 574 687 653 ¹Hinc
712 575 837 655 Spuritus
868 576 1106 637 sanctificationis
1139 577 1263 640 dicitur:

119 657 194 737 quia
214 676 275 715 non
289 654 396 713 virtute
416 663 531 712 tanturn
543 650 686 733 generali,
706 671 782 733 quae
802 653 982 731 conspicitur
1000 664 1060 712 tana
1080 652 1112 711 in
1132 653 1264 715 humano

118 752 236 816 gemere
256 751 342 812 quarn
363 729 392 788 in
419 728 538 808 reliquis
564 726 776 803 animantibus,
807 749 862 789 nos
882 739 1002 810 vegetat
1028 740 1059 788 et
1083 730 1179 803 soret,
1209 731 1264 791 sed

117 810 204 869 radix
230 829 264 869 ac
294 823 394 873 semen
422 817 466 864 est
491 803 626 865 coelestis
646 804 722 865 vitae
742 805 771 863 in
792 805 888 865 nobis.
937 805 1042 884 ltaque
1062 804 1119 866 hoc
1139 807 1263 867 maxine

117 880 226 967 elo'gio
247 882 357 944 Christi
376 901 500 961 regnum
519 879 729 940 commendant
748 880 927 960 Prophetae,
948 881 1027 961 quod
1047 882 1170 941 uberior
1190 882 1262 963 Spi-

117 962 198 1023 ritus
217 957 369 1020 affluentia
388 969 459 1017 tunc
478 956 610 1017 floreret.
659 955 784 1033 Insignis
809 970 853 1017 est
882 977 952 1050 prae
977 957 1040 1018 aliis
1065 957 1155 1018 Ioelis
1175 956 1261 1020 loeus

67 1089 69 1093 ,
116 1036 214 1117 (luel.
233 1042 262 1110 2,
281 1038 357 1105 28.):
379 1032 559 1107 „Effundam
580 1032 610 1092 in
632 1031 679 1092 illa
699 1033 746 1094 die
767 1032 803 1091 de
814 1033 925 1114 Spiritu
945 1053 1013 1093 meo
1033 1053 1122 1115 super
1141 1054 1261 1095 omnem

116 1117 273 1182 earnem.“
323 1109 387 1169 Etsi
417 1109 494 1168 enim
520 1107 636 1169 videtur
660 1107 737 1169 dona
757 1109 884 1190 Spiritus
910 1110 1013 1169 restrin
1038 1130 1088 1170 ere
1107 1110 1261 1190 Propheta

117 1192 154 1252 ad
180 1209 284 1249 munus
304 1184 518 1267 prophetandi,
534 1184 588 1245 suh
609 1184 627 1242 fi
652 1206 701 1244 ura
724 1197 820 1249 tamen
841 1186 995 1269 significat,
1014 1129 1113 1248 Saum
1133 1187 1262 1248 illustra·

116 1270 207 1328 tiotne
229 1265 354 1343 Spiritus
373 1263 417 1322 sui
437 1262 580 1322 iacturum
601 1203 656 1321 stit
682 1261 856 1343 discipulos,
884 1263 934 1343 qui
965 1264 1044 1343 prius
1071 1275 1201 1343 expertes
1228 1274 1261 1325 et

116 1341 207 1404 vacrri
226 1341 344 1400 fuerant
363 1337 499 1399 coelestis
518 1337 681 1398 doctrinae.
719 1338 816 1400 Porro
836 1341 904 1421 quia
924 1338 1005 1401 Deus
1024 1341 1113 1415 Pater
1132 1353 1260 1421 propter

102 1419 231 1485 ¹liilirunr
251 1436 335 1477 snum
355 1414 468 1494 Spiritu
488 1426 590 1474 saneto
611 1434 664 1475 nos
685 1413 793 1488 donat,
813 1427 960 1477 ettamen
981 1417 1058 1498 apud
1079 1436 1144 1476 eum
1165 1428 1259 1477 tutam

115 1493 335 1577 plenitudinem
349 1490 496 1571 deposuit,
515 1501 549 1550 ut
566 1509 634 1550 suae
655 1490 835 1552 liberalitatis
853 1491 987 1553 minister
999 1504 1074 1553 esset
1093 1494 1182 1554 aedis
1203 1513 1260 1553 en·

114 1582 217 1653 sator:
238 1590 316 1629 nunc
336 1568 441 1643 Patris,
460 1587 539 1626 nunc
550 1567 575 1625 F
577 1567 619 1627 ilii
631 1566 758 1647 Spiritus
778 1580 906 1629 vocatur.
945 1570 1030 1643 „Vos
1050 1569 1094 1648 (in
1119 1514 1203 1629 niul

114 1647 163 1711 lus
181 1645 272 1706 llum.
292 1650 322 1719 8,
341 1646 395 1721 9.),
415 1663 477 1703 non
498 1643 565 1702 estis
584 1642 615 1703 in
636 1664 736 1719 carne,
754 1643 805 1704 sed
825 1646 856 1709 in
877 1645 1006 1725 Spiritu:
1027 1589 1168 1725 siquidem
1189 1645 1259 1726 Spi-

115 1724 194 1786 rituas
214 1721 272 1781 Dei
293 1721 404 1781 habitat
428 1720 458 1780 in
478 1718 578 1780 vobis:
603 1719 709 1799 quodsi
735 1721 799 1800 quis
823 1721 845 1781 S
869 1722 966 1781 iritum
988 1720 1097 1783 Christi
1123 1742 1184 1782 non
1200 1720 1260 1783 ba·

114 1800 182 1874 bet,
205 1798 251 1859 hic
271 1818 333 1858 non
353 1808 397 1858 est
417 1796 510 1856 eius.“
552 1794 628 1855 Inde
646 1816 718 1856 vero
738 1820 751 1856 s
775 1818 820 1856 em
840 1743 910 1858 llicit
929 1798 1035 1878 plenae
1054 1798 1258 1861 renovationis

114 1875 209 1957 (ibid.
228 1875 307 1951 11.),
339 1872 420 1954 quod
439 1872 464 1933 is
483 1870 535 1952 qui
554 1871 702 1933 suscitavit
722 1819 872 1934 Christum
892 1896 908 1935 a
928 1874 1068 1949 mortuis,
1098 1874 1259 1937 vivificabit

115 1951 256 2014 mortalia
276 1970 400 2032 corpora
425 1959 525 2010 nostra
552 1960 678 2028 propter
696 1947 837 2043 Spiritum
863 1951 924 2011 eius
944 1950 1127 2011 habitantem
1146 1951 1178 2012 in
1198 1972 1259 2014 no-

114 2028 173 2091 bis.
214 2026 296 2088 Nihil
317 2026 395 2086 enim
415 2024 533 2085 absurdi
553 2037 612 2099 est,
641 2026 723 2086 Patrr
747 2027 853 2087 escribi
880 2028 1026 2087 donorum
1050 2046 1171 2087 suorum
1191 2027 1257 2089 lau-

115 2098 204 2178 dem,
224 2123 350 2184 quorum
372 2112 416 2163 est
435 2113 551 2163 auctor:
578 2113 610 2161 et
634 2112 731 2161 tamen
752 2102 889 2179 Christo,
915 2103 992 2184 apud
1013 2123 1099 2184 quem
1116 2103 1257 2186 'deposita

114 2179 325 2259 suntSpiritus
337 2178 425 2252 dona,
445 2196 520 2259 quae
538 2176 597 2237 suis
616 2176 764 2259 largiatur,
785 2179 1023 2257 easdem—ascribi
1043 2192 1149 2261 partes.
1181 2180 1257 2241 Ideo

115 2250 643 2393 {mim·⁵ffi⁸1¹3⁸‘⁵,1·²,d·i,⁰insili-‘2’
661 2266 695 2315 ut
714 2253 818 2316 bibant
837 2257 897 2336 (10.
918 2259 1051 2392 admi·
1087 2257 1127 2349 Isst
1144 2255 1258 2393 81Ιὲιὲ

137 2351 195 2396 oce
240 2353 284 2393 srn
308 2353 362 2392 urs
408 2352 430 2391 rs
445 2352 468 2390 rr
490 2350 520 2388 ur
589 2352 624 2390 ιιι
639 2352 686 2390 um
732 2353 767 2392 ro
791 2353 926 2394 mensura
971 2344 1143 2394 onaronrs‘
1193 2355 1217 2392 rr

30 2408 37 2433 l
115 2408 211 2489 (Eph.
230 2415 260 2483 1,
280 2352 333 2485 S).
371 2407 416 2468 Ac
437 2352 587 2467 retenturi
609 2418 667 2482 est,
693 2351 835 2488 Shiritum
855 2409 967 2471 Christi
987 2409 1062 2485 dici,
1081 2430 1143 2470 non
1162 2409 1255 2471 modo

115 2495 264 2579 quatenus
283 2482 551 2618 αὲὶειιιιιιέιιιιιῦ
567 2482 625 2618 ἑξεῖ
649 2495 693 2575 est
719 2486 823 2544 eodem
845 2486 958 2567 Spiritu
983 2507 1048 2546 cum
1069 2486 1156 2547 Patre
1169 2505 1255 2620 ‘cpo-

114 2570 1254 2720 &Qhfflfflfflfflffifffflffifflfflss

114 2713 231 2776 eundus
251 2714 345 2775 Adam
365 2711 406 2790 (1.
427 2711 500 2773 Cor.
520 2718 568 2786 15,
587 2713 665 2788 15.),
698 2732 715 2773 e
735 2713 821 2774 coelo
843 2714 925 2774 datus
945 2715 978 2774 in
999 2715 1141 2807 Spiritum
1159 2712 1253 2772 vivifi·

114 2802 249 2851 cantem:
285 2790 335 2849 uhi
355 2787 461 2848 Paulus
491 2787 687 2870 singularem,
719 2811 805 2870 quarn
832 2792 890 2853 suis
910 2793 996 2851 vitam
1020 2793 1145 2872 suspirat
1162 2789 1256 2850 Filius

113 2866 186 2943 Dei,
205 2879 239 2926 ut
257 2886 355 2927 seeum
377 2886 466 2925 unum
486 2865 556 2940 sint,
576 2877 726 2944 comparat
744 2888 809 2927 cum
821 2868 887 2928 ‘vita
906 2867 1032 2942 animali,
1053 2888 1130 2947 quae
1148 2887 1256 2947 repro-

113 2943 162 3005 bis
187 2944 274 3003 etiam
299 2942 461 3003 eommunis
487 2952 540 3003 est.
589 2941 732 3002 Similiter
761 2944 813 3002 ubi
840 2956 922 3023 optat
942 2943 1050 3007 Christi
1076 2944 1200 3036 gratiam
1225 2953 1258 3003 et

112 3019 176 3080 Dei
195 3021 345 3081 caritatem
365 3017 500 3079 fidelibus
519 3017 574 3096 (ΙΙ.
596 3018 666 3079 Cor.
686 3021 836 3096 13‚13.),
861 3020 946 3081 simul
972 3020 1102 3080 annectat
1121 3033 1259 3079 commu-⁴

113 3096 294 3232 nipationpm
315 3095 464 3232 Spiritus,
492 3094 555 3185 sine
587 3115 644 3174 qna
675 3116 730 3156 ner
761 3110 915 3231 paternum
940 3095 1167 3230 D⁰lf³⁹⁰lfl¹flt
1183 3116 1257 3229 doec

112 3172 825 3337 bittit.)2⁶35l¹2²tt¹¹tt¹¹tht¹¹ltlt
845 3174 1063 3311 ,Sii‘aiiii
1083 3193 1136 3327 ,ii
1153 3182 1257 3329 'spii

42 3362 72 3379 ..
106 3335 191 3399 -tum,
210 3325 261 3404 qni
281 3326 365 3384 datus
385 3336 429 3383 est
447 3324 565 3382 nobrs.“

193 3406 222 3465 3.
261 3401 360 3480 Atque
386 3399 433 3461 bic
458 3411 562 3459 notare
594 3400 744 3481 expediet,
776 3402 882 3481 quibus
909 3401 1011 3484 elogiis
1038 3401 1179 3480 Spiritum
1206 3400 1255 3459 in-

113 3476 223 3559 signiat
243 3476 413 3556 Scriptura,
433 3473 484 3535 ubi
505 3475 542 3535 de
562 3477 684 3536 exordio
705 3489 826 3558 totaque
847 3480 1057 3539 instauratione
1078 3477 1176 3537 salutis
1198 3498 1255 3536 no-

112 3564 193 3615 strae
214 3554 320 3635 egitur.
359 3554 459 3612 Primo
479 3564 602 3612 voratur
621 3554 748 3636 Spiritus
767 3556 951 3635 adoptionis:
998 3556 1045 3615 nia
1066 3554 1152 3613 nobis
1173 3554 1256 3614 testis

112 3642 160 3691 est
183 3630 326 3711 gratuitae
345 3629 404 3689 Dei
431 3628 671 3705 benevolentiae,
703 3652 758 3710 qua
791 3652 847 3692 nos
873 3628 952 3693 Deos
972 3577 1060 3691 gater
1088 3631 1117 3688 in
1144 3630 1255 3690 dilecto

20 3788 24 3797 Δ
112 3707 270 3844 ιιιιίᾗςιιὲιιο
293 3707 460 3801 eomplerus
481 3716 540 3797 est,
554 3718 587 3764 ut
607 3706 692 3841 uohps
707 3719 782 3841 epset
801 3708 830 3766 in
845 3708 975 3800 Patrem,
994 3726 1113 3841 nosque¹
1128 3708 1165 3765 od
1186 3726 1256 3786 pre-

111 3785 1256 3943 ifflssfflfflhffiffissfflfffflfflffiffl

110 3934 317 4013 haereditatis,
345 3937 413 4017 quia
437 3936 469 3995 in
493 3935 609 3995 mundo>
630 3937 869 4019 peregrinantes,
901 3949 931 3998 et
961 3937 1085 3998 mortuis
1109 3935 1256 3996 similese

181 4189 406 4261 *)1t0m.8‚15.
442 4191 584 4257 flattu.
603 4224 636 4237 -
662 4192 695 4246 ll.
711 4194 775 4248 Cor.
794 4201 820 4259 1,
835 4197 877 4250 22.
910 4196 1142 4267 Eph.t,13.1t.
1177 4194 1257 4245 Rom.

108 4254 197 4321 Ml).
214 4287 247 4298 -
274 4261 320 4314 les.
336 4262 379 4321 55.
397 4262 420 4313 1·
438 4263 482 4323 44.
497 4262 526 4321 ³.
552 4263 590 4314 lo.
607 4264 631 4325 7,
647 4260 689 4327 87.
723 4262 817 4318 Erech.
835 4265 878 4327 36,
895 4267 937 4321 25.
971 4265 1009 4317 10.
1026 4268 1053 4329 d,
1071 4267 1113 4319 14.
1130 4291 1163 4306 ·-
1188 4263 1257 4314 Llo.

107 4326 195 4401 242⁰·
212 4327 254 4380 27.
271 4357 304 4369 -
339 4328 402 4381 Luc.
418 4331 444 4391 S,
461 4329 503 4384 1⁶.
536 4332 593 4384 Aet.
610 4331 652 4393 11,
667 4332 710 4386 Μ.
901 4380 902 4385 ,
