2596 4726
113 208 173 264 altit
494 204 571 261 nttt.
593 196 633 257 ll.
673 197 762 260 cat’.
789 196 870 257 tlll.

115 343 239 429 perinde
251 354 294 403 est
304 343 361 404 acsi
380 341 616 423 ltaloqueretur:
636 342 702 423 Ego
714 362 767 403 ros
786 340 858 401 mibi
869 339 966 421 delegi
986 340 1016 402 lu
1035 339 1194 423 populun,
1211 334 1263 405 cut

116 442 176 480 nou
199 420 289 479 modo
311 422 340 479 in
361 420 508 498 praesenti
523 419 580 479 vita
600 418 817 494 benefacerent,
839 419 891 479 sed
909 421 1120 499 vitaequuque
1142 418 1262 481 tumne

115 498 326 557 beatitudinem
353 497 484 575 largirer.
530 498 681 569 Quorsum
709 506 804 555 autem
826 495 901 554 istud
922 507 1053 577 spectet,
1076 495 1166 557 variis
1185 496 1262 559 loeis

115 576 145 632 in
168 574 248 653 laege
268 573 436 631 annotatur.
475 574 549 632 Nam
562 594 652 651 quum
673 572 727 631 hac
747 572 946 632 misericordia
966 592 1022 631 nos
1043 570 1262 655 dignaturDtt-

93 642 225 724 'ruiuus,
249 663 281 708 nt
302 650 412 729 populo
432 671 486 708 sno
508 649 536 707 iu
558 651 711 708 consortio
731 662 897 708 accenseat:
933 648 1046 730 „Eligit
1065 670 1140 725 noa,
1164 649 1263 731 inquit

115 728 224 799 Moses,
245 740 278 785 ut
296 728 384 785 simus
404 726 459 784 sibi
479 725 508 783 in
531 725 671 805 populum
693 726 880 858 peculiarem,
898 726 929 784 in
950 724 1093 815 populum
1112 738 1263 801 tandum,

68 837 71 843 ·
115 825 148 863 ac
170 804 364 862 erutodiamus
385 813 539 881 praecepta
559 809 640 879 suast}
680 802 768 859 lude
787 801 836 861 illa
857 801 1023 861 cohortatio
1044 802 1262 881 (laer.19,2)a

115 880 237 955 „Sancti
259 892 364 952 estote,
384 878 451 956 quia
472 891 585 937 sanctus
605 884 698 937 sum.“
738 878 835 937 Porro
855 900 889 938 ex
909 878 951 937 his
966 878 1082 939 duobus
1101 876 1164 953 illa,
1182 900 1262 961 quae
1279 876 1293 889 ’

116 970 160 1015 est
186 956 260 1036 apud
282 955 461 1035 l‘ropbctam
483 954 640 1014 obtestatio
661 953 747 1031 (blal.
767 960 801 1029 1,
821 956 879 1031 6.),
905 955 1037 1013 duciturs
1065 954 1184 1031 „Filius
1204 956 1261 1017 bo-

117 1047 204 1092 uorat
226 1034 358 1103 l'atrem,
379 1044 408 1089 et
428 1052 526 1090 servus
547 1032 719 1091 Dominum.
757 1030 791 1090 Si
810 1050 868 1113 ego
887 1030 1053 1107 Dominus,
1072 1031 1126 1093 ubi
1146 1032 1260 1095 timor?

115 1110 139 1170 ai
159 1130 216 1191 ego
238 1108 336 1177 Pater,
357 1107 406 1165 ubi
428 1108 551 1167 atuor?“

193 1192 238 1249 15.
279 1185 421 1262 Sequitur
444 1183 684 1244 commemoratio
709 1182 864 1256 beneficii,
885 1202 960 1263 quae
987 1202 1025 1243 eo
1044 1182 1171 1245 validior
1194 1204 1259 1247 esse

115 1260 206 1321 debet
227 1261 260 1320 ad
288 1281 341 1318 nos
367 1261 612 1331 commovendos,
642 1281 702 1339 quo
728 1261 819 1341 magis
846 1259 1037 1334 detestabile,
1064 1261 1153 1320 etiam
1178 1260 1259 1321 iuter

115 1337 266 1411 homines,
299 1337 514 1419 ingratitudinis
539 1328 692 1417 flagitium.
737 1337 876 1396 Recentis
896 1337 1014 1415 quidem
1035 1336 1175 1397 beneficii
1193 1349 1257 1399 tun

115 1412 253 1473 lsraelem
274 1413 466 1488 admouebat,
493 1412 543 1471 sed
566 1414 644 1491 quod
666 1412 706 1472 ob
732 1414 882 1472 mirificam
903 1412 1135 1494 magnitudinem
1156 1415 1187 1473 in
1208 1432 1257 1475 ae·

23 1505 25 1509 '
114 1504 231 1549 ternum
254 1490 456 1561 tuernorabile,
478 1490 512 1548 ad
535 1490 734 1568 posteritatem
752 1487 1001 1581 quoquevaleret.
1040 1488 1164 1549 adhaec
1182 1510 1257 1549 cott-

115 1566 362 1625 venientissimum
384 1579 427 1624 eat
447 1567 594 1646 praesenti
615 1586 732 1625 causae:
765 1566 860 1625 mouit
880 1566 958 1624 enim
978 1565 1148 1639 Dominus,
1167 1586 1220 1628 eoa
1240 1584 1256 1625 e

115 1644 218 1702 misera
239 1644 377 1701 servitute
390 1644 456 1703 ideo
478 1643 627 1714 liberatos,
646 1654 680 1702 ut
699 1663 729 1701 sc
749 1642 890 1703 libertatis
909 1653 1061 1701 auctorem
1083 1642 1256 1703 obedientia

116 1734 146 1778 et
167 1720 349 1798 obsequendi
371 1719 606 1799 promptitudine
617 1718 726 1778 colant.
765 1719 851 1778 Solet
863 1719 949 1778 etiam
970 1721 1046 1797 (quo
1067 1738 1123 1778 nos
1143 1724 1256 1779 insero

114 1796 158 1856 ani
181 1797 265 1855 unius
285 1796 365 1856 cultu
388 1798 525 1873 retineat)
547 1796 633 1854 certis
654 1796 791 1874 epithetis
810 1815 873 1855 sese
894 1796 1054 1875 insignire,
1083 1794 1192 1886 quibus
1210 1816 1255 1856 aa·

115 1896 197 1933 crum
224 1895 306 1932 suum
335 1894 442 1931 nnurcn
463 1874 499 1931 ab
521 1872 656 1932 cornibus
683 1872 768 1931 idolis
789 1893 822 1930 ac
843 1872 897 1931 diis
917 1871 1127 1931 commentitiis
1148 1872 1256 1933 distet·

116 1950 169 2008 nit.
208 1951 281 2008 Nam
302 1953 349 2025 (ut
369 1963 453 2009 antea
475 1950 544 2026 diri)
569 1964 644 2029 quae
669 1962 769 2009 nostra
796 1948 894 2007 estad
915 1950 1071 2007 vanitatem
1092 1947 1255 2030 propensio

115 2047 181 2086 curn
202 2027 367 2085 temeritate
388 2026 560 2101 coniuncta,
591 2025 710 2085 simulac
731 2027 897 2085 nominatur
917 2025 1015 2101 Deus,
1045 2045 1129 2085 mens
1157 2036 1255 2085 nostra

114 2103 171 2162 sibi
192 2122 295 2161 cavere
317 2103 437 2180 nequit,
459 2103 528 2181 quin
557 2101 592 2161 ad
617 2103 705 2161 inane
729 2102 847 2181 aliquod
868 2114 1068 2161 commentum
1090 2101 1254 2161 delabatur.

115 2178 193 2237 lluic
215 2179 305 2259 igitur
324 2179 401 2238 malo
423 2178 583 2237 remedium
604 2178 672 2236 dum
693 2176 801 2237 afferre
821 2177 884 2237 vult
903 2178 999 2251 Deus,
1025 2178 1088 2257 ipse
1106 2199 1190 2239 suam
1211 2176 1270 2238 ‹li-¹

114 2255 264 2313 vinitatern
278 2255 373 2321 ,certis
393 2255 483 2315 titulis
505 2266 606 2329 ornat,
631 2266 719 2333 atque
744 2255 783 2313 ita
806 2276 864 2313 aros
884 2254 1055 2335 quibusdam
1076 2254 1169 2315 veluti
1188 2256 1255 2315 catl-

115 2330 197 2389 cellis
219 2332 450 2403 circumscribit,
482 2350 518 2389 ne
545 2330 602 2389 buc
623 2343 673 2389 aut
691 2330 760 2392 illuc
781 2352 830 2389 era
855 2351 953 2401 emur,
984 2342 1013 2390 et
1033 2344 1148 2390 temere
1168 2330 1256 2395 nobit

115 2408 259 2487 bugamus
282 2428 390 2465 novum
417 2408 542 2487 aliquem
568 2406 682 2481 Deum,
712 2408 736 2467 si
762 2350 904 2467 derelicto
930 2406 998 2467 Deo
1027 2409 1111 2483 vivo,
1141 2408 1285 2469 idoluttt'

115 2485 274 2562 erigamus.
315 2484 377 2543 llac
398 2485 512 2543 ratione
532 2482 712 2563 Prophetae,
734 2485 850 2563 quotics
872 2506 936 2544 eum
956 2486 1080 2575 proprie
1100 2484 1256 2567 designare

114 2560 235 2633 volunt,
256 2559 335 2617 illum
357 2563 485 2619 vestiunt
509 2572 538 2619 et
557 2562 637 2639 quasi
665 2560 818 2621 includunt
845 2560 878 2620 iis
899 2573 992 2635 notis,
1022 2560 1075 2620 sub
1097 2562 1206 2640 quibus
1224 2580 1255 2623 tt

137 2635 228 2715 opulo
251 2635 414 2695 Israelitico
437 2637 682 2697 manifestaverat.
720 2639 825 2717 Neque
846 2638 935 2707 enim,
955 2659 1043 2716 quum
1063 2637 1147 2698 Deus
1159 2639 1255 2699 Abra·

114 2658 186 2785 liae,
213 2712 257 2771 vel
278 2713 358 2772 Dens
379 2713 494 2772 lsraelis
514 2726 656 2786 vocatur,
682 2736 770 2792 quum
798 2716 826 2773 in
849 2713 959 2792 templo
981 2713 1255 2795 Hierosolymitano

114 2790 279 2850 collocatur
300 2791 376 2849 iuter
397 2791 575 2863 Cherubim,
606 2791 677 2849 istae
705 2803 735 2850 et
759 2790 866 2851 similes
896 2789 1037 2869 loquendi
1064 2790 1210 2869 formulae
1221 2792 1256 2869 *)

113 2869 209 2957 ipsum
231 2868 281 2926 uui
302 2867 369 2927 loeo
389 2866 520 2948 alligant,
539 2880 588 2927 aut
608 2867 737 2946 populo:
759 2869 808 2927 sed
829 2868 858 2926 iu
880 2868 937 2926 hoc
953 2868 1091 2926 duntaxat
1109 2879 1181 2927 sunt
1200 2888 1257 2949 po-

114 2957 198 3013 sitae,
220 2956 252 3003 ut
272 2946 469 3024 cogitationes
490 2947 605 3025 piorum
627 2946 655 3003 in
678 2942 728 3003 illo
749 2945 815 3004 Deo
837 2944 954 3013 sistant,
973 2944 1023 3021 qui
1044 2964 1098 3003 suo
1119 2944 1255 3017 foedere,

114 3021 196 3099 quod
217 3023 290 3080 cum'
304 3021 412 3080 lsraele
434 3024 561 3103 pepigit,
579 3041 644 3083 sese
670 3021 708 3079 ita
736 3023 979 3099 repraesentavit,
1001 3031 1032 3077 ut
1052 3019 1088 3079 ab
1110 3021 1256 3082 eiusmodi

113 3097 351 3158 ideadellectere
373 3097 453 3157 nullo
474 3099 564 3158 modo
584 3098 681 3162 liceat.
722 3098 825 3156 Fixum
852 3097 922 3154 illud
944 3109 1040 3156 tamen
1061 3109 1189 3173 maneat,
1210 3118 1257 3159 re·

115 3172 293 3249 demptionis
314 3174 378 3231 beri
399 3174 596 3249 mentionem,
626 3194 686 3252 quo
707 3174 828 3233 alacrius
848 3174 948 3232 ludaei
968 3193 999 3232 se
1019 3173 1087 3233 Deo
1107 3174 1232 3235 addican

115 3252 166 3327 qui
186 3248 241 3306 sibi
271 3249 332 3305 iure
356 3270 406 3307 eos
427 3251 565 3310 vindicat.
608 3250 670 3309 Nos
691 3263 786 3309 autem
808 3252 861 3326 (ne
881 3250 916 3308 ad
938 3271 992 3308 nos
1012 3250 1163 3329 pertinere
1184 3187 1258 3312 nihil

114 3325 144 3383 id
166 3326 314 3404 putemus)
336 3337 471 3402 reputare
492 3327 641 3397 convenit,
661 3327 869 3407 Aegyptiacam
884 3326 998 3385 Israelis
1018 3327 1189 3387 servitutem
1210 3340 1257 3411 ty·
1289 3352 1295 3359 ·

114 3421 184 3481 pum
218 3420 280 3458 esse
304 3401 460 3489 spiritualis
481 3402 672 3481 captiuitatis,
703 3404 808 3480 inqua
839 3424 941 3460 ornnes
960 3403 1050 3461 vincti
1078 3403 1258 3483 detinemur,

115 3479 211 3539 donec
232 3476 344 3535 braclui
363 3478 406 3535 sui
428 3477 534 3538 virtute
562 3478 702 3537 liberatos
722 3480 752 3537 in
773 3498 895 3559 regnum
916 3479 1058 3538 libertatis
1079 3499 1135 3541 nos
1155 3480 1258 3542 coele-

114 3555 166 3616 stis
186 3551 289 3613 vindex
309 3552 442 3613 traducit.
493 3555 748 3629 Quemadmodum
775 3575 863 3637 ergo,
888 3576 978 3633 quum
1004 3555 1158 3635 dissipatos
1185 3558 1258 3621 olim

115 3629 261 3693 Israelitas
282 3628 317 3688 ad
338 3628 448 3687 cultum
471 3632 597 3691 nominis
618 3633 661 3692 sui
682 3630 857 3724 recolligere
877 3631 981 3705 vellet,
1006 3652 1056 3692 eos
1082 3632 1118 3693 ab
1144 3634 1256 3696 intole-

94 3708 211 3781 mnbili,
231 3728 287 3786 qua
307 3704 529 3784 premebantur,
550 3707 709 3767 l'haraouis
721 3708 923 3769 dominatione
943 3709 1067 3787 eripuit:
1088 3710 1129 3769 ita
1149 3712 1259 3803 quibus

88 3785 204 3849 uaatdie
225 3804 256 3843 se
276 3784 308 3841 in
329 3782 425 3840 Deum
446 3803 508 3842 csse
529 3785 702 3863 profitetur,
728 3805 779 3844 eos
800 3806 902 3845 omnes
921 3785 977 3843 iam
997 3785 1033 3843 ab
1055 3786 1163 3846 exitiali
1192 3789 1259 3852 dia*

96 3861 178 3927 acrttt
199 3871 347 3940 potestate
367 3859 483 3930 asserit,
511 3880 584 3938 quae
605 3860 653 3921 illa
674 3861 822 3940 corporali
843 3861 1012 3919 adumbrata
1035 3860 1099 3922 tuis
1140 3863 1258 3940 Quam.

96 3940 219 4025 pebrem
241 3956 328 3995 nemo
349 3946 408 4007 est,
428 3938 508 3993 cuius
528 3937 640 3996 aniurus
667 3937 838 3996 inflammari
865 3958 925 3995 non
951 3938 1058 3996 debeat
1085 3939 1120 3999 ad
1141 3942 1257 4003 auscul-

97 4014 234 4077 nemdam
257 4014 383 4095 Legem,
413 4032 499 4090 quam
519 4034 535 4071 a
555 4035 668 4075 summo
689 4014 772 4095 llege
793 4012 957 4092 profectam
977 4014 1071 4076 audit:
1102 4037 1204 4098 aquo
1224 4032 1259 4082 ut

97 4093 130 4154 iti
148 4100 181 4153 t'o

97 4176 183 4261 tudr,
837 4216 844 4231 .

88 4243 210 4378 (living)
237 4255 412 4377 Egodildl.
460 4256 635 4317 Amot.l‚‘2.
676 4254 779 4307 llabac.
801 4256 833 4316 2,
855 4257 896 4308 20.
940 4255 1046 4317 Putat).
1068 4262 1092 4313 2.
1118 4274 1142 4311 et
1165 4260 1257 4326 99,1.

197 4326 251 4384 λι
