2700 4732
104 206 165 271 sm
458 194 535 261 ult
553 196 612 263 ΠΙ.
649 197 741 265 cdl).
757 198 870 263 mv.-

106 354 153 407 est
169 342 201 403 io
220 358 274 403 orc
292 351 323 403 et
341 338 432 403 corde
450 340 662 422 Decumi)
681 344 822 405 certiores
840 342 1013 419 reddantur,
1031 362 1122 425 snpra
1138 340 1228 405 trabes

104 418 228 482 volitare
256 417 386 497 cupiunt
425 416 600 481 Cobibenda
629 420 720 513 igitur
742 431 787 483 est
813 419 864 480 illa
895 420 1046 482 temeritas
1071 418 1230 489 sobrietate

106 495 189 569 fidei,
205 506 239 555 ut
256 493 338 554 Deus
358 494 490 556 occultae
503 516 571 557 suae
586 508 696 578 gratiae
715 496 803 557 nobis
820 494 905 557 testis
923 494 1052 557 sufficiat
1070 494 1102 556 in
1113 507 1230 557 arturo

104 571 214 633 verbo:
243 570 333 631 modo
352 588 390 629 ue
409 572 548 650 impediat
566 572 688 645 canalis,
707 593 741 632 ex
760 592 819 652 quo
838 570 918 652 large
937 570 974 633 ad
992 570 1162 633 bibendum
1178 590 1230 633 no-

106 647 153 709 bis
172 667 245 726 aqua
263 646 394 740 produit,
413 649 567 726 quominus
586 648 733 729 scaturigo
751 670 834 707 suum
854 648 999 710 bonorem
1018 646 1168 733 obtineat

183 730 213 786 d.
240 721 332 804 'bego
357 735 390 782 ut
412 741 565 813 perperam
597 723 706 783 iaciunt
726 723 776 803 qui
801 722 953 785 electionis
973 722 1031 785 vim
1051 722 1230 805 suspendant

107 798 199 862 adde
212 797 375 880 Evangelii,
394 819 450 877 qua
469 796 547 859 rllam
566 798 602 860 ad
621 819 676 859 nos
695 800 834 859 sentimus
854 800 1015 878 pertineres
1036 800 1081 866 ita
1092 798 1230 891 optimu

105 874 272 937 tenebimus
291 874 435 946 ordinem,
458 873 534 933 siin
553 874 717 953 quaerenda
738 874 890 935 electionis
908 887 1028 935 nostrae
1047 874 1231 951 comoediae,

105 952 137 1011 in
158 951 192 1012 iis
210 950 300 1033 signis
340 949 539 1023 osterioribus,
558 969 633 1029 quae
649 962 717 1010 sunt
728 962 825 1011 certae
836 952 896 1011 eius
916 950 1153 1033 testificationes,
1169 950 1230 1011 bat·

106 1047 231 1089 reamus.
269 972 356 1085 Nuda
374 1025 539 1086 tentatione
558 1026 605 1086 vel
624 1026 738 1108 grauius
751 1025 806 1087 uel
831 1026 1020 1107 periculosius
1047 1026 1153 1089 fideles
1170 1044 1231 1107 pfl*

106 1102 188 1165 cellit
206 1101 311 1175 Satan,
342 1121 427 1179 quam
454 1101 522 1161 dum
546 1101 625 1182 ipsos
648 1121 717 1162 suae
741 1100 894 1164 electionis
913 1102 1102 1163 dubitatione
1121 1102 1231 1183 inquie-

105 1190 186 1251 tans,
208 1175 292 1237 simul
317 1176 483 1268 prasaeiuc
504 1178 677 1238 extrariam
701 1178 894 1257 inquirendae
917 1178 1231 1257 cupiditate'solb'citat

107 1253 164 1349 [ci.
183 1252 303 1313 Lutber.
322 1272 352 1311 ru
374 1250 482 1313 Genea.
502 1273 566 1345 cap.
586 1254 661 1334 26.].
699 1253 785 1314 Extra
804 1254 879 1314 viam
901 1254 1051 1333 inquirere
1070 1274 1169 1329 uoco,
1184 1252 1231 1315 ubi

105 1352 139 1391 rn
157 1328 273 1390 abditos
293 1328 406 1389 divinae
424 1328 583 1410 sapientiae
603 1348 731 1390 recessus
756 1350 945 1410 perrumpere
963 1330 1130 1391 homuncio
1150 1348 1232 1391 coos·

105 1418 175 1485 tur,
193 1415 234 1481 et,
253 1424 312 1483 quo
332 1404 487 1485 intelligat,
506 1405 573 1485 quid
594 1406 631 1465 de
649 1426 681 1467 se
699 1406 737 1465 sit
755 1407 946 1469 constitutum
963 1404 1043 1486 apud
1062 1406 1126 1465 Dei
1142 1404 1231 1465 triba-

105 1480 167 1555 nal,
185 1480 221 1542 ad
240 1499 403 1560 supremam
422 1500 513 1561 usque
532 1481 734 1542 aeternitatem
753 1494 917 1561 penetrare.
954 1482 1044 1542 Tunc
1057 1482 1141 1543 enim
1156 1482 1231 1543 seis

105 1556 286 1639 profundum
304 1556 462 1617 immensae
480 1577 549 1617 rora
573 1557 625 1617 inis
643 1557 860 1619 absorbendum
879 1556 1072 1649 praecipitat:
1099 1569 1175 1619 utne
1189 1556 1232 1617 io·

3 1666 20 1691 ι·
105 1633 236 1695 numeris
254 1644 342 1712 atque
360 1577 608 1713 inexplicabilibus
628 1632 737 1714 laqueis
755 1654 786 1694 sc
806 1634 915 1695 indust:
940 1646 1012 1695 tune
1036 1652 1151 1695 coccae
1169 1630 1232 1695 di-
1259 1662 1263 1669 ·

129 1710 183 1771 inis
207 1708 310 1791 abysso
334 1728 366 1769 se
391 1708 537 1769 adobruit.
587 1708 637 1769 Sic
655 1712 737 1769 enim
758 1730 882 1789 aequum
906 1722 964 1786 est,
989 1708 1130 1771 borribili
1155 1708 1232 1771 ruint

104 1784 224 1923 iiiiii
236 1784 774 1943 ltlttliillllil,diluti
787 1798 898 1942 {llll
916 1782 1231 1923 titistt‘tt‘ti

104 1939 250 2012 tentatio,
282 1937 361 2018 quod
391 1936 427 1997 ad
453 1937 560 1997 nullam
585 1937 668 1998 aliam
691 1939 903 2018 propensiores·
921 1940 1009 1999 simus
1037 1937 1105 1998 lere
1124 1956 1230 2001 om

103 2015 278 2076 Rarissimus
305 2012 382 2072 enim
415 2024 459 2073 est
488 2013 568 2073 cuius
592 2035 652 2075 non
676 2014 823 2074 interdum
848 2015 958 2075 animus
978 2012 1033 2075 bac
1053 2012 1231 2107 cogitatione

105 2090 244 2161 feriatur,
274 2089 362 2148 Unde
388 2089 443 2148 tibi
461 2088 536 2150 salus
556 2090 610 2149 nisi
630 2110 663 2148 ex
682 2090 741 2149 Dei
760 2089 923 2151 electione?
959 2088 1129 2169 Electioprs
1147 2108 1230 2169 porro

129 2184 183 2227 uae
202 2164 256 2245 tibi
275 2162 434 2225 revelatio?
473 2165 558 2238 Quae
576 2166 601 2225 si
625 2166 700 2245 apud
726 2166 890 2246 quempiam
912 2164 1003 2227 semel
1028 2164 1172 2242 invaluit,
1188 2176 1231 2237 a*

106 2187 177 2303 diris
206 2236 361 2316 tormentis
391 2239 528 2301 mIserum
558 2253 703 2332 perpetuo
736 2242 895 2316 extrudat,
924 2254 975 2301 aut
999 2240 1103 2302 reddit
1121 2240 1230 2323 penitas

105 2317 272 2407 attoqitum.
310 2316 486 2407 Nullonsan'e
497 2329 624 2408 certrqre
642 2330 814 2407 argumento
831 2316 1118 2409 confirmtarevelirn,
1129 2326 1231 2401 quan

104 2391 1231 2549 ltili?,lltilttilssllltttltil{lltlttttlt‘ltltttti‘at:

128 2545 209 2621 ussit,
229 2564 314 2622 quam
327 2545 378 2621 qui
397 2564 448 2605 sua
467 2564 536 2626 erga
547 2545 641 2603 Deum
661 2566 733 2624 pace
753 2565 786 2606 ac
804 2545 1013 2624 tranquillitate
1023 2544 1230 2609 conscientia!

105 2566 195 2681 diruit
213 2640 248 2679 ac
267 2619 412 2684 deturbat.
454 2621 535 2712 ljlrgo
556 2621 735 2701 naufragium
755 2623 779 2681 si
799 2622 948 2713 timemps,
972 2620 1104 2713 sollicite
1124 2622 1164 2685 ab
1181 2620 1231 2683 bot

104 2694 1231 2855 tiltlldlilltta:13¹2lt‘tltl'lssttlitttitttl'lt'tl'tsd

104 2848 192 2910 tatio:
226 2861 308 2929 patet
326 2859 423 2911 umen
449 2850 479 2910 in
505 2868 539 2911 ea
571 2849 732 2924 lustranda,
763 2862 826 2910 tuta
846 2861 876 2909 et
895 2861 1008 2928 pacata,
1041 2850 1123 2911 addo
1145 2850 1231 2911 etis·

105 2925 200 2987 cunda
219 2926 377 3007 navigatio,
396 2927 451 2986 nisi
471 2927 534 3006 quis
553 2925 712 3006 periclitari
731 2925 809 2985 ultro
829 2925 958 2986 alsectet.
995 2927 1074 2985 Nam
1119 2924 1231 2988 uemad·

105 3002 225 3061 modum
245 3003 276 3061 in
296 3002 437 3063 exitialem
447 3003 584 3079 abyssum
602 3022 634 3062 se
652 3002 846 3083 ingurgitant,
856 3002 905 3080 qui
923 3014 956 3060 ut
967 3001 1003 3062 de
1022 3023 1076 3062 sua
1088 2948 1231 3065 directore

105 3078 177 3138 fiant
196 3079 352 3153 certiores,
376 3091 526 3138 aeternum
545 3078 604 3137 Dei
628 3076 781 3138 consilium
806 3080 869 3139 sine
889 3078 979 3138 verbo
1002 3090 1231 3168 percontantur:

105 3153 146 3213 ita
167 3154 215 3231 qui
235 3166 316 3214 recte
336 3165 422 3234 atquc
442 3155 545 3214 ordine
564 3155 653 3234 ipsam
672 3154 857 3235 investigant,
868 3153 991 3232 qualiter
1001 3176 1031 3213 ru
1048 3155 1148 3217 verbo
1168 3174 1232 3217 con·

36 3247 39 3251 ·
105 3229 234 3303 tinctor,
259 3230 391 3289 eximium
412 3229 480 3290 inde
499 3230 631 3290 referunt
650 3229 859 3291 consolationis
880 3231 1015 3289 fructum.
1036 3262 1077 3278 —
1119 3230 1233 3317 Sitigi·
1268 3292 1270 3303 ,

106 3316 155 3364 tur
175 3304 246 3364 haec
266 3303 352 3366 nobis
371 3306 538 3387 inquirendi
557 3306 618 3381 via,
642 3318 675 3366 ut
702 3308 851 3366 exordium
871 3327 1012 3366 sumamus
1033 3327 1049 3367 a
1069 3305 1134 3369 Dei
1153 3330 1233 3373 voca·

105 3381 206 3454 tione,
241 3392 271 3439 et
295 3381 326 3439 in
351 3382 441 3461 ipsam
467 3382 638 3441 desinamus.
678 3382 854 3461 Quanquam
873 3382 930 3440 boc
955 3379 1015 3441 no‘n
1037 3382 1154 3461 obstat,
1172 3384 1233 3475 quis

106 3455 206 3514 fideles
226 3476 299 3534 quae
319 3459 484 3538 percipiunt
508 3458 639 3536 quotidie
670 3456 814 3518 beneficia
839 3478 872 3517 ex
892 3458 949 3518 Dei
975 3479 1081 3536 manu,
1112 3470 1235 3523 sentmot

107 3550 141 3591 cx
160 3532 312 3591 recondita
333 3533 381 3592 ilia
402 3535 563 3612 adoptione
584 3533 776 3593 descendere:
802 3533 886 3594 sicuti
906 3533 1070 3613 loquuntur
1089 3537 1175 3618 apud
1192 3538 1234 3599 le·

106 3607 341 3686 caiam(25,1·):
362 3609 488 3683 „Fecisti
508 3608 663 3668 mirabilia:
683 3610 877 3689 cogitationes
895 3621 963 3677 tuae
981 3612 1138 3691 autiquae,
1155 3630 1236 3675 verat

106 3694 138 3743 ct
162 3683 292 3743 fideles.“
333 3684 462 3759 Quando
488 3703 523 3743 ea
548 3704 601 3744 ceo
625 3697 731 3744 tessera
755 3684 817 3745 vult
840 3684 926 3745 nobis
949 3685 1132 3750 confirmare
1150 3690 1236 3763 Deus,

128 3760 247 3819 uanttim
268 3759 304 3819 de
324 3782 377 3822 suo
399 3760 521 3821 consilio
540 3761 608 3822 sciri
628 3760 668 3820 ias
688 3772 742 3820 est.
786 3762 832 3820 Ne
851 3761 898 3821 cui
921 3771 1017 3821 autem
1039 3762 1181 3828 videatur
1196 3766 1237 3827 in·

104 3778 221 3895 demum
240 3834 315 3895 istud
334 3836 547 3898 testimonium:
566 3848 735 3917 reputemus
755 3848 895 3916 quantum
915 3849 944 3898 et
963 3837 1106 3901 claritatis
1128 3854 1162 3903 et
1179 3860 1237 3905 etr·

105 3910 238 3970 titudinis
258 3911 344 3973 nobis
364 3912 477 3973 afferat
517 3913 584 3987 Qua
604 3912 641 3971 de
661 3931 692 3970 re
712 3914 845 3993 apposite
864 3912 1040 3974 Bernardus.
1074 3914 1236 3999 Postquam

107 3986 186 4046 enim
206 3986 243 4047 de
262 3989 396 4067 reprobis
420 3986 558 4066 loquutus
583 4000 626 4049 est
651 3986 749 4065 [serm.
771 3994 819 4052 ‘dd
839 4011 901 4070 sup.
922 3988 1041 4080 Cant]:
1068 3992 1166 4070 „Stat
1183 3994 1237 4071 (in-

106 4062 505 4230 zldllfflttltltulls
521 4074 594 4199 lli
613 4064 864 4202 ‘didisti
884 4085 976 4201 lilii
997 4078 1143 4207 ltili
1151 4090 1239 4209 iffi

87 4233 171 4290 mers
190 4234 251 4276 non
270 4215 360 4276 modo
381 4215 477 4289 bona,
506 4215 556 4278 sed
577 4182 608 4274 cl
632 4214 707 4275 mala
727 4229 925 4294 cooperentur
947 4218 979 4278 in
999 4218 1126 4281 bonum.
1202 4222 1238 4285 uis

107 4289 274 4366 „accusabit
294 4290 404 4354 electos
422 4289 498 4357 Dei?
536 4289 652 4356 Sufficit
680 4289 750 4353 mibi
773 4291 811 4357 ad
831 4313 948 4357 omnem
965 4293 1128 4380 iustitiam,
1146 4320 1183 4365 so
