2700 4732
483 236 863 314 mmmm
1188 257 1248 322 m

106 398 208 462 Verbo
229 395 466 459 etSacramentls
486 397 593 477 aperit,
613 417 688 492 quae
707 397 818 479 alioqui
837 415 922 458 aures
941 393 1080 458 duntaxat
1098 397 1266 478 percelle·.

106 490 183 552 rent,
205 488 235 536 et
254 474 347 536 oculis
367 474 604 555 obversareptur,
623 478 765 550 interiora
786 475 904 534 minime
924 473 1086 534 afficerent.

182 562 210 618 9.
251 551 454 627 Quamobrem
475 551 512 609 de
532 553 755 613 confirmatione
775 563 990 633 augmentoque
1010 551 1078 627 fidci
1097 553 1242 616 monitum

106 631 192 691 velim
219 630 359 689 lectorem
384 629 479 707 <quod
505 630 562 687 iarn
587 629 706 688 minime
732 629 827 689 dubiis
854 626 950 686 verbis
974 627 1144 709 expressisse
1165 629 1241 690 ’mibi

106 707 237 784 videor),
256 706 285 765 id
306 703 494 766 ministerium
506 704 546 765 sic
566 725 613 765 me
627 705 821 765 sacramentis
841 703 996 784 assignare,
1015 725 1076 764 non
1095 707 1243 784 quasi-ar-

107 806 208 844 canam
228 783 284 843 vim
305 781 510 861 nescioquam
536 779 592 842 illis
616 793 761 862 perpetuo
789 781 903 840 insitam
929 791 1045 862 putem,
1073 803 1127 860 qua
1154 781 1241 842 fidem

129 879 211 919 erse
233 877 407 938 promovere
431 869 480 916 aut
500 858 673 917 confirmare
693 857 821 919 valeant:
846 857 897 918 sed
919 856 986 935 quia
1010 859 1126 933 suntin
1148 857 1241 919 buca

106 882 240 995 bomino
260 935 404 1009 instituta,
425 946 457 993 ut
476 933 668 994 stabiliendae
678 934 887 1016 augendaeque
908 933 976 992 lidei
996 935 1130 994 serviant.
1164 933 1243 995 Cae-

106 1025 201 1073 terum
223 1032 344 1069 munere
364 1032 417 1070 suo
437 1022 499 1070 tum
520 1011 575 1070 rite
593 1011 710 1070 demum
729 1011 957 1092 perfunguntur,
978 1010 1028 1070 ubi
1048 1010 1173 1070 interior
1192 1010 1242 1070 ille

78 1090 245 1170 'magister
270 1088 395 1165 Spiritus
425 1091 592 1147 accesserit:
626 1088 706 1149 cuius
737 1089 821 1148 unius
845 1088 955 1146 virtute
981 1098 1011 1147 ct
1036 1086 1124 1147 corda
1149 1105 1242 1167 peuc-

106 1178 232 1239 trantur,
252 1175 281 1222 et
301 1164 425 1223 allectus
445 1175 666 1243 permoventur,
686 1175 716 1224 et
733 1163 927 1225 Sacramentis
947 1163 979 1222 iu
999 1163 1108 1224 animas
1128 1176 1244 1225 nostras

108 1243 200 1302 aditus
213 1252 301 1320 patet.
341 1239 373 1299 si
387 1240 461 1299 desit
480 1239 540 1312 ille,
560 1239 633 1299 nihil
644 1241 832 1300 Sacramenta
846 1240 910 1321 plus
930 1240 1244 1320 praestare'mentibua

107 1318 214 1378 uostris
227 1327 357 1397 possunt,
374 1338 460 1394 quam
474 1316 498 1376 si
509 1315 553 1376 vel
573 1316 642 1376 solis
652 1315 793 1398 splendor
811 1316 907 1376 coecis
921 1315 1012 1376 oculis
1024 1315 1174 1398 affulgeat,
1192 1317 1243 1390 rel

107 1395 200 1455 surdis
221 1393 338 1453 auribus
362 1414 418 1453 vox
437 1395 564 1452 insonet.
607 1391 714 1472 Itaque
738 1393 778 1452 sic
804 1393 883 1452 inter
903 1392 1046 1484 Spiritum
1068 1392 1243 1453 Sacramen-

107 1483 194 1550 taque
237 1471 343 1544 artior,
369 1480 401 1528 ut
422 1489 510 1547 penes
536 1468 617 1527 illum
638 1469 746 1550 agendi
764 1469 854 1530 virtus
880 1469 1020 1542 resideat,
1047 1468 1088 1530 his
1108 1469 1241 1530 ministe-

108 1549 182 1607 rium
208 1492 346 1606 duntaxat
369 1543 565 1635 relinquatur:
599 1538 688 1626 idque
713 1547 776 1605 sine
804 1545 929 1624 Spiritus
955 1545 1072 1604 actione
1096 1545 1184 1605 inane
1208 1566 1242 1606 ac

107 1623 259 1684 frivolum:
292 1621 344 1680 illo
366 1642 435 1681 vero
456 1633 534 1680 rntus
554 1634 679 1700 agente,
709 1623 826 1701 vimque
846 1642 926 1681 suam
947 1632 1112 1695 esserente,
1133 1620 1267 1682 multae*
1319 1680 1328 1691 ,

109 1700 245 1778 energiae
265 1698 415 1757 refertum.
454 1699 541 1757 Nunc
566 1700 673 1758 clarum
694 1710 738 1758 est
758 1698 881 1777 qualiter
900 1698 1059 1756 secundum
1080 1697 1154 1757 banc
1173 1718 1242 1758 sen-

106 1777 228 1835 tentiam
251 1775 295 1851 pia
316 1795 397 1833 mens
418 1774 447 1832 in
468 1774 525 1833 fide
545 1795 598 1854 per
620 1775 809 1836 Sacramenta
829 1773 1032 1835 confirmetur:
1055 1793 1161 1857 nempe
1182 1795 1241 1854 quo

108 1850 197 1912 modo
219 1852 288 1910 solis
310 1850 426 1930 fulgore
446 1850 546 1909 vident
565 1850 659 1927 oculi,
683 1851 763 1911 vocis
782 1872 857 1911 sono
878 1870 961 1910 aures
981 1849 1117 1911 audiunt:
1138 1870 1154 1909 e
1175 1851 1242 1930 qui-

109 1929 179 2002 bus,
201 1947 297 2006 neque
318 1927 361 1986 illi
380 1930 484 2006 quovis
504 1926 614 1986 lumine
633 1928 789 2007 quicquum
810 1927 1011 2001 afficerentur,
1042 1927 1099 1988 nisi
1118 1927 1240 1987 inditam

109 2004 254 2063 haberent
272 2004 362 2063 aciem
384 2024 458 2082 quae
482 2015 583 2084 suapte
615 2017 721 2083 sponte
749 2003 956 2064 illustraretur:
989 2015 1019 2062 et
1038 2002 1093 2062 hae
1113 2002 1243 2064 clamore

109 2079 244 2159 quolibet
263 2081 457 2159 nequicquam
473 2079 678 2170 pulsarentur,
703 2080 758 2140 nisi
778 2080 814 2157 ad
839 2079 1015 2140 audiendum
1037 2091 1121 2140 natae
1141 2092 1242 2159 aptae·
1314 2134 1317 2143 ,

109 2177 166 2236 que
186 2157 295 2218 lorent.
340 2155 431 2235 Atqui
457 2179 480 2216 sr
500 2176 600 2216 verum
626 2157 768 2236 estquod
794 2155 883 2217 semel
909 2157 986 2216 inter
1010 2178 1064 2217 nos
1089 2157 1242 2217 delinitum

109 2254 171 2293 esse
192 2233 339 2307 convenit,
360 2233 440 2312 quod
460 2234 488 2291 in
510 2233 602 2293 oculis
623 2233 819 2294 nostrisvisus
840 2233 930 2293 elficit
950 2232 985 2291 ad
1006 2231 1100 2293 lucem
1121 2232 1241 2314 conspi-

108 2311 255 2383 ciendam,
276 2311 356 2389 quod
376 2310 406 2368 in
427 2305 544 2369 auribus
563 2310 678 2370 auditus
697 2310 733 2370 ad
755 2309 972 2390 percipiendam
992 2330 1109 2371 rocem:
1130 2310 1158 2368 id
1180 2329 1243 2370 esse
1326 2373 1333 2383 ‚

107 2385 137 2445 iu
159 2386 296 2446 cordibus
316 2386 456 2447 nostrisS
481 2385 565 2445 iritus
584 2386 676 2447 sancti
698 2407 772 2466 opus
792 2386 827 2446 ad
849 2386 936 2445 fidem
957 2397 987 2446 et
1007 2386 1242 2466 concipiendam,

109 2476 139 2522 et
159 2463 371 2537 sustinendam,
400 2474 429 2522 et
449 2406 621 2538 debendam,
646 2474 675 2522 et
694 2463 912 2523 stabiliendam:
943 2475 1098 2554 utrumque
1118 2464 1242 2542 perinde

108 2539 308 2619 consequitur,
328 2560 424 2675 neque
437 2539 625 2599 Sacramenta
646 2540 735 2600 hilum
756 2539 900 2620 proficere
919 2537 982 2599 sine
1003 2539 1129 2619 Spiritus
1148 2540 1244 2601 saneti

107 2617 233 2692 virtute,
259 2629 289 2676 et
313 2617 373 2674 nihi
410 2617 528 2676 obstare
549 2616 705 2695 quominus
731 2617 760 2675 in
782 2616 920 2676 cordibus
945 2615 999 2675 iam
1026 2628 1094 2675 ante
1119 2636 1242 2694 aprae-

109 2705 231 2770 ceptore
262 2693 313 2752 illo
342 2692 453 2752 edoctis
473 2693 559 2751 fidem
593 2705 624 2753 et
649 2693 844 2753 robustiorem
870 2703 901 2750 et
925 2693 1085 2751 auctiorem
1107 2693 1241 2751 reddant.

109 2770 177 2827 Hoc
196 2781 307 2826 tantum
327 2769 460 2840 interest,
480 2770 560 2847 quod
582 2766 719 2828 audiendi
729 2768 908 2845 videndique
930 2766 1049 2827 facultas
1069 2768 1242 2828 naturaliter

108 2843 225 2903 auribus
247 2857 276 2902 et
296 2845 388 2904 oculis
408 2845 499 2903 indita
522 2857 580 2904 est:
614 2844 747 2905 Christus
773 2857 869 2903 autem
897 2855 1013 2922 praeter
1033 2855 1155 2903 naturae
1175 2866 1267 2917 mo·-

109 2922 176 2979 dum
196 2919 313 2999 speciali
333 2921 424 3000 gratia
445 2921 520 2978 idem
541 2921 570 2978 in
591 2920 695 2979 animis
714 2922 819 2980 nostris
839 2920 909 3001 agit

183 3002 230 3062 10.
272 2995 342 3068 Quo
363 3007 394 3054 et
411 2996 488 3068 illae,
509 3016 581 3075 quae
601 2996 760 3056 nonnullos
786 2998 884 3056 anxios
909 3006 1026 3069 tenent,
1058 2993 1242 3060 obiectiones

107 3074 192 3136 simul
214 3074 419 3133 dissolvuntur.
465 3072 498 3132 Si
520 3073 586 3132 fidei
610 3093 663 3134 seu
683 3073 895 3132 incrementum
915 3091 966 3132 seu
987 3071 1242 3135 confirmationem

108 3149 247 3213 creaturis
268 3149 451 3223 ascribimus,
484 3149 616 3209 iniuriam
636 3149 700 3208 lieri
719 3150 843 3230 Spiritui
864 3149 938 3221 Dei,
958 3168 1044 3227 quem
1064 3148 1159 3209 solum
1180 3150 1241 3211 eius

107 3240 258 3288 auctorem
283 3245 445 3320 agnoscere
468 3224 600 3286 decebat.
650 3227 755 3305 Neque
775 3227 852 3285 enim
879 3225 995 3284 interim
1021 3226 1062 3285 illi
1083 3237 1113 3286 et
1133 3228 1242 3286 confir·
1332 3302 1334 3307 Ι

107 3304 287 3375 mationiset
306 3303 481 3364 rncrementi
502 3302 615 3367 laudem
629 3303 778 3381 eripimus:
799 3302 869 3381 quin
886 3302 983 3383 potius
1003 3302 1033 3361 id
1055 3303 1240 3383 ipsum-quod

108 3382 195 3438 fidem
216 3393 304 3461 auget
323 3393 411 3458 atque
430 3379 534 3454 firmat,
556 3378 628 3438 nibil
648 3399 710 3439 esse
730 3378 807 3438 aliud
829 3379 980 3438 asserimus
1001 3400 1086 3470 qrtam
1107 3379 1241 3440 interiori

108 3479 158 3515 sua
184 3456 378 3516 illustratione
405 3467 516 3515 mentes
542 3467 655 3515 nostras
685 3477 749 3515 com
773 3475 853 3515 arare
879 3455 915 3514 ad
939 3476 1012 3515 susci
1036 3456 1152 3514 iendam
1177 3476 1241 3516 eam

109 3552 183 3611 quac
208 3553 223 3591 a
251 3533 446 3592 Sacramentis
476 3533 653 3612 proponitur
685 3477 947 3592 condrmationem.
1000 3476 1117 3605 (luodsi
1145 3532 1242 3592 adbuc

109 3609 229 3667 nimium
252 3609 377 3668 obscure
398 3610 505 3668 dietum
528 3620 585 3682 est,
610 3609 799 3668 similitudine
821 3609 883 3681 liae,
903 3628 989 3686 quam
1009 3608 1167 3683 adducam,
1191 3608 1242 3669 fiet
1302 3651 1305 3659 ι

108 3685 195 3775 plane
217 3685 383 3747 dilucidum.
422 3686 454 3744 Si
476 3704 562 3765 quem
588 3685 684 3746 verbis
704 3686 740 3745 ad
765 3685 876 3764 aliquid
896 3684 1040 3765 agendum
1067 3683 1244 3762 persuadere
1336 3694 1341 3704 “

108 3762 255 3834 instituas,
285 3761 412 3821 rationes
433 3782 535 3821 omnes
555 3761 750 3843 excogitabis,
778 3762 882 3842 quibus
906 3765 937 3820 iu
964 3772 1042 3820 tuam
1066 3760 1242 3821 seutentiam
1328 3769 1330 3772 ‘

108 3836 294 3918 pertrahatur
313 3858 346 3897 ac
367 3857 461 3916 paene
480 3838 641 3930 subigatur,
660 3838 784 3899 cousIlio
805 3850 857 3897 tuo
870 3835 1109 3915 utobtemperet.
1133 3837 1241 3897 Verum

108 3914 250 3974 nihildum
272 3927 368 3973 actum
389 3926 448 3986 est,
473 3915 528 3974 nisi
553 3933 615 3996 rpse
636 3915 757 3975 vicissim
785 3913 945 3996 perspicaci
970 3916 1007 3973 sit
1030 3924 1176 3991 acutoque
1196 3914 1242 3973 iu·

109 3992 201 4063 dicio,
234 4012 293 4070 quo
323 3992 352 4049 in
384 3990 545 4050 rationibus
574 3990 630 4050 tuis
657 4004 796 4070 quantum
820 3990 890 4052 insit
915 3988 1057 4049 momenti
1076 3973 1243 4069 expendere

109 4080 210 4146 queat:
233 4067 287 4126 nisi
308 4066 397 4126 docili
418 4069 504 4126 etiam
523 4068 561 4127 sit
580 4068 716 4203 inperio,
742 4068 826 4128 etad
847 4064 1068 4127 auscultandum
1088 4066 1243 4141 doctrinae

107 4157 225 4223 parato,
257 4143 312 4235 pisi
341 4155 491 4224 postremo
520 4164 582 4235 eam
630 4165 645 4203 e
671 4144 728 4204 fide
751 4143 965 4236 prudentiaque
989 4153 1046 4234 ,²¹3⁸
1070 4140 1243 4236 opinionqm

108 4233 304 4357 ttttftttt
317 4221 448 4357 illd?
468 4218 882 4361 ‘ll.⁸r⁶.2¹li⁰⁶it'lrll¹l⁵l²rl
899 4216 1244 4377 ⁸l.¹.¹l¹.¹.lilr².¹d'lill

108 4373 271 4438 rationibus
295 4373 412 4438 flectast
444 4319 479 4437 el
506 4374 559 4437 ubi
575 4319 724 4458 'rusdecta
753 4319 845 4439 tuadi
859 4340 966 4516 ἔξω,
997 4370 1050 4433 ubi
1075 4381 1245 4453 contempta
