2596 4726
281 602 291 641 Ι

129 870 571 968 loan'nu‘s
658 881 1147 974 ctnvtutts

520 1092 772 1173 ruerunt

535 1271 730 1284 Q

66 1396 111 1507 ln
130 1439 241 1526 prima
262 1438 359 1505 buius
377 1442 481 1507 nostri
503 1443 614 1527 operis
636 1441 798 1520 editione,
825 1442 902 1531 quia
930 1463 1003 1508 eum
1025 1464 1120 1531 quem
1149 1466 1210 1533 ρῳ

66 1528 228 1591 immensa
247 1546 307 1588 sua
330 1520 479 1591 bonitate
499 1524 661 1593 Dominus
681 1548 865 1593 successum
887 1524 988 1607 dedit,
1008 1528 1143 1601 minime.
1159 1549 1211 1599 er·
1253 1540 1256 1545 '

104 1602 275 1686 ectabam,
299 1606 418 1675 leviter
444 1611 558 1675 maiori
586 1632 626 1679 ex
652 1621 744 1698 parte
771 1615 822 1692 (ut
848 1614 883 1677 in
904 1612 1034 1679 minutis
1054 1608 1211 1700 operibus

91 1694 142 1759 eri
161 1690 266 1771 solet)
288 1691 574 1761 defunctuseram:
594 1717 706 1761 rerum
720 1718 818 1783 quum
839 1694 1063 1783 intelligerem,
1085 1690 1211 1785 cupio,-

66 1800 137 1845 rum
159 1775 389 1843 iereomnium
411 1777 704 1866 latoreexceptum
727 1801 808 1857 esse,
828 1801 928 1866 quem·
944 1772 1210 1867 uunquam'roto

69 1871 240 1947 expetere,
268 1859 392 1927 nedum
412 1883 545 1949 sperare
567 1884 664 1928 ausus
686 1864 835 1940 inissem,
860 1873 894 1931 ut
915 1862 993 1927 mibi
1013 1862 1087 1948 plus
1108 1862 1211 1930 multo

68 1944 193 2013 deierri
203 1966 244 2009 ex
256 1947 365 2019 animo
376 1944 556 2015 sentiebam
566 1971 663 2034 quam
675 1968 779 2013 essem
798 1948 1001 2033 promeritae,
1019 1950 1063 2013 ita
1076 1969 1212 2033 magnae

68 2027 311 2116 ingratitudinis
338 2029 409 2095 iore
436 2032 562 2117 putari,
593 2034 656 2107 nisi
691 2031 776 2097 adeo
805 2028 979 2119 propensis
1006 2032 1039 2097 in
1067 2053 1119 2097 me
1146 2032 1211 2097 stu·

71 2112 142 2191 diis,
162 2135 204 2200 ac
223 2135 328 2178 meam
350 2112 538 2181 industriam
549 2129 666 2203 sponte
687 2112 906 2197 invitantibus,
921 2114 1131 2202 respondere
1149 2114 1212 2183 sal-

71 2208 135 2265 teu
160 2218 226 2285 pro
250 2219 323 2263 mea
343 2200 500 2265 tenuitate
522 2222 667 2267 conarer.
715 2201 833 2287 Neque
859 2198 893 2265 id
914 2199 1060 2266 secunda
1086 2210 1210 2269 tautum
1292 2206 1296 2215 '

70 2280 219 2351 editione
240 2285 371 2359 tentari,
392 2282 449 2349 sed
473 2288 601 2370 quoties
621 2282 741 2351 deinde
764 2307 913 2349 excusum
935 2283 996 2351 luit
1017 2306 1107 2371 opus,
1127 2305 1211 2361 non-

67 2364 160 2434 nulla
181 2369 372 2433 accessione
393 2365 626 2454 locupletatum
648 2368 717 2434 luit.
765 2368 834 2433 Etai
856 2378 961 2434 autem
989 2364 1112 2434 laboris
1133 2378 1211 2437 tune

65 2455 211 2539 impensi
236 2472 381 2517 menon
406 2450 612 2537 poenitebat,
636 2474 799 2540 nunquam
828 2463 934 2518 tamen
960 2452 1038 2517 mibi
1059 2450 1210 2531 satisfeci,

65 2536 180 2603 denec
200 2540 236 2601 in
256 2535 345 2601 bunc
364 2536 527 2614 ordinem,
546 2541 605 2624 (qui
624 2560 711 2603 nunc
732 2540 939 2624 proponitur,
955 2536 1118 2621 ‚digestum
1140 2534 1209 2603 tute

64 2622 166 2687 Nunc
187 2640 241 2685 me
263 2618 393 2686 dedisse
415 2621 548 2701 conlido
572 2618 663 2708 quod
684 2634 793 2687 vestro
815 2623 958 2686 onmium
984 2621 1108 2686 iudicio
1135 2642 1210 2709 pro·

62 2704 176 2771 betur.
219 2704 322 2771 Certe
344 2717 465 2790 quanto
492 2704 601 2773 studio
626 2704 669 2771 ad
691 2728 823 2791 operam
852 2704 936 2769 hauc
957 2702 1124 2770 Ecclesiae
1144 2704 1212 2770 Dei

86 2788 298 2855 raestandam
329 2788 544 2867 incubuerim,
574 2788 774 2855 luculentum
811 2791 1027 2856 testimonium
1060 2788 1211 2875 proferre

63 2815 160 2951 beer,
188 2873 280 2959 quud
309 2876 451 2960 proxima
478 2875 583 2941 hieme
605 2874 680 2939 dum
708 2872 925 2939 existimabam
954 2896 971 2937 a
999 2868 1092 2939 febre
1115 2892 1210 2959 quar-

64 2971 145 3023 tana
168 2968 305 3023 mortem
328 2957 404 3023 mibi
423 2957 616 3033 denuntiari,
638 2981 703 3045 quo
726 2962 825 3043 magis
847 2955 983 3041 urgebat
1005 2952 1146 3033 morbus,
1167 2978 1209 3022 eo

65 3046 177 3107 minua
200 3042 276 3105 mibi
298 3045 444 3127 peperci,
471 3043 579 3109 donec
603 3042 721 3108 librum
749 3045 952 3127 superstitem
983 3040 1212 3127 relinquerem,

88 3130 125 3191 ui
148 3137 213 3190 tarn
235 3124 397 3212 benignae
418 3126 545 3213 piorum
574 3131 756 3193 invitationi
778 3128 910 3212 gratiam
933 3125 1072 3214 aliquam
1095 3145 1210 3208 repen-

65 3151 174 3276 deret.
218 3207 407 3275 Maluissem
426 3212 576 3298 equidem
589 3215 691 3290 citius,
711 3234 822 3275 verum
839 3223 886 3274 sat
900 3213 974 3286 cito,
992 3211 1019 3272 si
1041 3216 1089 3273 sat
1111 3207 1208 3274 bene.

66 3296 272 3383 Opportune
295 3306 399 3360 autem
421 3296 568 3381 prodisse
590 3307 668 3361 tune
688 3295 819 3382 putabo,
841 3293 898 3358 ubi
919 3314 1053 3358 sensero
1078 3291 1210 3356 uberio-

66 3403 136 3446 re·
160 3378 270 3443 adbuc
291 3401 384 3465 quam
405 3381 542 3445 antebac
566 3381 703 3444 fructum
726 3379 866 3466 aliquem
889 3377 1055 3443 Ecclesiae
1077 3377 1143 3441 Dei
1165 3384 1210 3439 at·

67 3464 201 3530 tulisse:
223 3463 287 3526 boc
306 3463 385 3527 mibi
405 3467 535 3530 tunicum
555 3477 674 3530 votum.
722 3464 764 3530 Et
786 3485 865 3528 saue
889 3484 1011 3527 mecum
1033 3458 1118 3549 male
1139 3480 1213 3542 age-

67 3559 176 3626 relur,
207 3549 271 3613 nisi
297 3550 392 3612 unius
413 3548 479 3612 Dei
501 3548 737 3634 approbatione
766 3558 951 3623 contentus,
984 3542 1039 3608 vel
1057 3541 1156 3607 stulta
1179 3551 1212 3606 et

92 3653 228 3698 err-ersa
247 3634 469 3719 imperitorum
491 3632 666 3709 bominum,
690 3631 744 3695 vel
764 3634 876 3716 iniqua
892 3642 922 3694 et
940 3628 1079 3712 rualigua
1094 3628 1211 3710 impru

67 3657 188 3783 barum
215 3715 338 3781 iudicia
360 3726 608 3781 contemnerem.
656 3717 738 3781 Nam
760 3717 902 3800 ‹pramvis
924 3715 1016 3777 Deus
1040 3721 1071 3774 et
1093 3729 1211 3793 propa-

71 3799 171 3887 gandi
193 3802 288 3885 regni
308 3803 369 3877 sui,
392 3811 424 3865 et
447 3800 652 3865 adiuvandae
675 3798 825 3885 publicae
848 3797 992 3862 utilitatis
1013 3792 1121 3858 studio
1144 3793 1212 3854 ani-

70 3907 156 3951 mum
178 3907 286 3949 meum
314 3886 444 3970 penitus
473 3885 647 3950 addixerit:
673 3885 836 3969 mihique
862 3903 903 3944 ue
930 3877 1035 3965 probe
1064 3877 1214 3939 conscius

71 3973 144 4045 sim,
172 3972 278 4055 ipsum
301 3979 334 4031 et
354 3967 488 4054 angelos
516 3979 615 4034 testes
637 3967 797 4053 babeam,
815 3906 895 4030 nibil
918 3986 956 4026 ex
979 3982 1044 4046 quo
1068 3958 1216 4023 alliciam

74 4052 216 4118 doctoris
245 4058 281 4119 iu
307 4050 456 4117 Ecclesia
483 4056 625 4139 suscepi,
660 4053 738 4117 mibi
763 4051 861 4114 luisse
890 4049 1091 4133 propositum
1118 4062 1214 4126 quam

73 4136 239 4203 Eoclesiae
267 4136 444 4223 prodesse,
472 4141 629 4202 sinceram
665 4137 793 4223 pietatis
820 4133 997 4197 ‹loctriuam
1024 4122 1216 4191 asserendo:

76 4226 232 4289 neminem
252 4232 363 4286 tamen
377 4242 448 4285 esee
471 4233 560 4308 puto,
582 4224 638 4307 qui
660 4218 808 4306 pluribus
829 4219 1011 4301 impetatur,
1031 4208 1218 4275 mordeatur

80 4316 109 4375 et
128 4305 291 4375 laceretur
312 4303 492 4375 calumniis.
541 4307 653 4397 Quum
673 4308 737 4373 iam
758 4300 819 4371 sub
848 4298 942 4387 prelo
965 4305 1050 4363 esset
1072 4288 1219 4384 epistola,
