2700 4732
16 248 19 253 .
67 216 70 221 -
114 187 178 275 ¹auu
509 186 586 249 ms.
604 186 647 249 ιι.
687 186 850 261 cmxx.

118 327 190 417 getii
208 326 385 408 claritatem,
416 341 448 393 et
465 330 667 394 obscuriorem
683 350 761 412 quae
776 343 982 413 praecesserat
1000 329 1082 394 verbi
1101 330 1251 414 dispeusa-

117 415 232 465 trouem
251 405 417 489 distinguit:
440 406 531 469 altera
555 408 725 489 simpliciter
742 410 830 491 Legis
853 408 1032 470 debilitatem
1057 410 1186 489 secernit
1208 409 1248 471 ub

117 479 271 565 Evangelii
291 483 478 545 firmitudine.
521 486 621 564 litque
648 484 694 545 lric
713 507 832 565 quoque
853 487 889 545 de
913 489 1020 547 sanctis
1039 485 1175 545 Patribus
1194 507 1250 547 an·
1275 543 1282 559 ,

118 559 279 618 notandum
300 572 355 635 est,
372 560 413 621 ita
432 561 486 621 sub
506 560 609 620 Veteri
628 562 820 622 Testamento
840 564 955 637 vixisse,
986 575 1099 622 utnon
1119 561 1180 622 illic
1198 583 1249 623 re-

117 633 260 709 stiterint,
290 637 342 696 sed
361 638 515 719 aspicerint
533 657 649 716 semper
668 637 702 697 ad
723 639 854 713 Novum,
884 639 957 699 adeo
980 656 1032 698 rue·
1046 651 1155 699 certam
1186 639 1250 701 eius

118 712 356 775 communionem
376 713 498 791 amplexi
517 715 584 774 sint.
636 713 698 788 Qui
717 716 794 774 enim
820 661 1022 795 praesentibus
1043 714 1152 775 umbris
1172 729 1248 775 cou-

116 787 203 860 tenti,
220 801 349 848 merten
369 790 404 850 ad
426 790 573 851 Christum
593 811 654 849 nou
675 792 878 865 extenderunt,
898 811 949 852 eos
969 792 1116 851 coecitatis
1134 812 1168 850 ac
1187 812 1250 852 ma·

116 858 282 924 ledictiouis
303 865 421 924 damnat
433 865 607 946 Apostolus.
646 867 688 925 Ut
699 868 775 926 euim
797 869 909 947 reliqua
928 880 1083 940 taceamus,
1103 886 1249 944 quaenam

115 939 211 1000 maior
230 940 356 1001 coecitas
376 942 447 1023 fingi
467 943 572 1021 possit,
596 963 682 1022 quam
702 965 717 1003 a
737 945 850 1022 pecude
871 955 992 1003 mactata
1017 942 1130 1022 peccati
1150 943 1248 1022 expia-

114 1014 227 1075 tionem
246 1017 384 1095 sperare?
414 1039 500 1096 quam
524 1019 554 1078 iu
580 1031 698 1079 externa
719 1040 811 1099 aquae
830 1021 1018 1100 irrigatione,
1042 1019 1156 1079 animae
1176 1014 1247 1098 pu'r-

8 1102 14 1117 '
136 1090 264 1152 ationem
285 1095 444 1173 quaererei'
464 1116 549 1174 quam
569 1094 606 1154 fri
630 1094 683 1155 ldis
694 1095 792 1156 Deum
812 1096 995 1169 ceremoniis,
1013 1095 1137 1174 perinde
1157 1107 1248 1175 atque

112 1110 170 1228 silis
189 1167 272 1226 valde
292 1168 474 1243 oblectetur,
498 1170 573 1230 velle
588 1115 727 1309 giacum?
765 1172 811 1231 Ad
838 1175 905 1232 istas
925 1173 1002 1231 euim
1024 1191 1126 1231 omnes
1145 1170 1248 1231 absur-

114 1245 217 1304 ditates
233 1239 423 1321 delabuntur,
444 1247 567 1326 quisine
617 1248 700 1309 bristi
719 1261 855 1329 respectu
874 1248 907 1307 in
925 1248 1014 1330 Legis
1032 1246 1248 1308 observationi·

113 1320 166 1383 tus
185 1319 318 1380 haerent.

188 1402 236 1461 11.
277 1396 435 1472 Quintum,
466 1396 547 1475 quod
564 1399 728 1481 adiungere
744 1399 824 1474 licet,
854 1400 1021 1474 discrimen,
1051 1398 1081 1457 iu
1103 1418 1140 1459 eo
1160 1399 1248 1474 iacet,
1274 1464 1277 1481 Ι

113 1470 194 1552 quod
214 1471 251 1532 ad
269 1472 383 1533 Christi
403 1494 493 1552 usque
513 1474 668 1535 adveutum
688 1488 806 1556 gentem
830 1498 889 1537 uua
915 1496 946 1536 se
984 1488 1121 1557 egereret
1139 1475 1247 1534 Domi-

112 1570 177 1622 nus,
196 1549 226 1607 in
247 1569 303 1639 qua
324 1548 426 1609 foedus
445 1550 556 1631 gratiae
580 1571 650 1613 suae
674 1551 850 1613 contineret
906 1594 927 1629 „
967 1551 1063 1611 nando
1088 1550 1248 1612 distribue-

111 1623 185 1700 „bat
203 1623 367 1685 Altrssimus
387 1638 507 1707 gentes,
537 1628 653 1706 quaudo
675 1627 823 1688 dividebat
840 1627 915 1689 filios
935 1628 1029 1687 uldam
1049 1627 1158 1708 (inquit
1175 1627 1245 1688 Mo·

110 1721 176 1779 „ses
196 1701 285 1760 Dent.
304 1705 353 1775 32,
372 1706 431 1776 tt),
451 1702 480 1760 in
500 1705 713 1782 possessiouem
733 1704 775 1763 illi
796 1705 881 1764 cessit
900 1703 1024 1784 populus
1043 1725 1125 1764 suus:
1150 1702 1242 1763 lacob

109 1776 482 1853 ‚Juoicutushueoedinris
501 1778 596 1838 cius.“
641 1779 722 1840 illibi
749 1779 951 1860 sic'populum
972 1778 1132 1859 alloquitur
1156 1778 1243 1856 (ibid.

109 1851 342 1932 1⁰‚14.)r‚,En
362 1853 485 1914 Domini
504 1853 563 1914 Dei
579 1854 623 1915 tui
642 1855 822 1918 ost.coelum
843 1867 875 1917 et
891 1869 980 1931 terra,
1001 1869 1033 1917 et
1051 1855 1149 1916 omnia
1169 1874 1245 1934 qnae

109 1930 162 2007 „iu
182 1951 216 1990 ea
234 1941 311 1990 sunt.
349 1929 484 1990 Patribus
503 1941 603 1991 tamen
622 1932 679 1992 tuis
697 1932 903 1993 tautummodo
914 1932 1055 2006 adhaesit,
1073 1933 1180 1993 amavit
1191 1950 1243 1991 eos

110 2007 166 2084 „ut
184 2006 425 2090 eligeret5semeu
447 2026 550 2066 eorum
570 2020 638 2088 post
668 2027 735 2083 eos,
769 2029 876 2089 nempe
896 2029 947 2069 vos
968 2012 1063 2088 ipsos,
1094 2005 1244 2068 eenoctis

108 2083 301 2164 ,gentibus.“
339 2081 486 2161 Populum
507 2103 579 2165 ergo
597 2084 691 2160 illum,
709 2084 799 2146 veluti
819 2084 899 2146 solus
917 2085 954 2145 ad
975 2106 1006 2145 se
1025 2105 1060 2144 ex
1073 2083 1244 2143 bominibus

109 2160 285 2242 pertineret,
297 2158 432 2219 mominis
451 2160 495 2219 sui
514 2161 686 2242 cognitione
704 2161 839 2253 dignatus
856 2160 1022 2222 estsolum:
1043 2160 1146 2221 loedus
1158 2181 1242 2220 suum

109 2235 192 2316 quasi
210 2236 241 2295 in
261 2235 322 2296 eius
341 2236 407 2296 sinu
426 2235 575 2315 deposuit:
596 2249 791 2318 praesentiam
810 2237 854 2298 sui
873 2235 1060 2298 numinis-illi
1076 2236 1243 2296 manifesta·

109 2312 167 2371 vit:
187 2310 324 2371 omnibus
340 2312 554 2403 praerogativis
573 2333 639 2371 eum
660 2313 824 2374 bonoravit
876 2313 937 2373 Sed
956 2317 1005 2392 (ιιι
1022 2310 1134 2392 reliqua
1153 2311 1243 2372 omit-

108 2401 203 2448 tamus
223 2387 382 2466 beneficra)
411 2387 490 2467 quod
511 2410 600 2449 noum
621 2389 668 2450 bic
687 2393 799 2472 agitur,
828 2388 910 2449 illum
934 2389 1017 2451 verbi
1042 2389 1086 2448 sui
1105 2408 1241 2470 commu-

110 2465 203 2525 uione
223 2464 278 2523 sibi
299 2463 444 2540 devinxit,
464 2475 498 2523 ut
516 2466 577 2526 eius
597 2464 792 2546 appellaretur
811 2478 842 2525 et
862 2465 1020 2526 baberetur
1036 2464 1127 2524 Dens.
1155 2464 1239 2522 Inte-

108 2560 158 2601 rea
178 2551 281 2621 gentes
301 2539 381 2616 alias,
400 2542 480 2620 quasi
498 2540 571 2601 nibil
589 2563 688 2603 aec-u
707 2542 850 2603 haberent
867 2542 912 2602 rei
930 2553 980 2602 aut
999 2539 1177 2612 commercii,
1207 2539 1239 2596 in

106 2617 235 2678 vanitate
254 2616 403 2676 ambulare
423 2617 551 2677 sinebat:
583 2638 639 2681 nec
658 2630 692 2678 ut
710 2639 810 2678 earum
836 2619 921 2678 exitio
946 2616 1128 2689 mederetur,
1156 2613 1238 2692 quod

108 2694 227 2754 unicum
248 2704 312 2751 erat
330 2695 491 2753 remedium
511 2694 665 2770 afferebat,
683 2694 768 2754 verbi
787 2695 900 2755 scilicet
916 2694 961 2755 sui
980 2690 1238 2774 praedicationem.

108 2770 212 2850 Itaque
232 2768 323 2829 Israel
343 2781 414 2830 tunc
434 2771 510 2831 lilius
528 2771 661 2831 Domino
682 2772 834 2831 delicatus:
854 2770 904 2831 alii
924 2770 1071 2829 extranei:
1088 2768 1145 2858 ‘ille
1164 2785 1239 2857 cog·

107 2848 197 2920 nitus,
217 2857 248 2905 et
266 2846 296 2904 in
318 2846 405 2909 fidem
424 2847 546 2907 tutelam
568 2868 605 2908 ue
623 2861 790 2927 susceptus:
822 2848 870 2908 alii
895 2847 1027 2907 tenebris
1053 2868 1110 2906 aurs
1130 2844 1238 2903 relrctr:

106 2923 157 2983 ille
176 2943 193 2983 a
212 2921 280 2982 Deo
299 2924 508 2985 sanctificatum
541 2870 590 2984 alii
616 2925 746 3005 profani:
779 2924 829 2983 ille
849 2924 909 2983 Dei
927 2922 1090 3012 praesentia
1110 2920 1240 2980 bonora-

107 3011 168 3060 tus:
188 2996 236 3059 alii
256 3000 337 3058 omni
357 3001 585 3081 propinquitate
597 3000 712 3062 exclusi.
754 3001 796 3060 Αι
819 2999 872 3060 ubi
890 3000 972 3061 venit
990 2998 1144 3078 plenitudo
1164 3007 1249 3085 tem-‘⁴

37 3079 39 3082 ⁴
106 3076 197 3210 poris,
217 3076 408 3136 instaurandis
429 3078 565 3138 omnibus
585 3077 741 3148 destinata,
766 3076 968 3155 exhibitusque
994 3087 1037 3134 est
1062 3073 1110 3132 ille
1129 3072 1187 3130 Der
1209 3083 1240 3131 et

16 3186 21 3199 ·
129 3152 260 3211 ominum
293 3152 484 3213 conciliator:
516 3154 611 3214 diruta
629 3154 765 3228 maceria,
784 3173 859 3232 quae
878 3152 989 3212 tamdiu
1008 3149 1238 3210 misericordiam

106 3227 261 3287 Deisintra
280 3228 395 3290 Israelis
414 3230 486 3290 fines
506 3230 672 3291 conclusam
691 3240 841 3302 tenuerat,
872 3230 1047 3287 annunciata
1067 3247 1120 3306 par
1141 3236 1184 3284 est
1204 3225 1240 3284 iis

103 3304 158 3395 qui
199 3303 282 3363 rocul
302 3318 394 3378 erant,
413 3327 476 3365 nou
494 3312 685 3391 secus'atque
704 3307 741 3368 iis
761 3307 810 3384 qni
830 3324 924 3385 prope
944 3303 1105 3377 coniuncti,
1125 3314 1157 3360 ut
1168 3301 1238 3366 Deo

106 3326 197 3440 simul
211 3381 402 3457 reconciliati,
422 3382 453 3440 in
472 3404 563 3443 unum
589 3380 729 3462 populum
760 3382 968 3442 coalescerent.
1026 3380 1127 3454 Quare
1159 3376 1241 3437 nulla

106 3457 163 3516 iam
185 3455 294 3517 Graeci
325 3469 376 3517 aut
406 3457 525 3536 ludaei,
556 3459 785 3520 circumcisionis
815 3458 861 3518 vel
893 3456 1037 3537 praeputii
1064 3455 1154 3515 ratio:
1185 3453 1239 3513 sed

108 3533 207 3593 omnia
226 3533 259 3591 in
279 3534 415 3594 omnibus
436 3535 578 3610 Christus,
599 3535 646 3596 cui
666 3535 755 3596 datae
768 3549 836 3596 sunt
855 3547 956 3617 gentes
975 3535 1005 3592 in
1020 3531 1239 3604 haereditatem,

106 3621 138 3669 et
156 3609 273 3670 termini
293 3620 389 3670 terrae
408 3609 440 3670 iu
459 3612 606 3691 peculium
625 3613 688 3692 (Ps.
707 3618 757 3686 72,
776 3613 836 3692 8.):
862 3623 895 3671 ιιι
917 3611 980 3669 sine
1000 3608 1164 3670 discrimine
1184 3606 1239 3666 do·

106 3685 236 3747 minetur
255 3706 271 3746 a
290 3686 473 3767 mariusque
493 3690 529 3749 ad
549 3708 645 3767 mare,
678 3701 709 3749 et
727 3711 743 3748 a
763 3688 933 3748 fluminibus
952 3705 1043 3766 nsque
1063 3685 1099 3744 ad
1119 3683 1238 3743 ultimos

104 3764 185 3824 orbis
206 3763 277 3823 fiues
296 3764 360 3841 (Ps.
379 3771 426 3840 72,
446 3767 497 3840 8.).

181 3847 226 3905 12.
268 3815 412 3899 Gentirlm
431 3842 523 3923 igitur
540 3841 675 3916 vocatio,
706 3841 761 3901 insi
786 3841 828 3900 nis
855 3851 898 3898 est
916 3850 1041 3910 tessera,
1072 3858 1129 3915 qua
1149 3856 1237 3925 supra

106 3917 196 3977 Vetus
217 3917 438 3978 'Testamentum
457 3919 536 3979 Novi
560 3917 728 3979 excellentia
747 3859 918 3976 iliustratus.
956 3914 1091 3974 Plurimis
1118 3913 1238 4002 quidem

105 4005 136 4052 et
156 3993 319 4053 clarissimis
338 3992 552 4073 Prophetarum
572 3995 697 4057 oraculis
716 4006 820 4055 testata
841 4005 909 4052 ante
929 3992 1039 4051 lucrat:
1070 3988 1121 4050 sed
1141 3998 1182 4047 ιιι
1201 3998 1236 4078 ut

55 4086 58 4093 ‘
105 4070 134 4129 iu
155 4089 278 4150 regnum
298 4068 421 4130 lllessiae
440 4071 502 4131 eius
521 4069 768 4151 complementum
789 4069 970 4130 reiiceretur.
1019 4067 1064 4127 Ac
1090 4085 1127 4124 ue
1148 4065 1237 4125 Cbrr·

27 4216 31 4223 ,
103 4158 164 4207 stus
184 4144 301 4223 quidem
322 4146 419 4206 statim
437 4168 453 4207 a
472 4147 568 4227 primo
592 4167 660 4208 suae
711 4146 915 4208 medicationis
945 4144 1065 4204 exordio
1097 4141 1133 4200 ad
1166 4161 1234 4200 eam

126 4241 275 4303 regressus
296 4221 379 4284 iecit:
399 4223 450 4284 sed
470 4242 600 4303 eousque
620 4169 746 4298 distulit,
770 4223 866 4283 donec
885 4221 1025 4283 absolutis
1041 4218 1236 4279 omnibusre·

104 4244 281 4379 demptionis
299 4310 419 4388 postrae
438 4303 582 4381 numeris,
611 4322 645 4363 ac
665 4301 750 4362 linito
770 4297 982 4361 bumiliationis
1000 4316 1070 4360 suae
1088 4306 1238 4376 tempore,

740 4586 761 4627 7
