2700 4732
82 207 155 299 m
472 166 829 275 mmmm

86 348 163 409 hau
184 345 294 407 electus
313 356 358 406 est
376 344 487 418 Iacob,
511 344 660 407 abdicatio
685 345 736 407 itta
761 344 992 407 misericordiam
1012 345 1071 406 Dei
1090 345 1230 409 exclusit:

87 422 225 487 solatium
244 422 303 487 boc
323 420 537 502 quasi-bomini
562 418 694 483 belluino
720 423 777 499 fnit
801 422 963 497 residuum,
995 434 1028 484 ut
1047 422 1232 506 pinguedine

86 512 183 563 terrae
203 511 234 561 et
253 518 321 559 rore
341 495 417 559 coeli
435 498 628 581 saginaretur.
665 498 765 579 Atque
783 499 814 559 id
836 511 880 559 est
899 499 979 579 quod
999 519 1094 579 nuper
1113 499 1173 561 diri
1191 498 1231 561 ad

89 570 252 657 exemplum
272 574 396 636 aliorum
416 575 522 638 referri
542 575 668 647 debere,
693 597 753 656 qno
778 575 901 636 alacrius
925 576 962 636 ad
987 576 1131 637 sinceram
1152 596 1229 656 poe-
1253 616 1260 627 ι

89 653 244 715 nitentiam
264 651 392 713 adiicere
411 652 524 713 animos
544 664 575 713 et
597 653 692 713 studia
711 664 811 713 nostra
834 651 990 712 discamus:
1018 651 1086 733 qnia
1104 653 1231 713 minime

91 729 283 793 dubitandum
306 740 366 802 est,
387 749 453 789 vere
474 740 557 789 etex
583 729 681 789 animo
702 730 849 790 coruversis
869 727 967 790 Deum
992 728 1058 789 lore
1084 727 1122 789 ad
1139 727 1232 813 igno·

90 807 230 869 scendum
251 803 384 879 facilem,
417 807 499 865 cnins
525 803 680 867 clementia
701 826 732 866 se
751 805 786 865 ad
812 805 873 864 indi
895 826 948 866 nos
973 825 1066 885 nsque
1086 804 1231 880 extendit,

92 884 161 944 dum
181 880 291 961 aliquid
312 880 514 961 displicentiae
555 902 604 943 rae
623 900 655 944 se
676 880 783 942 ferunt.
823 824 932 942 Eadem
953 882 1040 941 etiam
1061 901 1152 961 opera
1173 881 1229 943 du·
1278 950 1282 957 ¹

91 980 202 1032 cemur,
222 978 308 1037 qnam
328 955 471 1017 horribile
490 957 520 1016 iu
542 957 630 1019 icium
650 957 831 1038 praefractos
851 979 954 1018 omnes
975 969 1102 1031 maneat,
1121 954 1229 1037 quibua

90 1036 150 1097 Dei
167 1035 260 1095 minas
279 1033 413 1114 improba
434 1033 533 1094 fronte
553 1055 614 1095 nou
635 1037 731 1095 minus
751 1052 837 1113 quam
857 1034 947 1094 corde
968 1034 1066 1095 ferreo
1085 1053 1229 1125 spernere

92 1124 123 1174 et
142 1132 197 1193 pro
218 1110 310 1171 nibilo
331 1109 438 1170 ducere
459 1110 544 1171 ludus
564 1124 616 1172 est.
656 1111 691 1170 ln
713 1111 790 1171 bunc
810 1111 929 1171 modurn
950 1130 1037 1202 saepe
1056 1109 1121 1170 filisa
1134 1108 1229 1171 Israel
1252 1148 1262 1165 .

91 1195 208 1328 iiiii
221 1187 363 1325 323ἓῖἷί
378 1186 963 1324 “dal⁶l{l‘¹i‘.‘li⁰m.iiili⁵’dliii-⁸
981 1185 1110 1323 lilii
1129 1194 1231 1325 iiii

91 1340 209 1403 Psalmo
230 1305 422 1431 conqueritur
441 1285 505 1419 fib,
516 1285 566 1406 (db.
580 1341 655 1418 32),
666 1284 772 1401 1itatim
792 1341 827 1400 ad
848 1308 999 1421 ingenium
1019 1286 1229 1401 fuisseprever·

90 1439 148 1480 sos.
186 1417 285 1497 Atque
306 1428 346 1476 sta
363 1416 458 1478 voluit
476 1427 535 1477 tam
555 1416 647 1477 amica
665 1416 804 1476 facilitate
823 1417 859 1476 ad
878 1417 982 1476 seriam
1003 1417 1229 1477 conversionem

90 1494 248 1568 adducere,
266 1491 313 1552 vel
326 1491 449 1553 reddere
469 1493 686 1555 inexcusabiles.
726 1493 830 1573 Neque
850 1504 947 1552 tamen
969 1489 1079 1584 poenas
1095 1493 1131 1553 ad
1150 1503 1228 1551 tem-

90 1591 146 1653 pus
165 1569 362 1643 remittendo,
381 1581 552 1651 perpetuam
572 1569 629 1660 sibi
649 1568 744 1663 legem
765 1568 907 1660 imponit:
935 1590 1005 1649 qurn
1018 1568 1124 1703 potins
1143 1588 1229 1630 seve-

92 1724 163 1784 inde
194 1734 333 1815 appareat
380 1735 467 1783 nanto
492 1742 541 1782 ere
568 1723 595 1783 ei
619 1724 661 1783 dis
684 1723 771 1783 liceat
795 1723 885 1783 fictio.
936 1721 996 1780 Sed
1018 1645 1163 1800 qppppppl,
1178 1655 1231 1801 (dl

92 1799 149 1861 iam
170 1800 241 1878 dias)
261 1745 391 1880 exempla
422 1744 528 1859 :rolert
546 1796 650 1862 snafa
690 1800 814 1860 dandam
829 1798 944 1858 veniam
956 1798 1174 1878 propensionis,
1193 1816 1230 1857 ex

67 1918 71 1923 -
93 1876 198 1957 quibus
213 1875 259 1956 pii
279 1823 446 1937 animentlr
464 1876 499 1939 ad
521 1876 594 1937 vitae
620 1874 852 1948 correctionem,
885 1887 915 1935 et
938 1877 1052 1957 gravius
1072 1876 1230 1937 damnetur

95 1974 199 2015 eorum
219 1953 368 2033 superbia,
388 1953 439 2033 qui
458 1964 597 2034 proterve
617 1954 752 2013 adsersus
772 1951 919 2013 stimulum
941 1950 1102 2013 calcitrant.

92 1649 152 1709 rius
181 1646 329 1707 interdum
354 1659 459 1707 contra
483 1645 650 1727 bypocntas
675 1658 800 1728 insurgit
824 1659 854 1705 et
882 1665 994 1726 poenas

480 2273 735 2345 CAPUT
786 2271 845 2343 lV.

93 2464 206 2544 Quam
226 2463 359 2544 procul
379 2464 476 2526 absit
494 2465 537 2527 ab
558 2466 751 2550 Evangelii
779 2466 961 2547 puritate,
988 2452 1166 2544 qn'icquid
1187 2460 1231 2521 de
1267 2504 1273 2539 ·.

92 2556 330 2640 poenitentia
350 2558 521 2640 garriunt
545 2558 733 2640 sopbistae
758 2558 793 2618 in
819 2558 894 2619 suis
913 2555 1069 2618 sobolis:
1101 2553 1165 2616 ubi
1185 2552 1231 2615 de

294 2651 533 2713 confessione
553 2662 589 2712 et
606 2651 870 2713 satisfactione
890 2651 1023 2733 agitur.

160 2831 249 2885 Partes
267 2830 344 2883 buius
361 2828 473 2899 Capitis:
499 2827 530 2898 1)
546 2828 668 2899 Exposita
695 2828 840 2879 orthodoxa
865 2828 984 2881 doctrina
1007 2829 1040 2878 de
1057 2825 1234 2885 Paenitentia,

93 2920 157 2971 falsa
174 2919 227 2970 boe
239 2914 331 2986 Capite
348 2913 487 2966 refellitur:
507 2913 729 2967 Scholasticorum
748 2912 865 2964 doctrina
884 2913 910 2962 in
929 2930 1021 2976 genere
1039 2926 1063 2962 ct
1079 2910 1231 2964 summatim
1277 2940 1280 2945 ·

93 3003 243 3072 perstricta,
268 3013 327 3053 seco
346 3001 368 3051 1.
386 3029 419 3039 -
462 2998 494 3067 2)
512 2998 632 3063 Singulas
650 3011 733 3067 partes
752 2995 805 3049 eius
822 2995 916 3048 deinde
934 2994 1124 3048 examinantur:
1154 2992 1231 3048 Com·
1278 3024 1284 3037 ·

92 3087 172 3149 tritio,
187 3085 313 3139 secubet
322 3084 350 3137 3.
364 3111 393 3122 ——
415 3082 552 3136 Confessio
570 3101 585 3132 a
601 3082 696 3135 seced.
713 3099 795 3150 usque
813 3081 897 3133 anto.
917 3109 948 3122 ·-
967 3080 1123 3142 Satisfaetio,
1140 3094 1233 3133 asect.

91 3172 133 3229 ᾗ.
151 3190 233 3241 usque
250 3169 379 3222 adfinem
397 3165 501 3237 Capitis.
1239 3148 1245 3173 ¹

171 3343 199 3400 1.
239 3335 326 3394 Nunc
346 3333 434 3395 renio
461 3333 499 3393 nd
526 3332 697 3394 excutienda
718 3354 761 3406 ea,
781 3353 857 3411 quae
878 3333 914 3392 de
938 3330 1120 3412 poenitentia
1140 3329 1231 3393 sebo-

94 3412 187 3474 lastici
206 3410 352 3491 sophistae
377 3409 574 3484 tradiderunt,
606 3430 679 3489 qnae
704 3431 790 3488 qnam
814 3409 992 3491 paucissimis
1024 3408 1088 3468 fieri
1117 3406 1233 3487 poterit

93 3509 275 3571 percurram:
308 3487 374 3566 quia
404 3487 502 3546 omnia
527 3487 662 3566 persequi
687 3487 799 3547 animus
828 3507 889 3545 non
915 3498 972 3546 est:
1006 3507 1043 3545 nc
1068 3482 1116 3544 bic
1141 3483 1232 3561 liber,

93 3564 235 3645 quemad
256 3562 382 3624 docendi
402 3584 468 3623 com
492 3563 608 3623 endinm
630 3574 731 3643 aptare
750 3563 866 3637 studeo,
887 3564 917 3622 in
938 3563 1111 3623 immensum
1132 3569 1230 3622 eatre-

93 3641 187 3703 batnr.
239 3640 278 3699 Et
305 3639 347 3711 illi
373 3659 434 3699 rem
460 3584 570 3719 alioqui
590 3659 650 3699 non
671 3639 754 3699 valde
774 3638 943 3721 implicitam
964 3650 1010 3699 tot
1029 3636 1230 3699 voluminibus

92 3718 289 3791 involverunt,
308 3728 342 3777 ut
361 3737 423 3776 non
444 3715 558 3777 futurus
577 3714 614 3775 sit
634 3715 724 3776 facilis
738 3715 839 3790 exitus,
857 3716 880 3775 si
899 3727 930 3774 te
951 3715 1067 3796 paulum
1080 3715 1109 3774 in
1123 3734 1230 3776 eorum

92 3794 189 3856 faeces
208 3792 391 3854 immerseris.
430 3792 596 3873 Principio,
615 3791 647 3851 in
667 3792 762 3852 danda
775 3792 947 3853 definitione
965 3792 1053 3871 plane
1066 3790 1229 3852 ostendunt

94 3891 243 3950 nunquam
268 3890 299 3930 se
329 3868 519 3942 intellexisse,
539 3868 609 3948 qnid
634 3879 708 3929 esset
729 3870 918 3947 poenitentia.
967 3868 1121 3958 Arripiunt
1148 3868 1229 3927 enim

95 3947 237 4028 quaedam
262 3966 279 4005 e
304 3945 385 4005 libris
409 3958 539 4005 ueterum
571 3945 664 4020 dicta,
696 3966 770 4025 qnae
795 3947 851 4006 vim
877 3946 1077 4026 poenitentiae
1106 3943 1230 4002 minime

62 4076 77 4105 κ
95 4024 269 4106 exprimunt.
309 4022 400 4096 Quod
416 4024 563 4097 menum
581 4023 620 4081 sit
637 4033 770 4083 anteacta
792 4035 912 4101 peccata
938 4022 1058 4096 deflere,
1078 4032 1109 4080 et
1127 4018 1230 4079 flenda

93 4121 156 4162 non
167 4098 360 4163 committere.
399 4099 486 4172 ltem,
506 4098 586 4178 quod
605 4097 642 4158 sit
662 4096 735 4159 mala
755 4100 911 4178 praeterita
930 4097 1081 4180 plangere,
1102 4110 1131 4156 et
1143 4095 1229 4176 plan·

46 4226 49 4231 .
93 4178 192 4260 genda
213 4176 321 4237 iterum
347 4196 407 4237 non
433 4175 627 4236 committere.
678 4175 770 4246 Item,
800 4176 879 4266 quod
904 4175 942 4235 sit
961 4175 1102 4255 quaedam
1122 4171 1230 4233 dolens

55 4286 59 4293 <
92 4253 174 4317 vindi
251 4252 374 4334 puniens
394 4251 423 4312 in
444 4273 476 4313 se
496 4251 575 4332 quod
595 4250 678 4310 dolet
689 4252 875 4313 commisisse.
914 4252 1001 4341 Item,
1020 4249 1100 4330 quod
1119 4249 1157 4310 sit
1173 4248 1229 4321 do·

32 4422 58 4455 s.
91 4328 140 4397 lor
158 4349 212 4393 cor
232 4329 255 4392 ‘n
275 4341 306 4391 et
323 4328 487 4409 amaritudo
506 4328 620 4390 animae
646 4348 701 4408 pro
723 4325 814 4404 malis,
835 4348 909 4408 quae
929 4345 1051 4407 qunque
1071 4325 1230 4402 commisit,
