2596 4726
110 223 153 289 68
472 217 549 281 LIB.
567 216 637 281 m.-
652 217 756 283 cte.
774 216 888 283 xvnt.

114 364 205 444 „aiae,
221 382 285 424 non
305 380 430 445 operum
449 366 500 425 ae'e
529 362 597 426 ›iise
615 364 815 427 mercedem.“
863 364 1022 425 Postremo
1048 364 1109 426 lroe
1132 382 1252 447 qnoque

115 452 221 503 notatu
240 441 362 523 dignum
382 450 440 515 est,
465 441 496 501 in
537 442 561 502 is
579 442 670 517 locis,
693 442 746 503 ubi
764 442 825 502 vita
844 453 965 502 aeterna
988 460 1103 503 merces
1128 460 1253 523 operum

114 530 251 592 vocatur,
270 537 332 576 non
352 516 524 597 simpliciter
542 538 598 598 pro
618 518 669 578 illa
689 518 957 579 communicatione
976 517 1082 599 accipi,
1101 540 1190 598 quam
1203 520 1253 581 ba·

116 594 219 655 bemus
239 615 305 653 eum
316 593 385 653 Deo
404 594 441 653 ad
460 594 575 655 beatam
595 594 854 669 immortalitatem,
874 616 964 675 quum
983 616 1039 655 nos
1057 606 1181 676 paterna
1201 596 1253 657 be-

114 670 286 731 nevolentia
305 671 335 729 in
355 668 474 731 (Jlrristo
494 672 695 751 amplectitur:
714 672 766 730 sed
784 694 840 751 pro
860 670 1049 731 beatitudinis
1068 672 1254 753 possessione

114 748 161 809 vel
185 748 340 822 fruitione,
370 758 404 805 ut
427 759 552 822 vocant,
582 747 660 808 sicut
689 749 778 807 etiam
809 759 915 809 sonant
939 748 1000 827 ipsa
1026 748 1141 809 Christi
1164 749 1254 811 verba

114 823 392 901 (ldare.1ll,30.):
423 824 480 898 „ln
507 823 607 883 futuro
632 824 719 883 vitam
744 828 929 883 aeternam.“
977 824 1018 883 Et
1042 824 1113 885 alibi
1135 824 1253 901 (blattb.

112 908 164 977 ιδ,
182 900 262 977 34.);
281 900 431 975 „Venite,
451 899 598 979 possidete
617 905 763 982 regnum“
788 913 844 960 etc.
884 902 948 959 liae
968 900 1084 961 ratione
1104 913 1135 961 et
1146 901 1254 962 Paulus

114 988 202 1038 vocat
218 974 416 1052 adoptionem,
447 976 655 1037 revelationem
676 976 861 1057 adoptionis,
890 996 965 1055 quae
985 978 1015 1036 in
1034 978 1255 1039 resurrectione

115 1054 181 1113 liet:
201 1075 235 1114 ae
253 1064 357 1133 postea
375 1054 586 1131 interpretatur
609 1052 723 1112 liedem
746 1054 858 1112 tionem
878 1055 1012 1133 corporis
1036 1055 1133 1115 nostri
1152 1054 1253 1135 (Rom.

115 1132 237 1207 8,'‘z3.).
279 1129 401 1208 Alioqui
424 1140 521 1189 autem
542 1076 786 1207 quemadmodum
812 1130 951 1189 alienatio
978 1151 996 1191 a
1021 1130 1106 1207 Deo,
1131 1143 1252 1192 aeterna

115 1226 195 1265 mors
216 1214 271 1279 est,
289 1205 330 1265 sic
351 1227 440 1284 quum
461 1205 550 1265 bomo
571 1205 602 1263 in
622 1206 747 1287 gratiam
768 1225 784 1265 a
802 1206 871 1266 Deo
891 1206 1045 1285 recipitur,
1064 1218 1097 1267 ut
1116 1228 1252 1268 eommu-

117 1282 269 1343 nieatione
288 1281 349 1341 eius
368 1280 498 1357 fruatur,
522 1302 673 1361 unumque
693 1302 760 1341 cum
777 1298 817 1341 'eo
836 1283 903 1354 fiat,
925 1282 1101 1344 transfertur
1120 1304 1137 1344 a
1157 1294 1254 1344 morte

117 1359 153 1418 ad
172 1360 276 1418 vitam:
300 1357 330 1416 id
352 1357 433 1438 quod
452 1357 487 1419 fit
510 1357 600 1418 solius
620 1358 788 1438 adoptionis
807 1358 962 1419 beneficio.
1010 1359 1075 1420 Etsi
1088 1380 1182 1421 more
1200 1379 1254 1421 suo

115 1435 306 1573 pertinaciter
324 1445 450 1515 urgeant
468 1454 593 1571 operum
612 1435 957 1517 mercedem,..regerere
980 1435 1056 1495 illud
1072 1436 1162 1497 Petri
1182 1435 1255 1497 lice·

138 1512 172 1589 it,
190 1512 278 1573 vitam
297 1521 446 1572 aeternam
466 1510 486 1569 li
509 1511 537 1570 ei
555 1531 618 1571 esse
636 1512 811 1571 mercedem‘
822 1512 869 1588 (Is
883 1520 979 1591 ep..l‚
996 1514 1071 1589 ll.)r.=
1141 1540 1145 1551 ·

192 1594 222 1653 4.
259 1588 364 1667 ltaque
383 1608 422 1645 ne
441 1587 604 1669 cogitemus
624 1587 768 1668 Spiritum
787 1598 920 1647 sanctum
941 1586 1108 1648 huiusmodi
1128 1588 1256 1669 promis·

116 1666 201 1729 sione
219 1664 432 1726 commendare·
447 1684 571 1741 operum
591 1677 762 1725 nostrorum
783 1664 971 1744 dignitatern,
990 1666 1049 1725 acsi
1066 1664 1156 1725 talem
1176 1684 1255 1725 rner-

116 1744 219 1806 cedem
231 1751 415 1800 mereantur.
452 1740 533 1799 Nihil
553 1740 631 1799 enim
651 1740 739 1801 nobis
752 1741 903 1820 Scriptura
923 1741 977 1800 reli
1000 1762 1071 1801 uum
1090 1740 1173 1815 facit,
1192 1761 1254 1823 qno

114 1822 149 1881 in
168 1828 329 1897 conspeetu
349 1816 408 1875 Dei
428 1816 597 1877 exaltemur.
638 1816 719 1891 Quin
740 1818 838 1897 potins
859 1829 923 1877 tota
943 1819 973 1876 in
1014 1838 1052 1878 oc
1073 1829 1139 1893 est,
1151 1829 1188 1879 ut
1206 1838 1253 1879 ar-

116 1897 283 1979 rogantiam
302 1904 432 1953 nostram
447 1894 596 1967 retundat,
614 1914 670 1952 nos
691 1893 836 1967 humiliet,
856 1894 981 1970 deiiciat,
1000 1906 1031 1953 et
1049 1912 1254 1975 prorsuscon·

115 1985 201 2035 terat.
241 1972 351 2029 Verum
369 1981 488 2030 nost-rae
506 1970 699 2030 imbecillitati
718 1973 759 2029 sie
770 1969 951 2030 occurritur:
972 1990 1048 2051 quae
1066 1972 1166 2033 statim
1183 1970 1253 2031 alio·

116 2049 169 2131 qni
188 2046 389 2108 collaberetur
407 2067 441 2105 ae
460 2046 641 2120 concideret,
660 2046 717 2105 nisi
737 2046 790 2107 hae
806 2066 841 2123 se
862 2047 1079 2126 exspectatione
1097 2047 1256 2109 sustineret

116 2148 151 2189 ac
170 2123 276 2189 solatio
295 2122 403 2181 leniret
420 2142 472 2183 sua
490 2124 596 2183 taedia.
635 2124 765 2182 Primum
785 2144 872 2203 quam
889 2124 994 2184 durum
1012 2125 1062 2199 sit,
1080 2144 1145 2185 non
1164 2124 1254 2187 modo

116 2224 169 2266 sua
189 2199 297 2271 omnia,
316 2197 368 2258 sed
387 2219 419 2258 se
440 2206 559 2279 quoque
579 2201 674 2279 ipsum
694 2200 862 2279 relinquere
882 2211 913 2260 et
931 2201 1096 2293 abnegare,
1114 2210 1255 2282 reputent

139 2300 174 2340 ro
193 2297 225 2339 se
245 2276 367 2356 quisque
385 2276 503 2357 singuli.
553 2278 592 2336 Et
616 2288 712 2337 tamen
738 2274 796 2337 boc
821 2277 962 2338 tirocinio
989 2276 1150 2359 discipulos
1177 2298 1256 2353 suot,

118 2302 241 2417 bocest
258 2354 324 2433 pios
342 2372 470 2427 onmes,¹
487 2352 622 2413 Christus
645 2354 749 2413 initiat
790 2352 972 2419 Deindesic
1021 2374 1053 2413 er
1072 2372 1196 2417 omnem
1214 2354 1255 2425 ,xi-

116 2445 176 2493 ιιιιι
196 2430 250 2491 sub
269 2428 363 2488 crucis
375 2428 526 2509 disciplina
539 2429 651 2505 erudit,
672 2449 711 2487 ne
724 2448 777 2489 cor
795 2430 933 2507 adiiciant
950 2429 986 2490 ad
998 2376 1156 2491 1bonorum
1171 2448 1256 2511 praa-

117 2508 244 2570 sentium
263 2504 314 2565 vel
333 2506 522 2583 cupiditatem
532 2505 584 2566 ¹vel
604 2506 760 2565 fidnciamn
785 2506 923 2566 Breviter
940 2507 983 2567 sie
1003 2506 1067 2566 fere
1080 2518 1206 2583 ¹tractat,
1223 2517 1255 2567 ιιι

141 2603 298 2661 nocuoque
317 2582 439 2641 flectant
459 2582 561 2642 oculos
582 2603 668 2661 quam
689 2582 779 2662 longe
800 2582 992 2643 bie-mundus
1012 2594 1109 2662 patet,
1135 2582 1254 2645 nonnisi

118 2610 357 2741 desperationem
376 2659 433 2718 sibi
452 2660 563 2738 ubique
588 2658 959 2734 obversantem-babeant,
984 2671 1018 2719 ut
1036 2660 1146 2721 Paulus
1168 2660 1256 2735 dieat,

117 2736 345 2800 miserabiliores
371 2754 433 2795 esse
453 2756 507 2795 nos
529 2736 667 2796 omnibus
686 2735 907 2809 hominibus,·.si
928 2736 958 2795 in
978 2735 1035 2797 boe
1053 2736 1256 2801 mundedun·

116 2828 194 2877 taxat
212 2832 362 2894 speremus
382 2813 421 2890 (l.
444 2812 676 2890 Cor.15,19.).
727 2812 763 2872 Ιιι
789 2812 832 2872 bis
856 2814 942 2872 tantis
962 2812 1105 2893 angustiis
1125 2832 1166 2872 ne
1186 2812 1256 2874 defa-

118 2896 213 2966 ciaut,
232 2891 315 2951 adest
334 2889 388 2949 illis
409 2890 571 2967 Dominus,
601 2890 651 2968 qui
671 2900 774 2949 monet
792 2900 826 2947 ut
844 2890 929 2948 altius
949 2901 1037 2969 eaput
1056 2902 1207 2967 exserant,
1226 2898 1256 2949 et

118 2969 236 3051 longius
252 2966 359 3028 oeulos
379 2966 554 3041 coniiciant,
583 2965 922 3044 beatitudinem,..quanr
947 2966 976 3023 in
997 2966 1109 3027 mundo
1130 2987 1193 3033 non
1212 2967 1256 3029 vi·

117 3047 206 3121 dent,
230 3044 310 3123 apud
329 3063 360 3102 se
380 3054 566 3120 reperturos:
598 3042 673 3102 bane
692 3042 920 3114 beatitudinem,
942 3042 1123 3120 praemium,
1143 3061 1256 3105 merec-

118 3122 202 3195 dem,
227 3119 455 3179 retributionem
482 3130 582 3178 vocat:
616 3140 677 3177 non
703 3140 827 3198 operum
847 3122 1000 3178 aestimans
1019 3119 1177 3196 meritum,
1204 3117 1256 3179 sed

116 3196 389 3275 compensationem
405 3214 467 3254 esse
486 3195 651 3275 significans
671 3215 774 3255 eorum
794 3194 945 3275 pressuris,
966 3195 1162 3275 passionibus,
1182 3216 1256 3257 eon·

117 3272 255 3345 tumeliis,
276 3283 332 3330 etc.
382 3271 586 3347 Quamobrem
611 3272 684 3330 nihil
709 3272 795 3331 obest
814 3274 970 3350 quominus
991 3271 1079 3330 vitam
1105 3283 1255 3333 aeternam

117 3349 397 3421 remunerationem,
419 3347 590 3425 Scripturae
611 3347 754 3427 exemplo,
774 3367 926 3409 vocemus:
947 3348 1028 3427 quod
1048 3350 1079 3407 in
1100 3367 1136 3409 ea
1149 3349 1255 3409 Domi·

118 3446 173 3486 nus
192 3444 261 3483 suos
280 3443 315 3482 ex
334 3423 485 3483 laboribus
510 3424 542 3482 in
562 3425 707 3501 quietem,
733 3444 767 3482 ex
787 3424 949 3484 alllictione
973 3424 1004 3483 in
1029 3444 1207 3505 prosperum
1226 3435 1255 3483 et

118 3499 280 3582 optabilem
291 3511 408 3573 statum,
428 3520 462 3559 ex
481 3501 626 3559 moestitia
645 3499 837 3581 ingaudium,
857 3522 890 3560 ex
904 3512 1077 3579 paupertate
1089 3502 1120 3560 in
1130 3502 1254 3561 affluen·

118 3580 203 3651 tiam,
228 3596 262 3637 ex
279 3575 442 3657 ignominia
462 3575 492 3634 in
514 3576 638 3657 gloriam
659 3577 796 3655 recipiat:
823 3578 920 3636 omnia
943 3577 1071 3655 denique
1114 3598 1168 3638 uae
1188 3598 1253 3658 per-

120 3655 196 3735 pessi
215 3664 284 3714 sunt
302 3651 394 3727 mala,
421 3652 507 3713 bonis
532 3654 690 3713 maioribus
710 3665 866 3731 permutet.
915 3653 965 3713 Sic
986 3665 1016 3712 et
1041 3598 1114 3715 nibil
1134 3655 1193 3714 erit
1210 3654 1254 3712 in-

120 3730 285 3803 commodi,
304 3729 329 3789 si
347 3729 423 3789 vitae
442 3727 624 3789 sanctitatem
644 3732 836 3791 existimemus
856 3750 917 3789 esse
937 3731 1026 3790 viam:
1053 3752 1116 3791 non
1159 3731 1253 3791 uidem

141 3827 195 3867 uae
215 3807 325 3867 aditum
345 3806 457 3884 aperiat
481 3805 511 3865 in
536 3806 660 3886 gloriam
686 3806 821 3867 coelestis
852 3806 952 3888 regni,
981 3806 1033 3866 scd
1054 3829 1112 3885 qua
1131 3753 1253 3868 dlectia

151 3905 188 3943 co
208 3904 262 3943 suo
283 3883 312 3940 in
333 3883 394 3941 eins
414 3882 680 3942 manifestationem
694 3885 847 3956 ducantur,
868 3884 984 3961 quando
1007 3884 1076 3943 haec
1098 3884 1252 3943 bonarios

117 3960 255 4020 voluntas
275 3969 334 4031 est,
354 3958 520 4039 glorificare
541 3981 615 4037 quos
635 3960 822 4018 sanctificavit
842 3960 942 4033 (llom.
962 3965 992 4033 8,
1011 3959 1083 4036 30.).
1123 3960 1253 4021 Tantum

116 4056 157 4094 ne
176 4035 404 4095 correlationem
424 4036 521 4093 meriti
544 4056 578 4096 ac
603 4037 746 4096 mercedis
772 4036 979 4115 imaginemur,
1007 4036 1116 4115 inqua
1142 4036 1253 4117 impor-

116 4123 189 4172 tune
213 4113 337 4172 haerent
361 4112 533 4190 Soplristae,
565 4113 634 4192 quia
659 4114 745 4173 istum
771 4134 857 4191 quem
877 4113 1048 4192 exponimus
1074 4112 1164 4172 linem
1192 4130 1252 4172 non

117 4188 315 4249 considerant.
355 4188 452 4261 Quam
478 4202 576 4249 autem
602 4202 824 4269 praeposterum
847 4201 904 4258 est,
931 4189 981 4247 ubi
1002 4191 1031 4247 in
1053 4210 1144 4249 unum
1165 4188 1252 4247 finem

114 4276 202 4326 vocat
221 4286 276 4326 nos
288 4266 444 4341 Dominus,
463 4266 601 4327 aliorsum
621 4264 785 4357 respicere?
822 4263 904 4325 Nihil
923 4264 1027 4325 clarius
1047 4278 1093 4327 est
1108 4286 1198 4346 quam
1217 4262 1253 4323 ad

112 4340 321 4405 sublevandam
340 4342 441 4424 aliquo
460 4343 568 4406 solatio
593 4363 689 4407 carnis
713 4356 832 4406 nostrae
852 4343 1052 4421 debilitatem,
1070 4362 1136 4404 non
1155 4354 1253 4405 autem
