2700 4732
393 192 471 255 tro.
489 192 531 253 u.
571 192 662 258 cau.
682 191 768 265 vasu
835 156 839 161 ’
1085 205 1143 267 m

81 358 119 401 ιιι
134 338 282 421 uigere).
298 356 335 399 es
352 349 473 399 naturae
493 336 679 420 obligatione
699 336 883 417 obsequendi
903 341 1060 402 necessitas
1086 363 1143 406 nos

81 428 118 477 et:
134 416 215 495 quod
234 426 335 475 autern
356 436 417 475 non
436 434 601 493 possumus,
630 414 659 474 id
679 416 744 475 vitii
765 414 859 475 nostri
879 426 932 475 est.
970 418 998 475 Λ
1019 420 1141 500 propria

81 492 279 573 stupiditate,
309 492 341 551 in
366 512 424 571 qua
450 503 601 582 peceatum
623 503 740 571 regnat,
769 492 794 551 si
813 492 904 552 vineti
923 504 1073 571 tenemur,
1102 516 1142 557 ne

81 569 196 629 tisimus
215 568 247 628 in
268 568 364 628 nostri
384 568 479 627 Patris
499 567 691 646 obsequium,
712 589 774 628 non
801 579 846 629 est
864 590 918 629 cur
936 572 1142 635 necessitatem

82 644 252 781 segnium
270 666 442 719 causemur,
472 644 554 705 cuius
578 643 687 705 malum
711 656 743 705 et
767 645 846 705 intra
865 666 920 706 nos
940 658 985 707 est
1004 660 1035 708 et
1054 648 1141 711 nobis

81 734 133 783 stan
153 743 213 782 arn.
1141 749 1146 757 ·

84 802 112 863 ³·
146 798 207 859 Ubi
226 796 380 876 bucusque
399 816 453 875 per
471 796 558 878 Legis
578 795 742 856 doctrinam
784 796 991 871 refecerimus,
1021 800 1141 861 eumad

93 872 348 946 admiscente,
367 872 546 933 descendero
566 884 698 953 oportet,
719 819 797 933 unde
816 874 936 934 tandem
956 874 1015 935 duo
1030 876 1141 938 celera-

81 994 87 1009 .
112 950 248 1023 Primum,
272 949 410 1010 iustitiam
432 950 518 1030 Legis
544 971 608 1009 cnm
630 950 686 1009 vita
706 964 807 1011 nostra
828 952 1029 1029 comparando
1050 952 1141 1035 longe

81 1046 122 1099 se,
138 1028 208 1108 quin
225 1026 285 1087 Dei
310 1026 455 1087 voluntati
474 1027 716 1105 respondeamus:
749 1027 876 1107 ideoque
902 1028 1041 1107 indignos
1068 1048 1142 1103 esse,

82 1100 172 1165 bem
194 1115 330 1165 nostrum
355 1103 533 1162 retineamus
558 1103 636 1162 inter
660 1104 721 1163 eius
746 1116 902 1175 creaturas,
931 1106 1041 1165 nedum
1063 1106 1141 1167 inter

81 1200 286 1241 seenseamur.
344 1178 463 1239 Deinde
491 1180 566 1239 vires
593 1191 706 1239 nostras
731 1179 913 1260 reputando,
935 1181 1142 1271 adimplendae

81 1256 158 1317 {non
177 1256 303 1347 impares
322 1256 414 1315 modo
435 1276 482 1317 eas
503 1276 581 1327 esse,
605 1257 656 1315 sed
678 1277 800 1391 prorsus
826 1255 929 1315 nullas.
989 1258 1067 1318 llrne
1087 1278 1141 1318 ne·

81 1332 362 1413 teioseqmturtum
406 1333 522 1411 ropriae
542 1332 657 1391 virtutis
698 1331 853 1407 illidentia,
885 1344 946 1394 tum
972 1335 1062 1393 animi
1087 1356 1141 1394 an·

80 1420 141 1469 set
159 1408 332 1489 trepidatio.
381 1354 486 1487 licque
507 1408 585 1467 enim
606 1408 765 1487 iniquitatis
785 1409 900 1489 pondus
920 1412 1064 1469 sustinere
1084 1432 1141 1489 po·

82 1484 271 1559 conscientia,
290 1485 361 1565 quin
381 1505 448 1545 mos
468 1484 527 1544 Dei
546 1484 684 1545 iudicium
705 1486 886 1545 obversetur.
933 1485 1045 1545 Sentiri
1065 1508 1140 1548 vero

81 1552 293 1623 iudiciumuon
307 1573 416 1641 potest,
436 1561 507 1640 quin
527 1561 804 1621 mortis·borrorem
825 1562 957 1621 incutiat.
997 1564 1142 1624 Similiter

81 1640 196 1699 stentiae
215 1638 400 1698 documentis
421 1650 541 1709 coacta,
562 1636 659 1697 lacere
678 1639 782 1717 nequit
801 1638 872 1717 quin
916 1638 1029 1699 rotinus
1050 1640 1078 1698 in
1100 1641 1141 1699 vi·
1229 1690 1231 1699 .

81 1736 214 1775 ¹suarum
233 1714 469 1795 desperationem
489 1714 635 1774 concidat.
696 1716 827 1795 Utraque
853 1660 972 1774 aldctio
993 1714 1141 1776 bumilita-

84 1810 119 1851 ac
134 1790 334 1853 deiectionem
354 1802 493 1873 generat:
514 1790 553 1849 ita
575 1791 607 1849 lit
628 1791 743 1850 demum
760 1804 790 1850 ut
805 1791 895 1850 bomo
909 1803 1046 1851 aeternae
1059 1812 1141 1852 uror-

101 1888 165 1928 nam
183 1866 345 1927 iniustitiae
363 1886 432 1928 suae
451 1867 558 1926 merito
578 1866 634 1926 sibi
656 1868 809 1926 imminere
835 1868 928 1944 videt)
958 1887 1045 1927 sensu
1072 1890 1141 1947 per·

81 1886 192 2019 datura,
215 1943 252 2003 ad
272 1966 360 2005 unam
380 1944 439 2003 Dei
457 1944 688 2003 misericordiam
709 1957 847 2023 tauquam
868 1944 904 2002 ad
925 1944 1043 2003 unicum
1063 1944 1140 2005 salu-

81 2030 177 2081 ortnm
196 2040 261 2081 sese
281 2033 447 2081 convertat:
467 2032 499 2080 ut
517 2041 586 2081 sune
598 2041 659 2080 non
678 2040 739 2080 esse
751 2018 894 2079 laccsltatis
904 2020 1033 2080 sentiens
1045 2020 1140 2080 exsol-

94 2097 170 2177 qeod
189 2096 266 2179 Legi
286 2097 386 2171 debet,
405 2098 436 2157 io
456 2098 567 2176 seipso
588 2096 837 2177 desperabundus,
856 2097 893 2156 ad
914 2116 1001 2177 opem
1021 2096 1140 2159 aliunde

81 2172 176 2237 udam
198 2186 230 2233 et
249 2174 470 2263 exspectandam
489 2174 623 2254 respiret.

90 2254 118 2313 l·
148 2248 208 2311 Sed
229 2250 310 2311 euim
329 2270 390 2310 non
411 2262 568 2311 contentus
587 2249 733 2309 Dominus
757 2249 886 2309 iustitiae
910 2270 978 2309 suae
997 2271 1138 2311 reveren·

81 2326 281 2388 emilianae:
315 2347 375 2405 quo
395 2328 480 2386 etiam
501 2328 563 2387 eius
582 2348 699 2400 amore,
724 2326 809 2386 simul
829 2338 860 2385 ct
879 2327 1037 2404 iniquitatis
1058 2328 1139 2402 odio,

81 2398 222 2465 lema
251 2402 413 2477 imbueret,
447 2404 655 2483 promissiones
681 2426 714 2463 ac
734 2408 825 2463 minas
844 2402 1001 2463 subiunxit.
1060 2402 1138 2478 Quia

81 2482 192 2563 tnagis
212 2478 320 2561 caligat
337 2480 445 2539 mentis
465 2492 583 2539 nostrae
603 2479 717 2554 oculus,
737 2502 823 2558 quam
845 2490 877 2537 ιιι
896 2478 957 2538 sola
979 2480 1050 2539 boni
1071 2480 1138 2559 pul-

81 2550 151 2615 dise
177 2556 338 2631 afficiatur,
368 2556 608 2616 clementissimus
628 2556 716 2615 Pater
735 2577 790 2636 pro
811 2577 861 2615 sua
882 2556 1064 2637 indulgentia
1086 2579 1139 2617 nos

81 2630 155 2721 'prauus
174 2632 329 2692 amandum
350 2644 380 2692 et
399 2633 592 2712 expetendum
613 2633 743 2692 illectare
768 2631 964 2712 praemiorum
984 2633 1139 2691 dulcedine

81 2716 111 2765 ιιι.
145 2709 308 2769 Denuntiat
328 2729 411 2789 ergo,
430 2710 559 2788 reposita
578 2709 733 2768 virtutibus
752 2708 829 2787 apud
852 2728 883 2768 se
910 2709 1050 2786 praemia:
1084 2730 1139 2768 nec

81 2802 127 2843 tan
144 2786 249 2845 frustra
273 2797 466 2865 sumpturum,
493 2787 542 2865 qui
563 2785 725 2865 praeceptis
750 2785 809 2844 suis
836 2785 924 2844 suerit
949 2784 1140 2863 obseqcmtus.

81 2859 157 2923 :itex
177 2861 317 2936 adverso,
355 2883 417 2921 non
438 2875 551 2922 tantum
577 2882 638 2921 esse
659 2860 862 2921 exsecrabilem
881 2860 938 2921 sibi
959 2861 1140 2936 iniustitiam,

85 2956 134 2997 aec
150 2940 270 3019 impune
290 2958 451 2997 evasuram:
484 2939 563 3018 quod
595 2938 656 3017 ipse
681 2949 798 2997 contem
824 2950 870 2996 tae
895 2958 963 2997 suae
983 2935 1140 2998 maiestatis

81 3014 144 3075 rsit
162 3014 286 3075 futurus.
344 3015 387 3073 Ac
408 3036 466 3093 quo
488 3016 581 3074 modis
601 3013 738 3074 omnibus
764 2960 953 3087 coliortesnr,
987 3025 1042 3073 tam
1063 3013 1139 3073 vitae

81 3090 165 3152 matis
183 3091 422 3164 benedictiones,
461 3113 545 3170 quam
578 3103 727 3149 aeternam
748 3090 959 3149 beatitudinem
980 3091 1139 3168 pollicetur

81 3168 325 3241 inobedientiae,
344 3167 395 3247 qui
415 3169 549 3227 mandata
570 3189 620 3227 sua
645 3167 841 3226 servaverint:
877 3167 1140 3247 transgressoribus

81 3242 183 3305 tuicus
201 3256 370 3325 praesentes
395 3244 586 3316 calamitates,
618 3265 702 3323 epicam
731 3257 867 3303 aeternae
893 3244 997 3303 mortis
1026 3243 1137 3322 suppli-

81 3320 235 3381 nittalur.
294 3320 347 3379 llla
369 3322 445 3379 enim
467 3323 635 3400 promissio,
660 3320 768 3393 (Les-it.
791 3321 914 3396 18,5.),
954 3320 1015 3393 Qui
1037 3319 1140 3379 lecerit

81 3410 109 3461 t,
126 3396 192 3459 siret
209 3398 241 3457 in
261 3397 333 3457 illis:
354 3397 423 3455 item
446 3398 635 3456 comminatio
656 3397 698 3454 illi
718 3397 916 3475 respondens,
936 3397 1043 3455 alarimo
1063 3414 1140 3474 quae

81 3472 184 3548 uruit·
209 3475 273 3553 ipsa
294 3474 436 3533 morietur
455 3474 577 3547 (Erech.
598 3479 645 3543 18,
666 3480 693 3534 4.
716 3485 745 3530 ct
763 3474 843 3546 ιιι),
865 3473 899 3531 ad
920 3472 1046 3533 loturam
1067 3492 1140 3549 pro-

85 3544 165 3611 dubio
183 3565 214 3611 et
240 3572 389 3629 nunquam
416 3549 572 3608 finiendam
592 3550 637 3608 vel
656 3548 906 3608 immortalitatem
935 3550 981 3609 vel
1013 3561 1139 3608 mortem

81 3632 147 3686 tant.
194 3628 374 3704 Quanquam
401 3626 568 3704 ubicunque
594 3638 840 3686 commemoratur
861 3625 1067 3685 benevolentia
1089 3634 1140 3683 aut

81 3698 142 3779 bei,
174 3704 230 3765 sub
256 3703 306 3762 illa
327 3703 483 3762 aeternitas
503 3704 588 3773 ritae,
609 3703 661 3762 snb
684 3702 735 3761 bac
756 3713 906 3761 aeternum
928 3702 1043 3759 exitium
1066 3720 1140 3761 con-

81 3798 125 3837 ιιι.
161 3780 365 3839 Praesentiurn
386 3792 480 3839 autcm
503 3780 741 3837 benedictionum
763 3800 796 3837 ac
817 3779 1056 3837 maledictionum
1074 3775 1141 3835 lon·

81 3854 107 3913 in
127 3856 207 3939 Lege
227 3856 377 3935 catalogus
398 3869 567 3914 recensetur
598 3855 650 3931 (cs.
672 3856 763 3913 Levit.
783 3862 832 3927 ⁶26,
851 3863 878 3919 d.
908 3856 997 3913 Dent.
1016 3859 1065 3924 28,
1085 3852 1140 3927 l·)·

81 3950 104 3991 ιε
122 3932 153 3993 in
170 3933 372 3993 sanctionibus
393 3931 509 4011 quidem
529 3954 639 3991 summa
660 3933 717 3991 Dei
738 3934 864 4010 puritas,
898 3952 972 4009 quiae
1001 3929 1140 4005 iniqnita-

86 4008 162 4069 lerre
180 4030 243 4069 nors
271 4021 381 4088 potest:
411 4009 441 4067 in
475 4009 717 4087 promissionibus
749 4029 818 4066 sero
849 4020 966 4086 praeter
996 4024 1141 4064 summum

93 4082 232 4147 iustitiam
251 4106 381 4145 amorem
402 4090 505 4164 (quem
527 4086 657 4164 praemio
680 4085 813 4143 fraudare
833 4106 894 4142 non
914 4083 1051 4155 sustinet)
1070 4081 1142 4138 mira

81 4180 127 4241 pre
144 4164 206 4222 eius
228 4161 393 4243 benignitas
412 4161 604 4241 approbatur.
634 4163 707 4221 Nam
729 4184 817 4240 quam
840 4162 899 4219 eius
919 4158 1061 4218 maiestati
1074 4174 1141 4245 qum

81 4236 114 4297 ris
132 4239 267 4300 omnibus
291 4242 380 4298 simus
404 4238 552 4311 obaerati,
583 4242 647 4298 iure
673 4240 786 4316 optimo
814 4235 952 4316 quicquid
981 4232 1142 4310 requirrta

81 4314 109 4389 's,
128 4326 263 4394 tanquam
285 4314 416 4375 debitum
437 4316 579 4395 reposcit:
613 4315 707 4375 debiti
726 4325 822 4375 autem
841 4312 951 4372 solutio
971 4327 1143 4370 renrunera·

81 4412 124 4456 uas
136 4414 253 4459 ιιιιιιιιιο
268 4416 289 4463 t.
900 4393 938 4453 16
