2700 4732
460 192 850 273 mmmm,
1138 196 1210 259 m

68 339 139 398 Deo
159 337 353 400 dissimulante
377 360 467 419 quum
487 359 555 399 vera
579 340 676 399 oratio
696 350 789 401 totam
810 341 902 418 ipsam
920 312 1051 398 mentem
1071 348 1102 398 et
1122 336 1210 416 quic-

69 416 142 495 quid
161 417 240 477 intus
259 417 340 489 latet,
358 418 434 496 apud
454 417 548 496 ipsum
568 416 724 476 effundere
743 415 859 476 debeat.
898 414 993 474 Alteri
1012 434 1084 473 vero
1105 425 1210 494 postu·

69 493 144 563 lant,
164 493 242 570 qnod
255 494 374 553 minime
395 494 431 552 ab
447 513 484 552 eo
504 505 682 572 exspectant,
701 512 809 573 nempe
821 492 901 571 quod
921 490 977 551 sibi
996 491 1073 570 apud
1092 511 1124 550 se
1144 508 1209 551 esse

69 568 259 628 arbitrantur.
305 570 338 628 ln
360 590 396 630 eo
417 570 497 649 quod
516 584 613 628 noster
631 570 748 643 dicitur,
766 568 858 649 magis
875 568 1003 648 quidem,
1023 579 1056 627 nt
1076 567 1209 641 diximus,

69 646 181 704 eminet
200 645 259 705 Dei
279 645 459 725 benignitas,
486 667 559 725 quae
586 658 719 706 nostrum
739 645 811 706 facit
830 646 909 725 quod
934 642 1016 703 nullo
1037 646 1101 704 iure
1122 641 1209 703 nobis

69 720 206 781 debetur.
242 724 288 782 Ne
312 743 347 781 ue
367 736 463 781 umen
485 722 695 802 repudiandum
707 733 761 799 est,
781 722 861 803 quod
881 724 966 781 etiam
987 720 1081 801 attigi,
1103 719 1142 778 ita
1157 718 1211 778 de·

68 798 180 881 signari
200 799 277 859 insto
291 744 399 858 labore
415 812 444 858 et
464 799 585 858 innoxio
607 812 731 879 partum,
751 820 812 860 non
830 811 927 858 autem
939 796 1105 931 imposturis
1139 815 1210 855 uae·

68 875 160 934 situm
180 878 371 955 aut'rapiuis:
396 876 465 955 qnia
489 876 617 935 alienum
645 897 761 956 semper
785 887 829 936 est
854 875 972 955 quicqui
1019 895 1083 933 curn
1111 818 1231 953 aliqua¹
1262 910 1267 919 ·

69 971 148 1010 noxa
169 951 255 1011 nobis
272 953 456 1031 acquirimus.
497 952 588 1024 Quod
608 951 677 1010 dori
694 951 776 1012 nodis
794 952 932 1034 petimus,
951 952 973 1011 si
997 952 1131 1010 nificatur
1146 962 1219 1009 esse*

69 1028 194 1107 simplex
225 1048 258 1087 ac
288 1029 445 1109 gratuitum
472 1029 528 1087 Dei
554 1030 680 1101 donum,
709 1030 905 1107 undecunque
938 969 1026 1087 nobis
1056 1026 1209 1086 adveniat:

71 1105 162 1163 etiam
184 1104 233 1162 ubi
254 1106 376 1164 maxime
396 1105 471 1164 visus
496 1104 585 1164 fucrit
612 1119 673 1164 arte
699 1118 786 1185 atque
811 1105 949 1165 industria
971 1116 1071 1164 nostra
1092 1102 1210 1193 quaesi·

70 1192 130 1251 tus,
148 1202 181 1240 ac
201 1182 333 1242 manibus
354 1183 461 1242 nostris
480 1195 678 1262 comparatus:
701 1182 818 1261 quando
837 1181 978 1243 solacius
998 1179 1210 1240 benedictione

70 1256 212 1330 eflicitur,
233 1270 265 1316 nt
285 1257 435 1317 laboribus
455 1261 561 1318 nostris
582 1269 662 1319 recte
681 1259 826 1318 succedat.

149 1340 197 1397 tt.
237 1334 388 1413 Sequitur,
409 1336 580 1407 „remitte
596 1335 702 1396 nobis
723 1335 848 1395 debita
870 1337 1035 1395 nostra=“
1054 1352 1111 1413 qua
1131 1332 1211 1413 peti-

68 1410 166 1481 tione,
185 1420 217 1469 et
234 1413 375 1489 proxima,
395 1411 523 1471 breviter
542 1411 688 1493 amplexus
709 1412 902 1486 esthristns,
943 1411 1060 1491 uirquid
1081 1409 1117 1469 ad
1138 1429 1212 1469 eoe-

69 1486 175 1545 lestem
201 1489 288 1546 vitam
318 1488 401 1548 facit:
435 1489 680 1567 quemadmodum
711 1489 754 1567 bis¹
778 1500 893 1548 tantum
920 1434 1035 1548 duobus
1069 1486 1210 1547 membris

70 1574 187 1623 constat
205 1564 354 1641 spirituale
375 1564 488 1639 foedus,
531 1566 590 1625 uod
609 1565 691 1625 Deus
711 1565 740 1624 in
760 1565 884 1625 salutern
910 1565 1050 1625 ecclesiae
1069 1584 1138 1624 suae
1159 1583 1217 1642 pe·

70 1639 148 1719 pigit
165 1639 240 1717 (ler.
252 1646 361 1714 31,33.
382 1653 412 1701 et
430 1585 545 1716 33,sz
567 1642 684 1722 „Leges
696 1661 775 1701 meas
794 1641 952 1701 inscribam
972 1641 1111 1702 cordibus
1130 1640 1218 1720 ipso-

72 1736 155 1791 rum,
174 1728 205 1793 et
220 1719 368 1853 propitius
388 1738 441 1777 ero
463 1738 565 1778 eorum
585 1719 763 1798 iniquitati.“
802 1720 858 1778 llic
878 1739 894 1778 a
914 1719 1086 1778 remissione
1107 1736 1217 1795 pecca-

70 1803 171 1853 torum
192 1794 218 1854 C
241 1795 327 1854 rietus
346 1795 466 1875 incipit:
499 1795 605 1854 deinde
634 1816 701 1855 mox
732 1794 873 1875 adiunget
896 1795 1054 1854 secundam
1075 1792 1217 1875 gratiam,

70 1881 106 1929 ut
125 1888 180 1929 uos
199 1871 316 1951 spiritus
335 1871 379 1930 sui
399 1875 505 1930 virtute
526 1882 643 1930 tueatur
661 1871 742 1931 Deus
762 1883 793 1930 et
812 1870 916 1931 auxilio
936 1872 1087 1943 sustineat,
1110 1880 1142 1927 ut
1161 1867 1214 1927 in·
1287 1868 1293 1883 ¹

70 1947 141 2007 vieti
160 1958 269 2007 stemus
290 1960 393 2007 contra
412 1968 515 2008 omnes
541 1951 730 2007 tentationes.
782 1948 904 2008 Peccata
924 1968 998 2009 vero
1018 1945 1113 2006 debito
1132 1965 1213 2005 nun·

70 2034 177 2104 cupat,
211 2025 290 2105 quod
311 2044 414 2083 eornm
435 2045 560 2105 poenam
583 2024 739 2100 debemus,
770 2044 825 2083 nec
849 2025 1016 2084 satisfacere
1036 2023 1097 2083 nllo
1118 2022 1213 2084 mode

70 2120 233 2182 possemus,
253 2100 307 2160 nisi
328 2101 381 2161 bac
401 2100 572 2160 remissione
591 2101 782 2175 solveremur,
802 2122 876 2180 quae
897 2102 981 2161 venia
1001 2112 1045 2160 est
1064 2099 1216 2181 gratuitae

69 2177 291 2237 misericordiae
310 2177 383 2251 eins,
402 2200 491 2258 quum
512 2178 573 2256 ipse
592 2175 753 2239 liberaliter
773 2177 844 2238 baec
857 2178 954 2237 debita
973 2177 1124 2270 expungit,
1145 2176 1215 2235 nul·

70 2255 133 2329 lum
154 2274 170 2313 a
190 2255 276 2315 nobis
298 2259 422 2333 pretium
450 2255 610 2345 accipiens:
640 2254 691 2314 sed
722 2275 773 2314 sua
804 2256 894 2335 ipsius
923 2256 1124 2316 misericordia
1153 2252 1215 2315 sibi

69 2332 254 2392 satisfaciens
273 2332 302 2391 in
317 2332 448 2406 Christo,
469 2353 518 2412 qur
538 2328 628 2390 semet
648 2331 678 2389 in
692 2332 963 2410 compensationem
983 2351 1014 2392 se
1034 2332 1129 2412 ipsum
1151 2341 1214 2390 tra-

72 2408 150 2470 didit
167 2408 269 2486 (Rom.
289 2415 320 2480 3,
338 2414 411 2485 Ἃ).
432 2444 470 2453 -
509 2408 613 2485 ltaque
633 2407 683 2487 qui
707 2408 764 2468 suis
788 2420 840 2468 aut
864 2407 988 2469 aliorum
1009 2407 1120 2468 meritis
1139 2407 1214 2468 Des

71 2485 205 2547 satisfieri
225 2485 387 2560 confidunt,
407 2485 510 2563 lrisque
530 2483 778 2544 satisfactionibus
798 2498 986 2565 peccatorum
1008 2486 1214 2546 remissionem

70 2562 189 2643 pensari
208 2583 242 2622 ac
264 2563 381 2634 redimi,
410 2561 477 2620 buic
502 2561 646 2641 gratuitae
667 2562 881 2623 condonatioui
905 2563 1026 2622 minime
1045 2561 1215 2623 communi-

72 2650 157 2700 tant:
188 2660 223 2699 ac
242 2640 310 2699 dum
333 2641 362 2698 in
383 2639 457 2698 banc
478 2638 601 2696 formam
623 2637 720 2697 Deum
740 2638 893 2712 invocant,
925 2641 997 2698 nibil
1024 2639 1101 2698 alind
1122 2657 1211 2717 quam

70 2717 103 2776 in
123 2737 203 2775 suam
223 2718 437 2776 accusationem
449 2713 647 2789 subscribunt,
669 2715 803 2794 adeoque
822 2716 1040 2777 damnationem
1053 2715 1215 2806 obsignant

71 2814 127 2855 suo
148 2792 277 2874 ipsorum
298 2792 482 2852 testimonio:
509 2790 638 2849 fatentur
662 2792 739 2849 enirn
760 2813 790 2850 se
811 2793 962 2852 debitores
982 2794 1037 2852 nisi
1059 2792 1214 2850 remissio-

71 2873 118 2932 nis
139 2870 283 2930 benelicio
303 2871 466 2941 solvantur,
487 2888 573 2947 quam
593 2878 690 2925 tamen
712 2888 772 2926 non
793 2871 954 2948 accipiunt,
979 2870 1029 2928 sed
1050 2868 1141 2949 magis
1161 2884 1214 2924 re-

70 2958 194 3029 spuunt,
214 2947 280 3006 dum
302 2968 352 3006 sue
374 2947 474 3005 merita
495 2964 528 3003 ac
547 2944 758 3004 satisfactiones
780 2945 846 3004 Deo
866 2945 1046 3006 obtrudunt:
1066 2946 1109 3005 sic
1129 2942 1213 3002 enisa

72 3044 135 3085 non
156 3024 218 3083 eius
238 3022 465 3083 misericordiam
486 3019 653 3099 implorant,
672 3021 722 3079 sed
744 3021 881 3082 iudicium
901 3021 1117 3102 appellant-
1147 3018 1215 3095 Qtui

72 3121 145 3162 sero
164 3100 219 3161 sibi
240 3100 453 3178 perlectionem
473 3097 637 3169 somniant,
667 3117 742 3176 quae
763 3100 865 3158 veniae
889 3099 1034 3179 petendae
1054 3097 1215 3157 necessita·

74 3182 135 3237 teni
161 3176 261 3249 tollat,
293 3174 450 3255 discipulos
482 3174 612 3233 babeant
638 3195 711 3252 quos
736 3177 850 3234 aurium
876 3176 1005 3256 pruritus
1025 3174 1060 3235 ad
1082 3172 1213 3251 fallacias

73 3254 201 3333 irnp'ellit
221 3254 274 3334 [cf.
297 3255 378 3315 Calv.
391 3253 418 3311 in
435 3252 509 3310 [lan.
528 3272 553 3309 c.
567 3258 596 3313 9.
616 3271 642 3307 ν.
655 3251 735 3330 ‘lb-l:
756 3254 846 3312 modo
868 3264 986 3331 ereptos
1006 3272 1068 3312 esse
1089 3250 1215 3313 Christo

74 3342 193 3391 constet
203 3350 393 3425 quoscunque
413 3329 467 3388 sibi
489 3330 658 3404 acquirunt:
680 3329 912 3406 quandoomnes
933 3329 982 3388 ille
1002 3331 1037 3389 ad
1060 3328 1216 3389 fatendum

72 3419 187 3466 reatum
207 3411 376 3481 instituens,
397 3406 493 3464 nullos
514 3403 641 3463 admittit
662 3405 715 3463 nisi
736 3417 920 3484 peccatores:
940 3427 1001 3465 non
1023 3405 1103 3486 quod
1123 3405 1215 3465 blan-

73 3484 152 3545 ditiis
174 3484 271 3543 foreat
291 3497 426 3564 peccata,
454 3482 505 3542 sed
532 3482 598 3560 quia
623 3480 723 3540 fideles
751 3504 898 3561 nunquam
925 3483 1012 3564 plane
1032 3484 1096 3542 esui
1117 3484 1216 3543 carnis

73 3579 144 3621 suae
176 3561 250 3620 vitiis
281 3562 408 3633 sciebat,
440 3560 509 3638 quin
542 3577 659 3634 semper
688 3571 825 3618 maneant
849 3560 906 3620 Dei
937 3554 1058 3619 iudicio'
1080 3558 1215 3619 obnoxii.

76 3638 105 3697 Ο
128 3638 247 3696 tandum
269 3637 386 3715 quidem
407 3648 450 3696 est
475 3648 561 3713 atque
583 3637 667 3693 etiam
688 3635 770 3693 enixe
798 3635 1000 3712 laborandum,
1022 3647 1054 3695 ut
1073 3634 1216 3698 omnibus

74 3660 166 3775 uticii
187 3715 279 3774 nostri
301 3715 428 3772 numeris
448 3711 590 3784 defuncti,
614 3731 682 3769 vere
702 3711 777 3789 apud
796 3713 891 3771 Deum
914 3714 998 3773 nobis
1020 3711 1218 3793 gratulemur,

73 3814 129 3852 nos
151 3810 214 3850 esse
235 3812 325 3871 puros
351 3791 386 3849 ab
414 3790 494 3849 omni
521 3790 650 3849 macula:
683 3791 733 3849 sed
762 3790 827 3869 quia
847 3791 915 3851 Deo
946 3790 1041 3869 placet
1071 3789 1217 3869 paulatim
1297 3848 1300 3855 ,

72 3890 155 3930 suam
176 3869 205 3925 in
227 3869 313 3927 nobis
335 3868 487 3947 imaginem
510 3867 671 3945 reingere.
697 3878 729 3924 nt
752 3887 869 3957 semper
894 3867 1002 3947 aliquid
1023 3868 1218 3948 contagionis

73 3947 102 4006 in
137 3964 227 4004 carne
259 3958 357 4003 nostra
389 3944 529 4014 resideat,
564 3944 723 4002 remedium
753 3944 873 4004 minime
906 3944 985 4027 negli
1008 3945 1116 4003 endum
1150 3944 1218 4007 fuit.

75 4021 194 4097 Quodsi
216 4021 364 4091 Christus¹
376 4041 430 4099 pro
457 4020 632 4079 auctoritate
657 4020 711 4079 sibi
732 4043 747 4080 a
768 4023 857 4081 Patre
878 4020 942 4081 data
968 3963 1050 4081 lebet
1069 4041 1124 4080 nos
1147 4035 1218 4085 toto

72 4100 152 4159 vitae
173 4118 260 4157 cursu
280 4098 314 4157 ad
336 4109 431 4156 reatus
451 4097 690 4175 deprecationem
712 4101 889 4179 confugere:
916 4098 1022 4178 quibus
1041 4098 1218 4163 tolerabiles

74 4185 165 4234 erunt
184 4173 254 4234 nori
273 4172 414 4256 magistri,
434 4175 484 4252 qui
505 4175 654 4253 perfectae
675 4175 864 4239 innocentiae
882 4189 1017 4259 spectro,
1035 4176 1217 4257 simplicium

73 4250 180 4313 oculos
198 4253 399 4332 perstringere
412 4262 568 4329 conantur,
588 4263 622 4311 ut
639 4270 671 4311 se
690 4252 727 4312 ab
748 4258 831 4318 omni
843 4256 928 4338 culpa
946 4251 1030 4314 reddi
1050 4274 1142 4333 posse
1161 4254 1219 4315 im·

73 4346 180 4394 moues
199 4327 368 4392 confidant?
418 4325 525 4404 Quod,
554 4340 631 4390 teste
649 4330 765 4395 maone
783 4331 823 4411 (1.
844 4354 891 4416 ep.
910 4340 940 4409 1,
958 4332 1022 4410 tu)
1041 4330 1116 4393 nibil
1139 4332 1219 4405 aliud
