2700 4732
26 156 67 165 ”
103 181 163 247 aso
494 174 647 241 amru.
686 171 835 241 otuu.

103 319 188 460 genii
205 318 395 417 arguendam:
428 341 518 403 quum
542 321 575 381 in
602 320 691 383 rebus
716 320 790 383 teitu
814 320 936 381 maxima
960 317 1130 380 necessariis
1154 327 1241 377 tanta-

127 396 285 460 ebetudmc
304 407 449 460 teneatur.
493 396 748 473 Quemadmodum
768 397 857 478 paulo
878 407 946 457 ante
965 397 1118 474 scripserat
1131 393 1235 471 ¹(Eccl.

104 480 137 553 3,
155 475 237 567 19),
252 484 317 534 hon
327 494 424 610 posse
444 473 568 536 discerni
588 474 657 566 quid
685 474 818 566 hominia·
832 474 933 564 anima·
946 472 1065 565 diflerat
1083 469 1238 561 ahuanima

103 549 474 701 stultesceret
490 551 721 706 'illidii
731 547 1154 686 ‘tlttztm⁵¹dltt'2ltt
1158 544 1237 681 lii?

103 705 396 775 tentiamtenemus,
419 724 517 765 annon
538 704 655 763 insanus
674 704 780 763 merito
801 702 958 762 habeatur?
997 702 1044 759 An
1066 700 1154 780 igitur
1171 697 1237 758 sani

21 786 30 808 ⁰
103 790 174 842 aunt
192 779 250 854 isti,
270 779 320 859 dui
339 779 447 841 nullam
467 799 529 839 esse
554 780 664 860 gratiae
683 779 740 839 Dei
760 779 962 840 certitudinem
984 776 1138 857 colligunt,
1158 794 1237 854 quo-

62 852 69 871 *
104 854 185 946 niam
202 855 296 975 pnulla
321 876 356 916 ex
384 855 494 916 carnali
526 877 637 917 rerum
654 857 852 937 praesentium
877 865 997 936 aspectu
1024 850 1237 933 comprehendi

125 944 211 993 osset.
737 953 739 958 ·
1114 956 1117 963 ·

103 954 124 1013 P
180 1015 230 1074 39.
268 1006 361 1089 Atqui
380 1009 551 1068 temerariae
571 1008 815 1088 praesumptionis
834 1027 897 1068 esse
919 1019 1091 1077 causantur,
1115 1001 1237 1062 indubi-

104 1095 195 1147 taum
223 1085 381 1145 voluntatis
407 1085 520 1145 divinae
545 1086 681 1145 notitiam
705 1086 760 1144 sibi
786 1105 932 1165 arrogare.
981 1084 1016 1142 ld
1038 1081 1154 1161 quidem
1179 1077 1238 1138 illis

105 1160 311 1234 concederem,
330 1161 477 1222 sitantum
491 1160 577 1221 nohis
593 1180 780 1237 sumeremus,
799 1174 833 1220 nt
852 1161 961 1239 ingenii
980 1158 1074 1219 nostrl
1093 1156 1241 1216 tenuitate

104 1237 252 1300 subiicere
270 1237 411 1299 vellemus
430 1237 726 1317 incomprehensibile
738 1238 794 1298 Dei
814 1237 977 1299 consilium.
1016 1235 1075 1295 Sed
1096 1232 1147 1293 ubi
1165 1230 1238 1292 sim-

103 1312 223 1392 pliciter
250 1334 316 1373 cum
344 1313 437 1375 Paulo
466 1315 603 1386 dicimus,
635 1334 689 1375 nos
721 1315 866 1395 accepisse
897 1335 957 1373 non
989 1312 1122 1392 spiritum
1151 1308 1238 1368 huius

103 1388 218 1463 mundi,
238 1389 290 1448 sed
309 1389 451 1470 Spiritum
472 1389 521 1469 qui
541 1390 661 1449 calleo
681 1401 725 1449 est
745 1390 1006 1468 (1.Cor.2,t‘.t):
1027 1407 1087 1467 qun
1108 1386 1237 1445 docente

103 1463 246 1540 sciamus,
273 1486 349 1545 quae
372 1487 388 1526 a
408 1466 476 1526 Deo
502 1466 610 1526 donata
635 1478 704 1525 sunt
722 1466 823 1530 nobist
853 1464 922 1546 quid
947 1475 1052 1524 eontra
1071 1462 1239 1544 oggannire

51 1540 61 1551 “
104 1552 244 1633 possunt,
276 1542 347 1620 quin
368 1542 510 1622 Spiritum
531 1543 588 1602 Dei
612 1544 825 1603 contumeliose
848 1540 1013 1604 incessant?
1062 1536 1181 1613 Quodsi
1199 1534 1237 1596 ab

104 1637 171 1697 apso
193 1617 354 1696 prolectam
374 1617 583 1679 revelationem
607 1618 653 1678 vel
675 1619 837 1695 mendacii,
861 1617 908 1678 vel
932 1615 1160 1690 incertitudinis,
1190 1611 1238 1673 vel

106 1693 303 1774 ambiguitatis
323 1693 504 1768 insimulare,
533 1693 713 1755 horrendum
735 1708 778 1756 est
797 1693 994 1777 sacrilegium:
1024 1693 1056 1753 iu
1081 1689 1239 1753 asserenda

106 1769 293 1847 certitudine
313 1770 383 1862 quid
413 1770 626 1851 delinquimus?
674 1773 784 1831 Verum
814 1772 872 1832 boc
922 1788 1020 1849 noque
1049 1789 1112 1828 noo
1135 1784 1240 1829 vacare

105 1866 211 1928 magna
232 1857 399 1908 temeritate
419 1846 593 1923 exclamant,
619 1845 699 1929 quod
720 1846 756 1908 de
777 1846 886 1908 Christi
900 1790 1019 1927 ‘hpiritu
1038 1848 1079 1907 sic
1098 1844 1239 1911 audentea

106 1922 236 2006 gloriari.
287 1923 362 1998 Quis
388 1924 489 1983 credat
517 1936 632 1984 tantum
661 1943 724 1983 esse
754 1925 877 1985 istorum
896 1936 1058 2004 stuporem,
1082 1920 1133 2002 qui
1156 1918 1240 1981 orbis

105 1999 236 2081 magistri
255 1998 358 2060 haberi
377 2001 497 2092 volunt,
516 2012 549 2061 ut
568 2002 598 2061 in
618 1998 718 2081 primis
737 2001 888 2082 religionis
908 2000 1061 2059 elementis
1080 1998 1155 2058 adeo
1175 2009 1241 2057 tur·

105 2075 185 2156 piter
203 2076 384 2158 impingant?
422 2076 496 2136 lllihs
516 2089 596 2138 certe
616 2076 757 2138 credibile
777 2099 837 2139 non
863 2088 955 2148 esset,
979 2076 1034 2136 nisi
1059 2086 1241 2135 testarentur

106 2172 183 2244 quae
199 2164 312 2212 exstant
324 2173 426 2212 eorum
446 2153 564 2242 scripta.
604 2153 711 2214 Paulus
731 2174 781 2214 eos
802 2154 919 2213 demum
939 2152 1014 2212 filios
1026 2152 1083 2211 Dei
1104 2170 1240 2232 pronun·

105 2228 401 2309 trat(llom.8,1‹l·.),
421 2230 471 2309 qui
491 2249 552 2289 erus
571 2230 683 2366 Spiritu
702 2242 843 2311 aguntur:
866 2231 895 2289 hi
914 2229 962 2309 agi
982 2228 1103 2363 proprio
1123 2226 1238 2313 spiritu,

106 2305 206 2365 divino
227 2317 325 2365 autem
343 2327 450 2367 vacuos
471 2327 533 2367 esse
551 2328 588 2368 vo
602 2319 670 2379 unt,
696 2308 747 2385 qui
765 2308 825 2368 sint
848 2307 900 2366 lilii
921 2306 986 2364 Dei.
1047 2304 1085 2365 lle
1104 2305 1203 2365 Deum
1221 2322 1241 2365 a

105 2381 194 2441 nobis
214 2382 331 2442 Patrem
352 2403 367 2441 a
391 2382 492 2462 pellari
518 2383 606 2444 docet
629 2381 716 2461 (ibid.
735 2406 763 2443 r·
783 2385 861 2461 tn),
885 2382 998 2463 Spiritu
1021 2379 1110 2441 talem
1135 2400 1240 2443 rocetta

107 2456 247 2533 dictante,
267 2458 316 2538 qui
335 2404 415 2519 solhs
433 2459 631 2519 testimonium
643 2460 767 2519 reddere
787 2472 886 2537 potest
895 2459 1009 2538 spiritui
1030 2470 1145 2533 nostro,
1179 2457 1240 2518 aod

106 2533 229 2593 hliiDei
248 2557 361 2595 sumus:
381 2534 412 2594 hi
431 2535 545 2595 tametsi
564 2536 654 2595 aDei
672 2536 862 2596 invocatione
883 2557 943 2595 noa
963 2547 1075 2610 arcent,
1096 2535 1165 2614 Spir
1176 2547 1242 2595 tuna

106 2622 205 2672 tamen
226 2611 413 2685 abstrahunt,
443 2612 524 2672 cuius
545 2612 634 2673 ductu
653 2613 709 2671 rite
730 2612 908 2673 invocandus
929 2623 1001 2671 erat.
1051 2610 1107 2671 llle
1128 2610 1240 2671 Christi

106 2706 207 2748 aereos
227 2707 288 2747 esse
308 2700 398 2768 negat
416 2688 518 2765 (Rom.
537 2692 572 2762 8,
591 2689 651 2765 9.),
682 2688 731 2780 qui
751 2709 813 2747 non
838 2700 960 2770 agantur
979 2686 1240 2766 Spiritu¹Christic

107 2762 139 2823 hi
160 2762 413 2825 Christianismum
434 2765 609 2847 confingunt
620 2765 732 2845 Spiritu
746 2765 856 2826 Christi
876 2786 937 2825 non
957 2764 1151 2846 indigentem.
1184 2764 1243 2826 llle

107 2839 217 2900 nullam
239 2841 343 2901 heatae
362 2842 583 2902 resurrectionis
602 2862 684 2922 spem
706 2841 776 2901 lacit
795 2842 916 2919 (ibide.
929 2844 1001 2918 lt),
1023 2843 1076 2901 nisi
1097 2841 1243 2922 Spiritum

107 2919 141 2978 in
161 2918 247 2978 nohis
266 2918 446 2977 residentem
465 2921 637 2978 sentiamus:
659 2918 689 2978 hi
708 2939 790 2998 spem
810 2919 861 2976 tali
881 2938 967 2977 sensu
986 2939 1111 2980 vacuam
1125 2916 1242 2978 conlin-

108 3005 195 3076 gnnt
231 2994 292 3054 Sed
312 2993 534 3074 respondebunt
552 2997 661 3071 forsan,
681 3015 743 3054 non
763 3015 794 3055 se
813 2993 946 3069 inficiari,
966 2995 1035 3073 quin
1052 2993 1105 3055 illo
1125 2994 1245 3074 praedi-2

108 3082 157 3131 tos
188 3090 250 3131 esse
276 3083 428 3162 oporteat,
459 3085 606 3164 caetemm
637 3071 799 3132 modestiae
823 3083 854 3164 et
877 3071 1149 3163 humilituatisoesse,
1180 3090 1244 3132 non

109 3146 1245 3305 ἰὲῗὲῗζῗὲψὲἲΐ511113ζ“ἔὶ1,ἓῖἳΐ,;ῗξῐζ111ἱί119111,

110 3319 198 3390 quem
219 3300 273 3359 nisi
294 3299 358 3379 quis
378 3301 409 3359 in
429 3319 460 3359 se
480 3300 657 3361 habitantem
672 3313 822 3382 agnoscat,
841 3299 986 3381 reprobus
1007 3301 1067 3362 esti
1098 3302 1162 3374 „Ea
1175 3301 1245 3381 Spi-

110 3387 169 3437 ritu
191 3387 299 3449 autem,
319 3397 404 3455 quem
426 3376 507 3436 dedit
526 3377 629 3452 nohis,
648 3377 745 3457 inquit
765 3378 892 3436 loannes
912 3377 952 3453 (Ι.
972 3396 988 3436 e
1012 3423 1019 3439 .
1039 3383 1069 3452 3,
1088 3379 1167 3453 24),
1187 3377 1244 3439 sci·-

110 3474 175 3512 mus
194 3452 273 3542 quod
294 3452 324 3511 in
345 3452 430 3513 nobis
449 3458 580 3514 manet.“
623 3454 662 3513 Et
681 3453 751 3535 quid
778 3453 855 3513 aliud
876 3474 963 3544 quiam
985 3398 1093 3515 Christi
1119 3452 1246 3532 promis·

112 3529 209 3588 aiones
229 3550 258 3587 ιη
280 3527 400 3588 dubium
419 3550 598 3606 revocamus,
618 3530 687 3589 dum
707 3531 784 3590 servi
794 3530 851 3588 Dei
870 3550 933 3589 sine
953 3531 1040 3610 ipsius
1060 3530 1173 3608 Spiritu
1194 3528 1252 3590 ha-'

111 3603 178 3667 beri
202 3603 352 3680 volumus,
399 3625 464 3664 uem
491 3626 580 3686 super
602 3627 672 3666 suos
690 3627 792 3667 omnes
818 3606 978 3666 cllusuruna
1003 3626 1035 3667 se
1060 3605 1247 3667 denuntiarit

111 3680 185 3758 (lea.
204 3688 253 3772 dd,
271 3682 333 3759 3.)³.'
372 3627 464 3773 Quid,
504 3684 563 3776 uod
575 3682 699 3764 Spiritui
719 3695 819 3801 sanetp
839 3683 939 3742 iniurii
958 3704 1066 3756 sumus,
1086 3681 1248 3774 qpihdepn,

113 3756 1249 3925 0111ξῆ13138,ἱζέΐὲἰέῗῖῗΐέἑε,ἶέἒίἓὶξῖωϊζὲἶῖοῑῗὲὲ

112 3857 309 3987 Christianos,
350 3912 378 3970 ui
394 3912 521 4004 Spiritus
540 3912 633 3974 sancti
652 3912 816 3993 praesentis
836 3911 957 3993 gloriari
977 3912 1085 3973 ausinta
1106 3930 1169 3971 stne
1189 3931 1249 3990 qua

114 3988 293 4071 gloriatione
314 3987 339 4050 C
362 3988 549 4052 cisternismus
578 3989 641 4069 ipae
665 4009 727 4050 non
753 3999 876 4049 constat.
927 3989 987 4048 Sed
1015 3989 1092 4047 enim
1113 3986 1249 4067 exemplo

115 4086 170 4124 suo
197 4063 363 4140 declarant,
383 4085 469 4144 quam
489 4086 558 4127 vere
578 4066 685 4128 dixerit
703 4064 852 4141 Christus,
870 4064 1012 4146 Spiritum
1032 4086 1115 4125 suum
1134 4061 1249 4124 mundo

114 4140 301 4220 incognitum
326 4158 404 4204 esse:
434 4142 471 4204 ab
494 4142 564 4227 ipsis
590 4140 681 4206 modo
707 4141 842 4225 agnosci,
867 4141 944 4223 apud
968 4162 1044 4222 quoa
1062 4151 1163 4202 manet
1186 4138 1249 4218 (lo.

115 4222 166 4293 ts,
185 4217 256 4295 tt).
