2700 4732
76 246 81 255 ,
103 198 162 261 tm
442 280 448 291 .
526 188 602 251 LIB.
625 189 662 251 ll.
702 190 791 257 ene.
811 190 836 251 l.

106 356 163 398 nos
182 356 245 397 esse
264 345 421 399 contentos
441 345 578 414 oportet,
607 334 784 411 Dominum,
813 354 884 415 quas
907 332 1001 395 voluit
1023 333 1171 395 bumanae
1196 354 1221 395 aa

107 427 193 491 turae
213 413 333 474 collatas
353 412 449 483 dotes,
468 413 545 491 apud
566 412 711 471 Adammu
731 411 918 489 deposuisse.¹
947 412 1021 471 Ideo
1042 411 1137 485 illum,
1157 432 1220 503 qao

110 501 243 569 acceptas
263 490 401 568 perdidit,
421 508 482 546 raon
504 499 617 547 tantum
637 488 693 547 sibi
714 488 888 568 perdidisse,
920 488 971 547 sed
992 487 1080 549 nobis
1100 487 1221 549 omnibu

110 568 189 641 Quis
208 567 244 625 dc
265 566 377 625 animae
397 564 516 623 traduce
536 566 575 624 sit
592 564 751 638 sollicitus,
782 563 832 623 ubi
858 564 955 623 audiat
982 564 1127 623 adamum
1160 562 1221 627 nob

110 664 175 703 non
187 642 292 712 minus,
333 664 398 699 uam
410 640 467 699 sibi
486 652 658 717 ornamenta
677 640 738 713 illa,
758 661 832 720 quae
845 640 980 719 perdidit,
1000 638 1167 720 accepisse?
1185 660 1221 701 no

111 720 163 779 uui
184 663 382 778 bomini‘data
402 715 451 775 illa
471 716 578 791 luisse,
608 717 660 775 sed
682 716 832 776 uniuersae
859 716 984 776 bominis
1016 729 1140 793 naturae
1164 726 1221 777 atta

13 804 16 809 '
113 796 202 855 buta?
220 794 301 854 Nibil
322 814 393 875 crgo
415 792 543 866 absurdi,
562 792 586 853 si
606 792 730 871 spoliato
752 812 799 867 eo,
819 805 921 853 natura
941 793 1020 853 nuda
1038 792 1221 883 inopsquetlt

113 872 256 933 stituitur:
276 871 299 931 si
320 870 370 929 illu
391 889 445 949 per
463 882 615 949 peccatum
635 870 804 949 inquinato,
823 870 853 928 iu
874 881 1006 928 naturam
1026 881 1165 949 contagto
1182 886 1221 929 m

112 949 168 1028 pit.
203 946 335 1005 Proinde
355 967 371 1005 a
391 944 487 1004 radice
508 946 671 1024 putrefacta
691 946 761 1005 rami
778 946 886 1025 putridi
901 946 1085 1025 prodierunt,
1105 946 1221 1025 quim

112 1024 300 1103 putredinem
312 1023 540 1082 transmiserunt
560 1023 596 1082 ad
616 1022 687 1083 alios
708 1043 741 1081 ex
765 1040 797 1081 se
820 1033 973 1081 nascentes
996 1021 1139 1081 surculos.
1192 1018 1221 1079 Si

115 1100 192 1159 enim
213 1100 304 1158 vitiati
323 1113 391 1158 sum
412 1098 461 1156 filii
482 1099 510 1156 in
532 1112 670 1176 parente,
694 1111 727 1157 ut
746 1098 906 1178 nepotibus
927 1111 1024 1158 essent
1041 1095 1221 1157 tabificialtu

47 1186 54 1207 ¹
116 1189 172 1249 est,
202 1176 240 1233 ita
261 1174 459 1253 corruptionis
480 1176 629 1233 exordium
649 1175 678 1232 in
699 1175 793 1234 Adam
814 1174 885 1250 suit,
915 1185 948 1232 ut
968 1186 1113 1253 perpetuo
1132 1172 1221 1249 dellast

115 1252 300 1331 aptioribus
321 1253 348 1310 in
372 1263 506 1330 posterus
526 1251 751 1310 transfundatur.
808 1250 913 1329 Neque
941 1251 1017 1309 euim
1038 1250 1067 1307 in
1088 1244 1221 1310 subsanet

116 1328 212 1387 carnis
232 1339 282 1387 aut
301 1327 413 1387 atrimae
433 1346 547 1386 causam
568 1327 657 1389 babet
676 1326 830 1405 contagio:
850 1326 902 1386 sed
922 1328 988 1404 quia
1008 1348 1024 1385 a
1044 1326 1112 1385 Deo
1132 1326 1172 1385 ita
1187 1320 1221 1383 tat

36 1472 39 1476 λ
117 1405 295 1477 ordinatum,
325 1415 359 1462 ut
379 1423 453 1481 quae
474 1403 569 1482 primo
590 1403 702 1462 bomini
724 1404 801 1463 dona
822 1402 1005 1477 contulerat,
1034 1402 1084 1461 ille
1109 1414 1166 1461 tana
1186 1396 1221 1465 ἦ

138 1502 204 1539 uam
225 1480 282 1539 suis
303 1480 425 1537 baberet
448 1479 536 1557 simul
560 1502 593 1540 ac
623 1480 768 1558 perderet.
827 1480 918 1551 Quod
950 1491 1047 1539 autem
1078 1476 1221 1539 cavillant!

116 1502 281 1636 lelagiani,
311 1554 468 1615 verisimile
491 1577 549 1614 uon
571 1576 633 1615 esse
653 1577 668 1616 a
688 1555 858 1637 parentibus
878 1556 933 1635 piis
952 1550 1221 1635 corruptionem&

117 1654 186 1691 cere
207 1634 327 1706 liberos,
358 1654 446 1711 quum
468 1634 558 1711 magis
578 1652 680 1691 eorum
701 1634 827 1712 puritate
847 1632 1019 1691 sanctificari
1038 1630 1176 1705 debeant,
1197 1626 1221 1689 fl

117 1709 174 1769 cile
195 1710 345 1768 refutatur.
384 1709 452 1766 Non
475 1712 551 1768 enim
572 1730 606 1767 ex
623 1728 725 1768 eorum
739 1729 770 1767 re
794 1706 1221 1787 onerationespiritualidettt!

93 1835 97 1843 .
118 1772 210 1859 dunt,
236 1787 285 1844 sed
306 1785 498 1865 generatione
517 1784 634 1844 carnali.
673 1728 821 1860 Proinde,
846 1796 879 1842 ut
897 1785 936 1843 ait
955 1778 1221 1920 Augustiuut‘l

118 1862 200 1938 „sire
221 1883 287 1921 reus
305 1860 445 1935 infidelis,
473 1863 534 1921 sive
552 1860 703 1921 absolutus
726 1861 835 1937 fidelis,
868 1881 929 1920 non
954 1861 1023 1919 abso
1036 1872 1103 1921 utos
1126 1870 1221 1939 uterq!

117 1951 277 2019 „generat,
296 1939 347 1997 sed
368 1958 449 1997 reos:
479 1940 546 2016 quia
567 1958 600 1997 ex
619 1938 721 1999 vitiosa
741 1951 844 1998 natura
863 1942 1014 2017 generat.“
1051 1936 1150 1996 Porro
1168 1930 1221 2015 qut

119 2036 222 2074 eorum
242 2014 389 2075 sanctitati
412 2013 631 2093 quodammodo
656 2017 888 2087 communicant,
918 2013 1049 2092 specialis
1077 2025 1123 2072 est
1146 2000 1221 2092 popd

119 2091 177 2150 Dei
198 2092 381 2166 benedictio,
402 2111 477 2168 quae
497 2112 557 2150 non
580 2091 659 2165 lacit,
678 2093 836 2170 quominus
850 2091 943 2169 prima
963 2090 1011 2149 illa
1031 2101 1062 2148 et
1082 2080 1221 2157 united

119 2166 217 2249 gentis
249 2168 389 2227 humanae
413 2167 580 2227 maledictio
607 2169 770 2245 praecedat.
828 2168 871 2225 Ex
898 2179 1001 2227 natura
1031 2166 1110 2227 euim
1140 2174 1221 2231 teil!

120 2243 313 2304 sanctificatio
334 2255 432 2303 autern
452 2264 485 2303 ex
504 2245 716 2322 supernaturali
736 2246 839 2326 gratia.

197 2326 226 2385 8.
245 2322 342 2399 tltque
362 2339 400 2378 ue
422 2321 475 2391 bac
495 2320 532 2378 de
551 2340 584 2378 re
604 2320 715 2379 incerta
735 2334 765 2381 et
784 2319 935 2403 incognita
948 2319 1024 2379 dicta
1039 2318 1166 2397 ¹luerint,
1183 2330 1221 2397 pe

122 2407 218 2456 catum
239 2396 382 2476 originale
402 2395 572 2456 definiamus
590 2396 655 2486 aa).
680 2397 785 2477 Neque
805 2418 876 2457 vero
895 2396 1032 2488 singulas,
1051 2414 1129 2474 quae
1147 2396 1221 2455 aad

56 2478 60 2487 “
121 2472 256 2551 ptoribus
277 2474 391 2552 positae
410 2484 494 2546 sunt,
522 2472 711 2533 'definitiones
738 2485 873 2533 excutere
893 2474 961 2531 mibr
987 2493 1041 2552 pro
1065 2472 1221 2531 ositum'fl

121 2547 173 2609 sed
194 2569 281 2607 unam
301 2548 449 2628 proteram
470 2549 625 2624 duntaxat,
658 2571 731 2628 quac
757 2551 876 2611 ⁴ueritati
907 2549 977 2608 mibi
1001 2550 1030 2607 vi
1053 2560 1121 2607 etur
1145 2544 1221 2629 opffl¹

121 2636 329 2687 consentanea.
371 2626 496 2685 Videtur
514 2646 586 2707 ergo
608 2640 758 2703 peccatum
784 2627 926 2707 originale
953 2624 1147 2684 haereditaria
1169 2626 1221 2685 nd

121 2720 174 2760 rae
193 2714 311 2761 nostrae
331 2702 456 2781 pravitas
476 2713 506 2762 et
526 2704 690 2779 corruptio,
710 2705 740 2762 in
761 2725 863 2764 omues
884 2704 996 2763 animae
1015 2713 1114 2783 partes
1134 2694 1221 2763 dittd

123 2797 203 2856 quae
212 2781 342 2914 primum
360 2778 429 2838 lacit
442 2799 509 2838 reos
526 2780 584 2837 irae
597 2780 664 2853 Dei,
683 2792 745 2838 tum
766 2780 851 2839 etiam
873 2799 962 2859 opera
982 2778 1011 2836 in
1033 2776 1119 2836 nobis
1131 2774 1221 2855 prul!

59 2854 66 2867 ⁸
124 2874 198 2933 quae
237 2855 365 2933 criptura
376 2865 461 2915 vocat
473 2875 563 2934 opera
574 2856 668 2915 carnis
686 2856 885 2934 (Gal.5,19.).
905 2856 1004 2933 Atque
1023 2854 1052 2913 id
1073 2864 1119 2913 est
1138 2862 1221 2933 prop

123 2932 205 3009 quod
224 2953 240 2990 a
260 2931 353 2990 Paulo
373 2933 486 3011 saepius
506 2944 656 3010 peccatum
676 2936 852 3011 nominatur.
893 2932 979 3007 Quae
996 2929 1221 3001 vero-tndem

122 3020 199 3087 gunt
218 3027 320 3087 opera,
339 3008 434 3086 qualia
453 3020 521 3068 sunt
540 3008 691 3084 adulteria,
709 3011 912 3081 scortationes,
933 3008 1020 3081 furta,
1040 3006 1124 3081 odia,
1144 3002 1221 3067 aad

123 3086 367 3159 comessationes,
403 3085 513 3145 fruetus
544 3087 656 3165 peccati
686 3086 847 3145 secundum
878 3085 952 3144 banc
982 3084 1128 3143 rationem
1155 3096 1221 3157 rot!¹

123 3180 289 3238 quanquam
310 3172 341 3220 et
359 3162 492 3231 Peccata,
514 3182 579 3220 cum
599 3161 629 3219 in
650 3161 807 3240 scripturis
828 3162 943 3242 passim,
963 3172 1024 3219 tum
1042 3160 1131 3219 etiam
1142 3156 1179 3219 ab
1189 3154 1221 3239 ij

123 3248 340 3315 nuncupantur.
379 3238 461 3296 llaec
480 3238 578 3316 itaque
599 3238 657 3297 duo
678 3240 812 3297 distincte
833 3238 1030 3297 observanda:
1050 3254 1159 3316 nempe
1176 3242 1221 3315 ιμ’

124 3310 166 3370 sic
188 3312 323 3372 omnibus
344 3326 465 3373 naturae
485 3326 603 3373 nostrae
629 3315 759 3393 partibus
786 3314 878 3373 vitiati
903 3312 1106 3392 perversique,
1135 3310 1221 3391 iant

124 3386 214 3447 talem
240 3386 377 3448 duntaxat
394 3391 624 3469 corruptionem
651 3391 777 3450 damnati
808 3390 915 3449 arrerito
944 3389 1132 3468 convictique
1160 3404 1221 3457 eost

124 3463 193 3523 Deo
214 3476 359 3538 tenemur,
378 3468 425 3525 cui
445 3467 518 3525 nibil
538 3479 583 3525 est
600 3479 751 3547 acceptum
772 3468 825 3526 nisi
843 3468 961 3539 iustitia,
981 3463 1162 3537 innocentia,
1179 3476 1221 3545 μ

124 3550 179 3600 tas.
216 3541 322 3620 Neque
342 3544 395 3601 ista
415 3554 459 3601 ost
478 3543 565 3602 alieni
586 3544 685 3603 delicti
705 3543 862 3625 obligatio:
885 3542 964 3621 quod
979 3541 1056 3601 enim
1070 3541 1221 3617 dicitur-,a

125 3637 181 3697 per
200 3616 280 3676 Adae
301 3630 450 3696 peccatum
471 3620 615 3679 obnoxius
637 3640 698 3679 esse
718 3619 810 3680 laetos
830 3620 888 3678 Dei
908 3618 1030 3678 iudicio:
1063 3637 1127 3677 noo
1153 3618 1221 3679 itas

125 3693 328 3785 accipiendum
348 3694 407 3755 acsi
428 3695 558 3755 insontes
579 3697 633 3775 ipsi
654 3709 684 3756 et
701 3697 904 3771 immerentes,
934 3694 1048 3775 eulpam
1074 3692 1182 3755 delicti
1200 3690 1221 3757 ἅ

124 3783 352 3830 sustineremuss
380 3770 432 3829 sed
453 3773 518 3850 quia
538 3793 592 3850 per
612 3773 673 3832 eius
692 3774 954 3853 transgressionem
983 3766 1197 3832 maledictione
1215 3766 1221 3829 i

126 3846 191 3906 duti
210 3869 307 3907 sumus
327 3868 445 3921 omnes,
477 3849 585 3906 dicitur
608 3848 657 3907 ille
683 3870 738 3909 nos
768 3850 964 3909 obstrinxisse.
1022 3848 1070 3907 ab
1090 3846 1147 3911 illo
1165 3858 1221 3907 tan

126 3942 189 3983 uon
207 3924 271 3984 sola
290 3925 322 3985 iu
342 3944 397 3984 noa
416 3944 513 4004 poena
536 3937 662 4007 grassata
687 3937 747 4001 est,
777 3928 828 3988 sed
848 3925 986 3986 instillata
1005 3923 1042 3985 ab
1062 3924 1131 4005 ipso
1151 3922 1218 3987 lue

108 4217 119 4237 a
195 4180 224 4249 ⁸)
241 4182 297 4235 Lib.
314 4198 404 4237 contra
422 4185 507 4249 Pulag.
525 4198 550 4236 et
567 4180 677 4240 Cocleat.
695 4185 736 4237 Cl.
753 4200 886 4256 praeterea
905 4188 939 4240 do
961 4185 1013 4237 bui.
1030 4199 1091 4237 seca
1111 4204 1143 4239 ar

127 4246 233 4313 August.
252 4252 321 4329 epist
339 4255 396 4311 157·
415 4267 439 4306 et
457 4254 565 4315 Gregur.
584 4254 628 4306 lib.
646 4255 671 4305 7.
688 4254 760 4323 epist.
774 4256 818 4309 53·
1218 4276 1221 4281 '

18 4374 26 4395 ,
91 4362 94 4367 .
178 4316 222 4385 ⁵⁸)
239 4319 298 4371 l'ad.
315 4319 386 4373 Cales
400 4322 428 4374 in
446 4323 576 4374 decretum
595 4320 710 4392 primum
726 4343 785 4376 sexa
803 4326 835 4377 b..
846 4320 928 4375 Cone.
946 4318 1064 4373 'l'rideue
