2700 4732
1060 62 1066 95 l

110 204 152 267 ω
489 194 568 257 ms.
587 194 614 257 1.
654 195 745 259 cnr.
763 196 851 259 unt

112 340 183 403 dato
202 338 269 400 Filii
287 340 391 420 accipi,
414 339 465 421 qui
483 340 546 420 ipae
565 352 701 402 aeterrms
721 353 751 402 et
771 340 929 403 essentialis
948 351 994 401 est
1011 339 1108 402 Patris
1126 338 1247 401 Sermo.

72 436 77 445 ·
110 418 176 479 Nec
184 437 256 479 vero
266 418 342 478 sanis
352 429 383 477 et
394 416 534 478 modestis
545 417 759 479 obscurum·est
771 419 852 497 quod
863 417 933 478 dicit
942 416 1003 478 Sal.
1015 418 1159 494 (Pronss,
1169 416 1258 493 22),-

38 518 41 523 ·
110 493 163 554 ubi
182 493 351 573 sapientiam
371 492 484 553 inducit
501 514 517 552 a
538 494 605 554 Deo
624 506 693 555 ante
711 493 826 555 saecula
845 495 972 575 genitam
993 506 1024 554 et
1044 514 1141 553 rerum
1161 510 1244 553 erea-

111 570 238 632 tinniet
263 569 376 630 cunetis
405 569 463 629 Dei
495 569 635 649 operibus
653 572 877 651 praesidentem.
926 574 1002 631 Nem
1031 568 1245 649 temporarium

112 647 258 727 quendam
284 646 343 706 Dei
373 657 476 706 nutum
503 648 626 729 lingere,
655 648 775 709 stultum
799 668 833 708 ac
864 646 1000 707 frivolum
1032 657 1122 707 esset:
1153 664 1245 724 quun

111 736 183 785 tune
195 742 327 783 exserere
340 722 469 783 voluerit
487 722 569 783 Deus
588 724 674 783 fixum
693 736 903 803 aeternumque
920 745 1005 785 suum
1024 722 1178 784 consilium
1198 732 1244 781 at·

132 819 170 860 ne
199 800 285 860 etiam
311 797 423 879 aliquid
453 799 605 861 occultius.
663 800 734 875 Quo
766 801 854 860 etiam
885 810 997 879 spectat
1027 800 1137 859 dictum
1168 796 1243 857 illud

111 822 222 941 dhrim
241 874 306 955 (lo.
326 882 356 951 6,
373 876 455 955 tt),
474 877 564 936 Pater
582 895 664 937 meus
684 889 715 937 et
731 897 788 958 ego
807 896 899 957 usque
919 875 956 936 ad
975 876 1054 935 hunc
1072 875 1151 934 ditm
1170 890 1244 953 ope·

109 974 218 1015 ramur.
263 952 305 1014 Se
329 951 409 1012 enirn
434 973 450 1011 a
469 952 566 1033 primo
587 953 689 1013 mundi
707 953 829 1014 exordio
848 952 994 1014 assiduum
1012 952 1044 1012 in
1064 970 1158 1031 opere
1175 970 1243 1013 eum

107 1031 198 1092 Patre
228 1028 317 1089 inisse
347 1026 512 1104 affirmans,
542 1030 672 1090 aertius
706 1030 832 1110 explicat
855 1029 935 1109 qnod
961 1028 1078 1089 brevius
1102 1027 1244 1109 attigerat

108 1108 218 1168 Moses.
255 1104 307 1165 Sic
338 1124 411 1187 ergo
435 1106 532 1165 Deum
559 1050 651 1167 inisse
675 1105 831 1186 loquutum
852 1105 1027 1187 colligimus,
1049 1116 1085 1165 nt
1102 1100 1244 1164 Sermoni

106 1182 141 1243 in
161 1180 277 1263 agendo
297 1200 366 1242 suae
384 1194 483 1242 essent
501 1192 609 1261 partes,
637 1194 723 1261 atque
744 1184 783 1243 ita
804 1182 955 1261 utriusque
975 1180 1138 1243 communis
1167 1188 1244 1241 utel

108 1259 254 1339 operatio.
291 1257 388 1318 Multo
409 1269 506 1317 autem
527 1260 658 1317 omnium
679 1259 834 1319 clarissime
854 1259 990 1334 loannes,
1009 1279 1098 1337 quum
1119 1257 1244 1317 Sermo·

108 1356 178 1395 nem
197 1334 290 1408 illum,
309 1336 360 1469 qui
380 1332 417 1393 ab
437 1334 521 1396 initio
546 1334 627 1395 Deus
657 1336 734 1415 apud
754 1336 851 1395 Deum
879 1348 952 1409 erat,
982 1354 1081 1394 rerum
1109 1332 1243 1398 omniu·

109 1432 226 1473 causam
244 1412 318 1471 simu
350 1431 416 1470 cum
435 1410 502 1470 Deo
522 1411 612 1471 Patre
631 1412 741 1472 statuit.
780 1413 855 1471 Nam
876 1424 906 1471 et
924 1410 1048 1471 solidam
1063 1428 1241 1490 permanen·

106 1498 228 1568 temque
247 1486 349 1547 Verbo
370 1486 504 1547 attribuit
523 1488 688 1563 essentiam,
707 1500 738 1547 et
757 1487 793 1547 ali
817 1488 866 1547 uid
886 1487 1033 1567 peculiare
1052 1487 1181 1569 assignat
1209 1494 1243 1547 et
1277 1500 1283 1517 ·'

108 1563 236 1625 dilucide
254 1563 396 1639 ostendit,
415 1564 566 1643 quomodo
585 1563 668 1625 Deus
688 1510 837 1644 loquendo
857 1564 960 1623 muudi
991 1563 1082 1624 suerit
1113 1574 1242 1624 creator.
1280 1628 1283 1637 ¹

106 1642 191 1725 Ergo
210 1650 245 1701 nt
264 1659 367 1699 omnes
387 1639 527 1700 divinitus
574 1640 705 1701 relectae
731 1640 924 1701 revelationes
954 1641 1037 1701 verbi
1062 1640 1121 1700 Dei
1149 1636 1241 1701 titulo

107 1718 166 1779 rite
188 1716 404 1799 insigniuntur,
427 1716 467 1776 ita
494 1661 626 1775 Verbum
646 1716 717 1776 illud
737 1717 927 1777 substantiale
945 1738 1060 1777 summo
1081 1716 1175 1799 gradu
1193 1714 1242 1777 lo-
1277 1770 1280 1775 .

108 1814 176 1856 care
196 1794 345 1865 convenit,
364 1792 553 1854 oraculorum
573 1793 703 1853 omnium
723 1795 937 1875 scaturiginem,
958 1794 1038 1874 quod
1058 1792 1132 1853 nulli
1144 1792 1241 1856 varie-
1261 1826 1264 1831 ·

105 1870 162 2009 t'pti
187 1870 365 1961 obnoxium,
395 1881 541 1950 perpetuo
572 1890 663 1929 unum
682 1870 819 1950 idemque
847 1882 947 1932 manet
970 1870 1049 1951 apud
1072 1870 1185 1949 Deum,
1209 1880 1244 1933 et

140 1967 218 2008 eusr
242 1966 273 2007 se
292 1957 346 2006 est.

183 1970 240 2088 [tp
252 2023 308 2083 llic
322 2021 499 2103 obstrepunt
518 2022 654 2083 nonnulli
675 2044 772 2098 canes,
792 2023 843 2103 qni
862 2046 951 2103 quum
971 2044 1052 2085 snam
1071 2022 1115 2083 illi
1136 2020 1242 2085 divini·
1279 2028 1283 2057 ·'

106 2111 199 2161 tatem
219 2098 312 2179 palam
332 2100 446 2179 eripere
474 2120 535 2157 non
567 2101 680 2173 ausint,
710 2102 914 2160 aeternitatem
944 2100 1019 2160 clam
1047 2100 1254 2161 eustanum..

105 2178 220 2237 Dicunt
240 2177 336 2248 enim,
365 2187 427 2233 tum
452 2176 570 2234 demum
595 2175 770 2237 Sermonem
791 2197 852 2237 esse
873 2178 1019 2257 coepisse,
1049 2199 1139 2255 quum
1157 2178 1253 2237 Dens·
1280 2184 1283 2189 '

106 2254 139 2313 in
157 2251 260 2313 mundi
281 2251 430 2311 creatione
449 2271 560 2311 sacrum
580 2273 664 2311 suum
685 2273 717 2312 os
738 2255 861 2332 aperuit.
900 2254 959 2313 Sed
979 2252 1243 2314 nimisinconside-

106 2340 172 2390 rate
201 2327 382 2389 substantiae
412 2327 471 2386 Dei
494 2328 685 2388 novationem
708 2329 850 2407 quandam
880 2332 1037 2423 affingunt.
1095 2332 1171 2391 Nam
1195 2340 1241 2405 ut,

107 2424 184 2486 quae
204 2416 356 2464 externum
376 2424 450 2482 opus
469 2405 645 2483 respiciunt,
672 2407 730 2465 Dei
757 2409 875 2466 nomina
898 2410 1063 2467 attribuere
1083 2406 1109 2466 ei
1128 2424 1256 2487 coepe-.

106 2495 178 2543 runt
197 2481 233 2542 ab
253 2480 403 2541 existentia
424 2480 523 2573 operis
543 2483 552 2540 i
574 2482 631 2542 sius
658 2482 767 2567 ¹(quale
787 2496 831 2543 est
862 2484 941 2563 quod
973 2483 1050 2545 coeli
1083 2495 1113 2543 et
1142 2495 1256 2545 terrm

108 2560 236 2620 Creator
254 2560 407 2632 vocatur):
440 2570 482 2618 rta
502 2502 614 2617 nulium
638 2580 748 2619 nomen
768 2562 902 2642 agnoscit
920 2560 1012 2640 pietas
1031 2559 1077 2621 vcl
1097 2559 1241 2653 admittit,

107 2637 187 2716 quod
213 2636 280 2693 Deo
305 2634 415 2712 aliquid
435 2655 545 2694 novum
568 2635 598 2692 in
625 2656 656 2695 se
681 2636 746 2715 ipso
767 2637 904 2707 accidisse
924 2639 1078 2719 significet.
1116 2639 1194 2697 Nam
1213 2658 1240 2699 aa

129 2715 177 2772 uid
199 2711 299 2771 luisset
318 2711 517 2783 adventitium,
546 2712 718 2773 concideret
736 2712 808 2773 illud
828 2715 932 2774 lacobi
951 2720 995 2793 (1,
1014 2716 1089 2791 12),
1118 2730 1262 2783 manare,

107 2734 258 2851 desursum
278 2806 368 2845 omne
387 2787 497 2846 donum
518 2788 681 2865 perlectum
703 2802 733 2849 et
752 2791 930 2851 descendere
950 2792 1064 2852 aPatre
1083 2790 1241 2867 luminum,

106 2866 185 2945 apud
218 2883 304 2944 quem
329 2884 391 2921 non
418 2876 461 2924 est
486 2870 705 2940 transmutatio,
736 2866 781 2925 vcl
812 2869 1012 2930 conversionis
1038 2866 1239 2929 obumbratio·

105 2942 186 3004 Nihil
207 2960 278 3020 ergo
298 2940 393 3000 minus
413 2939 566 3000 terendum
587 2963 673 3021 quam
694 2943 867 3023 principium
888 2946 1000 3027 fingere
1018 2942 1094 3002 illius
1113 2943 1255 3003 Sermo--

106 3022 163 3093 nis,
183 3019 234 3097 qni
253 3028 283 3077 et
300 3018 383 3077 Dens
403 3036 519 3095 semper
538 3018 594 3079 luit
613 3030 644 3077 et
662 3031 765 3099 postea
785 3020 887 3080 mundi
907 3022 1014 3102 opilea.
1052 3019 1113 3079 Sed
1134 3032 1272 3101 argute.-

105 3097 217 3159 scilicet
235 3093 462 3167 ratiocinantur,
487 3094 592 3153 lllosen
613 3098 758 3155 narrando
777 3096 875 3154 Deum
894 3109 965 3157 tunc
985 3098 1109 3177 primum
1129 3096 1252 3177 toque«-

106 3186 169 3234 tum
196 3190 273 3243 esse,
305 3169 388 3228 simul
413 3170 537 3229 innuere
562 3172 674 3230 nullum
702 3184 770 3230 ante
796 3173 826 3229 in
853 3173 916 3251 ipso
937 3174 1023 3234 luisse
1044 3175 1238 3233 Sermonem:

105 3270 165 3331 quo
186 3247 259 3308 nihil
279 3246 369 3325 magis
389 3257 433 3305 est
451 3246 647 3337 nugatorium.
677 3248 734 3305 Nes
746 3270 783 3307 ue
802 3251 879 3308 enim
900 3253 968 3328 quia
986 3250 1165 3310 manifestari
1183 3248 1242 3313 ali·

105 3325 175 3406 quid
195 3336 276 3385 certo
297 3335 431 3411 tempore
450 3322 509 3383 incr
533 3324 571 3397 it,
595 3270 792 3405 colligendum
812 3338 970 3405 propterea
991 3340 1063 3403 erat,
1087 3348 1240 3407 nunquam

104 3404 187 3483 prius
206 3402 303 3460 luisse.
340 3400 406 3480 hgo
425 3419 496 3460 vero
513 3346 608 3481 iunge
627 3422 708 3461 secus
729 3402 892 3462 concludo:
918 3426 1007 3483 quum
1029 3404 1059 3463 in
1084 3403 1150 3493 ipso
1170 3424 1241 3465 mo-

104 3492 207 3539 mento
227 3498 286 3555 quo
307 3475 377 3535 (lixit
395 3474 487 3552 Deus,
512 3478 578 3537 Fiat
598 3476 660 3551 lvrs,
684 3480 838 3539 Sermonis
857 3480 947 3539 virtus
968 3492 1118 3540 emerserat
1138 3492 1169 3539 et
1187 3500 1240 3541 ex-

103 3556 227 3627 stiterit,
245 3553 339 3633 ipsum
359 3552 453 3615 multo
478 3566 546 3615 ante
566 3554 662 3617 inisse.
702 3556 799 3629 Quam
820 3556 929 3615 dudum
948 3571 1043 3616 antem
1062 3557 1087 3615 si
1104 3556 1169 3635 quis
1188 3557 1241 3617 in-

105 3632 213 3712 quiret,
239 3629 349 3689 nullum
370 3616 519 3690 exorilium
547 3632 683 3709 reperiet.
728 3632 832 3708 Neque
858 3635 935 3691 enim
962 3647 1073 3693 certum
1094 3636 1240 3711 temporie

103 3708 229 3785 spatium
249 3711 386 3767 terminat
406 3729 495 3785 qurum
516 3708 586 3765 dicit
606 3708 667 3785 ipse
691 3706 751 3781 (lo.
772 3716 820 3781 17,
840 3711 898 3783 5.):
924 3710 1035 3783 „Pater
1055 3711 1166 3770 illustra
1185 3710 1241 3771 Fi-

104 3784 175 3845 lium
198 3783 302 3865 gloria,
321 3804 405 3862 quam
419 3783 495 3860 apud
513 3793 543 3841 tc
553 3783 637 3841 initio
650 3785 777 3861 possedi,
796 3798 950 3863 antequam
965 3785 1132 3846 iacerentur
1150 3808 1240 3847 mun-

104 3861 135 3922 di
156 3861 375 3921 fundamenta.“
412 3858 519 3939 Neque
545 3860 763 3940 hncpraeteriit
776 3863 918 3921 loannes:
939 3866 1005 3941 quia
1026 3878 1185 3941 arrtequam
1201 3864 1242 3926 ad

104 3939 205 3999 mundi
236 3938 416 3999 creationem
448 3936 620 4011 descendat,
651 3938 796 4018 principio
827 3940 1003 4000 Sermonem
1035 3942 1112 4020 apud
1136 3940 1248 4003 Deum.

104 4016 193 4075 luisse
212 4015 291 4075 dicit.
318 4015 531 4075 Censtituimus
551 4032 623 4093 ergo
650 4036 778 4089 rursum,
797 4018 980 4077 Sermonem·
993 4029 1072 4077 entra
1093 4020 1239 4097 temporis

103 4092 218 4161 initium
238 4113 254 4151 a
273 4092 341 4150 Deo
362 4101 553 4166 conceptum:
583 4090 658 4169 apud
684 4092 777 4183 ipsum
802 4106 948 4173 perpetuo
966 4093 1128 4153 resedisse:
1156 4095 1238 4155 unde

104 4180 135 4229 et
155 4168 322 4241 aeternitas,
342 4176 371 4223 ct
390 4184 458 4223 vera
478 4166 602 4225 essentia
623 4179 653 4226 et
673 4168 807 4227 divinitas
828 4170 888 4229 eius
908 4170 1129 4249 comprobatur.

160 4252 208 4317 ¹t).
247 4244 310 4303 Etsi
327 4254 424 4303 autem
445 4242 617 4303 lllerliatoris
638 4264 792 4322 personam
813 4247 944 4305 nondum
965 4247 1091 4327 attingo,
1109 4247 1161 4307 sed
1177 4246 1238 4307 dil-

103 4318 170 4381 tero
189 4340 282 4399 usque
299 4319 333 4379 in
350 4340 418 4379 eum
439 4319 548 4397 losum,
568 4320 619 4381 ubi
639 4320 1030 4405 de-lledemptioneagetur,
1051 4322 1118 4405 quia
1136 4336 1238 4387 tamen
