2700 4732
506 222 583 285 cro.
604 222 646 285 n.
686 223 775 287 eno.
795 222 878 285 xsu.
1189 182 1247 291 oss

108 382 143 425 se
153 363 319 443 expedient.
338 365 477 429 Putiduru
488 380 532 427 est
544 368 698 504 effugium,
708 368 790 448 quod
802 378 949 449 nugantur
962 366 1110 428 Christum
1124 365 1182 427 dici
1192 365 1245 427 Fi·

110 441 184 501 lium
197 440 335 531 hominis,
346 455 488 522 quatenus
501 444 613 504 homins
637 468 669 505 ns
681 446 840 526 promissus
852 457 909 504 est:
925 443 1068 522 siquidem
1084 442 1177 523 palam
1190 455 1245 519 est,

110 516 252 577 hebraico
270 538 354 578 more
369 520 468 579 vocari
484 520 575 580 lilium
587 522 712 582 hominis
723 543 823 580 verum
836 520 995 579 hominem.
1028 520 1161 580 Christus
1172 540 1243 579 vero

110 592 188 654 baud
202 592 291 653 dubie
303 595 420 675 phrasin
434 596 551 677 linguae
560 620 629 658 suae
638 598 770 658 retinuit.
791 598 872 672 Quid
884 598 971 656 etiam
984 617 1037 677 per
1056 596 1131 655 lilios
1151 596 1245 657 Adam

107 670 206 730 intelli
227 671 423 746 i-cooteniat,
443 689 521 733 extra
541 674 771 735 controversiam
798 694 860 735 esse
881 672 977 733 debet
1023 675 1067 732 hc
1096 675 1151 748 (ne
1176 673 1244 731 lon·

107 688 338 883 ecclam
358 747 1246 901 'uastaret<salsum“stasemt

108 899 184 973 eius,
205 912 256 959 aut
275 867 351 960 ttici
370 902 512 977 bominis,
533 904 612 982 quod
633 870 731 964 visitas
751 904 861 963 eum?“
880 846 1055 981 flac'fiiura
1077 902 1247 981 exprimitur

109 995 177 1037 tera
198 976 308 1036 Christi
330 978 507 1039 humanitas:
541 981 608 1058 quia
634 980 687 1039 etsi
707 999 768 1039 non
791 980 880 1038 luerit
899 1000 932 1037 es
951 990 1035 1058 patre
1055 975 1172 1037 mortali
1190 979 1246 1037 im·

110 1052 239 1112 mediate
257 1055 384 1133 genitus,
404 1056 490 1137 origo
510 1068 607 1115 tannen
628 1057 691 1117 eius
711 1077 744 1114 er
763 1056 857 1114 Adam
878 1056 968 1115 llsrsit.
1017 1056 1082 1114 Nec
1100 1076 1172 1112 vero
1191 1053 1246 1113 ali·

108 1138 269 1202 terstaret,
288 1131 369 1208 quud
388 1132 444 1190 iam
464 1133 617 1193 citavimus
635 1132 744 1209 (llebr.
763 1136 884 1208 214),
905 1131 1054 1192 Christum
1074 1131 1246 1222 participem

108 1202 221 1265 facturn
240 1208 334 1266 carnis
355 1219 385 1266 et
402 1209 561 1289 sanguinis,
581 1222 613 1268 ut
632 1230 740 1288 pueros
758 1209 814 1269 sibi
835 1221 1010 1291 aggregaret
1021 1208 1057 1267 ad
1070 1207 1246 1286 obsequium

109 1282 183 1342 Dei:
210 1283 316 1363 quibus
340 1284 436 1345 serbis
455 1298 557 1365 aperte
578 1286 711 1345 Christus
730 1286 857 1344 eiusdem
878 1285 1031 1345 nobiscum
1057 1296 1177 1344 natutae
1196 1304 1246 1344 so·

109 1358 171 1418 rius
191 1370 223 1418 et
241 1379 364 1420 consors
380 1363 529 1421 statuitur.
570 1360 640 1436 Quo
661 1364 746 1422 etiam
767 1384 853 1425 sensu
874 1362 955 1430 dicit,
975 1380 1008 1419 ex
1027 1381 1089 1436 unp
1110 1379 1172 1419 esse
1192 1380 1246 1419 au-

109 1448 226 1495 ctorem
245 1436 422 1512 sanctitatis,
453 1452 484 1498 et
509 1460 559 1499 eos
585 1441 634 1518 qui
659 1439 884 1499 sanctificantur.
940 1438 1014 1497 Nam
1035 1436 1065 1495 id
1084 1435 1190 1496 referri
1209 1434 1245 1495 ad

108 1525 232 1573 naturae
252 1513 420 1574 societatem
441 1535 475 1574 ex
493 1528 630 1574 contestu
650 1515 807 1573 evincitur:
832 1515 898 1593 quia
918 1536 984 1574 mos
1004 1512 1131 1587 subiicit,
1171 1511 1245 1572 l'deo

108 1608 172 1648 non
192 1587 342 1649 embescit
361 1610 413 1650 eos
433 1611 538 1652 vocare
559 1590 773 1669 fratresffleb.
792 1594 913 1666 2,11.).
946 1592 979 1649 Si
991 1591 1078 1648 'enim
1099 1588 1180 1667 prius
1200 1587 1245 1646 di-

106 1664 195 1725 xisset
215 1664 315 1725 tideles
336 1686 369 1725 ex
388 1667 456 1726 Deo
477 1688 551 1743 esse,
572 1669 600 1727 in
621 1680 700 1727 tanta
722 1668 864 1748 dignitate
883 1686 1028 1746 quaenam
1049 1677 1125 1725 essct
1138 1664 1245 1723 erube·

107 1741 241 1801 scentiae
260 1742 357 1803 ratio?
383 1745 444 1802 Sed
464 1746 531 1823 quia
551 1766 607 1822 pro
628 1744 768 1803 immensa
788 1745 880 1824 gratia
900 1744 935 1802 sd
954 1741 1090 1802 sordidos
1108 1753 1137 1799 et
1157 1739 1245 1821 igno-

107 1816 185 1877 biles
204 1836 238 1878 se
253 1833 396 1909 aggregat
416 1818 565 1891 Christus,
586 1821 654 1880 idco
674 1818 783 1879 dicitur
802 1841 863 1878 non
885 1818 1068 1878 erubescere.
1125 1817 1247 1875 Frustra

105 1905 207 1954 autem
226 1894 395 1969 obsectant,
425 1897 530 1976 impios
551 1897 608 1955 hoc
626 1895 717 1954 modo
739 1896 804 1955 lore
824 1896 934 1955 Christi
954 1894 1072 1952 iratres:
1103 1895 1170 1971 quia
1189 1891 1246 1951 sci·

106 1992 174 2030 mus
193 1969 268 2031 lilios
287 1971 346 2030 Dei
366 1992 426 2031 non
448 1994 481 2031 er
502 1994 588 2032 carue
608 1983 639 2031 et
657 1973 816 2051 sanguine,
835 1973 885 2031 sed
906 1970 979 2030 exS
1004 1969 1072 2029 iritu
1093 1969 1171 2028 nasci
1191 1987 1246 2047 per

110 2046 210 2105 fidem.
267 2046 399 2108 Proinde
430 2049 586 2108 fraternam
620 2049 862 2108 coniunctionem
893 2069 954 2107 non
982 1990 1054 2105 lacit
1076 2046 1138 2105 sole
1163 2066 1244 2105 caro.

109 2122 246 2183 Tametsi
274 2137 372 2183 autem
404 2124 565 2204 Apostolus
597 2124 674 2184 hunc
704 2123 847 2185 honorem
867 2125 995 2205 assignat
1013 2122 1084 2182 solis
1102 2120 1247 2195 fidelibus,

69 2211 77 2229 ¹
107 2198 195 2279 qnod
216 2219 327 2260 exuuo
346 2202 406 2262 sint
425 2224 490 2261 cum
511 2202 650 2272 Christo,
681 2222 742 2260 non
766 2213 865 2260 tamen
885 2201 1017 2279 sequitur
1036 2199 1191 2278 quominus
1211 2214 1246 2257 ex

108 2278 222 2335 eodem
245 2276 335 2337 foste-
352 2291 508 2338 nascantur
532 2276 675 2338 increduli
699 2278 858 2338 secundum
891 2296 1023 2337 carnem:
1054 2276 1245 2354 quemadmo-

106 2352 181 2413 dum
202 2351 253 2411 ubi
267 2353 404 2428 dicimus,
425 2356 573 2415 Christum
594 2353 701 2414 lactum
728 2374 789 2415 esse
810 2353 975 2423 hominem,
999 2364 1033 2411 ut
1057 2373 1111 2411 nos
1133 2350 1245 2412 faceret

106 2428 170 2488 Dei
189 2426 285 2504 filios,
315 2448 376 2490 rton
398 2432 561 2491 extenditur
582 2431 652 2490 haec
673 2430 809 2508 loquutio
830 2431 864 2489 ad
885 2429 1047 2509 quoslihet:
1080 2428 1147 2507 quia
1172 2427 1244 2486 fides

106 2505 205 2566 medie
225 2506 435 2586 interponitur,
455 2528 530 2586 quae
552 2529 604 2566 nos
624 2507 654 2565 iu
676 2506 785 2567 Christi
805 2528 911 2587 corpus
927 2504 1116 2586 spiritualiter
1134 2503 1245 2563 inserit.

106 2582 157 2641 De
176 2586 366 2657 primogeniti
389 2586 474 2644 etiam
501 2584 622 2642 nomine
648 2584 736 2642 risam
766 2584 867 2643 inscite
895 2594 1024 2641 movent.
1082 2581 1247 2641 Causantur

108 2659 260 2721 Christum
282 2662 414 2721 debuisse
434 2681 467 2719 ex
479 2661 572 2720 Adam
592 2661 669 2719 nasci
689 2662 784 2718 statim
805 2658 842 2719 ab
862 2660 962 2732 initio,
982 2671 1015 2718 ut
1034 2657 1246 2736 primogenitus

112 2748 187 2795 esset
205 2738 286 2795 inter
306 2738 409 2797 tratres
429 2738 572 2817 (llumtt,
590 2740 662 2811 tu).
681 2736 918 2816 Primogenitura
939 2735 1016 2793 enim
1039 2755 1099 2791 non
1120 2734 1156 2790 ad
1167 2743 1246 2791 aeta-

113 2824 187 2886 tem,
204 2814 256 2873 sed
278 2813 312 2872 ad
333 2815 454 2895 gradum
476 2814 597 2873 honoris
617 2825 647 2872 et
666 2813 780 2871 virtutis
801 2811 988 2869 eminentiam
1016 2809 1152 2868 retertur.
1190 2808 1246 2865 Ni-

110 2887 173 2948 hilo
193 2891 280 2948 etiam
301 2891 364 2969 plus
384 2891 491 2950 coloris
513 2890 618 2963 habet,
649 2889 727 2968 quod
759 2890 892 2968 garriunt
921 2887 1072 2945 Christum
1096 2882 1247 2944 hominem

108 2963 1169 3103 t'tt'tttt‘lli’thillstt}'tdttztttlttt‘“tt533²
1188 2959 1248 3094 tl

108 3132 172 3180 stus
185 3063 320 3201 dignatgus
331 3087 385 3193 est,
403 3120 524 3201 angelos
537 3066 622 3177 opobis
635 3063 796 3196 cumpaiat,
813 3115 863 3194 qui
875 3057 1040 3206 posthabiti
1054 3114 1174 3173 suerunt
1193 3112 1247 3171 hac

108 3197 143 3255 in
164 3209 254 3275 parte.
294 3200 349 3270 Ac,
368 3197 392 3255 si
412 3197 509 3287 probe
528 3196 700 3273 expenditur
712 3195 801 3253 lllosis
818 3193 1017 3252 testimoninm
1028 3189 1122 3268 (Gen.
1133 3196 1162 3263 3,
1174 3189 1248 3264 15.),

109 3274 163 3333 ubi
184 3292 284 3333 semen
304 3272 434 3333 mulieris
455 3273 525 3331 dicit
545 3271 740 3330 contriturum
762 3280 849 3349 caput
867 3268 1026 3348 serpentis,
1055 3267 1136 3325 litem
1161 3285 1247 3345 pror·

108 3372 159 3411 sus
179 3350 302 3409 decidet.
341 3352 446 3428 Neque
467 3349 543 3406 enim
565 3349 600 3406 dc
621 3368 680 3406 mm
702 3348 841 3405 duntaxat
860 3345 980 3403 Christo
1005 3343 1063 3402 illie
1084 3362 1181 3403 sermo
1195 3340 1247 3400 lsa-

108 3428 210 3500 betur,
229 3427 279 3485 sed
301 3426 336 3484 de
357 3437 421 3484 toto
443 3427 570 3484 humano
595 3444 713 3505 genere.
773 3422 923 3497 Quoniam
954 3419 1130 3499 acquirenda
1160 3417 1248 3477 nobis

109 3516 177 3563 erat
196 3503 343 3563 aCbristo
362 3503 494 3575 victoria,
514 3500 692 3582 generaliter
712 3499 882 3578 pronuntiat
901 3497 999 3566 Deus,
1027 3509 1163 3586 posteros
1183 3516 1248 3552 snu-

110 3581 194 3640 lieris
212 3583 379 3658 superiores
406 3581 471 3638 lore
496 3577 623 3637 diabolo.
682 3575 770 3633 Unde
795 3575 939 3651 sequitur,
971 3572 1119 3632 Christum
1141 3591 1174 3629 ex
1194 3570 1248 3628 hu·

108 3676 330 3735 monogenem
351 3676 412 3716 csse
432 3656 635 3735 progenitum:
658 3652 725 3730 quia
746 3652 899 3710 consilium
912 3650 968 3708 Dei
990 3660 1033 3709 est
1050 3650 1150 3721 Evam,
1163 3666 1249 3726 quam

107 3733 282 3812 alloquitur,
304 3734 382 3793 bona
401 3753 452 3825 spe
472 3734 598 3813 erigere,
618 3749 656 3786 ne
675 3727 805 3786 moerori
823 3725 1002 3787 succumbat.
1225 3795 1233 3811 ι

190 3816 218 3874 3.
257 3811 284 3868 'l'
287 3811 443 3869 estimonio
463 3809 513 3867 ubi
534 3807 666 3866 Christus
686 3823 786 3863 semen
806 3802 942 3861 Abrahae
964 3814 994 3862 et
1013 3801 1124 3859 fructus
1138 3808 1248 3855 ventus

110 3887 233 3948 Davidis
247 3898 377 3961 vocatur,
395 3908 455 3946 non
471 3887 565 3943 minus
579 3881 666 3941 stulte
679 3900 765 3959 quam
779 3878 912 3957 improbe
923 3877 1069 3959 allegoriis
1083 3875 1251 3935 involvunt.

110 3967 189 4025 Nam
209 3963 232 4022 si
253 3961 412 4043 allegorice
432 3964 558 4041 positum
581 3970 655 4017 esset
674 3977 783 4015 nomen
805 3957 941 4029 sesuiois,
961 3953 1070 4014 Paulus
1091 3965 1170 4010 certe
1192 3950 1248 4009 hoc

112 4062 178 4101 nou
197 4040 348 4112 tacuisset,
379 4040 428 4099 ubi
454 4039 532 4097 clare
558 4047 588 4094 et
612 4034 674 4093 sine
700 4034 792 4113 figura
818 4032 957 4104 assumat,
983 4051 1044 4089 non
1071 4048 1133 4087 esse
1152 4026 1251 4106 plures

113 4115 252 4177 Abrabae
281 4115 356 4175 filios
389 4116 607 4193 redemptores,
645 4109 695 4170 sed
732 4128 821 4167 unum
859 4108 1007 4167 Christum
1035 4103 1247 4183 (Gal.3,16.).

116 4191 255 4251 Eiusdem
274 4204 318 4252 est
337 4192 459 4265 farinae,
490 4188 569 4268 quod
590 4185 771 4247 'obtendunt
800 4205 863 4243 non
893 4184 977 4244 aliter
997 4181 1096 4242 vocari
1127 4177 1250 4237 llavidis

117 4266 224 4341 hlium,
242 4266 297 4328 nisi
313 4273 380 4348 quia
400 4267 558 4349 promissus
579 4265 691 4336 luerat,
711 4274 741 4320 et
767 4281 821 4318 suo
840 4262 955 4319 demum
975 4271 1034 4318 tem
1058 4275 1109 4317 ore
1130 4255 1185 4314 l'uit
1205 4272 1252 4311 ex·

122 4343 239 4407 bibitus.
283 4344 443 4429 Postquam
475 4343 553 4405 euim
577 4341 668 4401 filium
692 4336 814 4399 Davidis
838 4336 1000 4399 nominavit
1051 4334 1133 4395 aulus
1151 4330 1254 4411 (llum.
