2700 4732
111 220 170 283 112
497 210 575 274 un.
595 212 620 273 l.
659 211 749 275 CAP.
768 211 850 273 xlv.

110 357 211 441 egredi
231 357 387 418 allectante
418 356 592 438 quasivero
612 356 643 417 in
663 368 722 417 um
742 355 838 437 ampla
857 356 934 417 coeli
950 367 985 415 et
1007 354 1253 417 terraelcircurn-

109 436 251 509 lerentia,
275 455 338 495 non
358 433 426 495 satis
451 433 542 493 multa
562 444 721 494 occurrant
740 455 815 513 quac
835 431 1040 494 inaestimabili
1059 453 1114 494 suo
1134 432 1253 513 fulgore

109 512 289 573 absorbeant
307 531 408 571 sensus
428 529 531 571 omues
551 523 684 570 nostros:
709 509 790 589 quasi
815 510 889 570 intra
914 530 1136 570 serranorum
1162 509 1253 571 millia

109 610 172 649 non
193 588 261 648 satis
280 588 372 647 multa
393 586 570 648 documenta
591 586 717 647 ediderit
735 586 832 662 Deus,
859 587 888 645 in
933 607 1038 645 uorum
1057 586 1170 645 assidua
1189 608 1253 647 nae-

109 664 252 725 ditatione
279 675 393 724 mentes
418 675 536 723 nostrae
560 684 592 723 se
616 675 778 723 exerceant.
821 609 1058 743 Ergobibenter
1083 682 1253 727 maneamus

109 741 216 801 inclusi
248 739 291 800 bis
317 738 470 813 cancellis,
503 724 610 819 quibu's
635 760 690 799 nos
718 740 958 799 circumscribere
979 737 1058 798 Deus
1078 738 1191 813 voluit,
1222 750 1253 801 et

109 818 193 899 quasi
212 828 326 877 nterrtcs
347 828 462 876 nostras
483 816 671 889 contrahere,
691 836 729 874 ne
749 816 870 895 vagandi
892 814 1008 875 licentia
1028 814 1213 875 diffluerent.

185 898 216 958 2.
254 892 394 953 Eiusdem
420 891 542 953 rationis
563 904 606 952 est
631 892 711 971 quod
736 905 836 951 narrat
854 894 972 965 Moses,
1001 912 1063 951 non
1084 903 1251 969 momento,

108 970 161 1032 aed
186 990 235 1029 sex
261 968 364 1028 diebus
390 966 556 1028 absolutum
582 968 670 1027 luisse
689 968 747 1028 Dei
773 989 855 1048 opus.
899 968 973 1027 Nam
995 980 1025 1026 et
1049 967 1102 1027 bac
1122 969 1252 1028 circum·

108 1046 213 1107 stantia
238 1044 274 1104 ab
297 1043 433 1105 omnibus
453 1044 599 1136 figmentis
624 1042 791 1124 colligimur
811 1044 847 1104 ad
872 1045 992 1104 unicum
1012 1045 1126 1116 Deum,
1147 1045 1198 1124 qui
1218 1044 1250 1105 in

108 1143 158 1184 sex
178 1122 240 1181 dies
261 1142 335 1201 opus
354 1142 437 1181 suurn
459 1121 588 1201 digessit,
609 1140 646 1180 ne
666 1124 822 1181 molestum
843 1122 930 1181 nobis
944 1134 1020 1181 esset
1040 1120 1070 1179 in
1092 1120 1154 1181 eius
1175 1140 1251 1181 con·

109 1199 290 1260 sideratione
310 1196 449 1276 occupari
469 1210 536 1258 toto
553 1199 628 1257 vitae
648 1219 743 1258 cursu.
783 1198 926 1272 Quamvis
948 1197 1025 1256 enim
1046 1196 1125 1255 oculi
1145 1196 1251 1271 nostri,

108 1274 138 1334 in
160 1293 364 1354 quantacunque
383 1287 496 1353 partem
516 1294 546 1333 se
558 1286 683 1347 vertant,
703 1287 851 1355 coguntur
872 1275 902 1333 in
923 1294 1046 1353 operum
1059 1272 1117 1331 Dei
1138 1272 1250 1333 intuitu

106 1351 235 1413 uersari:
256 1349 387 1411 videmus
406 1362 502 1410 tamen
515 1372 602 1429 quam
623 1352 697 1409 lluxa
718 1353 756 1410 sit
774 1351 901 1410 attentio
924 1364 955 1410 et
973 1371 1059 1429 quam
1080 1350 1141 1409 cito
1162 1368 1249 1431 prae·

108 1426 273 1501 tervolcnt,
292 1426 317 1487 si
336 1446 412 1507 quae
438 1448 492 1489 nos
517 1438 639 1509 tangant
664 1428 735 1519 piae
759 1428 965 1521 cogitationes.
1007 1426 1063 1484 llic
1083 1427 1171 1485 etiam
1192 1426 1249 1485 ob-

108 1504 214 1583 strepit
234 1503 358 1564 humana
380 1504 467 1578 ratio,
487 1504 568 1584 quasi
587 1506 672 1563 aller
694 1516 826 1585 potentia
846 1503 934 1564 alieni
955 1503 1063 1561 suerint
1085 1502 1158 1563 tales
1178 1522 1248 1581 pro·

18 1628 22 1641 .
132 1601 241 1656 sessus,
272 1580 370 1641 donec
400 1582 519 1642 subacta
544 1580 581 1640 ad
605 1580 673 1640 fidei
694 1581 868 1660 obsequium
889 1580 1018 1659 quietem
1043 1577 1121 1639 illam
1147 1579 1248 1640 coiere

108 1600 210 1728 discit,
234 1656 271 1716 ad
292 1679 378 1737 quam
399 1678 454 1717 nos
475 1658 578 1717 inritat
596 1658 713 1736 septimi
735 1656 791 1717 diei
811 1657 1013 1717 sanctificatio.
1052 1655 1089 1715 ln
1110 1656 1175 1735 ipso
1195 1675 1249 1715 au-

107 1746 170 1794 tem
191 1732 296 1793 ordine
316 1754 414 1794 rerum
436 1735 595 1816 diligenter
614 1735 843 1795 considerandus
864 1745 908 1793 est
928 1745 1067 1813 paternus
1087 1730 1145 1791 Dei
1163 1752 1249 1793 anaor

107 1831 178 1892 erga
199 1810 358 1870 humanum
373 1830 477 1892 genus,
519 1811 578 1870 uod
598 1832 660 1870 non
680 1823 749 1871 ante
760 1810 869 1872 creavit
880 1808 985 1882 Adam,
998 1830 1085 1899 quarn
1105 1808 1248 1869 mundum

108 1886 191 1947 omni
220 1888 368 1947 bonorum
396 1888 483 1967 eopia
497 1834 727 1966 locupletasset.
775 1890 850 1947 Nam
870 1890 894 1946 si
916 1907 982 1946 eum
1003 1907 1033 1944 sn
1053 1897 1133 1945 terra
1153 1882 1250 1945 adbuc

106 1961 200 2025 sterili
220 1976 250 2023 et
268 1984 357 2024 vacua
378 1962 514 2039 locasset,
534 1964 558 2023 si
577 1964 665 2023 vitam
687 1964 815 2025 dedisset
833 1975 902 2023 ante
922 1962 1029 2035 lucem,
1047 1961 1124 2022 visus
1146 1960 1252 2022 luisset

107 2041 169 2101 eius
190 2040 308 2100 utilitati
329 2062 431 2119 parum
451 2040 615 2101 consulere.
652 2041 741 2101 Nunc
760 2041 812 2102 ubi
838 2038 908 2101 solis
929 2051 959 2099 et
983 2051 1128 2099 astrorum
1148 2050 1248 2099 motus

108 2117 253 2196 disposuit
272 2117 308 2176 ad
329 2138 396 2176 usus
416 2115 576 2191 humanos,
602 2127 727 2190 terram,
751 2138 854 2197 aquas,
880 2121 980 2176 adrem
1008 2113 1180 2175 animalibus
1200 2132 1250 2175 re·

105 2192 211 2273 plevit,
233 2192 349 2273 frugum
371 2193 502 2253 omnium
522 2192 731 2253 abundantiam
751 2194 884 2273 protulit,
905 2212 978 2271 quae
999 2192 1143 2252 alimentis
1163 2190 1250 2251 sold-

107 2280 202 2330 cerct:
223 2290 320 2328 curam
341 2269 455 2348 providi
476 2280 506 2328 et
525 2268 619 2328 seduli
644 2270 859 2349 patrisfamilias
886 2268 1062 2350 suscipiens,
1092 2267 1249 2329 mirificam

107 2365 178 2427 erga
198 2366 252 2405 nos
271 2366 352 2405 suern
373 2346 538 2405 bonitatem
558 2346 698 2408 ostendit
739 2347 827 2421 Quae
848 2346 977 2404 breviter
997 2355 1110 2405 tanturn
1131 2342 1248 2421 delibo,

106 2424 131 2482 si
156 2421 280 2500 quisque
306 2421 447 2481 attentius
471 2422 550 2501 apud
580 2442 612 2483 se
643 2423 801 2503 expendat,
831 2422 979 2482 constabit
998 2422 1104 2481 Mosen
1129 2432 1248 2483 certum

106 2498 192 2559 unius
205 2498 263 2556 Dei
284 2498 428 2558 creatoris
448 2509 552 2557 testem
573 2519 607 2559 ac
626 2519 803 2579 praeconem
826 2498 922 2558 luisse.
962 2496 1079 2557 Omitto
1093 2516 1170 2576 quae
1189 2498 1249 2558 ian

106 2594 140 2634 ex
164 2574 244 2646 osui,
280 2595 341 2634 non
369 2574 405 2633 de
430 2575 507 2634 nuda
530 2586 646 2635 tantum
666 2575 725 2633 Dei
752 2577 876 2635 essentia
900 2574 959 2634 illic
984 2574 1048 2633 lieri
1068 2594 1250 2649 sermonem,

105 2594 160 2712 sed¹
177 2662 325 2709 aeternam
347 2671 467 2730 quoque
488 2651 550 2711 cius
575 2653 750 2731 sapientiam
775 2664 805 2711 et
825 2652 967 2731 Spiritum
994 2650 1081 2710 nobis
1105 2650 1248 2729 proponi,

106 2746 145 2786 ne
165 2725 252 2816 alium
265 2727 362 2787 Deum
382 2727 572 2805 somniemus,
591 2749 679 2809 quam
699 2729 749 2809 qui
769 2728 801 2788 in
821 2728 871 2790 illa
891 2747 1024 2808 expressa
1044 2727 1174 2809 imagine
1184 2726 1249 2789 volt

105 2824 122 2863 a
146 2824 237 2863 nosci.

124 2824 144 2886 g
180 2886 210 2944 3.
250 2879 310 2939 Sed
334 2893 490 2960 antequam
517 2880 554 2941 de
579 2880 706 2943 bominis
732 2893 835 2942 natura
860 2880 975 2961 plenius
1001 2879 1146 2941 disserere
1170 2878 1248 2941 inei-

105 2956 184 3036 piam
203 2958 283 3035 (cap.
303 2963 350 3021 15.
372 2969 402 3016 et
422 2957 474 3017 lib.
494 2964 522 3021 2.
544 2980 569 3019 c.
589 2960 648 3095 tp,
673 2959 781 3038 aliquid
803 2959 839 3018 de
864 2958 974 3039 angelis
1000 2957 1133 3017 inserere
1153 2976 1247 3039 opor-

103 3044 165 3093 tet:
190 3034 260 3112 quia
281 3035 335 3093 etsi
354 3035 452 3094 Moses
471 3035 551 3127 vulgi
570 3057 605 3095 ru
628 3036 691 3094 itati
712 3056 743 3094 se
763 3034 1002 3106 accommodans,
1027 3054 1089 3093 non
1110 3032 1166 3095 alia
1187 3030 1245 3095 net

105 3129 197 3190 opera
217 3123 431 3170 commemorat
454 3110 485 3169 in
506 3110 627 3173 historia
648 3113 821 3183 creationis,
840 3111 897 3170 nisi
919 3130 993 3190 quae
1019 3110 1113 3170 oculis
1137 3108 1246 3171 notuit

104 3198 279 3247 occurrunt:
304 3185 357 3245 ubi
376 3198 475 3245 tamen
495 3200 598 3267 postea
617 3188 739 3280 angelos
759 3188 818 3247 Dei
837 3188 985 3249 ministros
1005 3184 1133 3264 inducit,
1158 3186 1244 3249 eolli-

104 3282 177 3357 gcre
197 3261 281 3322 facile
301 3261 370 3323 licet
390 3283 492 3322 eorum
505 3283 567 3324 esse
580 3264 777 3337 conditorem,
797 3265 846 3323 cni
865 3285 945 3323 suam
957 3284 1076 3344 operam
1098 3276 1130 3324 et
1148 3262 1244 3327 officia

103 3338 288 3419 impendunt
329 3338 469 3413 Quamvis
489 3360 561 3421 ergo
581 3341 680 3401 Moses
700 3341 883 3420 populariter
903 3337 1044 3418 loquens,
1063 3360 1127 3400 uon
1146 3340 1242 3401 statim

105 3435 122 3476 a
142 3414 243 3495 primis
262 3414 435 3478 rudimentis
460 3419 581 3553 angelos
601 3418 781 3477 recensuerit
806 3418 884 3476 inter
902 3416 963 3476 Dei
983 3426 1145 3477 creaturan
1171 3410 1252 3477 nibil·

103 3504 202 3552 tamen
221 3503 301 3550 vetat
321 3495 477 3571 quominus

104 3566 178 3631 alibi
209 3568 315 3647 passini
338 3567 434 3659 ‘docet
465 3568 633 3660 §cripturag
667 3591 734 3648 quta
764 3571 788 3631 si
815 3570 915 3629 Deum
946 3589 980 3628 ex
1012 3569 1153 3650 operibus
1185 3586 1241 3631 astet

104 3666 121 3705 a
145 3664 267 3735 noscere
279 3666 421 3725 cupimus,
441 3667 561 3706 manime
572 3647 769 3736 omittendum
789 3658 834 3707 est
853 3658 911 3736 tam
931 3646 1115 3737 praeclarum
1136 3657 1167 3705 et
1186 3664 1241 3705 no·

104 3664 165 3783 hbe
183 3739 342 3813 specimen.
380 3721 467 3780 atae
494 3724 574 3801 quod
601 3722 762 3783 refutandis
787 3722 884 3781 multis
909 3722 1060 3783 erronbns
1079 3722 1164 3782 valde
1189 3738 1242 3781 ne·

519 3494 607 3555 iserte
632 3506 663 3552 et
688 3495 828 3583 suplicate
849 3494 885 3553 de
905 3491 961 3553 illis
982 3493 1144 3567 tradamus,
1169 3508 1242 3583 quae

104 3817 227 3860 cessaria
247 3811 291 3857 est
310 3797 382 3856 haec
402 3819 468 3877 pars
487 3799 649 3859 doctrinae.
694 3790 857 3860 Multorum
877 3811 991 3859 mentes
1017 3799 1055 3859 ita
1075 3795 1242 3879 perstrinxit

104 3873 253 3968 angelicae
281 3886 400 3933 naturae
425 3875 617 3953 praestantia,
649 3887 684 3936 ut
708 3887 846 3954 putarent
873 3874 929 3934 illis
961 3875 1096 3935 iniuriam
1118 3870 1240 3948 lieri,si

103 3972 191 4011 unius
210 3950 270 4010 Dei
290 3949 414 4030 imperio
434 3950 558 4014 subiecti
577 3952 658 4030 quasi
677 3952 707 4010 in
728 3952 862 4033 ordinem
883 3964 1078 4033 cogerentur:
1098 3950 1167 4013 hinc
1187 3948 1241 4011 illia

104 4028 203 4089 afficta
227 4027 371 4087 divinitas.
422 4026 550 4087 Emersit
581 4028 668 4087 etiam
687 4028 875 4088 lllauicbaeus
901 4049 966 4087 cum
991 4050 1041 4089 sua
1067 4040 1162 4103 secta,
1192 4024 1241 4109 qul

104 4103 160 4165 sibi
180 4104 240 4164 duo
260 4102 402 4183 principia
424 4102 590 4178 fabricavit,
613 4103 711 4163 Deum
732 4117 763 4164 et
789 4101 955 4165 diabolum:
981 4126 1014 4164 ac
1032 4104 1101 4164 Deo
1123 4102 1241 4184 quidem

104 4178 258 4240 tribuebat
278 4179 420 4241 bonarum
440 4200 537 4239 rernm
558 4181 604 4240 ori
627 4182 719 4254 nem,
744 4180 834 4240 malas
859 4193 955 4241 autern
981 4180 1162 4241 naturas‘ad
1182 4180 1242 4241 tta·

6 4258 12 4271 ‘
102 4254 206 4315 bolum
218 4270 369 4319 auctorem
387 4254 544 4316 referebat
584 4258 597 4315 1
614 4278 651 4317 oc
662 4254 797 4317 delirium
817 4255 841 4316 si
861 4270 975 4319 mentes
994 4268 1109 4319 nostras
1126 4264 1243 4319 teneret

103 4330 267 4412 implicitas,
287 4351 348 4391 non
369 4332 597 4395 constaretDeo
617 4334 719 4396 suain
738 4332 841 4393 mundi
860 4340 1010 4396 creatione
1029 4332 1137 4417 gloria.
1164 4334 1250 4411 Nn·
