2700 4732
471 201 547 263 LIB.
566 200 623 262 111.
663 203 751 267 cte.
769 203 862 267 XXV.
1186 206 1242 270 181

112 347 207 411 crucis
224 346 329 408 vexillo
348 357 464 407 exercet
480 347 571 420 Dens,
590 359 622 408 et
635 349 776 411 victoriae
795 349 882 411 laude
900 359 994 410 ornat.
1033 346 1136 427 ltaque
1154 344 1235 408 nutta

112 425 175 484 eius
193 424 236 483 rei
256 423 401 483 dubitatio
425 423 504 483 iuter
521 423 647 484 Sanctus
666 437 731 486 orta
754 438 810 502 est,
829 426 901 505 quin
923 445 955 485 se
969 423 1085 495 ‚christi
1109 410 1231 484 cdmites

111 499 179 559 fore
197 510 364 578 sperarent:
389 498 440 577 qui
459 519 561 561 omnes
580 500 864 635 quibus-probamur
885 500 1060 561 afflictiones
1079 499 1110 557 iu
1129 517 1232 577 perso·

69 584 79 591 '
111 596 180 637 nam
198 596 278 636 suam
298 574 452 649 transfert,
474 588 509 634 ut
528 574 583 635 vivi
604 598 650 637 cas
674 598 737 637 esse
757 578 871 639 doceat.
909 578 974 637 Imo
994 588 1025 635 et
1042 585 1157 637 sanctos
1176 575 1234 633 Pa·

111 662 174 712 tres
192 652 245 711 sub
266 650 331 731 lege
351 661 468 710 externa
485 653 742 714 ceremoniaDeus
761 653 793 712 in
813 654 868 714 bac
886 653 944 713 lide
963 653 1097 712 exercuit.
1134 651 1235 724 Quor·

112 748 176 788 sum
197 729 275 786 enim
294 726 452 804 sepeliendi
472 728 554 801 ritus,
572 726 657 788 sicuti
677 741 744 788 ante
762 730 854 790 visum
874 743 932 801 cst,
952 728 1007 789 nisi
1025 740 1058 787 ut
1075 724 1234 786 reconditis

111 803 286 882 corporibus
305 803 413 862 scirent
432 816 559 881 paratum
580 824 642 864 esse
662 824 764 865 novam
783 806 888 865 vitam?
925 806 992 865 lluc
1012 815 1140 863 aromata
1159 822 1234 880 quo-

112 898 187 958 que,
217 878 329 957 aliaque
353 878 576 938 immortalitatis
594 879 726 959 symbola
744 892 927 960 spectarunt,
957 880 1061 959 quibus
1080 878 1133 939 sub
1153 878 1235 956 Lege

111 954 209 1015 adiuta
227 952 284 1013 fuit
303 973 364 1013 non
383 954 466 1013 aliter
485 976 571 1033 quam
590 956 752 1031 sacrificiis,
783 958 935 1016 doctrinae
958 955 1128 1015 obscuritas.
1171 954 1235 1013 Nee

110 1049 226 1091 morem
244 1029 326 1089 illum
345 1032 461 1109 peperit
474 1032 657 1121 superstitio:
678 1033 795 1111 quando
815 1033 943 1092 videmus
954 1031 1096 1111 §piritum
1116 1031 1146 1089 in
1167 1049 1235 1088 nar·

110 1105 383 1184 raudissepulturis
403 1126 463 1165 non
483 1128 577 1166 minus
597 1106 646 1165 dili
669 1120 753 1168 enter
771 1109 904 1168 insistere
917 1128 1002 1187 quam
1021 1110 1052 1166 in
1071 1104 1235 1185 praecipuis

111 1182 182 1243 lidei
201 1182 352 1260 mysteriis.
401 1181 440 1240 Et
461 1182 593 1241 Christus
618 1127 747 1244 ofbcium
775 1184 833 1244 boc
860 1196 999 1263 tanquam
1029 1203 1091 1243 non
1115 1181 1235 1271 vulgare

90 1257 435 1335 'commendat(lllattb.
454 1260 602 1334 26,10.),
627 1260 762 1320 nonalia
783 1272 862 1320 certe
883 1259 918 1317 de
939 1280 1037 1333 causa,
1058 1259 1112 1317 uisi
1132 1276 1199 1336 quia
1219 1274 1236 1314 a

112 1332 254 1414 sepulcri,
274 1334 353 1423 quod
374 1334 470 1392 omnia
491 1336 653 1468 corrumpiqt
678 1348 709 1395 et
727 1336 841 1410 abolet,
864 1334 972 1394 intuitu
989 1337 1019 1394 in
1039 1332 1236 1412 spectaculum

111 1410 313 1471 renovationis
332 1408 434 1469 oculos
453 1408 570 1469 attollit.
643 1423 774 1472 caeterea
800 1426 859 1473 tam
883 1411 982 1471 sedula
1001 1409 1168 1470 observatio
1187 1426 1237 1467 ce·

111 1486 263 1546 maroniae
282 1506 357 1564 quae
382 1485 515 1544 laudatur
539 1485 568 1544 in
588 1486 738 1562 Patribus,
768 1490 836 1549 satis
865 1487 1039 1565 comprobat
1061 1506 1155 1545 rarum
1181 1482 1237 1542 illis
1288 1548 1299 1563 .

111 1562 201 1623 fuisse
219 1572 250 1621 et
290 1563 428 1620 retiosum
447 1560 516 1619 fidei
536 1560 749 1622 adminiculum.
792 1566 897 1641 Neque
916 1564 993 1621 enim
1013 1562 1087 1622 adeo
1112 1558 1237 1621 sollicite

111 1648 241 1699 curasset
258 1582 406 1697 libratam
424 1637 520 1695 uxoris
544 1636 708 1717 sepulcrum
728 1639 822 1718 (Gen.
840 1646 894 1708 ts,
912 1646 939 1701 4.
960 1639 1086 1713 et19·)2
1113 1637 1169 1696 uisi
1189 1653 1237 1693 re-

111 1713 184 1793 ligio
204 1712 248 1772 illi
266 1713 419 1791 proposita
439 1711 539 1771 luisset
558 1726 624 1773 ante
644 1715 762 1789 oculos,
786 1728 817 1775 et
836 1715 943 1774 utilitas
962 1715 1072 1773 mundo
1091 1710 1236 1790 superior,

111 1807 220 1868 nempe
246 1800 280 1847 ut
302 1799 448 1848 mortuum
474 1788 571 1848 uxoris
595 1810 701 1869 corpus
724 1790 886 1871 insignibus
908 1788 1130 1850 resurrectionis
1153 1806 1236 1846 eaor·

111 1886 202 1938 nans,
219 1884 299 1925 suam
319 1875 350 1923 et
367 1864 492 1922 familiae
511 1864 597 1922 fidem
618 1865 812 1925 confirmaret.
861 1866 977 1926 Clarior
995 1884 1066 1925 vero
1091 1863 1174 1923 huius
1193 1862 1237 1920 rei

111 1940 251 2023 probatio
271 1940 382 1999 eminet
399 1940 430 1999 in
450 1940 581 2019 exemplo
601 1940 692 2001 Iacob
712 1940 806 2019 (Gen.
825 1949 873 2015 47,
892 1941 970 2017 dd),
990 1941 1040 2019 qui
1060 1951 1094 1999 ut
1111 1936 1237 2017 posteris

111 2028 238 2079 testetur
256 2036 296 2075 ne
313 2026 409 2075 morte
428 2015 545 2093 quidem
565 2036 645 2094 spem
671 2028 767 2077 terrac
787 2018 945 2096 promissae
968 2018 1066 2076 animo
1086 2035 1138 2074 suo
1159 2012 1237 2074 exci-

112 2094 205 2169 disse,
234 2092 318 2151 iubet
335 2111 399 2152 ossa
418 2111 469 2150 sua
488 2090 556 2149 illuc
575 2091 689 2151 referri.
740 2095 875 2168 Quaeso,
904 2094 928 2152 si
948 2112 1026 2154 novo
1046 2110 1172 2168 corpore
1190 2089 1237 2147 in·

112 2168 247 2231 duendua
265 2179 345 2244 erat,
375 2186 477 2226 nonne
501 2167 653 2226 ridiculum
674 2168 799 2229 dedisset
823 2169 989 2228 mandatum
1010 2168 1046 2226 de
1065 2167 1185 2246 pulvere
1201 2164 1236 2223 iu

110 2245 236 2305 nibilum
254 2240 436 2325 redigendo?
467 2243 567 2317 Quare
586 2244 610 2302 si
629 2265 685 2322 qua
704 2246 781 2324 apud
800 2266 854 2305 nos
866 2244 1237 2325 vigetScripturaeaucto·

110 2322 202 2395 ritas,
227 2319 334 2380 nullius
353 2319 504 2380 doctrinae
530 2318 636 2378 clarior
659 2319 705 2379 vel
730 2322 839 2381 certior
865 2320 1021 2381 desiderari
1047 2329 1144 2397 potest
1163 2335 1236 2396 pro-

112 2395 205 2459 batio.
242 2396 312 2457 floc
329 2397 421 2475 ipsum
443 2395 539 2475 pueris
557 2407 665 2456 sonant
680 2400 894 2457 resumctioscs's
913 2409 943 2456 et
959 2394 1117 2455 suscitandi
1133 2412 1235 2454 voces:

112 2472 309 2551 nequeenim
334 2491 487 2551 resurgere
507 2471 634 2530 dicemus
659 2473 738 2552 quod
764 2482 851 2533 nunc‘
869 2472 993 2553 primum
1019 2483 1148 2544 creatur,
1178 2486 1236 2528 nee

112 2559 203 2609 staret
222 2547 292 2607 illud
313 2547 422 2607 Christi
440 2549 500 2624 (lo.
519 2555 548 2619 6,
566 2549 643 2622 dil->2
674 2548 845 2628 „Quicquid
871 2550 951 2608 dedit
976 2548 1048 2607 mibi
1067 2547 1154 2606 Pater
1173 2564 1235 2603 non

112 2625 233 2704 peribit,
251 2623 302 2684 sed
322 2623 466 2683 suscitabo
487 2624 557 2681 illud
578 2624 608 2680 in
628 2625 784 2685 novissimo
804 2626 883 2684 die.“
920 2625 1034 2684 Eodem
1054 2623 1148 2682 tendit
1166 2618 1236 2678 clos·-

79 2760 82 2765 ,
113 2697 221 2760 monde
238 2698 372 2772 verbum,
392 2699 471 2778 quod
492 2698 607 2758 nonnisi
626 2699 655 2758 in
676 2721 801 2779 corpora
820 2701 970 2779 competit.
1008 2699 1096 2757 Unde
1115 2710 1146 2755 et
1165 2701 1236 2754 coe·

57 2844 61 2849 ¹
112 2775 243 2836 meteriis
261 2796 370 2834 nomeu
389 2776 427 2834 im
451 2775 567 2835 ositum.
586 2809 622 2819 -
649 2776 788 2853 Superest
807 2789 841 2834 ut
860 2778 896 2833 de
915 2770 1234 2834 resurrectionismodo

57 2866 62 2873 '
113 2850 224 2930 aliquid
249 2850 382 2910 delibem.
424 2796 491 2910 iloc
510 2850 601 2911 verbo
622 2862 705 2923 utor,
751 2852 795 2909 uia
815 2851 920 2911 Paulus
943 2850 1112 2928 mysterium
1131 2865 1237 2907 vocans

57 2926 66 2937 '
112 2928 155 3006 (I.
172 2924 389 3003 Cor.15,51.),
408 2926 442 2984 ad
462 2926 649 2985 sobrietatem
669 2872 886 2999 nosbortatur,
905 2937 937 2985 ut
956 2925 1074 2985 liberius
1093 2923 1236 3004 argutius·

64 3006 70 3013 '
137 3022 173 3062 ue
197 3002 421 3083 philosophandi
453 3001 600 3061 licentiam
628 3002 733 3061 frenet.
782 3002 883 3063 Primo
908 3002 1067 3061 tenendum
1092 2994 1235 3076 estquod

113 3026 320 3141 diximus·nos
349 3080 379 3137 in
406 3078 506 3137 eadem
526 3100 610 3157 quam
636 3089 779 3159 gestamus
798 3099 884 3139 carne
904 3090 1117 3137 resurrecturos
1158 3071 1236 3135 uoad

57 3182 67 3189 ·
113 3154 316 3230 substantiam,
334 3155 384 3215 sed
405 3154 572 3233 qualitatem
592 3154 676 3213 aliam
697 3154 775 3214 lore:
794 3155 879 3215 sicuti
898 3176 986 3232 quum
1006 3153 1105 3213 cadem
1126 3096 1237 3211 ἆιιίιιί

57 3248 67 3271 ²
114 3252 201 3303 caro,
221 3232 346 3310 quaein
366 3232 506 3290 victimam
527 3229 626 3289 oblata
645 3229 755 3305 suerat,
773 3232 905 3292 suscitata
927 3231 1028 3304 luerit,
1057 3229 1118 3288 aliis
1137 3238 1236 3285 tamen

115 3307 235 3368 dotibus
248 3307 391 3381 excelluit,
410 3308 466 3365 acsi
487 3306 541 3364 alia
561 3327 677 3384 prorsus
697 3306 784 3367 soret.
824 3307 913 3381 Quod
924 3307 1029 3366 Paulus
1049 3301 1237 3363 familiaribus

115 3382 256 3461 exemplis
274 3383 401 3444 declarat
412 3382 495 3460 (ibid.
506 3405 531 3440 v.
541 3386 612 3457 39.).
636 3385 710 3442 Nam
729 3383 804 3442 sicut
821 3381 961 3443 humanae
972 3395 1001 3441 et
1012 3381 1158 3442 belluinae
1172 3397 1235 3437 car·

113 3459 162 3520 nis
182 3457 283 3517 eadem
302 3472 346 3520 est
364 3458 536 3531 substantia,
560 3480 620 3517 non
642 3458 777 3537 qualitas:
809 3459 898 3518 stellis
917 3458 1052 3518 omnibus
1072 3456 1172 3515 eadem
1192 3462 1237 3512 est

111 3535 254 3609 materia,
282 3536 396 3596 claritas
426 3534 548 3593 diversa:
580 3536 620 3593 ita
641 3555 805 3614 quanquam
835 3535 1024 3595 retinebimus
1047 3530 1236 3592 substantiam

57 3620 68 3653 ·'
112 3611 250 3689 corporis
292 3611 484 3669 mutationem
515 3610 579 3668 sore
600 3610 699 3669 docet:
732 3623 764 3669 ut
786 3611 876 3691 longe
895 3609 1090 3690 praestantior
1107 3609 1144 3667 sit
1163 3624 1237 3664 con·

111 3686 202 3748 ditio.
249 3653 365 3763 ilorpus
385 3706 456 3765 ergo
476 3685 680 3764 corruptibile,
700 3699 732 3745 ut
750 3686 936 3760 suscitemur,
966 3706 1027 3744 non
1055 3683 1162 3762 peribit
1181 3699 1237 3739 nec

110 3772 283 3823 evanescet:
301 3763 352 3821 sed
368 3763 479 3831 induet,
500 3761 630 3839 deposita
641 3763 841 3842 corruptione,
858 3761 1119 3840 incorruptionem.
1150 3756 1236 3830 Quo·

57 3848 68 3881 ι’
107 3840 196 3901 niam
216 3856 284 3895 vero
308 3838 450 3897 elementa
470 3838 550 3896 Deus
574 3838 671 3897 omnia
701 3852 818 3917 praesto
848 3838 935 3897 babet
959 3840 996 3895 ad
1020 3856 1102 3897 suum
1123 3846 1236 3905 nutum,

64 3928 67 3933 '
107 3912 198 3975 nulla
219 3930 283 3970 eum
302 3914 454 3973 difficultas
474 3914 622 3991 impediet,
641 3914 796 4005 quominus
816 3926 846 3973 et
863 3926 959 3973 terrae
978 3925 1008 3972 et
1026 3911 1107 3991 aquis
1127 3922 1157 3969 et
1175 3909 1237 3989 igni

107 3992 260 4066 imperet,
291 4001 323 4048 ut
346 3991 424 4069 qnod
449 3989 564 4049 videtur
593 3990 629 4049 ab
654 3990 711 4049 ullis
735 4001 937 4068 consumptum
967 3984 1100 4048 reddant.
1144 3983 1236 4057 Quod

57 4098 63 4105 ·
107 4064 224 4132 etiam,
252 4062 319 4122 licet
345 4087 405 4124 non
430 4064 538 4143 absque
556 4065 665 4144 figura,
687 4065 791 4125 lesaias
810 4078 931 4125 testatur
949 4064 1013 4141 (26,
1030 4064 1107 4137 21.):
1137 4060 1237 4135 „Ecce

107 4135 285 4218 „Dominus
304 4141 470 4222 egredietur
490 4142 526 4199 de
546 4140 613 4200 loco
632 4161 696 4216 suo,
715 4152 748 4200 ut
761 4141 858 4201 visitet
874 4142 1057 4220 iniquitatem
1074 4149 1187 4196 terrae:
1206 4146 1238 4195 et

57 4230 66 4257 ¹
107 4225 223 4293 „terra
244 4212 440 4298 discooperiet
463 4211 633 4298 sanguinem
653 4238 754 4291 suum,
781 4236 877 4296 neque
900 4226 983 4298 teget
1005 4212 1126 4294 amplius
1143 4212 1238 4271 inter-

87 4286 239 4370 -‚‚tcetos
255 4298 351 4353 suos}t
393 4290 454 4353 Sed
472 4292 632 4356 anundum
650 4304 695 4355 est
713 4292 866 4357 discrimen
889 4292 1039 4355 intereos
1057 4287 1241 4372 quipridem
1335 4322 1339 4339 ·
