2596 4726
780 70 787 107 l

460 209 537 271 ΠΒ.
556 210 611 271 IV.
651 206 741 273 Cbl’.
759 208 814 277 IV·
1148 215 1209 279 ²23

70 355 202 416 numiam
223 366 452 436 composnerunt
471 354 507 415 ad
528 354 645 416 unicam
665 354 744 416 illam
764 353 847 416 verbi
866 353 925 417 Dei
942 373 1093 427 normam,
1110 365 1144 417 ut
1163 355 1208 419 la·
1255 382 1258 387 ·

69 435 129 493 cile
152 432 250 492 videas
276 432 349 492 nibil
375 433 440 494 lere
464 432 518 494 bac
549 440 632 514 parte
663 432 798 493 babuisse
822 451 839 492 a
864 430 957 493 verbo
981 432 1040 492 Dei
1069 432 1208 495 alienum.

70 511 183 569 Verum
205 510 292 568 etiam
313 510 426 589 siquid
457 510 550 589 possit
574 511 606 571 in
630 509 761 590 ipsorum
781 508 920 569 institutis
941 507 1114 585 desiderari,
1139 512 1208 591 quia

68 600 170 647 tamen
190 585 304 645 sincero
325 586 422 647 studio
444 588 543 647 conati
563 597 632 647 sunt
650 586 708 646 Dei
733 585 947 646 institutionem
967 606 1156 662 conservare,
1177 599 1208 649 et

70 663 107 724 ab
130 683 162 723 ea
187 683 247 721 non
274 663 395 737 multum
423 662 613 734 aberrarunt,
643 663 801 742 plurimum
832 663 979 723 conducet
1005 661 1052 723 bic
1077 663 1208 725 breviter

71 739 225 820 colligere,
245 740 359 818 qualem
381 739 615 799 observationem
635 738 800 798 habuerint
840 739 1095 814 Quemadmodum
1116 741 1208 800 tradi·

72 818 167 876 dimus
186 816 315 907 triplices
336 816 483 875 ministros
503 816 589 875 nobis
608 815 807 875 commendari
826 813 857 874 in
878 815 1045 895 Scriptura,
1064 816 1104 875 ita
1124 817 1208 896 quic-

70 894 143 971 quid
163 893 362 952 mimstrorum
389 892 489 951 babuit
508 905 590 953 vetus
615 891 751 962 ecclesia,
781 892 811 950 in
843 903 903 952 tres
927 892 1045 953 ordines
1066 892 1207 955 distinxit.

68 973 148 1031 Nam
170 966 202 1026 ex‘
213 969 317 1028 ordine
334 968 572 1048 presbyterorum
588 970 691 1047 partim
704 967 891 1050 eligebantur
910 980 1041 1048 pastores
1053 990 1088 1030 ac
1100 969 1208 1031 docto-

69 1067 135 1107 res:
156 1045 268 1125 reliqua
289 1066 355 1125 pars
375 1065 513 1105 censurae
533 1066 648 1104 morum
669 1056 700 1104 et
710 1044 945 1105 correctionibus
964 1057 1108 1124 praeerat.
1134 1046 1208 1107 Dia·

70 1122 158 1183 conis
178 1122 330 1181 commissa
350 1134 412 1180 erat
431 1144 498 1182 cura
519 1140 678 1202 pauperum
698 1133 728 1182 et
747 1119 998 1201 eleemosynarum
1020 1123 1207 1212 dispensatio.

69 1201 214 1259 Lectores
238 1209 335 1257 autem
363 1209 393 1256 ct
415 1197 555 1258 Acolutbi
580 1198 633 1275 (cl.
654 1218 717 1278 cap.
737 1204 783 1263 19.
802 1219 825 1257 s.
844 1204 892 1263 22.
912 1201 972 1278 sq.)
997 1219 1117 1259 nomina
1142 1219 1206 1261 uon

70 1287 158 1336 erant
177 1285 325 1334 certorum
345 1294 514 1334 munerum:
540 1295 639 1334 verum
665 1295 739 1353 quos
760 1273 892 1336 Clericus
912 1274 1074 1352 vocabant,
1095 1295 1146 1336 eos
1166 1274 1205 1337 ab

69 1351 269 1413 adolescentia
289 1352 376 1412 certis
396 1352 536 1411 exercitiis
557 1351 785 1410 assuefaciebaut
803 1351 839 1409 ad
859 1352 1044 1412 serviendum
1056 1351 1208 1428 ecclesiae,

69 1450 133 1509 quo
154 1428 256 1487 melius
276 1426 476 1509 intelligerent
495 1448 633 1507 quorsum
654 1439 751 1488 essent
770 1426 920 1501 destinati,
946 1440 976 1487 et
996 1429 1156 1508 paratiores
1175 1429 1207 1489 iu

69 1518 207 1584 tempore
227 1505 263 1563 ad
284 1505 412 1563 officium
434 1506 623 1565 accederent:
645 1514 677 1563 ut
697 1502 842 1583 copiosius
863 1524 930 1563 mox
942 1505 1104 1564 ostendam.
1144 1506 1206 1567 lte-

70 1603 132 1663 que
152 1583 349 1660 Hieronymus
366 1581 411 1658 ·[in
431 1581 487 1641 les.
509 1603 573 1661 cap.
593 1579 649 1660 92],
669 1580 720 1640 ubi
740 1580 810 1659 quin
834 1601 870 1639 ue
889 1581 1045 1660 proposuit
1065 1581 1206 1642 ecclesiae

69 1659 201 1731 ordines,
222 1668 374 1717 enumerat
392 1657 571 1737 Episcopus,
592 1657 800 1733 Presbyteros,
813 1603 979 1729 iliaconos,
998 1655 1125 1731 Fideles,
1145 1657 1206 1719 Ca-

66 1735 277 1871 teqlrumenos:
303 1733 423 1814 'reliquo
449 1735 530 1795 clero
557 1746 587 1794 et
610 1733 761 1794 monachis
789 1735 888 1794 locum
913 1733 1067 1814 proprium
1092 1732 1205 1794 nullum

66 1813 109 1872 tri
132 1810 183 1870 uit.
925 1870 929 1876 ,
1077 1861 1082 1872 .

145 1893 174 1951 2
215 1886 333 1960 Quibus
354 1907 426 1968 ergo
453 1885 579 1947 docendi
607 1908 714 1948 munus
738 1887 899 1947 iniunctum
925 1897 1000 1961 crat,
1028 1907 1081 1948 ens
1101 1905 1205 1949 omnes

66 1963 264 2024 nominabant
283 1965 480 2045 presbyteros.
519 1963 567 2023 Illi
587 1984 621 2024 ex
639 1986 693 2025 suo
714 1963 888 2023 numeroiu
907 1964 1028 2044 singulis
1040 1964 1206 2027 civitatibus

68 2061 162 2101 uuum
182 2040 348 2123 eligebant,
379 2041 424 2101 cui
454 2041 619 2120 specialiter
643 2039 751 2101 dabant
778 2038 896 2101 titulum
926 2039 1072 2121 ciscopi:
1103 2060 1142 2101 ne
1171 2060 1206 2101 ex

67 2118 243 2197 aequlitate,
272 2128 307 2176 ut
331 2118 395 2177 beri
414 2116 506 2189 solet,
536 2116 651 2178 dissidia
676 2127 874 2177 nascerentur.
921 2062 1026 2210 bique
1046 2129 1143 2178 tamen
1163 2106 1206 2179 sic

67 2193 187 2254 bonore
206 2205 237 2253 ct
256 2193 398 2277 dignitate
418 2193 553 2272 superior
572 2205 635 2253 erat
651 2195 817 2275 episcopus,
837 2192 1040 2254 utdommrum
1059 2193 1090 2253 in
1112 2194 1206 2255 colle-

10 2276 13 2283 '
90 2289 121 2330 as
141 2270 278 2331 baberet:
305 2271 356 2330 sed
376 2292 446 2349 quas
470 2281 567 2349 portes
594 2269 684 2330 babet
703 2270 816 2333 Consul
836 2271 865 2329 in
887 2271 1014 2345 Senatu,
1038 2283 1071 2331 ut
1096 2271 1206 2332 referat

66 2289 106 2407 dc
127 2347 264 2429 negotiis,
283 2348 441 2408 sententias
464 2358 561 2428 roget,
580 2346 774 2421 consulendo,
794 2347 956 2422 monendo,
974 2346 1122 2408 bortando
1143 2347 1206 2409 aliis

67 2437 206 2506 praeeat,
231 2426 406 2484 auctoritate
425 2444 475 2484 sua
494 2435 588 2483 totam
608 2423 753 2484 actionem
774 2436 873 2505 regat,
904 2436 934 2483 et
952 2425 1032 2517 quod
1052 2424 1205 2485 decretum

69 2500 220 2562 communi
241 2501 364 2560 consilio
385 2500 474 2559 suerit
494 2512 678 2582 exsequatur:
704 2501 733 2560 id
753 2502 882 2560 muneris
902 2501 1065 2561 sustinebat
1085 2501 1204 2582 episco-

67 2599 122 2657 pus
142 2578 172 2637 in
193 2576 435 2656 presbyterorum
456 2589 555 2637 coetu.
582 2577 681 2658 Atque
692 2579 721 2638 id
734 2578 826 2659 ipsum
847 2598 901 2660 pro
914 2590 1080 2657 temporum
1099 2597 1205 2637 neces·

68 2654 155 2714 ritate
177 2653 264 2713 luisse
285 2657 412 2712 humano
433 2674 577 2714 consensu
597 2656 748 2716 inductum
770 2655 900 2715 fatentur
920 2654 974 2733 ipsi
995 2666 1118 2714 veteres.
1156 2653 1204 2715 Ita

67 2729 321 2806 Hieronymus
341 2731 371 2789 in
393 2731 545 2809 epistolam
565 2733 599 2791 ad
613 2733 674 2791 Tit.
687 2739 759 2796 c.1.:
780 2729 1019 2820 „ldcm(inquit)
1039 2729 1204 2810 presbyter,

66 2847 88 2881 „
111 2806 140 2865 ui
161 2807 324 2886 episcopus.
362 2807 401 2864 Et
421 2819 577 2886 antequam
595 2808 705 2867 diaboli
725 2808 869 2867 instinctu
878 2806 994 2865 dissidia
1013 2806 1043 2864 iu
1057 2807 1203 2887 religione

66 2827 159 2957 „iere
183 2895 205 2955 t,
225 2884 302 2941 etin
324 2882 440 2962 populis
461 2884 618 2958 diceretur,
637 2884 703 2966 Ego
713 2883 807 2953 Pauli,
827 2902 884 2963 ego
905 2880 1035 2961 Cephae,
1053 2880 1204 2942 communi

66 2904 214 3035 „consilio
234 2959 478 3038 presbyterorum
498 2959 748 3041 gubernabantur.
791 2960 913 3033 Postea,
936 2968 969 3016 ut
989 2956 1203 3020 dissensionum

68 3035 200 3110 „semina
220 3033 427 3108 evellerentur,
447 3035 483 3094 ad
503 3057 593 3095 eruum
616 3037 710 3097 omnia
729 3033 896 3095 sollicitudo
913 3045 958 3095 est
975 3032 1079 3093 delata.
1118 3033 1203 3095 Sicut

68 3130 166 3192 „ergo
207 3111 353 3190 resbytcri
372 3113 470 3172 sciunt
488 3133 530 3185 se,
550 3132 583 3172 ex
597 3112 735 3173 ecclesiae
755 3108 978 3185 consuetudine,
999 3110 1025 3170 ei
1045 3109 1096 3202 qui
1114 3130 1203 3191 prae·

67 3201 135 3262 „est
153 3132 317 3249 sullectos:
343 3189 383 3248 ita
404 3188 536 3269 episcopi
556 3187 697 3249 noverint
721 3209 752 3249 se
772 3189 863 3270 magis
883 3186 1096 3249 consuetudine
1116 3208 1202 3268 quam

67 3263 264 3341 „Dominicae
285 3264 483 3345 dispositionis
503 3265 625 3325 veritate
649 3264 833 3346 presbyteris
859 3284 922 3327 esse
946 3265 1089 3339 maiores,
1119 3276 1150 3326 et
1168 3265 1202 3326 in

66 3361 246 3416 „commune
271 3341 379 3400 debere
403 3340 555 3401 ecclesiam
587 3347 721 3423 regere.“
769 3341 850 3403 Alibi
880 3354 980 3400 tamen
1004 3340 1094 3401 docet
1121 3339 1201 3402 idem

64 3418 170 3553 Repist.
190 3419 225 3477 ad
246 3417 382 3552 Evagri],
403 3438 488 3498 quam
511 3417 600 3477 l'uerit
617 3419 768 3498 antiquum
798 3417 972 3478 institutum.
1014 3417 1097 3479 Dicit
1121 3417 1202 3479 enim

94 3494 269 3567 lexandriae,
289 3515 304 3553 a
325 3496 425 3554 llarco
445 3495 630 3576 Euangelista
649 3516 742 3575 usque
760 3495 797 3555 ad
810 3493 964 3554 Heraclam
977 3503 1007 3555 et
1015 3490 1202 3575 Dionysium,
1229 3566 1232 3573 Ι

64 3568 261 3651 presbyteros
280 3589 395 3649 semper
414 3593 505 3631 unum
526 3591 559 3629 cx
578 3590 609 3631 se
630 3570 753 3632 electum
773 3572 804 3631 in
825 3571 974 3632 excelsiori
994 3571 1085 3665 gradu
1106 3566 1223 3632 collo-'

39 3666 156 3722 ,casse,
177 3667 263 3726 quem
284 3648 451 3726 episcopum
473 3647 673 3708 nominabant.
713 3646 873 3708 Habebant
891 3667 963 3731 ergo
978 3645 1110 3728 singulae
1130 3646 1201 3707 civi·

62 3735 138 3785 tates
164 3722 404 3803 presbyterorum
431 3723 603 3804 collegium,
634 3725 684 3804 qui
711 3737 844 3818 pastores
875 3735 959 3784 eraut
987 3744 1028 3794 ac,
1053 3722 1200 3783 doctores.

61 3799 139 3861 Nam
161 3809 191 3858 et
210 3800 287 3934 apud
307 3798 448 3879 populum
468 3821 573 3861 munus
593 3800 735 3876 docendi,
762 3800 950 3874 exhortandi,
969 3796 1007 3858 et'
1019 3798 1201 3880 corrigendi,

83 3876 146 3937 uod
166 3874 228 3935 Pau

61 3899 165 4014 iernen
187 3963 254 4031 post
273 3972 303 4012 se
324 3952 540 4033 relinquerent,
564 3953 737 4031 iunioribus,
778 3955 806 4014 ui
830 3973 928 4014 sacrae
947 3952 1069 4013 militiae
1088 3970 1199 4012 nomen

59 4029 219 4101 dederant,
239 4029 405 4090 erudiendis
425 4029 569 4091 navabant
588 4049 717 4110 operam.
788 4030 924 4109 nicuique
944 4027 1053 4090 civitati
1073 4040 1136 4088 erat
1155 4039 1200 4089 at·

55 4104 175 4166 tributa
196 4115 274 4165 certa
296 4127 328 4165 re
353 4107 402 4182 io,
422 4126 496 4186 quae
516 4107 707 4187 presbyteros
726 4106 796 4167 inde
815 4117 960 4181 sumeret,
980 4117 1010 4165 et
1028 4103 1109 4164 velut
1128 4125 1198 4165 cor-

54 4181 130 4261 pori
150 4180 290 4242 ecclesiae
310 4125 387 4244 illius
412 4195 625 4244 accenseretur.
667 4182 791 4266 Singula
812 4186 860 4261 (ut
879 4182 951 4258 dixi)
975 4179 1101 4262 collegia
1120 4179 1199 4262 ppli-

51 4262 119 4321 tiae
138 4268 252 4318 tantum
273 4269 303 4318 et
322 4261 401 4342 pacis
418 4260 633 4321 conservandae
646 4262 738 4344 gratia
759 4258 810 4320 uni
823 4259 964 4354 episcopo
972 4258 1128 4319 suberant:
1149 4257 1199 4337 qui

50 4339 101 4398 alc
113 4332 190 4398 alios
201 4335 345 4420 dignitate
355 4335 558 4415 antecedebat,
567 4346 601 4400 ut
610 4336 733 4401 fratrom
747 4346 846 4400 coetui
856 4334 1061 4414 subiceretur.
1081 4333 1201 4409 Quodsi

243 3898 274 3935 us
295 3875 439 3957 episcopis
459 3876 586 3968 iniungit
604 3877 681 3954 (Tit.
693 3885 722 3952 1,
734 3880 788 3953 9.),
809 3897 910 3938 omnes
930 3876 1066 3937 obibant:
1088 3889 1118 3935 et
1137 3896 1199 3955 quo
