2700 4732
132 224 193 291 m
325 183 334 201 ‘
508 198 863 307 anm

134 363 268 445 hornims'
280 363 426 447 originem
444 374 479 425 et·
494 363 721 440 restitutionem,
745 383 832 442 quam
857 382 916 443 per
944 359 1093 427 Christum
1112 359 1270 442 consequi-

70 510 74 519 ,
134 463 211 518 mur,
229 441 355 502 mediam
373 441 474 502 statuit
493 440 701 515 defectionem,
721 459 754 499 ex
774 459 830 519 qua
849 451 971 499 naturae
990 439 1022 498 in
1041 438 1197 518 pristinum
1216 457 1270 497 or-

135 518 235 579 dinem
255 518 460 579 reformandae
478 517 648 577 necessitas:
678 516 757 576 unde
780 515 927 595 sequitur,
958 515 1079 576 eandem
1104 514 1183 574 Filio
1209 513 1269 573 Dei

133 595 275 656 nascendi
294 595 382 655 fuisse
402 614 526 668 causam,
545 605 579 652 ut
597 592 688 652 homo
713 592 806 652 fieret.
863 591 980 652 Interea
1007 591 1083 651 male
1103 598 1133 650 'et
1158 589 1269 651 insulse

133 671 329 732 ratiocinatur
349 669 511 744 Osiauder,
530 669 641 744 Adam,
668 669 807 748 quamdiu
825 668 944 750 integer
968 670 1110 742 stetisset,
1138 666 1278 727 futurum¹

135 747 292 830 imaginem
313 747 398 806 fuisse
418 746 587 824 suiipsius,
617 765 680 806 non
707 744 825 804 Christi.
864 745 1043 824 Respondeo
1065 765 1098 804 ex
1117 743 1271 824 opposito,

135 824 204 904 qnia
224 823 279 884 etsi
302 837 452 901 nunquam
477 821 618 881 induisset
636 841 754 881 carnem
774 820 832 878 Dei
859 821 969 895 Filius,
1000 820 1133 904 fulgebat
1158 818 1270 879 nibilo-
1321 832 1324 839 ’

134 901 231 960 minus
257 899 346 959 et'in
371 918 498 978 corpore
524 897 603 956 etin
622 898 716 957 anima
736 897 797 956 eius
816 896 914 978 imago
935 898 1005 956 Dei:
1029 898 1061 955 in
1081 896 1161 957 cuius
1180 894 1287 956 radiis·

135 995 252 1056 semper
270 975 415 1056 apparuit,
434 973 584 1034 Christum
603 993 666 1034 ease
684 992 754 1033 vere
774 985 871 1052 caput,
891 985 920 1032 et
940 974 1094 1052 primatum
1114 984 1217 1031 tenere
1236 971 1269 1032 in

136 1051 283 1113 omnibus.
319 1050 420 1129 Atque
439 1049 481 1109 ita
500 1050 622 1110 solvitur
641 1049 731 1110 futilis
752 1051 880 1130 argutia,
926 1071 992 1108 uam
1017 1048 1140 1109 ventilat
1160 1047 1269 1108 Osian-

69 1196 72 1203 ¹
137 1127 200 1208 der,
230 1127 372 1186 carituros
392 1126 479 1186 fuisse
497 1127 618 1208 angelos
638 1125 696 1186 hoc
715 1127 821 1204 capite,
840 1125 894 1184 nisi
944 1145 981 1184 eo
1001 1124 1185 1204 propositum
1196 1124 1269 1184 fuis-

102 1228 108 1251 ¹
134 1215 180 1265 set
203 1202 313 1263 Filium
337 1223 421 1263 suum
446 1223 535 1263 carne
559 1202 665 1263 vestire
689 1201 777 1260 ctiam
797 1201 868 1261 citra
889 1200 970 1260 Adae
990 1201 1113 1280 culpam.
1152 1199 1268 1259 ·Nimis
1318 1242 1322 1249 ·

40 1277 43 1283 ’
134 1279 214 1352 enim
233 1278 451 1339 inconsiderate
471 1279 589 1358 arripit,
622 1278 702 1360 quod
728 1298 817 1337 nemo
841 1298 928 1355 sanus
959 1278 1119 1352 concedet,
1145 1276 1269 1337 Christo

134 1376 198 1417 non
224 1367 394 1435 competere
418 1354 574 1434 primatum
598 1353 629 1412 in
661 1353 804 1437 angelos,
827 1365 861 1413 ut
891 1355 1025 1414 fruantur
1055 1375 1092 1413 eo
1122 1353 1269 1432 principe,

133 1432 189 1493 nisi
210 1443 418 1512 quatenus¹est
438 1432 536 1492 homo.
574 1427 665 1510 Atqui
685 1429 770 1490 facile
790 1429 906 1490 elicitur
925 1451 959 1490 ea
969 1429 1054 1491 Pauli
1063 1429 1161 1490 verbis
1180 1427 1266 1507 (Col.

134 1510 263 1585 1,15.),
293 1521 436 1587 quatenus
465 1520 601 1568 aeternus
631 1519 675 1567 est
701 1506 758 1566 Dei
790 1508 912 1582 Sermo,
944 1508 1172 1588 primogenitum
1204 1524 1269 1565 esse

121 1587 231 1647 'omnis
251 1596 418 1645 creaturae:
439 1605 501 1644 non
522 1582 601 1663 quod
622 1595 735 1643 creatus
754 1583 805 1656 sit,
824 1584 870 1643 vel
890 1584 1036 1642 numerari
1055 1585 1133 1641 inter
1152 1593 1269 1641 creatu-

134 1682 181 1722 ras
202 1660 323 1736 debeat,
351 1661 403 1721 sed
425 1661 492 1739 quia
510 1659 627 1751 integer
646 1659 746 1718 mundi
766 1671 870 1731 status,
903 1660 994 1750 qualis
1025 1660 1063 1720 ab
1095 1658 1181 1717 initio
1213 1658 1269 1717 fuit

133 1758 244 1798 summa
263 1733 462 1819 pulcritudine
481 1736 618 1818 insignis,
646 1756 708 1795 non
727 1734 804 1794 aliud
823 1737 1000 1816 principium
1021 1733 1139 1795 habuit:
1160 1734 1268 1793 deinde

135 1825 279 1893 qnatenus
297 1813 388 1873 bomo
409 1813 502 1873 factus
522 1825 575 1886 est,
595 1811 824 1894 primogenitum
845 1833 907 1872 esse
927 1834 961 1871 ex
979 1812 1112 1871 mortuis.
1145 1811 1268 1870 Utrum-

135 1909 194 1970 que
214 1890 293 1949 enim
312 1909 372 1949 uno
393 1901 424 1948 et
448 1888 530 1948 brevi
549 1901 687 1948 contextu
705 1889 948 1949 considerandum
973 1888 1115 1968 proponit
1135 1888 1268 1968 Aposto-

134 1967 179 2027 lus
199 1965 283 2101 §Col
303 1971 333 2041 1,
353 1970 400 2029 tt.
421 1966 495 2041 tt),
525 1984 579 2045 per
598 1965 702 2025 Filium
723 1978 817 2025 creata
839 1964 925 2025 fuisse
952 1968 1068 2038 omnia,
1098 1977 1131 2023 ut
1154 1963 1267 2045 angelis

135 2041 203 2102 dom
217 2054 319 2102 netur:
350 2053 381 2099 et
400 2040 547 2101 hominem
568 2060 630 2101 esse
649 2042 768 2116 factum,
787 2054 820 2100 ut
830 2042 1014 2122 Redemptor
1033 2060 1095 2101 esse
1114 2041 1172 2101 inci
1194 2051 1268 2099 eret.

133 2117 272 2177 Eiusdem
291 2117 422 2178 inscitiae
444 2130 503 2190 est,
523 2117 603 2196 quod
627 2117 759 2177 homines
785 2118 855 2178 dicit
878 2120 1021 2179 carituros
1039 2118 1127 2178 fuisse
1147 2061 1267 2177 Christo

134 2214 218 2276 rege,
236 2194 292 2253 nisi
314 2194 402 2253 homo
424 2192 532 2252 fuisset.
572 2194 664 2268 Quasi
687 2214 758 2253 vero
785 2215 846 2254 non
873 2195 1006 2274 potuerit
1036 2205 1173 2256 constare
1195 2212 1268 2273 reg·

135 2292 207 2330 num
226 2269 295 2344 Dei,
314 2271 338 2330 si
357 2278 494 2330 aeternus
512 2269 571 2329 Dei
590 2269 691 2343 Filius,
715 2269 785 2329 licet
803 2289 864 2330 non
883 2272 1002 2332 indutus
1021 2271 1147 2331 humana
1167 2288 1267 2344 carne,

135 2367 172 2407 an
197 2345 248 2406 elis
268 2358 299 2405 et
319 2344 487 2405 hominibus
505 2346 536 2405 in
556 2348 723 2406 societatem
744 2346 878 2406 coelestis
904 2347 1016 2428 gloriae
1042 2367 1110 2408 suae
1135 2358 1166 2406 et
1189 2347 1266 2406 vitae

135 2365 277 2496 cofiectis,
296 2421 533 2503 primatum‘ipse
552 2422 701 2482 tenuisset.
727 2422 785 2481 Sed
806 2423 837 2481 in
858 2422 914 2483 boc
934 2424 1008 2483 falso
1049 2423 1170 2502 rincipio
1189 2443 1267 2482 sem·

135 2518 190 2635 ppt
208 2497 412 2572 hallucinatur,
432 2497 477 2557 rel
496 2497 552 2559 sibi
572 2500 740 2590 praestigias
755 2498 835 2571 facit,
855 2499 1004 2559 ecclesiam
1018 2445 1104 2560 disse
1122 2500 1266 2570 ἀκέφαλον

170 2587 275 2655 turam,
296 2574 351 2634 nisi
371 2575 552 2655 apparuisset
571 2596 602 2634 tn
622 2595 710 2635 carne
738 2574 879 2636 Christus.
917 2574 1007 2650 Quasi
1025 2596 1096 2635 vero
1116 2575 1201 2634 sicuti
1225 2595 1264 2634 eo

135 2654 231 2730 capite
251 2649 425 2710 fruebantur
443 2652 550 2733 angeli,
569 2673 631 2712 non
652 2653 737 2712 etiam
758 2652 854 2711 divina
873 2656 926 2712 sud
942 2652 1047 2711 virtute
1057 2666 1192 2730 praeesse
1206 2649 1263 2710 ho-

134 2726 264 2788 minibus
275 2729 418 2808 potuerit,
438 2739 468 2787 et
480 2749 584 2788 arcana
596 2729 703 2788 virtute
714 2727 840 2808 Spiritus
850 2728 895 2787 sui
913 2739 1049 2810 vegetare
1068 2729 1147 2806 ipsos
1166 2737 1198 2785 et
1216 2726 1266 2786 fo-

134 2823 216 2877 vere,
235 2804 327 2863 instar
347 2804 479 2884 corporis
499 2805 552 2877 sni,
572 2805 668 2864 donec
687 2805 726 2864 in'
738 2804 853 2864 coelum
875 2804 991 2866 collecti
1011 2804 1111 2866 eadem
1129 2824 1195 2864 cum
1211 2823 1267 2863 an-

135 2879 211 2972 gelis
229 2880 286 2940 vita
306 2880 483 2940 fruerentur.
524 2879 607 2955 Quas
627 2882 765 2942 hactenus
783 2881 908 2942 refutavi
928 2882 1064 2957 naenias,
1087 2902 1141 2972 pro
1161 2879 1267 2939 firmis-

135 2956 214 3018 simis
232 2955 359 3018 oracnlis
378 2957 459 3017 ducit
479 2955 634 3034 Osiancbr,
654 2976 759 3037 nempe
780 2970 813 3018 ut
830 2978 947 3017 suarum
957 2959 1189 3037 speculationum
1201 2955 1267 3015 dul-

135 3032 241 3094 eedine
258 3032 429 3107 inebriatus,
448 3032 586 3094 ridiculos
606 3055 730 3112 paeanas
750 3035 787 3093 de
807 3035 900 3094 nihilo
920 3035 1023 3093 efflare
1041 3033 1125 3094 solet.
1166 3033 1267 3092 Unum

136 3128 207 3170 vcro
227 3121 330 3188 postea
351 3109 423 3169 dicit
443 3108 531 3192 longe
550 3109 659 3171 firmius
677 3131 709 3172 se
728 3111 850 3186 afferre,
880 3110 1067 3190 prophetiam
1088 3108 1168 3168 Adae
1187 3108 1268 3167 scili-

135 3195 200 3258 cet,
231 3185 281 3263 qui
310 3205 402 3244 uxore
430 3206 481 3246 sua
514 3199 673 3267 conspecta
703 3187 787 3263 dixit,
814 3189 882 3248 Hoc
912 3207 991 3246 nunc
1023 3206 1056 3247 os
1088 3206 1122 3246 ex
1153 3184 1268 3245 ossibus

136 3262 227 3336 meis,
269 3272 299 3320 et
338 3282 408 3321 caro
443 3262 479 3320 de
513 3283 599 3322 earne
635 3285 698 3323 mea
734 3263 827 3356 (Gen.
857 3269 888 3338 2,
917 3265 989 3341 ⁶23.)-
1049 3264 1136 3323 Unde
1168 3274 1267 3322 autom

135 3335 323 3418 prophetiam
342 3357 404 3397 esse
424 3337 552 3399 evincit?
575 3358 682 3420 nempe
702 3362 769 3420 qma
795 3341 920 3400 eundem
945 3359 1111 3400 sermonem
1133 3336 1269 3399 Christus

135 3413 214 3493 apud
233 3413 412 3472 Matthaeum
433 3414 501 3473 Deo
519 3414 635 3474 tribuit.
687 3416 779 3490 Quasi
802 3437 872 3477 vero
898 3415 1035 3495 quicquid
1060 3438 1115 3496 per
1131 3415 1267 3475 homines

65 3558 67 3563 ⁴
134 3487 166 3548 lo
189 3502 275 3550 nutus
295 3502 339 3549 est
357 3489 448 3566 Deus,
467 3490 632 3551 vaticinium
651 3491 771 3571 aliquod
790 3492 950 3557 contineat.
989 3494 1135 3554 Vaticinia
1153 3494 1185 3551 in
1203 3492 1266 3551 sin·

168 3510 211 3627 lis
229 3565 317 3647 Legis
337 3567 501 3646 praeceptis
542 3579 643 3627 uaerat
663 3567 817 3644 0siandcr,
836 3587 912 3648 qnae
931 3590 947 3629 a
965 3568 1032 3630 Deo
1053 3582 1174 3629 auctore
1192 3588 1267 3660 pro-

135 3585 212 3703 icum
233 3661 295 3732 esse
315 3645 439 3703 constat.
477 3588 563 3734 hdie
582 3643 662 3725 quod
677 3644 761 3734 ⁸rudis
782 3657 812 3705 et
836 3658 970 3734 terrenus
998 3646 1101 3705 fuisset
1131 3644 1267 3706 Christus

134 3721 167 3784 in
185 3718 292 3779 hteralr
311 3739 398 3779 sensu
416 3718 584 3780 subsistens.
624 3719 704 3795 Quia
723 3742 784 3780 non
805 3721 889 3780 dem
910 3732 980 3782 stica
999 3723 1122 3795 unione,
1137 3742 1195 3801 qun
1215 3741 1266 3780 ec-

135 3795 251 3856 clesiam
272 3795 471 3876 dignatusest,
490 3796 614 3872 disserit,
632 3797 682 3856 sed
702 3809 816 3858 tantum
836 3797 872 3859 de
886 3741 1116 3880 ideconiugali:
1137 3797 1268 3858 obhanc

136 3892 249 3933 causam
268 3869 366 3962 Deum
386 3873 590 3964 pronuntiasse
600 3873 714 3963 docet,
743 3874 836 3964 virum
868 3887 899 3934 ct
924 3895 1043 3966 uxorem
1063 3877 1129 3966 fore
1148 3893 1266 3934 carnem

134 3968 235 4025 unam,
254 3967 293 4006 ne
312 3948 469 4040 insolubile
488 3949 560 4040 illud
580 3949 728 4041 vinculum
748 3971 898 4030 quisquam
919 3951 1046 4041 dgvortso
1067 3950 1179 4011 violare
1198 3961 1268 4008 ten·

134 4035 187 4115 tet
235 4024 318 4115 {laec
351 4023 504 4104 implicitas
522 4048 546 4084 sr
567 4023 716 4115 tlsrandro
735 4027 847 4101 sordet,
879 4026 1027 4087 Chmstum
1059 4026 1269 4117 reprehendat,

136 4047 382 4190 qmaodascspuios
399 4099 436 4160 ad
456 4122 484 4160 m
505 4112 625 4161 sterium
644 4123 707 4193 non
726 4102 900 4193 traduxerit,
929 4104 1024 4162 Patris
1044 4101 1152 4162 dictord
1171 4101 1267 4162 subtr-

133 4175 190 4311 lrps
203 4175 443 4311 gntemgetgndo.
479 4123 544 4237 Qec
562 4197 634 4238 vero
654 4199 715 4239 erus
736 4177 840 4240 dehrro
859 4178 1035 4260 suffragetur
1062 4177 1185 4268 Paulus,
1214 4177 1266 4257 qui

130 4263 274 4411 inicii
290 4254 433 4413 lttd
448 4253 913 4429 illitttttttlttl.
931 4255 1266 4413 {ttdl‘tlntt
1294 4310 1297 4313 ·
