2700 4732
516 222 592 283 Lttt.
612 220 637 281 l.
676 222 765 283 CAP.
785 224 849 283 XV.
1188 230 1246 291 127

104 364 142 429 at
163 386 212 427 res
231 364 292 425 sihi
310 364 451 425 obiectas.
489 366 599 425 blentis
619 386 689 425 uero
710 364 852 425 humanae
871 365 981 447 agilitas
999 366 1114 428 coelum
1135 378 1168 427 rt
1187 378 1246 429 ter·

106 464 181 517 ram,
198 454 385 521 naturaeque
404 462 509 503 areana
528 442 718 523 perlustrans,
737 455 768 501 et
786 441 837 502 ubi
848 442 960 502 saecula
974 447 1071 503 omnia
1092 444 1245 504 intellectu

107 532 139 581 et
156 519 302 579 memoria
322 518 474 598 complexu
493 531 548 594 est,
567 519 681 599 singula
701 519 836 598 digerens
855 540 906 578 sua
924 522 1015 592 serie,
1036 522 1190 601 suturaque
1211 542 1245 579 ex

107 594 275 677 praeteritis
295 594 455 675 colligens,
479 595 558 653 clarc
582 596 763 654 demonstrat
787 596 876 655 latere
902 596 932 654 in
961 597 1078 656 homine
1096 598 1207 677 aliquid
1228 618 1245 658 a

108 690 238 751 corpore
256 684 435 750 separatum.
471 672 568 731 Deum
588 672 761 731 invisibilem
775 685 805 730 et
820 670 939 749 angelos
960 673 1150 753 intelligentia
1171 696 1245 733 eon-

110 750 244 828 cipimus,
262 748 343 827 quod
364 747 484 807 minime
504 748 534 807 in
547 768 653 828 corpus
666 750 816 827 competit.
855 750 956 820 ltecta,
976 752 1051 811 iusta
1064 761 1094 807 et
1113 750 1245 823 honesta,

111 844 189 905 quae
207 841 308 883 sensus
327 843 491 903 corporeos
511 823 618 893 latent,
638 824 889 903 apprehendimus.
929 824 1009 903 lirgo
1033 826 1115 885 liuius
1136 827 1245 885 iutelli-

113 899 234 983 gentiae
250 900 348 959 sedern
367 900 501 960 spiritum
521 921 584 961 esse
604 911 733 992 oportet.
782 902 845 961 lnro
864 923 983 961 sorranus
1004 900 1082 980 ipse,
1113 904 1163 981 qui
1190 902 1244 961 bo-

113 976 225 1035 minem
244 966 492 1057 obstupefaciens,
512 977 571 1036 vita
589 988 675 1036 etiam
696 996 801 1036 exerere
820 978 945 1049 videtur,
964 998 1025 1035 non
1046 978 1188 1037 obscurus
1202 990 1246 1038 est

112 1052 340 1113 immortalitatis
359 1054 455 1125 testis,
485 1054 604 1132 quando
629 1073 690 1112 non
716 1054 806 1114 modo
831 1074 927 1113 earum
954 1074 1051 1112 rerum
1072 1074 1148 1132 quae
1168 1076 1245 1113 nun-

112 1150 203 1209 quan
222 1128 314 1189 iactae
333 1139 403 1189 suut
422 1130 619 1221 cogitationes
638 1129 780 1209 suggerit,
799 1130 946 1189 sedetiam
967 1132 996 1189 in
1019 1130 1148 1189 futurum
1168 1142 1245 1189 tem-

108 1208 166 1285 pus'
185 1206 345 1295 praesagia.
383 1206 518 1265 Breviter
535 1204 608 1265 haee
619 1210 743 1284 attingo,
755 1226 830 1284 quae
849 1206 965 1285 profani
980 1226 1099 1284 quoque
1117 1210 1246 1286 scripto-

107 1302 191 1341 ress
215 1280 380 1340 leodidiore
400 1282 558 1341 verborum
586 1295 691 1341 ornatu
717 1282 868 1361 magnifiee
897 1281 1055 1341 extollunt:
1090 1284 1140 1341 sed
1166 1282 1245 1361 apud

106 1358 177 1437 pios
209 1369 326 1415 ectores
346 1358 532 1417 satisvalebit
545 1358 665 1438 simplex
676 1358 845 1418 admonitio.
885 1357 944 1417 lam
966 1358 1020 1417 uisi
1039 1359 1247 1419 aniruacsscu·

106 1432 180 1493 tiale
199 1433 339 1511 quiddam
359 1444 434 1493 esset
453 1454 469 1492 a
489 1454 616 1513 corpore
634 1447 811 1514 separatum,
832 1455 893 1494 nou
912 1434 1035 1494 doceret
1054 1434 1247 1513 Scriptum)

105 1528 167 1570 uos
186 1508 323 1569 hahitare
344 1509 448 1569 domos
474 1508 581 1583 luteas,
607 1522 637 1569 et
657 1524 752 1570 morte
771 1511 897 1592 migrare
917 1530 951 1569 ex
969 1510 1158 1570 tabernaculo
1179 1532 1246 1570 car-

106 1586 170 1645 uis:
196 1604 305 1645 exuere
324 1586 403 1664 quod
423 1587 615 1665 corruptibile
636 1598 696 1661 est,
721 1598 754 1645 ut
775 1588 893 1647 tandem
913 1587 1016 1645 ultimo
1037 1587 1084 1646 die
1109 1600 1246 1666 reporte-

67 1736 69 1741 .
105 1682 176 1721 mus
196 1663 382 1734 mercedem,
414 1674 503 1741 prout
526 1682 557 1721 se
583 1663 706 1753 quisque
728 1665 851 1743 gesserit
875 1664 904 1720 in
929 1682 1066 1741 corpore.
1116 1664 1189 1723 Nam
1217 1662 1247 1721 hi

106 1750 193 1799 certe
215 1736 291 1815 loci,
319 1749 350 1799 et
373 1738 479 1797 similes
499 1740 549 1816 qui
574 1761 678 1819 passim
699 1751 873 1813 occurrunt,
897 1760 956 1798 non
977 1738 1073 1798 solum
1094 1740 1248 1797 manifeste

109 1814 180 1875 disti
227 1828 302 1875 uuut
320 1814 444 1873 animam
465 1836 481 1873 a
501 1836 644 1895 corpore,
662 1816 712 1875 sed
734 1816 859 1875 hominis
879 1835 989 1873 nomen
1010 1816 1045 1873 ad
1067 1834 1130 1873 earn
1152 1826 1247 1873 trans-

110 1833 258 1963 iereriio,
283 1891 468 1973 praecipuam
493 1911 555 1951 esse
580 1904 692 1972 partem
725 1892 866 1951 iudicant.
914 1890 977 1949 lam
1002 1912 1090 1969 quum
1112 1891 1248 1950 hortatur

111 1966 216 2031 fideles
229 1968 348 2041 l'aulus,
368 1978 401 2026 ut
418 1986 450 2025 se
470 1968 612 2027 mundent
631 1968 666 2027 ah
688 1969 769 2029 omni
790 1969 1012 2047 inquinamento
1023 1966 1117 2027 caruis
1137 1978 1168 2025 et
1186 1966 1248 2046 spi-

67 2098 70 2105 .
112 2044 199 2121 ritus,
220 2046 292 2105 duas
313 2055 408 2123 partes
426 2044 458 2101 in
472 2044 576 2123 quihus
596 2046 725 2105 resident
743 2046 844 2105 sordes
865 2045 977 2122 peccati
990 2043 1150 2103 constituit.
1188 2045 1247 2102 l'e·

113 2132 178 2183 trus
205 2141 327 2203 quoqne
347 2119 496 2179 Christum
516 2141 621 2180 vocans
651 2124 810 2181 animarum
842 2132 987 2200 pastorem
1014 2132 1045 2179 et
1064 2120 1247 2199 episcopum,

139 2218 272 2279 ceperam
291 2196 431 2275 loquutus
457 2208 532 2255 esset
555 2198 609 2257 nisi
629 2210 725 2257 essent
745 2199 873 2268 animae,
894 2216 962 2276 erga
983 2218 1053 2275 (peras
1074 2197 1247 2277 iungeretur

118 2220 180 2337 boe
199 2274 307 2335 oiheio.
345 2274 451 2351 Neque
469 2286 558 2331 staret
576 2275 657 2353 quod
677 2274 748 2333 dicit
772 2275 809 2331 de
827 2286 945 2333 aeterna
965 2274 1124 2331 animarum
1145 2273 1247 2347 salute,

122 2366 154 2415 et
172 2351 252 2433 quod
268 2350 351 2409 iubet
370 2350 479 2409 animas
499 2351 666 2439 purificare,
686 2364 716 2409 et
737 2372 836 2429 pravas
853 2349 1026 2428 cupiditates
1051 2348 1176 2408 militare
1195 2350 1248 2409 ad·

119 2450 222 2491 versus
241 2428 379 2485 animam:
400 2425 481 2503 quod
501 2437 569 2484 rtem
591 2439 694 2485 auctor
714 2425 864 2505 Epistulae
885 2426 920 2484 ad
942 2425 1094 2485 Hebraeos
1116 2438 1247 2504 pastores

67 2541 72 2583 s
118 2508 190 2571 dicit
208 2503 342 2564 excubias
362 2522 468 2583 agere,
493 2514 525 2561 ut
549 2504 692 2561 rationem
721 2502 844 2562 reddant
868 2524 923 2581 pro
950 2502 1101 2560 animabus
1126 2504 1247 2562 nostris:

84 3570 88 3575 ¹
116 3520 191 3563 reto
211 3496 377 3576 praeseutia
403 3503 480 3551 extra
507 3515 623 3554 carnem

117 2585 171 2645 nisi
198 2581 346 2663 propriam
372 2579 511 2637 escutiam
540 2580 653 2639 animae
683 2578 834 2637 haberent.
885 2578 997 2636 Eodem
1027 2591 1141 2656 spectat
1166 2578 1248 2658 quod

117 2660 226 2721 Paulus
249 2668 356 2716 testem
382 2656 500 2713 invocat
524 2655 618 2713 Deum
644 2656 672 2713 in
700 2657 823 2714 animam
849 2677 943 2714 suam:
977 2654 1042 2733 quia
1069 2676 1116 2713 rea
1148 2676 1248 2715 coram

116 2740 186 2797 Deo
208 2755 270 2793 non
297 2732 394 2805 heret,
420 2731 474 2789 nisi
520 2752 613 2789 uenae
632 2744 707 2790 esset
732 2732 866 2791 obnoxia.
919 2731 1011 2801 Quod
1037 2732 1123 2789 etiam
1144 2732 1249 2791 clarius

116 2810 292 2893 exprimitur
312 2806 423 2868 Christi
446 2753 558 2881 serbis,
591 2809 659 2866 dum
691 2809 794 2866 timere
815 2828 880 2865 eum
901 2808 998 2875 iuhct,
1019 2808 1068 2885 qui
1095 2820 1250 2886 postquam

117 2888 266 2953 occiderit
285 2906 408 2963 eorpus,
429 2885 551 2943 animam
573 2896 671 2962 potest
696 2886 810 2943 nrittere
831 2884 859 2941 iu
881 2884 1044 2963 gehennam
1066 2885 1148 2961 iguis.
1187 2884 1249 2943 lam

116 2968 190 3027 durn
217 2972 322 3022 auctor
346 2960 494 3040 Epistulae
518 2962 554 3019 ad
580 2960 740 3019 llebraeos.
763 2974 859 3040 patres
885 2960 980 3017 caruis
1008 2972 1125 3017 nostrae
1146 2981 1161 3017 a
1181 2960 1250 3020 Deo

116 3038 284 3121 distinguit,
304 3040 353 3115 qui
371 3059 445 3095 unus
466 3048 508 3095 est
525 3038 614 3095 Pater
632 3037 795 3116 spirituum,
815 3057 876 3093 riou
898 3036 997 3114 potuit
1017 3034 1120 3093 elarius
1140 3037 1251 3095 anima-

116 3140 183 3181 rum
204 3115 360 3176 essentiam
381 3133 517 3172 asserere.
557 3113 690 3186 Adhaer,
714 3114 766 3172 uisi
786 3114 899 3172 arrimae
919 3133 1077 3190 corporum
1099 3113 1251 3191 ergastulis

116 3196 234 3258 solutae
259 3202 415 3249 manerent
437 3190 620 3267 superstites,
656 3190 781 3247 absurde
814 3188 966 3247 induceret
992 3188 1124 3247 Christus
1149 3190 1251 3248 Lazari

117 3274 245 3333 animam
264 3268 372 3348 gaudio
393 3266 537 3324 fruentem
558 3267 588 3323 in
609 3266 675 3323 sinu
695 3266 846 3340 Abrahae,
876 3277 905 3323 et
929 3285 1043 3323 rursum
1068 3265 1163 3323 divitis
1188 3266 1260 3340 aui-¹

116 3369 196 3408 mam
217 3343 374 3403 horrendis
395 3344 546 3401 tormentis
566 3342 718 3400 addictam.
765 3343 831 3400 lloc
857 3342 933 3398 idem
954 3340 1060 3400 Paulus
1087 3342 1252 3416 confirmat,

117 3446 175 3485 nos
194 3444 211 3481 a
231 3420 299 3478 Deo
318 3418 501 3499 peregrinari
527 3418 636 3477 docens
678 3419 791 3476 uamdiu
819 3418 957 3475 incarne
983 3416 1158 3476 habitamus:
1189 3418 1252 3478 eius

656 3438 721 3552 irai.
767 3495 812 3551 Ne
837 3493 957 3572 longior
975 3494 1027 3551 sim
1048 3495 1077 3552 in
1099 3514 1130 3550 rc
1150 3514 1252 3572 parum

118 3578 265 3646 obscura,
286 3572 342 3632 hoe
363 3582 475 3629 tantum
495 3590 528 3628 ex
546 3570 625 3629 Luea
645 3570 762 3643 addam,
782 3570 860 3628 inter
878 3569 1116 3629 Sadducaeorum
1136 3589 1253 3629 errores

118 3652 237 3723 reterri,
277 3648 336 3706 uod
356 3648 473 3727 spiritus
493 3659 523 3705 et
541 3646 663 3726 angelos
683 3666 825 3705 essenon
845 3647 1009 3704 crederent.

195 3734 226 3792 3.
296 3724 360 3783 nius
380 3724 466 3782 ctiam
484 3723 528 3780 rei
549 3722 684 3800 probatio
704 3723 772 3781 inde
793 3724 874 3779 hema
898 3720 1062 3801 colligitur,
1081 3720 1160 3799 quod
1181 3720 1254 3779 dici-

121 3816 170 3865 tur
189 3803 282 3863 homo
308 3812 422 3860 creatus
442 3798 477 3857 ad
502 3798 656 3879 imaginem
681 3798 749 3856 Dei.
808 3798 949 3871 Quamvis
978 3799 1054 3856 enirn
1080 3797 1109 3855 in
1134 3797 1254 3856 homine

121 3893 246 3941 externo
270 3875 416 3957 refulgeat
436 3875 493 3933 Dei
517 3874 628 3955 gloria,
654 3874 802 3953 propriam
829 3887 925 3932 tamen
952 3874 1084 3954 imaginis
1104 3873 1201 3932 sedem
1222 3876 1253 3932 in

134 4042 351 4057 u—-..m--m--u
505 4040 621 4048 ---—.
631 4040 672 4047 ...-
682 4038 979 4046 ---—-—--——.-—..
988 4038 1039 4046 ...nn
1070 4036 1253 4045 —--·——-

190 4140 221 4209 ³⁵)
239 4138 280 4192 Cf.
297 4138 372 4189 locos
390 4134 486 4205 Script.
504 4156 533 4187 us
552 4174 558 4187 .
577 4136 611 4185 ad
629 4136 671 4187 tue
684 4146 752 4193 sect,
769 4134 813 4201 qui
829 4147 982 4200 sequuntur:
995 4133 1051 4183 lob.
1062 4134 1133 4193 119.
1153 4132 1254 4186 ll.Cor.

125 4208 191 4267 bul.
224 4204 378 4267 tieret,
400 4204 502 4263 13.11.
534 4155 755 4261 ll.Cor.5‚1o.
785 4202 848 4255 ibid.
867 4203 930 4261 nt.
972 4202 989 4254 l.
1008 4200 1164 4262 primm.
1191 4201 1256 4254 ibid.

129 4280 153 4333 1.
167 4276 193 4327 9.
209 4273 275 4325 ibid.
289 4274 317 4333 2,
331 4274 374 4325 11.
408 4270 488 4323 Hehr.
503 4272 546 4333 l3,
563 4272 604 4324 17.
639 4268 671 4319 ll.
681 4270 742 4319 Cor.
760 4276 784 4329 1,
799 4271 840 4323 Y&
875 4268 967 4319 lllatth.
979 4271 1019 4331 10,
1028 4270 1071 4323 28.
1105 4268 1165 4319 Luc.
1179 4270 1254 4331 125.

130 4340 209 4394 ttehr.
227 4342 267 4403 12,
284 4341 308 4395 9.
341 4340 404 4393 Luc.
423 4337 466 4401 16,
483 4342 523 4395 12
558 4338 590 4391 ll.
607 4336 669 4391 Cor.
686 4341 711 4401 5,
727 4336 751 4391 6.
768 4339 792 4393 8.
827 4341 883 4391 Act.
899 4338 942 4400 23,
957 4338 982 4391 8.
