2700 4732
514 224 589 287 ΗΒ.
609 224 666 287 111.
706 222 797 289 CAP.
815 224 855 285 n.
1181 232 1240 297 301

187 378 237 441 40,
272 372 320 435 Ac
341 389 383 432 ne
407 388 470 433 uno
497 367 637 430 duntaxat
659 379 726 431 acto
751 368 904 448 cuniculo,
933 369 1004 433 fidei
1032 370 1242 437 firmitudinem

107 452 230 514 diruere
247 459 381 522 tentent,
406 446 524 539 aliunde
542 446 631 525 ipsam
651 446 848 541 adoriunturq
868 467 991 541 nempe,
1009 449 1119 541 etiamsi
1137 472 1242 513 secun·

106 530 180 589 dum
203 536 389 608 praesentem
415 534 542 584 rustrtrae
566 534 689 596 statum,
713 524 751 583 de
797 536 866 584 satra
886 524 944 585 Der
967 525 1107 587 rudrctum
1124 546 1242 591 sumere

105 604 214 677 liceat,
243 621 363 663 manere
392 611 488 659 tamen
514 601 555 691 in·
569 619 709 691 suspenso
730 543 823 690 sanabis
847 603 1079 681 perseverantiae
1096 604 1242 667 notitiam.

107 680 240 765 Egregia
259 697 330 739 vero
349 676 448 768 salutis
469 674 573 768 fiducia
593 674 679 766 nobis
700 676 892 769 relinquitur,
915 678 939 737 si
958 676 994 770 ad
1019 698 1242 773 praeseusnrq-

109 768 243 849 mentum
262 775 318 845 nos
338 773 401 814 esse
419 774 450 812 ιιι
470 754 1241 911 ςτεῑιε,,εοηῖεοιῗξῃπιεοτέίιιίῑὲτοειλωὲἒὲιςὼςέιὲάοέ

106 830 707 997 ὲηέιὲῖῃηέξτῑῐὲξηίᾞῇἰῑῗθὶῗτῗιῗξωε
726 850 805 980 sumg,
831 906 911 985 quud
932 852 1029 999 neqise
1048 907 1161 991 angeli,
1184 930 1242 972 uec

107 996 303 1066 „potestaten
323 1002 378 1043 nec
398 993 588 1117 principatus,
607 1001 705 1061 neque
723 1002 813 1058 mors,
833 1002 931 1073 neque
950 996 1020 1057 urta,
1038 1002 1135 1064 neque
1155 1007 1243 1077 ppae·

109 1060 241 1139 „seutia,
256 1078 353 1139 neque
374 1058 470 1119 lutura
510 1058 626 1118 iriment
646 1078 699 1117 nos
720 1078 736 1118 a
756 1057 925 1132 dilectione,
965 1079 1001 1119 ua
1022 1081 1076 1121 nos
1095 1062 1242 1126 Dominus

109 1138 168 1215 „in
189 1136 307 1199 Cbristo
333 1134 570 1216 complectitur.“
619 1134 750 1193 Evadere
774 1146 920 1194 conantur
944 1080 1054 1197 irivola
1082 1138 1243 1215 solutione,

110 1216 143 1276 id
164 1212 296 1274 babuisse
306 1210 482 1290 Apostolum
503 1231 536 1271 ex
554 1209 673 1289 speciali
693 1209 874 1271 revelatione
892 1214 1068 1291 garrientes:
1088 1214 1139 1275 sed
1160 1236 1243 1296 pres·

108 1292 172 1352 sius
192 1290 434 1379 coustringuntur
453 1308 537 1423 quam
563 1299 596 1346 ut
619 1287 679 1346 eliu
703 1288 773 1346 iant.
824 1288 974 1367 Siquidem
1006 1288 1081 1365 illic,
1110 1291 1243 1371 quaein

107 1386 270 1428 commune
290 1365 428 1425 universis
475 1362 589 1423 delibus
616 1382 649 1422 ex
695 1365 731 1423 de
750 1370 926 1444 proveniant
945 1364 1024 1425 buna
1043 1378 1159 1442 tractat,
1178 1389 1242 1431 nou

109 1462 185 1525 quae
205 1440 369 1523 specialiter
388 1440 450 1520 ipse
465 1438 636 1519 eape'riatur.
676 1441 765 1519 Atqui
786 1440 863 1500 idem
882 1462 938 1502 nos
957 1442 1028 1501 alibi
1049 1455 1166 1503 nostrae
1186 1447 1243 1505 iru-

108 1518 279 1581 becillitatis
302 1530 333 1577 et
357 1518 568 1577 inconstantiae
593 1517 743 1576 mentione
774 1517 912 1578 deterret.
961 1519 1048 1594 „Qui
1074 1519 1151 1580 bene
1175 1532 1243 1599 stat,

108 1596 208 1677 iuquit
227 1594 268 1671 (1.
289 1594 360 1655 Cor.
379 1599 433 1668 10,
454 1595 531 1669 12),
562 1593 717 1652 videatne
737 1593 853 1653 cadat.“
902 1595 1014 1654 Verum
1038 1608 1097 1657 est:
1126 1609 1157 1657 at
1180 1620 1243 1659 non

108 1684 229 1733 terrore
242 1691 301 1750 quo
322 1681 555 1741 consternentur,
574 1669 624 1729 sed
658 1690 695 1728 uo
712 1669 851 1729 discamus
872 1691 926 1731 nos
945 1672 998 1731 sub
1019 1674 1134 1753 potenti
1154 1694 1243 1735 manu

109 1748 170 1810 Dei
191 1746 355 1819 humiliare,
374 1745 618 1825 quemadmodum
636 1690 742 1805 betrus
763 1745 884 1827 explicat
903 1747 943 1826 (1.
956 1750 1106 1841 ep.5,6.).'
1125 1750 1243 1811 Deinde

110 1846 201 1907 quam
221 1833 444 1903 praeposterum
465 1833 524 1894 est,
543 1822 578 1880 ad
599 1834 740 1902 punctum
760 1823 900 1902 temporis
921 1824 1045 1884 limitare
1065 1824 1133 1885 fidei
1153 1828 1242 1887 certi-

108 1902 258 1973 tudinem,
277 1899 358 1959 cuius
379 1901 529 1979 proprium
550 1911 604 1969 est,
622 1899 761 1978 superatis
782 1899 865 1960 huius
884 1900 960 1960 vitae
978 1896 1087 1980 spatiis,
1106 1901 1142 1962 ad
1162 1902 1243 1963 futu-

109 2000 175 2039 ram
195 1976 442 2037 immortalitatem
467 1975 625 2055 protendi?
666 1974 765 2048 Quum
786 1995 857 2058 ergo
885 1976 913 2035 id
935 1979 1044 2059 gratiae
1063 1978 1120 2038 Dei
1140 1977 1242 2039 fideles
1326 2020 1329 2025 -

109 2064 266 2135 acceptum
287 2052 393 2125 serant,
413 2052 493 2130 quod
515 2050 626 2130 Spiritu
646 2050 708 2111 eius
727 2052 897 2127 illuminati,
918 2053 1052 2114 coelestis
1071 2056 1147 2115 vitae
1168 2076 1242 2116 con-

108 2130 307 2213 templatione
326 2147 380 2208 per
400 2126 486 2187 fidem
506 2128 656 2187 fruuntur:
682 2128 756 2187 adeo
781 2129 884 2206 procul
909 2129 991 2190 abest
1015 2130 1061 2207 ab,
1076 2131 1244 2212 arrogantia

109 2207 181 2269 talis
199 2205 349 2289 gloriatio,
370 2214 402 2265 ut
421 2206 443 2263 si
463 2224 551 2295 quern
572 2202 708 2264 confiteri
727 2207 833 2286 pudet,
853 2226 889 2265 eo
910 2217 1066 2266 extremam
1087 2207 1244 2290 ingratitu-

109 2284 211 2345 dinem
230 2281 338 2372 prodat
350 2281 439 2359 magis
452 2280 577 2339 divinam
596 2281 760 2341 bonitatem
779 2282 906 2364 maligne
917 2283 1136 2364 supprimendo,
1156 2304 1243 2365 quarn

109 2360 285 2421 modestiam
304 2369 354 2416 aut
373 2359 592 2417 submissionem
608 2369 741 2416 testetur.

188 2444 236 2501 41.
276 2433 428 2508 Quoniam
453 2454 515 2493 non
539 2432 654 2494 aliunde
680 2433 781 2495 melius
806 2446 856 2493 aut
879 2434 970 2528 magis
994 2434 1148 2516 perspicue
1173 2433 1244 2499 fidei

110 2524 217 2575 natura
242 2511 381 2571 declarari
407 2531 491 2591 posse
517 2509 669 2570 videbatur
695 2530 778 2589 qnam
809 2531 825 2569 a
849 2511 1047 2591 promissionis
1070 2511 1244 2591 substantia,

110 2612 169 2671 qua
189 2586 271 2649 velut
290 2586 413 2667 proprio
435 2586 624 2645 fundamento
645 2585 686 2646 sic
706 2588 822 2659 nititur,
852 2599 884 2646 ut
909 2608 942 2648 ea
967 2587 1079 2649 sublata
1109 2590 1243 2668 protinus

112 2677 247 2738 corruat,
278 2663 324 2724 vel
354 2664 451 2743 potius
483 2674 648 2722 evanescat:
681 2662 748 2722 ideo
781 2673 910 2723 nostram
942 2664 1144 2724 definitionem
1173 2666 1243 2725 inde

113 2744 301 2821 sumpsimus,
327 2760 400 2819 quae
426 2750 521 2797 tamen
547 2738 583 2797 ab
609 2738 655 2796 illa
676 2739 813 2819 Apostoli
841 2741 886 2798 vel
910 2740 1099 2816 definitione,
1124 2740 1170 2798 vel
1190 2742 1243 2801 de-

115 2817 274 2896 scriptione
305 2816 419 2895 potius,
451 2836 536 2894 quatu
568 2835 635 2874 suae
665 2815 853 2894 disputationi
873 2816 1092 2889 accommodat,
1123 2819 1243 2877 minime

115 2894 212 2953 aliena
231 2905 286 2953 est:
310 2892 360 2951 ubi
382 2891 469 2951 docet
489 2911 550 2950 esse
570 2912 666 2949 rerum
687 2891 893 2970 sperandarum
913 2892 1145 2965 subsistentiam,
1165 2894 1243 2952 indi-

113 2992 179 3032 cem
205 2990 265 3029 non
288 2968 490 3047 apparentium
515 2968 767 3045 (liebr.1l,1.).
806 2969 881 3027 Nam
905 2989 960 3059 per
985 2966 1139 3023 ὑπόστασιν
1165 2971 1242 3049 (quo

111 3046 258 3107 vocabulo
278 3046 384 3121 utitur)
405 3044 484 3123 quasi
506 3044 630 3103 fulcrum
650 3045 799 3125 intelligit,
819 3045 864 3103 cui
886 3066 932 3125 psa
952 3064 1034 3104 mens
1053 3045 1194 3107 innitatur
1212 3056 1244 3105 et

111 3123 274 3183 incumbat.
321 3122 388 3179 Acsi
410 3123 520 3179 diceret
545 3119 631 3177 fidem
656 3121 746 3198 ipsam
768 3132 876 3180 certam
897 3120 1042 3200 quandam
1062 3140 1124 3181 esse
1144 3143 1178 3182 ac
1197 3142 1243 3182 se·

111 3221 213 3261 curam
234 3197 446 3279 possessionem
467 3217 581 3270 eorum,
601 3218 674 3275 quae
696 3196 779 3256 nobis
804 3197 906 3257 allen
928 3197 1068 3277 promissa
1091 3210 1159 3259 sunt
1186 3199 1243 3260 nisi

110 3276 179 3356 quis
208 3273 361 3330 ὑπόστασιν
390 3294 443 3352 pro
475 3273 579 3331 fiducia
611 3273 742 3353 accipere
773 3273 867 3332 malit:
897 3273 977 3354 quod
1007 3294 1070 3333 nou
1099 3274 1244 3368 displicet,

112 3372 279 3433 quanquam
300 3349 370 3409 illud
391 3348 470 3427 quod
492 3349 636 3427 receptius
656 3360 700 3407 est
718 3350 890 3441 amplector.
934 3351 1059 3411 Rursum
1079 3362 1112 3410 ut
1130 3351 1244 3434 signifi-

113 3439 197 3488 caret
215 3428 249 3486 ad
267 3447 434 3505 supremum
456 3446 546 3513 usqne
567 3425 658 3496 diem,
679 3448 738 3503 quo
759 3426 826 3485 labri
845 3426 1014 3505 aperientur
1033 3427 1126 3504 (Dan.
1146 3436 1174 3503 7,
1194 3434 1243 3493 10.

113 3505 210 3583 Apoc.
228 3509 280 3577 20,
299 3506 377 3577 12),
397 3500 565 3560 sublimiora
586 3520 665 3573 esse,
691 3522 776 3579 quarn
798 3520 872 3581 quae
891 3522 977 3563 sensu
997 3514 1100 3563 nostro
1120 3504 1244 3584 percipi,

110 3593 163 3641 aut
182 3582 272 3641 oculis
291 3579 432 3658 spectari,
463 3597 587 3637 manuve
608 3579 784 3637 contrectari
804 3578 931 3657 possint:
964 3598 1057 3659 eaque
1077 3601 1138 3639 noo
1158 3580 1244 3641 aliter

110 3656 230 3715 interim
250 3655 392 3736 possideri
412 3675 427 3713 a
447 3653 549 3725 nobis,
576 3656 705 3732 quamsi
730 3666 845 3732 captum
872 3676 989 3714 omnem
1016 3658 1125 3737 ingenii
1151 3657 1244 3716 nostri

111 3734 298 3805 excedamus,
329 3753 361 3790 ac
391 3752 477 3809 supra
503 3732 601 3788 omnia
621 3750 694 3808 quae
724 3731 753 3789 in
781 3732 892 3790 mundo
912 3743 980 3790 sunt
998 3735 1091 3791 aciem
1112 3746 1242 3792 nostram

109 3809 307 3883 intendamus,
326 3828 381 3865 nos
397 3807 523 3884 denique
542 3809 620 3884 ipsos
630 3827 814 3886 superemus:
834 3806 946 3867 addidit
963 3812 1148 3868 securitatem
1167 3808 1244 3869 banc.

132 3886 295 3957 ossidendi,
316 3903 377 3942 esse
398 3903 493 3941 rerum
535 3902 587 3941 uae
607 3884 638 3941 in
657 3905 709 3963 spe
730 3885 840 3957 iacent,
864 3883 991 3962 ideoque
1016 3906 1079 3943 non
1098 3885 1259 3959 videntur„

109 3908 265 4042 Siquidem
291 3959 430 4018 euidentia
454 3964 502 4036 (ut
514 3904 626 4018 l'artlus
646 3960 749 4019 scribit
767 3959 854 4019 Rutu.
874 3965 904 4033 8,
922 3963 985 4037 24.)
1013 3981 1078 4035 spes
1100 3981 1161 4020 non
1184 3975 1244 4023 ests

108 4060 168 4097 nec
188 4059 222 4095 ea
243 4058 317 4117 quae
337 4038 479 4107 videmus,
499 4056 655 4113 speramus.
705 4036 784 4094 Dum
804 4056 877 4096 vero
899 4037 1042 4111 indicem,
1066 4038 1243 4116 aut'proba·

108 4116 244 4187 tionem,
270 4126 318 4172 aut
342 4116 389 4189 (ut
408 4132 495 4190 saepe
517 4111 642 4171 reddidit
660 4110 839 4193 Augustinus
860 4113 897 4171 cl.
919 4112 997 4172 hom.
1018 4116 1048 4172 in
1068 4112 1113 4173 Io.
1133 4120 1191 4187 79,
1211 4125 1244 4174 et

109 4192 178 4266 95.)
202 4189 420 4250 convictionem
446 4209 481 4266 ap
505 4187 573 4246 ellat
598 4209 695 4247 rerum
722 4210 782 4246 non
810 4190 1005 4268 praesentium
1029 4194 1112 4267 (nam
1136 4208 1244 4271 graece

110 4277 159 4324 est
175 4268 312 4337 {trygetos
340 4265 464 4345 perinde
485 4209 616 4343 loquitur
635 4266 693 4325 acsi
707 4264 818 4325 diceret
838 4265 1012 4325 evidentiam
1024 4286 1085 4326 non
1098 4285 1243 4358 apparen-

111 4342 187 4400 tium
211 4362 323 4416 rerum,
355 4341 497 4403 visionem
523 4360 621 4399 earum
646 4361 722 4421 quae
746 4362 808 4402 nou
831 4342 983 4419 videntur,
1007 4343 1243 4423 perspicuitatem
