2596 4726
141 188 203 253 2⁰4
555 184 631 247 un.
650 184 705 249 tv.
742 186 831 251 CAP.
850 188 876 251 Ι.

141 347 228 408 quam
248 346 346 419 earnm
366 326 462 465 eapitq
478 325 657 422 deqorcreti
694 328 861 423 Gplatarum
881 327 1006 389 delectio
1018 346 1093 419 'uon
1116 324 1265 389 medium

142 415 206 463 erat
216 402 368 463 delictum:
418 405 537 465 orintlin
556 426 593 466 eo
613 428 706 467 miuus
725 406 876 467 illiserunt
894 402 1081 479 excusabiles,
1099 404 1181 483 quod
1201 402 1264 493 plu·

26 538 38 555 s
141 479 223 540 ribus
243 500 280 539 ne
303 499 339 538 ue
359 479 515 541 levioribus
539 482 655 562 flagitiis
678 482 881 543 abundabant:
907 482 1005 541 neutri
1024 491 1124 539 tamen
1143 499 1161 538 a
1182 498 1263 539 miae·

141 554 269 648 ricerdia
319 556 410 647 omini
430 558 628 617 exeluduntur.
677 558 743 618 Iino
762 558 804 617 illi
823 558 878 638 ipsi
897 557 946 638 qui
967 575 1036 636 prae
1055 554 1121 616 aliis
1139 554 1263 615 immuu-

142 632 230 708 ditia,
261 630 455 691 fornicatione
476 645 506 692 et
524 633 703 713 impudicitia
722 634 918 713 deliquerant,
942 630 1116 691 nominatim
1134 630 1262 691 inritan-

141 718 192 768 tur
211 706 246 768 ad
288 708 488 768 oenitentiam.
526 710 627 769 lllanet
640 712 717 770 enirn
728 723 937 790 aeternumque
947 706 1079 767 mauebit
1097 706 1262 767 inviolabile

140 795 257 864 pactum
302 784 402 874 omini,
420 784 499 876 quod
518 785 691 877 splleuniter
707 807 771 846 euin
786 785 905 846 Christo
920 805 990 844 iero
1001 782 1261 874 Salp'moneneius·

140 860 494 1027 :tumultuent
512 860 670 1011 laist:
684 858 1261 1023 iti-„ndreaeteatin

139 1033 189 1088 „si
207 1024 333 1103 iustitias·
347 1032 424 1102 meas
438 1012 635 1102 profanariut,
654 1015 788 1105 mandata
806 1034 870 1073 mea
890 1034 951 1103 ripn
969 1008 1179 1072 custodierint:
1197 1031 1259 1067 risi·

138 1085 715 1254 :tltftttttt'ttttt‘ttttt’
728 1088 1260 1241 :ltttbttltttt‘sst‘tqtt‘ttt

139 1237 264 1329 emboli
290 1238 481 1330 dispositione
511 1239 702 1329 admonemur
733 1254 902 1321 perpetuam
926 1238 1056 1327 residere
1084 1238 1116 1296 iii
1142 1234 1257 1327 ecclesia

169 1312 250 1373 bristi
268 1311 441 1448 delietqqpm
452 1327 573 1405 gratiam
581 1339 594 1407 εΙ
610 1318 689 1396 quod
710 1317 829 1389 ecelesia
848 1315 926 1377 velut
944 1324 1258 1389 constituentem

138 1391 815 1558 petellflgrjizuidadiealiiqiiiiitiiliiiideutiores,
833 1468 885 1529 ubi
896 1466 996 1557 vident
1005 1476 1089 1555 tauta·
1095 1464 1257 1555 Seriptprae

136 1542 472 1633 perspicuitate-Novati
493 1544 597 1625 dogma
617 1545 754 1619 relutari,
778 1566 838 1605 uon
859 1542 1012 1632 quodlibet
1031 1541 1172 1631 delictum
1191 1558 1257 1597 irre·

136 1616 277 1678 missibile
303 1618 430 1693 iaciunt,
448 1620 499 1679 sed
520 1619 709 1681 voluntariam
728 1622 814 1705 Legis
833 1632 1107 1700 transgressionem:
1126 1636 1158 1675 ιιι
1178 1634 1255 1695 quain

136 1694 232 1756 sciens
257 1698 377 1785 quisflae
397 1695 503 1786 polens
526 1696 689 1788 impegerit.
739 1699 835 1757 Porro
862 1698 903 1757 sic
931 1695 1088 1785 loquentes
1111 1702 1255 1783 peecatum

136 1769 250 1831 nullum
269 1791 356 1829 venia
376 1770 548 1852 dignantur,
578 1776 632 1833 nisi
658 1774 752 1834 sicubi
783 1773 947 1833 aberratum
972 1794 982 1831 ι
1005 1780 1140 1828 notantia
1165 1767 1254 1857 luerit.

136 1847 249 1907 Verum
268 1868 357 1926 quum
376 1846 522 1909 Dominus
541 1853 571 1909 in
590 1850 671 1932 Lege
690 1850 797 1927 (Levit.
817 1870 878 1929 cap.
892 1850 946 1922 4.),
965 1788 1021 1905 aba
1038 1865 1097 1936 pro
1117 1840 1253 1923 expiandis

134 1922 265 2013 fidelium
284 1922 454 2014 voluntariis
466 1926 615 2019 peccatis,
639 1925 694 1986 alia
713 1948 768 2017 pro
786 1924 962 2016 ignorantiis
985 1920 1164 2011 redimendis
1179 1936 1253 1977 ιιιιι-

135 1998 729 2156 ltili?‘litttsstzfittutltt'’‘itit
742 1997 1252 2158 'ttl'ttss'tltltt‘tt.t‘tlt

136 2174 203 2214 cuin
224 2150 334 2213 Christi
352 2152 522 2212 sacrificium
542 2153 638 2213 valere
662 2155 697 2213 ad
723 2155 895 2214 remittenda
913 2162 1080 2211 sanctorum
1100 2146 1250 2207 iotunuui

135 2238 269 2307 peccata:
301 2227 418 2319 quaudo
439 2230 582 2318 Dominus
602 2229 764 2291 carnalibus
784 2230 901 2302 bestiis,
925 2226 1016 2316 ueluti
1034 2222 1204 2304 signaculis,
1225 2218 1249 2277 iil

133 2314 271 2365 testatum
291 2304 369 2363 lecit.
408 2304 524 2364 Deinde
544 2308 607 2385 quis
627 2306 662 2366 ab
684 2307 849 2387 ignorantia
867 2303 1009 2365 Davidem
1028 2310 1156 2372 ueniet,
1165 2314 1248 2433 ¹quen

135 2389 292 2458 tantopere
323 2390 437 2439 constat
463 2381 550 2441 luisse
574 2384 604 2441 iu
624 2384 704 2463 Lege
730 2380 894 2441 eruditum?
931 2380 979 2438 An
1000 2374 1148 2437 nesciebat
1194 2368 1249 2433 avil

137 2467 276 2534 quantuni
295 2454 374 2513 foret
397 2454 530 2515 adulterii
556 2470 586 2518 et
610 2458 759 2518 bomiciilii
786 2460 912 2531 criiuen,
967 2455 994 2513 ni
1015 2451 1149 2531 quotidie
1168 2452 1177 2508 i
1197 2464 1248 2509 sii!

135 2531 167 2590 in
189 2530 251 2589 aliis
272 2530 429 2609 puniebat?
466 2531 512 2590 Au
534 2532 723 2592 fratricidium
744 2556 788 2593 res
809 2533 935 2611 legitima
945 2476 1123 2589 l‘atriarcbis
1141 2470 1248 2585 uideba-

135 2608 202 2667 tur?
239 2606 288 2665 An
308 2607 347 2664 ita
366 2607 441 2666 male
456 2610 811 2687 proiecerautCoriuthii,
831 2622 864 2667 nt
882 2607 1036 2677 lasciviam,
1056 2603 1248 2683 impuritatem,

136 2683 366 2755 scortationem,
387 2684 469 2759 odia,
495 2688 700 2746 contentiones
719 2686 834 2765 placere
854 2686 922 2743 Deo
941 2680 1098 2762 putarent?
1136 2680 1183 2738 Αιι
1201 2676 1248 2735 l’e-

135 2773 198 2821 trus
226 2773 286 2819 tam
311 2759 470 2841 diligenter
489 2763 652 2823 ailuionitus
678 2762 847 2843 ignorabat,
873 2760 972 2839 quanti
992 2767 1069 2816 esset
1093 2754 1247 2835 magistrun

137 2838 268 2897 eiurare?
317 2837 398 2929 Ergo
419 2838 476 2898 Dei
505 2840 721 2900 misericordiae
744 2851 803 2897 tuin
827 2838 955 2917 benigne
974 2854 1005 2894 sc
1022 2830 1169 2913 ¹exserenti
1187 2830 1247 2891 tia!

135 2926 237 2976 nostra
256 2913 435 2993 malignitate
455 2936 492 2974 ue
512 2918 739 2994 praecludamus.

211 2997 259 3055 ⁸29.
296 2991 442 3067 Equidem
474 3013 534 3050 nou
565 3014 613 3051 uie
639 2995 839 3053 latetiieteres
858 2988 1015 3066 scriptores
1035 2993 1248 3073 peecata,quae

135 3067 269 3147 quotidie
279 3068 467 3125 remittuntur
487 3068 630 3143 fidelibus,
650 3072 856 3148 interpretatos
876 3083 1022 3143 essequae
1043 3082 1077 3120 ex
1096 3058 1249 3119 infirmitate

135 3141 231 3203 carnis
251 3141 401 3233 obrepunt
420 3143 529 3202 lei-iora
550 3156 658 3206 errata:
679 3145 890 3225 poeniteutiam
903 3161 973 3199 vero
992 3137 1169 3207 sollennem,
1187 3150 1249 3214 quae

134 3238 191 3312 pro
210 3217 393 3297 gravioribus
412 3220 530 3300 llagitiis
550 3232 610 3279 tuin
631 3222 808 3302 exigebatur,
828 3219 882 3279 illis
901 3218 989 3276 visam
1008 3234 1070 3275 esse
1091 3232 1152 3272 nou
1171 3206 1249 3289 magis

135 3294 296 3356 iterandam
311 3315 396 3372 qnam
407 3295 595 3374 Baptismum.
624 3300 709 3371 Quae
727 3299 871 3357 sententia
892 3314 952 3351 uon
973 3293 1010 3350 ita
1031 3301 1074 3349 est
1094 3284 1249 3367 accipienda

136 3370 217 3451 qnasi
237 3380 286 3427 aiit
305 3370 497 3448 praecipitare
516 3373 546 3430 iii
566 3373 798 3452 desperationem
807 3372 963 3443 voluerint,
978 3369 1028 3449 qui
1048 3388 1063 3426 a
1085 3364 1177 3457 prima
1188 3380 1250 3443 pot·

135 3445 259 3506 nitentia
280 3445 385 3504 iteruin
406 3447 588 3520 recidissent,
620 3461 669 3509 aut
693 3450 740 3508 illa
761 3460 854 3508 errata
875 3447 1005 3520 elevare,
1033 3442 1156 3523 perinde
1174 3452 1250 3518 atque

135 3543 236 3585 coram
266 3519 323 3579 Dei
355 3523 456 3583 exsilia.
510 3524 650 3585 Sciebant
681 3526 758 3585 euim
792 3524 963 3583 infidelitate
991 3520 1105 3598 saepius
1134 3518 1250 3577 titubare

134 3612 261 3672 sanctos,
279 3596 440 3657 iuramenta
459 3620 638 3691 supervacua
658 3602 712 3661 illis
732 3602 876 3660 interdum
887 3599 1030 3669 eiciilere,
1049 3597 1079 3654 iu
1100 3597 1171 3654 iram
1184 3612 1250 3653 uon·

135 3695 285 3755 uunquam
306 3674 465 3747 ellervere,
491 3698 551 3736 imo
571 3699 762 3758 prorumpere
783 3678 818 3735 ad
839 3676 990 3735 manifesta
1010 3692 1102 3751 iisque
1121 3666 1250 3738 coniicit,

136 3750 201 3812 aliis
220 3762 370 3829 practerea
390 3751 470 3811 uialis
490 3753 634 3831 laborare,
656 3754 883 3833 quaeDoniinus
905 3773 964 3811 uon
986 3750 1090 3808 leviter
1109 3746 1250 3807 abomina-

134 3841 201 3889 tur:
221 3827 272 3885 sed
292 3828 332 3887 ita
352 3827 506 3901 vocabant,
526 3841 558 3888 ut
578 3832 790 3911 distinguerent
810 3851 826 3888 u
846 3829 968 3907 publicis
988 3824 1168 3898 criminibus,
1185 3836 1250 3902 quae

135 3926 202 3966 cuni
222 3924 328 3982 niagno
349 3904 531 3964 olleudieulo
550 3908 579 3964 iii
600 3907 737 3967 eeclesiae
752 3908 951 3986 coguitionem
964 3902 1129 3961 veniebant.
1170 3892 1251 3973 Quod

136 3992 233 4041 antem
254 3985 328 4041 adeo
342 3980 498 4040 difficulter
517 3982 711 4063 ignoscebant
729 3985 774 4056 iis,
794 3986 842 4060 qui
865 3983 982 4063 dignum
1003 3979 1111 4057 aliquid
1131 3969 1249 4035 animad·

134 4058 271 4118 versione
291 4056 483 4117 eeclesiastiea
501 4072 719 4139 perpetrarant,
738 4081 798 4120 uon
820 4060 887 4119 ideo
907 4057 995 4117 fiebat
1014 4056 1092 4134 quod
1113 4049 1249 4112 difficilem

134 4134 227 4193 illisa
249 4134 287 4192 ud
306 4132 467 4194 Dominum
485 4136 600 4196 veniam
621 4147 771 4215 putarent:
797 4136 847 4195 sed
873 4134 926 4194 bac
950 4133 1104 4193 severitate
1122 4128 1249 4188 volebant

136 4209 208 4271 alios
228 4154 394 4283 deterrere,
413 4230 451 4268 ue
471 4221 582 4273 temere
601 4224 779 4292 proruerent
801 4211 831 4272 in
851 4211 976 4292 flagitia,
1006 4229 1130 4288 quorum
1153 4200 1248 4263 merito

135 4284 174 4349 ab
206 4285 344 4349 ecelesiae
369 4289 577 4353 commuuione
602 4290 808 4353 alienarentur.
858 4286 1035 4368 Quanquam
1059 4282 1177 4349 ierbiim
1194 4278 1248 4337 Do·
