2700 4732
102 204 163 269 tot
487 198 565 264 LIB.
584 197 643 263 111.
680 198 771 265 CAP.
788 198 854 261 XX.

105 341 179 405 lium
199 341 434 405 demurmurant:
453 342 547 406 Potes·
562 358 660 405 noster
669 345 715 425 ἢ.
761 346 852 406 Hunc
870 343 1001 406 furorem
1019 352 1140 404 tautum
1162 338 1238 403 abeat

105 432 144 481 ut
161 419 299 483 Pastores
317 421 478 482 sanandum
496 421 544 483 vel
563 420 763 483 cohibendum
783 433 904 496 curent,
931 432 965 481 ut
1010 431 1131 481 caestus
1149 419 1237 481 odore
1287 492 1289 497 Ι

104 495 205 559 allecti
230 496 332 578 plausu
362 519 417 559 suo
437 497 644 578 comprobent.
682 500 795 560 Verum
814 510 848 558 ut
866 510 926 558 tam
945 442 1028 558 foedi
1048 496 1179 558 criminis
1195 496 1238 555 iu·
1287 524 1289 529 ·

103 572 213 636 vidiam
232 595 249 634 a
267 594 300 634 se
320 574 464 650 derivent,
481 574 649 635 hoctameo
662 595 722 654 quo
743 575 846 636 colore
858 574 1031 649 defendant,
1051 570 1237 655 erogarillli-

129 649 188 709 ium
207 649 253 710 vel
272 650 457 727 llledardum,
475 663 508 711 ut
526 671 626 712 servos
645 672 715 713 suos
734 652 891 731 respiciant
915 663 946 711 et
964 653 1066 712 iuvent
1091 669 1110 710 e
1141 646 1237 711 rodat

106 668 246 786 §anetam
274 727 434 820 virginem,
459 739 493 787 ut
512 727 620 787 filium
642 727 740 788 facere
769 728 869 788 iubeat
892 727 973 808 quod
996 726 1127 808 petunt?
1164 722 1237 785 0l'n
1277 800 1280 805 Ι

104 803 228 865 vetitum
248 803 304 864 fuit
321 826 353 864 an
374 804 513 866 Concilio
534 804 776 897 Carthaginensi,
803 825 841 864 nc
860 806 897 864 ad
916 804 1008 864 altare
1029 803 1144 864 directa
1161 802 1239 861 heret
1277 842 1280 847 -

105 881 240 960 precatio
260 881 296 940 ad
317 882 456 941 Sanctos:
477 902 511 942 ac
532 880 689 961 probabile
709 894 767 955 est,
794 902 882 961 quum
909 882 1000 943 sancti
1018 880 1078 941 viri
1103 879 1238 960 impetum

105 957 685 1097 tt‘ttttttttllzttt„ttt‘tt
698 952 1239 1113 ¹¹tt⁰ltt¹a3⁰htttta“tttdz

109 1110 274 1170 orationes:
305 1110 412 1171 Sancte
434 1110 535 1184 Petne,
560 1077 693 1187 oru’pro
715 1108 806 1170 nobis.
847 1112 969 1185 Quanto
996 1122 1097 1170 antem
1129 1107 1239 1191 longius

109 1187 200 1245 evasit
212 1185 357 1248 diabolica
369 1208 471 1247 eorum
491 1189 706 1267 importunitas,
726 1189 776 1268 qui
795 1187 831 1247 ad
850 1200 982 1249 mortuos
996 1185 1165 1249 transferre
1183 1204 1240 1247 uou

110 1260 246 1323 dubitant
265 1263 345 1343 quod
365 1264 424 1323 Ilei
444 1276 474 1325 et
494 1264 604 1325 Christi
624 1265 775 1346 proprium
795 1264 877 1324 erat?

183 1345 233 1403 23.
274 1341 366 1414 Quod
397 1353 495 1402 autem
526 1342 645 1402 efficere
669 1342 801 1415 student,
825 1353 859 1400 ut
878 1340 1049 1422 Scripturae
1068 1338 1242 1401 auemrttate

108 1412 244 1477 videatur
261 1417 371 1478 subniti
391 1418 536 1479 eiusmodi
555 1419 742 1493 intercessio,
763 1418 869 1478 frustra
888 1420 918 1478 in
939 1437 976 1479 eo
996 1416 1145 1478 laborant.
1183 1416 1243 1477 hu·

110 1492 262 1573 pelorum,
286 1493 439 1574 inquiunt,
464 1495 615 1558 orationes
643 1496 782 1579 leguntur
809 1496 939 1575 saepius:
966 1513 1065 1631 neque
1089 1494 1121 1553 id
1146 1492 1245 1567 modu,

109 1569 212 1630 sedin
232 1570 291 1631 Ilei
315 1593 385 1634 cons
409 1583 506 1634 ectum
530 1594 584 1655 per
604 1593 707 1634 eorum
732 1594 833 1633 manus
857 1572 982 1651 perferri
1030 1572 1154 1632 icantur
1176 1569 1246 1631 bde-

108 1642 181 1706 lium
201 1666 313 1729 preces.
332 1686 371 1699 -
387 1594 507 1711 Phiesum
525 1649 551 1710 si
569 1651 680 1733 angelis
700 1650 825 1710 Sanctus
844 1648 992 1729 praesenti
1010 1650 1069 1708 vita
1090 1647 1246 1709 defunctos

110 1722 249 1785 conferre
268 1724 358 1799 libet,
377 1726 563 1808 probandum
583 1727 673 1788 fuerit
692 1746 754 1788 esse
773 1726 1037 1787 administratorios
1052 1724 1247 1817 spiritusfll.

110 1800 218 1936 quibus
238 1800 403 1884 delegatum
422 1804 461 1864 sit
479 1805 673 1865 ministerium
693 1803 839 1865 curandae
859 1815 977 1864 nostrae
996 1803 1115 1879 salutrs,
1143 1799 1245 1882 quibus

49 1936 63 1943 ,
133 1878 284 1941 emandata
306 1880 345 1939 sit
367 1881 518 1961 provincia
543 1881 727 1942 custodiendi
757 1901 811 1941 nos
841 1880 872 1939 in
899 1878 1035 1941 omnibus
1054 1878 1109 1940 viis
1129 1878 1246 1953 ιιοιιιίι,

111 1953 163 2033 qui
184 1976 237 2015 nos
256 1955 452 2032 circumeant,
482 1957 533 2037 qui
560 1969 703 2018 moneant
722 1968 753 2016 et
771 1956 980 2032 consolentur,
1012 1956 1064 2036 qui
1082 1976 1143 2036 pro
1164 1955 1245 2017 nobit

77 2036 84 2051 “
111 2030 247 2093 excubias
265 2045 370 2114 agant:
402 2054 478 2114 quae
502 2036 600 2095 omnia
623 2034 681 2095 illis
706 2033 895 2109 deferuntur,
933 2033 1096 2093 bisantem
1116 2033 1245 2093 minime.

114 2106 215 2180 Quam
236 2122 425 2190 praepostere
444 2110 554 2192 angelis
574 2112 698 2171 Sanctus
717 2126 850 2171 mortuos
870 2109 1037 2183 involvant,
1056 2110 1128 2170 satis
1148 2128 1245 2193 supet·

109 2202 170 2320 que
190 2203 225 2243 eu
243 2197 290 2246 tot
309 2187 430 2247 diversis
448 2186 619 2249 muneribus
639 2198 731 2269 patet,
751 2186 855 2266 quibus
875 2187 948 2246 alios
968 2185 1003 2247 ab
1020 2186 1245 2268 aliisScriptun

132 2260 273 2352 istinguit.
312 2261 459 2326 Causidici
477 2264 609 2344 partibus
636 2264 712 2345 apud
736 2276 888 2324 terrenum
907 2262 1034 2324 iudicem
1053 2263 1143 2346 fungi
1162 2280 1244 2325 neue

108 2336 233 2398 audebat
251 2338 307 2399 nisi
325 2339 479 2402 admissus:
512 2342 591 2401 unde
618 2361 690 2422 ergo
709 2340 856 2402 vermibus
875 2351 957 2401 tanta
976 2339 1107 2414 licentia,
1128 2351 1166 2402 ut
1184 2338 1244 2401 lter

134 2422 255 2474 atrouos
276 2415 449 2493 obtrudant,
467 2417 572 2495 quibus
591 2439 696 2479 munus
715 2417 878 2478 iniunctum
898 2438 961 2478 non
979 2416 1107 2499 legitur?
1149 2412 1245 2479 Voluit

145 2507 195 2549 eus
219 2492 340 2571 angelos
365 2493 511 2553 curandae
530 2506 648 2554 nostrae
673 2493 760 2554 saluti
785 2495 959 2575 praeficere:
988 2494 1069 2555 unde
1094 2504 1129 2555 et
1152 2512 1244 2556 neret

111 2576 216 2626 coetus
235 2565 441 2648 frequentant,
466 2581 497 2629 et
515 2569 638 2630 ecclesia
656 2570 713 2630 illis
733 2570 880 2630 theatrum
900 2583 954 2646 est,
972 2570 1003 2630 iu
1022 2591 1085 2651 quo
1104 2571 1245 2631 mirentur

110 2640 221 2703 variam
248 2645 384 2705 etmulti
407 2645 491 2706 licem
510 2646 569 2706 Dei
593 2647 764 2726 sapientiam
788 2647 1025 2728 (Eph.3‚10.).
1078 2648 1178 2722 Quod
1196 2645 1244 2707 illis

110 2719 262 2798 peculiare
282 2733 336 2797 est,
356 2743 371 2782 a
412 2721 483 2785 alios
504 2722 554 2803 qui
574 2725 764 2799 transferunt,
784 2737 865 2785 certe
885 2724 1019 2784 ordinem
1039 2742 1057 2784 a
1077 2723 1151 2785 Deo
1171 2721 1245 2806 posi·

109 2806 191 2873 tum,
224 2798 274 2878 qui
293 2798 471 2862 inviolabilis
491 2821 553 2862 esse
573 2800 716 2878 debebat,
747 2800 935 2861 confundunt
954 2821 987 2860 ac
1007 2812 1245 2882 pervertunt.-

108 2872 221 2934 Eadcm
241 2873 413 2937 dexteritate
430 2888 560 2960 pergunt
579 2878 702 2938 citandis
721 2875 784 2938 aliis
804 2877 989 2939 testimoniis.
1039 2877 1192 2940 ieremias
1209 2876 1247 2939 ffi-

110 2949 198 3010 cebat
216 2951 298 3013 Deus
318 2955 448 3031 (15,1.)=
470 2955 527 3031 „si
546 2956 682 3015 steterint
694 2956 791 3016 Moses
807 2967 837 3014 et
849 2955 967 3014 Samuel
987 2974 1088 3014 coram
1108 2974 1172 3033 me,
1190 2972 1246 3015 nou

108 3038 180 3100 „est
198 3028 293 3089 anima
313 3051 377 3091 mea
400 3030 437 3092 ad
484 3030 605 3111 opulum
631 3032 750 3091 istum.“
800 3030 963 3106 Quomodo
988 3031 1030 3090 sic
1056 3031 1095 3091 de
1127 3030 1247 3094 mortuis

109 3104 281 3193 'inquiunt)
301 3105 440 3186 loquutus
460 3053 550 3182 lasset,
568 3107 624 3169 nisi
643 3128 700 3187 pro
719 3108 790 3168 vivis
809 3108 993 3168 intercedere
1013 3107 1080 3169 illos
1101 3102 1248 3170 nommeti

108 3119 177 3272 bgo
198 3209 268 3249 vero
289 3195 394 3248 contre
413 3185 455 3246 sic
479 3184 605 3278 colligo:
638 3206 727 3264 quum
756 3184 825 3244 indc
855 3196 994 3264 appareat
1024 3204 1128 3264 neque
1148 3186 1248 3247 Moser

111 3286 210 3346 neque
229 3263 397 3324 Samuelem
415 3264 614 3323 intercessisse
633 3282 689 3341 pro
710 3261 821 3341 populo
841 3261 1020 3334 Israelitico,
1045 3272 1122 3322 tunc
1143 3260 1249 3322 nullan

111 3344 202 3405 fuisse
222 3363 342 3422 prorsus
369 3352 554 3400 mortuorum
580 3338 830 3398 intercessionem.
869 3339 945 3412 Quis
965 3339 1042 3396 enim
1071 3337 1250 3400 Sanctum

114 3421 151 3479 dc
171 3416 274 3499 populi
294 3416 386 3477 salute
406 3415 542 3476 laborare
562 3414 725 3474 credendus
744 3416 797 3487 sit,
829 3426 959 3474 cessante
979 3415 1081 3488 Mose,
1107 3415 1165 3493 qui
1184 3414 1250 3476 aliut

113 3517 218 3558 omncs
237 3495 269 3553 iu
289 3493 342 3553 hac
362 3504 444 3573 parte
459 3492 551 3572 longo
572 3489 739 3565 intervallo,
760 3491 828 3548 dum
841 3492 961 3564 viveret,
980 3490 1155 3569 superavit?
1175 3493 1251 3573 Ergo

112 3574 137 3635 si
157 3571 314 3632 minutulas
333 3568 400 3630 istas
419 3568 547 3649 argutias
566 3577 729 3640 sectantur,
754 3567 867 3627 lllortui
892 3588 946 3646 pro
967 3565 1138 3627 viventibus
1164 3568 1262 3629 iuter?

114 3650 240 3726 cedunt,
264 3647 403 3728 quoniam
424 3645 495 3705 dixit
513 3645 674 3720 Dominus,
696 3647 724 3703 si
741 3646 965 3705 immoessem'ma
993 3663 1052 3725 ego
1073 3643 1173 3727 lunge
1191 3662 1260 3727 spe·

183 3869 212 3940 ⁴)
228 3866 382 3923 Erasmus
399 3866 471 3936 epist.
487 3868 521 3920 ad
539 3864 701 3922 Sudoletnm,
718 3863 792 3916 1530.
808 3864 868 3914 licet
885 3863 1004 3923 titubans,
1022 3874 1048 3915 et
1064 3862 1094 3915 in
1108 3865 1185 3920 clara
1200 3866 1255 3919 face

117 3938 278 3999 coecuticns,
295 3938 374 3989 audet
390 3949 477 3987 tamen
493 3934 618 3987 scribere:
644 3930 776 3993 „Primum
804 3945 904 3982 constat
926 3931 1026 3982 nullum
1046 3949 1102 3983 csse
1119 3932 1216 3987 locum
1229 3932 1255 3985 iu

113 4007 224 4073 „divinis
240 4004 430 4064 voluminibus,
447 4001 492 4071 qui
509 4000 641 4083 permittat
657 4000 779 4051 iuvocare
796 3999 883 4061 divos,
907 3998 955 4051 nisi
971 4000 1080 4051 fortasse
1097 4000 1256 4071 detorquere

113 4076 184 4140 „hue
208 4076 307 4144 placet,
333 4071 406 4141 quod
429 4070 497 4123 diues
515 4089 543 4121 an
560 4066 713 4131 Evangelica
735 4067 860 4136 parabola
885 4066 1009 4135 implorat
1024 4084 1104 4137 opem
1124 4068 1256 4121 Abrahae.

114 4142 290 4211 „Quanquam
307 4154 394 4192 autem
413 4137 441 4189 in
458 4156 486 4188 re
501 4148 573 4190 unta
595 4153 693 4187 novare
710 4135 850 4203 quicquam
865 4148 967 4204 praeter
983 4133 1173 4189 auctoritatem
1191 4133 1257 4190 Sut-

114 4224 237 4279 „pturae,
257 4208 352 4263 merito
376 4205 551 4275 periculosum
583 4202 663 4257 videri
683 4204 778 4272 possit,
801 4215 890 4256 tamen
912 4201 1107 4259 invocationem
1136 4204 1256 4262 divom

116 4297 149 4345 „u
231 4296 258 4329 m
274 4276 417 4404 improbo“
434 4285 485 4326 ete.

227 4343 294 4399 lleb.
327 4342 393 4409 ,14
426 4340 494 4400 Paul.
510 4338 622 4407 91,1t.·
645 4336 712 4396 Ibit.
729 4338 773 4405 dt,
789 4337 813 4395 8.
