2700 4732
368 294 371 299 Ι
448 286 450 294 ᾗ
486 212 561 274 nra.
584 212 639 273 ru.
681 211 885 275 causan.

473 474 734 573 carun
785 501 896 571 xxu

193 692 446 756 Confirmatio
486 691 592 754 huius
632 693 829 755 doctrinae
874 709 914 752 ex
953 690 1174 772 scripturae
1224 678 1228 683 ’

564 786 804 848 testimoniis.

182 966 270 1020 Partes
287 967 363 1019 lanius
382 965 491 1036 Capitis:
514 962 545 1032 1)
567 961 738 1016 Orthodoxae
755 963 899 1026 doctrinae,
915 965 1038 1017 adversus
1053 962 1148 1033 duplex
1165 961 1251 1016 bomi-

111 1073 179 1104 num
197 1070 283 1124 genus,
299 1050 479 1111 confirmatio,
503 1068 532 1099 ex
549 1047 625 1101 Pauli
643 1063 667 1099 ct
685 1046 780 1100 Christi
803 1047 955 1100 testimoniis
972 1045 1108 1112 diligenter
1124 1046 1253 1116 expositis,
1296 1054 1307 1073 “·

112 1137 465 1199 collecta‚sect.1-'-7.-
497 1133 529 1201 (ἱ)
548 1131 720 1199 Quarundam
739 1131 912 1184 abiectionem
933 1149 962 1182 ex
979 1129 1120 1193 veteribus,
1147 1129 1252 1185 Thomu

112 1220 255 1291 Aquinate,
274 1232 299 1273 et
317 1218 519 1279 recentioribus,
536 1215 702 1286 repetitarum
721 1215 824 1278 dilutio,
839 1229 898 1268 sect.
915 1215 1017 1271 8-10.
1035 1244 1068 1256 -
1101 1214 1134 1284 3)
1150 1215 1193 1267 De
1210 1234 1253 1269 re·

109 1305 286 1376 probatione,
309 1303 381 1359 cuius
407 1303 605 1356 fundamentum
631 1300 658 1351 iu
675 1299 726 1352 Dei
751 1300 817 1353 iuata
833 1302 966 1355 voluntate
985 1318 1093 1370 prorsus
1114 1301 1192 1355 situm
1209 1314 1254 1366 est,

108 1403 172 1443 aare
188 1390 234 1442 ult

193 1562 219 1621 l.
259 1556 340 1614 llaec
361 1552 460 1613 onmia
479 1573 553 1643 quae
572 1551 723 1632 posuimus
737 1551 941 1613 controversia
961 1551 1039 1631 apud
1058 1553 1166 1617 multos
1186 1577 1250 1618 non

111 1645 232 1705 carent,
260 1631 383 1690 maxime
403 1641 529 1711 gratuita
554 1630 683 1689 fidelium
710 1629 832 1689 electio:
886 1648 938 1688 uae
957 1640 1056 1689 tamen
1076 1630 1249 1693 labefactari

111 1731 177 1771 uon
197 1720 305 1789 potest.
344 1706 402 1766 Vul
426 1726 444 1766 o
465 1707 541 1766 enim
562 1707 725 1767 existimant
743 1702 840 1766 Deum
860 1651 934 1785 grid.
951 1726 977 1765 c.
989 1711 1036 1770 21.
1047 1727 1075 1766 v.
1087 1710 1141 1784 5.),
1161 1720 1252 1788 prout
1317 1766 1320 1777 ,

112 1786 255 1866 cuiusque
273 1785 377 1844 merita
398 1727 463 1843 liare
482 1784 644 1862 praevidet,
662 1782 701 1843 ita
721 1783 800 1841 inter
819 1781 952 1843 homiues
972 1781 1155 1845 discerneret
1176 1806 1250 1865 quos

112 1883 189 1946 ergo
208 1882 260 1922 sua
279 1860 374 1943 gratia
394 1860 459 1921 lore
480 1880 542 1919 oon
562 1859 700 1941 indignos
719 1858 963 1951 praecognoscit,
995 1879 1046 1919 eos
1071 1861 1101 1919 iu
1121 1860 1251 1922 filiorum

111 1939 213 2001 locum
234 1949 392 2018 cooptare:
419 1956 544 2015 quorum
570 1935 687 2016 ingenia
711 1935 748 1996 ad
773 1934 909 1996 malitiam
930 1946 960 1996 et
978 1935 1157 2015 impietatem
1177 1958 1251 2021 pro·,

111 2036 240 2098 pensura
261 2013 389 2093 dispicit,
416 2033 466 2073 eos
486 2013 588 2073 mortis
610 2013 788 2075 damnationi
809 2012 963 2072 devovere.
1003 2012 1053 2073 Sic
1073 2013 1249 2094 interposito

111 2092 325 2174 praescientiae
344 2090 410 2149 velo
437 2090 612 2169 electionem
639 2108 700 2147 non
720 2087 810 2149 modo
831 2087 1005 2165 obscurant,
1029 2090 1079 2149 sed
1100 2091 1249 2173 originem

110 2168 230 2230 aliunde
250 2166 359 2226 babere
378 2166 502 2248 fingunt.
545 2166 651 2244 Neque
676 2164 748 2226 haec
767 2165 859 2248 vulgo
885 2176 1004 2245 recepta
1032 2165 1133 2245 opinio
1157 2168 1249 2231 solius
1341 2205 1348 2216 -

110 2245 192 2326 vulgi
221 2256 279 2305 est:
311 2241 414 2302 habuit
444 2242 522 2302 enim
552 2241 673 2302 saeculis
703 2240 840 2302 omuibus
870 2262 991 2325 magnos
1016 2254 1150 2319 auctores
1175 2244 1248 2323 (vid.

109 2324 245 2397 seet.8.).
286 2318 378 2394 Quod
399 2319 526 2399 ingenue
547 2319 653 2393 lateor,
672 2320 786 2398 nequis
806 2339 908 2379 causae
928 2330 1048 2379 nostrae
1065 2340 1250 2403 magnopere

111 2397 286 2462 obfuturum
300 2394 441 2470 confidat,
459 2395 484 2455 si
504 2416 606 2454 eorum
626 2394 747 2455 uomina
766 2407 869 2456 contra
890 2407 1088 2476 opponantur.
1129 2396 1250 2460 Certior

111 2488 158 2537 est
178 2476 255 2534 euim
281 2472 328 2533 bic
348 2472 405 2530 Dei
430 2472 536 2532 veritas
562 2492 649 2550 quam
682 2483 715 2531 ut
739 2472 941 2547 concutiatur,
972 2472 1080 2532 clarior
1105 2494 1190 2552 quam
1215 2487 1249 2536 ut

110 2525 267 2614 obruatud
277 2549 428 2610 bominum
450 2548 636 2608 auctoritate.
653 2600 657 2610 ,
674 2547 814 2608 Aliivero
834 2568 933 2629 neque
948 2547 1145 2629 inscriptura
1165 2571 1249 2612 exer-

109 2628 205 2702 citati,
226 2646 323 2706 neque
343 2624 404 2685 ullo
424 2625 565 2706 suffragio
584 2623 612 2683 di
635 2624 677 2699 ni,
695 2625 800 2685 maiori
820 2623 1010 2705 improbitate
1028 2646 1125 2703 sanam
1137 2626 1249 2688 doctri·

110 2726 180 2766 nam
201 2703 338 2776 lacerant,
358 2722 443 2780 quam
460 2715 497 2761 ut
516 2645 679 2763 tolerabilis
699 2702 737 2761 sit
749 2721 851 2761 eorum
862 2702 1022 2791 protervia.
1065 2702 1143 2794 Quia
1156 2702 1248 2780 Deus,

110 2782 226 2863 eligens
245 2799 299 2840 suo
319 2779 441 2837 arbitrio
462 2779 617 2858 quosdam,
645 2778 717 2838 allos
764 2789 900 2852 raeterrt,
927 2777 1006 2837 litem
1028 2778 1054 2837 ei
1079 2779 1247 2841 intendunt.

111 2860 226 2916 Verum
245 2856 269 2916 si
288 2875 334 2916 res
355 2856 415 2935 ipsa
435 2869 505 2914 nota
527 2867 580 2927 est,
600 2854 668 2934 quid
684 2798 841 2932 probcient
851 2865 955 2912 contra
966 2853 1061 2913 Deum
1082 2855 1129 2913 iur
1151 2856 1243 2918 ando?

109 2933 194 2996 Nibil
213 2933 351 2992 docemus
372 2930 452 3011 quod
473 2953 525 2991 usu
545 2941 727 3010 compertum
749 2929 876 3000 nonsit,
896 2929 962 2990 Deo
974 2930 1080 3009 quibus
1099 2874 1161 2991 vult
1180 2952 1249 3014 gra-

108 3012 181 3072 tiam
200 3030 282 3071 suam
303 3029 354 3067 ero
378 3028 427 3067 are
447 3007 571 3066 liberum
591 3026 707 3087 semper
726 3005 823 3066 luisse.
860 3007 930 3066 Non
944 3028 1078 3085 quaeram
1095 3010 1175 3067 unde
1186 3009 1249 3072 aliis

133 3028 415 3148 osteritasllbralrae
435 3085 651 3164 praecelluerit,
671 3082 725 3144 nisi
745 3083 845 3143 cailla
865 3081 1049 3164 dignatione,
1068 3084 1147 3147 euius
1168 3096 1248 3147 extra

143 3185 208 3226 eum
229 3183 313 3222 causa
334 3183 394 3223 uon
415 3161 571 3220 invenitur.
590 3195 626 3206 -—
654 3160 865 3239 Respondeant
884 3181 936 3219 cur
956 3159 1088 3220 homines
1107 3161 1167 3222 sint
1186 3183 1249 3224 ma·

132 3242 156 3302 is
177 3261 263 3320 quam
284 3239 374 3298 boves
394 3251 443 3297 aut
462 3237 551 3312 asini,
605 3259 671 3295 uum
703 3236 731 3295 in
764 3257 851 3295 manu
871 3236 928 3294 Dei
954 3249 1031 3298 esset
1055 3257 1140 3298 canes
1167 3239 1247 3320 ipsos

108 3262 236 3398 degere,
255 3315 292 3376 ad
311 3315 469 3396 lmsginem
488 3336 567 3373 suam
581 3259 726 3373 iormavit
766 3312 980 3373 Concedentne
1000 3312 1094 3374 brutis
1113 3315 1247 3376 animali-

109 3395 167 3456 bus
188 3394 224 3455 de
243 3414 294 3453 sua
313 3404 393 3452 sorte
414 3413 479 3451 cum
500 3391 567 3452 Deo
588 3390 786 3469 expostulare,
814 3389 895 3467 quasi
920 3390 1058 3450 iniustum
1083 3391 1120 3451 sit
1145 3392 1247 3453 discri-

108 3470 201 3532 men?
240 3471 331 3531 Certe
351 3468 552 3548 praerogativa
574 3488 659 3546 quam
681 3465 767 3525 nullis
787 3465 896 3525 meritis
909 3465 1007 3546 adepti
1027 3479 1105 3541 sunt,
1125 3487 1176 3528 eos
1192 3489 1249 3550 po·

109 3550 161 3608 tiri
181 3545 274 3606 nihilo
300 3547 419 3623 aequius
445 3556 505 3616 est,
530 3565 615 3621 quam
636 3543 732 3600 Deum
751 3563 802 3601 sua
835 3541 977 3601 beneficia
1001 3565 1057 3622 pro
1078 3544 1177 3605 iudicii
1202 3546 1247 3606 sui

109 3645 247 3684 mensura
267 3621 345 3680 varic
367 3620 550 3679 distribuere.
595 3619 627 3678 Si
654 3619 688 3678 ad
716 3639 854 3698 personas
876 3618 1053 3696 transiliant,
1084 3618 1136 3680 ubi
1156 3623 1248 3704 magis

110 3701 214 3761 odiosa
234 3699 291 3758 illis
312 3709 356 3757 est
377 3696 581 3776 inaequalitas,
600 3694 701 3756 saltem
723 3695 758 3754 ad
780 3694 891 3755 Christi
912 3696 1074 3776 exemplum
1096 3695 1248 3758 debebunt
1322 3756 1324 3761 .

108 3794 317 3858 expavescere,
350 3795 388 3834 nc
415 3774 451 3832 de
480 3772 598 3833 sublimi
630 3772 687 3833 boc
717 3774 857 3851 mysterio
888 3783 948 3831 tam
978 3792 1080 3832 secure
1106 3775 1246 3866 garriant.

108 3852 293 3932 Concipitur
324 3869 358 3909 ex
388 3851 499 3910 semine
517 3849 637 3910 Davidis
662 3849 793 3908 mortalis
817 3847 923 3907 homo:
954 3846 1060 3927 quibus
1089 3850 1247 3912 virtutibus

105 3930 305 4010 promeritum
331 3927 420 3987 fuisse
442 3927 551 4001 dicent,
572 3926 653 3985 utin
673 3927 738 4004 ipso
759 3937 844 3985 utero
864 3925 951 3983 fieret
964 3927 1247 4018 caputangclorurn,

78 4007 92 4029 ²
109 4006 281 4086 unigenitus
301 4004 359 4061 Dei
380 4003 486 4076 Filius,
506 4004 603 4083 imago
624 4014 654 4061 et
667 4000 768 4083 gloria
789 4000 892 4075 Patris,
914 4000 975 4074 lux,
993 4001 1102 4062 iustitia
1122 4015 1157 4063 ct
1170 4004 1248 4065 salus
1288 4066 1290 4071 ,

107 4081 230 4142 mundi?
271 4082 336 4141 lloc
358 4080 518 4158 prudenter
538 4078 742 4140 animadvertit
761 4079 940 4160 Augustinus
949 4078 996 4157 ¹¹¹),
1015 4080 1046 4141 iu
1066 4079 1130 4160 ipso
1150 4079 1247 4141 eccle-

182 4273 209 4346 *)
227 4279 329 4343 August.
350 4280 382 4330 de
402 4273 516 4348 corrept]
532 4292 556 4328 ct
574 4278 652 4343 gratia
671 4278 822 4331 advalens.
842 4298 863 4340 c,
881 4280 920 4333 sa
960 4277 1024 4331 ltssu
1042 4279 1075 4331 dc
1097 4278 1170 4332 bono
1188 4296 1248 4348 per·

108 4365 188 4399 sever.
207 4363 261 4415 cap.
282 4345 307 4400 8.
343 4347 405 4398 ltcm
426 4347 457 4398 dc
473 4347 557 4441 perbis
573 4348 661 4416 Apost.
678 4365 756 4401 serua.
774 4347 799 4400 8.
862 4404 868 4441 ,
