2700 4732
500 234 577 299 tto.
597 234 653 295 m.
694 234 783 298 CAP.
803 233 855 296 tx.
1191 238 1252 304 450

111 378 238 459 domam
257 390 288 442 et
302 378 393 443 veluti
411 381 482 465 iugo
497 379 657 455 assuefieri,
676 400 715 443 ne
734 378 896 470 libidinose
911 398 967 462 pro
986 396 1042 440 suo
1061 372 1186 462 iugenio
1204 379 1251 441 ie-

109 457 225 519 roeiat?
244 477 344 519 aunon
364 458 452 553 digna
473 470 519 519 est
530 459 644 551 ‘iustitia
665 470 696 519 et
713 456 908 550 veritaelier,
927 455 1007 549 quius
1025 475 1112 547 pausa
1132 456 1251 518 iabore-

110 554 176 596 mus
188 532 245 615 ⁶)i'
289 532 408 627 Quodn
436 533 556 629 rpdubqa
582 534 640 595 Der
665 547 795 671 aequites
820 554 853 594 ur
882 532 1094 594 afflictionibus
1117 544 1251 626 apparet,

110 629 435 749 “susumus
448 623 602 749 autu
621 608 1251 749 aususaususaas:

110 706 248 826 :iiam
263 708 386 826 iividain
406 785 440 827 ae
455 710 576 901 plegnam
597 765 743 826 efficaciae
761 732 1009 847 prieseptionem‚
1029 708 1249 844 (ihtemperan-

107 840 453 933 dum,quiaresistereue
467 854 556 902 asest.
577 841 904 917 Patienteriereudum‚
916 841 1054 931 quonia·
1065 841 1104 900 im
1128 841 1249 902 atientia

108 918 149 980 sit
166 918 304 981 edemus
313 918 372 979 Dei
392 918 530 980 iustitiam
550 919 744 980 contumacia.
784 918 931 979 Iamvero
951 939 1019 998 qma
1038 914 1091 977 ιΙΙιι
1131 917 1248 977 demum

108 994 236 1056 amabile
253 995 342 1056 nobis
361 1007 416 1072 est,
435 994 515 1076 quod
535 996 620 1056 saluti
639 1016 673 1056 ae
693 994 776 1056 bono
796 1013 859 1056 esse
879 993 966 1056 uobis
979 995 1175 1077 agnoscimus,
1196 994 1249 1054 isac

108 1073 198 1131 etiam
219 1082 302 1155 parte
321 1090 377 1131 nos
396 1070 569 1134 consolatur
588 1073 714 1153 optimus
735 1072 834 1145 Pater,
853 1071 923 1131 dom
943 1072 1056 1146 asserit,
1074 1092 1106 1133 se
1125 1090 1163 1132 eo
1183 1071 1247 1151 ipso

108 1146 192 1229 quod
211 1167 267 1209 uos
286 1169 373 1209 cruce
392 1148 506 1232 affligit,
525 1148 609 1210 saluti
628 1161 746 1210 nostrae
767 1147 931 1210 consulere.
971 1147 1088 1223 Quodsi
1105 1146 1248 1235 paintares

108 1224 200 1285 nobis
218 1224 426 1285 tribulationes
446 1244 509 1286 esse
528 1236 660 1299 constat,
688 1246 742 1285 eur
767 1244 828 1286 non
848 1236 934 1306 grato
954 1223 1129 1306 placidoque
1148 1223 1247 1284 animo

107 1320 158 1363 eas
177 1301 408 1393 susciperemus?
441 1302 544 1378 Quare
573 1322 621 1363 eas
640 1301 788 1396 patienter
805 1298 1013 1394 ferendonon
1032 1299 1248 1393 succumisimus

106 1378 359 1547 :castrat
374 1377 1248 1547 tsssssuuuuuuretentusque

107 1530 164 1591 raia
183 1531 350 1593 acerbitates
368 1551 467 1607 senso,
486 1542 598 1591 tantum
617 1530 760 1613 spirituaii
780 1532 892 1592 laetitia
908 1530 1118 1591 diffundantur.
1157 1530 1248 1589 Unde

107 1618 141 1669 et
159 1608 319 1701 gratiarum
345 1609 428 1700 actio·
445 1608 594 1699 sequitur,
622 1629 697 1701 quae
726 1607 805 1700 nulia
829 1607 892 1668 sine
917 1608 1024 1700 qapdio
1050 1626 1124 1699 esse·
1139 1617 1245 1686 potest.
1343 1649 1346 1653 -

107 1684 228 1761 Quodsi
253 1686 314 1745 itus
339 1686 476 1759 Domsns,
507 1697 537 1744 et
561 1697 717 1768 gratiarum
745 1697 825 1744 actso
846 1704 964 1745 nonursr
984 1684 1019 1745 ab
1041 1682 1124 1775 halari
1150 1682 1246 1745 tasso-

108 1782 173 1898 tit
188 1775 472 1900 ti‘ttt‘a‘ttt‘ttss
488 1758 1246 1901 tritt”titiis‘zisttiaitt‘ttii

111 1894 330 1977 amaritudinem
350 1915 493 1996 spirituali
513 1860 807 1999 gaudiiiempsiiri.
1109 1879 1120 1913 ³

466 2339 864 2439 „caeuusu

374 2585 426 2644 De
446 2584 692 2645 meditatione
711 2585 862 2646 futurae
881 2584 984 2646 vitae.

179 2813 265 2868 Partes
284 2811 382 2882 Capitis
398 2826 463 2863 tres:
499 2813 530 2883 i)
548 2814 691 2884 Praecipua
709 2815 791 2866 crucis
802 2814 895 2868 utilitas
913 2834 943 2867 ea
961 2828 1006 2876 est,
1022 2815 1095 2883 quod
1113 2813 1245 2867 nosrariis

125 2899 195 2953 nodis
214 2914 269 2951 tum
289 2902 321 2950 ad
340 2898 479 2968 praesentis
495 2899 561 2951 vitae
580 2913 758 2968 contemptum
774 2900 920 2962 assuefacit,
946 2914 1003 2953 tum
1020 2901 1053 2952 ad
1070 2902 1173 2951 futurae
1190 2918 1245 2951 me-

125 2976 260 3037 ffitstionem
280 2985 384 3045 excitat,
410 2998 468 3035 scer.
487 2984 510 3035 1.
529 2998 553 3035 ct
569 2985 593 3036 2.
616 3010 649 3024 «-
682 2983 714 3053 2)
731 2984 841 3035 Necesse
858 2998 902 3047 est,
926 3004 976 3036 nos
990 2983 1025 3036 ita
1042 2982 1067 3035 vi
1084 2982 1198 3035 abstrahi
1215 3002 1245 3035 cr

126 3070 237 3130 inuenti
254 3072 313 3135 vita,
333 3083 363 3120 ut
380 3068 451 3120 iiiam
469 3088 554 3136 neque
572 3069 709 3133 fugiamus,
726 3088 812 3138 neque
830 3070 894 3122 odio
911 3086 1114 3140 prosequamur:
1140 3069 1186 3120 scd
1203 3068 1245 3120 su·

123 3158 182 3205 lurae
198 3154 326 3207 desiderio
345 3167 506 3223 praesentum
526 3152 643 3204 alacriter
659 3153 685 3206 in
704 3166 789 3206 morte
806 3154 960 3216 deseramus,
984 3173 1043 3206 cum
1061 3154 1134 3205 bona
1149 3152 1245 3205 summi

81 3286 84 3295 ,
121 3238 189 3291 amri
206 3239 373 3310 Imperatoris
391 3238 478 3300 venia,
501 3251 561 3290 sect
576 3239 601 3290 3,
620 3251 645 3289 et
661 3239 685 3296 4.
704 3267 737 3278 -
776 3239 809 3308 3)
838 3238 997 3292 infirmitatis
1012 3252 1117 3292 nostrae
1131 3251 1244 3290 mortem

81 3314 86 3385 Ι
122 3316 271 3377 forusidantis
288 3324 437 3393 descriptio,
455 3322 591 3383 correctio,
608 3335 633 3374 et
651 3336 705 3375 tuta
723 3324 847 3385 remedia,
862 3338 925 3380 sect.
942 3327 967 3379 5.
985 3324 1050 3378 etii.

81 3522 83 3583 j
186 3532 214 3589 1.
255 3523 446 3603 Quocunque
466 3534 562 3584 autem
582 3521 781 3585 tribulationis
806 3543 916 3607 genere
939 3545 1122 3605 premamur,
1152 3527 1246 3607 respi-

117 3598 229 3663 ciendus
249 3621 365 3681 semper
385 3613 430 3660 est
455 3600 502 3660 hic
522 3600 604 3675 finis,
634 3613 668 3660 ut
699 3620 891 3662 assuescamus
923 3604 960 3661 ad
988 3602 1149 3682 praesentis
1168 3604 1245 3663 vitae

114 3690 328 3757 contemptum,
358 3678 487 3756 indeque
511 3677 547 3735 ad
573 3677 688 3737 futurae
708 3678 928 3738 meditationem
948 3680 1115 3739 excitemur.
1156 3680 1244 3753 Quo-

112 3753 184 3814 niam
206 3757 284 3813 enim
305 3756 417 3835 optime
437 3754 622 3827 dositheus,
642 3766 826 3836 quantopere
841 3755 876 3812 iu
897 3753 1058 3815 belluinum
1073 3756 1176 3816 mundi
1189 3755 1244 3814 hu-

109 3832 151 3891 ius
177 3852 307 3891 amorem
335 3832 423 3892 simus
450 3843 552 3889 natura
578 3830 726 3905 inclinati,
756 3831 931 3910 aptissimam
953 3833 1098 3891 rationem
1122 3832 1245 3892 adhibet

108 3908 142 3968 ad
165 3930 218 3968 uos
238 3908 431 3967 retrahendos
452 3919 482 3965 et
502 3918 655 3986 torporem
676 3908 896 3983 excutiendum,
927 3927 965 3967 ue
990 3908 1075 3968 nimis
1100 3908 1245 3969 tenaciter
1295 3910 1300 3921 '

106 3987 134 4044 in
156 4005 194 4046 eo
215 4004 317 4044 amore
337 3984 579 4045 inhaereseamus.
628 3985 725 4046 Nemo
745 3986 863 4065 quidem
884 3996 929 4045 est
948 3997 1091 4063 nostrum,
1110 3987 1160 4066 qui
1181 4006 1243 4045 non

295 4174 502 4180 -.-..-.-.-.-
557 4172 889 4180 ..-——--.—-——----—-

172 4297 201 4364 ⁸)
220 4296 332 4365 Respicit
350 4313 408 4349 sect.
426 4301 443 4350 5
469 4315 494 4348 et
512 4299 555 4349 im.
575 4299 597 4350 4.
633 4298 751 4367 itemque
768 4310 825 4349 sect.
845 4298 867 4349 7.
887 4312 909 4347 et
926 4302 951 4347 ii.
