2700 4732
498 188 575 252 uns.
595 190 637 253 11.
678 192 768 255 cau.
787 194 812 253 1.
1097 220 1108 245 a
1177 202 1238 265 ,ω

132 332 240 397 innubis
257 333 379 411 residet,
398 336 445 396 cul
466 334 529 397 iure
549 356 647 418 poena
667 336 802 398 debetur.
862 338 965 413 Quare
988 339 1171 423 Augustinus
1195 345 1237 419 *),

132 422 251 491 auraque
269 412 398 473 alienum
419 424 573 493 peccatum
592 434 680 493 saepe
699 426 786 475 vocet
806 416 881 495 (quo
895 416 1000 476 clarius
1013 419 1148 479 ostendat
1163 440 1236 499 pro-

77 530 79 541 .
131 488 211 569 pagine
226 489 256 547 in
276 510 331 549 nos
351 488 502 565 deriuari),
525 490 612 549 simul
634 503 734 551 tamen
755 502 784 550 et
808 492 962 571 proprium
982 492 1139 573 unicuique
1159 516 1236 555 asse·

77 584 79 589 ·
131 564 164 625 n't
207 564 246 623 lit
263 563 427 643 Apostolus
446 568 509 645 ipse
529 567 716 628 disertissime
735 578 860 627 testatur
889 568 1136 648 (llum.5,12.),
1166 572 1236 632 ideo

77 672 79 677 ·
131 650 227 699 nortem
245 642 274 701 in
294 662 399 701 omnes
418 653 623 733 pervagatam,
642 644 722 723 quod
742 663 844 703 onrnes
863 646 1027 735 peccarint,
1056 648 1160 721 idest,
1190 650 1235 709 iu·

130 716 197 777 tuluti
213 718 269 777 sint
288 717 427 800 originali
447 730 570 799 peceato
590 731 621 779 et
640 720 701 781 eius
721 722 841 780 naacnlis
861 722 1016 799 inquinati¹
1053 723 1151 803 Atque
1163 724 1231 785 ideo

130 792 228 853 uiantes
245 814 365 873 quoque
386 796 451 874 ipsi,
471 795 540 855 dum
559 816 640 855 suam
659 816 757 857 secum
778 796 996 857 damnationem
1011 800 1137 859 amatris
1150 812 1236 862 utero

131 868 244 945 alienant,
261 889 323 929 non
343 872 454 944 alieno,
473 872 524 931 sed
544 894 599 933 suo
620 874 750 951 ipsorum
771 872 843 933 sitio
863 884 932 933 srrnt
958 874 1102 933 obstricti.
1160 878 1237 937 Nam

131 948 219 1005 tauetsi
235 966 302 1007 suae
323 947 487 1027 iniqnitatis
507 948 618 1009 fructus
639 949 769 1008 nondum
790 949 983 1028 protulerint,
1010 950 1120 1011 babent
1138 964 1237 1012 tamen

131 1020 192 1081 iure
208 1024 348 1083 inclusum
368 1043 484 1085 semen:
509 1025 571 1084 imo
591 1036 655 1085 tota
676 1044 777 1083 eorum
799 1036 912 1095 natura,
932 1027 1080 1103 quoddam
1101 1041 1146 1087 est
1166 1049 1236 1107 pec-

130 1098 172 1157 tati
184 1120 292 1159 remen:
312 1100 382 1161 ideo
404 1122 465 1160 non
486 1102 589 1161 odiosa
610 1113 640 1161 et
659 1100 862 1160 abominabilis
881 1101 948 1160 Deo
969 1122 1032 1162 esse
1052 1116 1236 1195 nonputest

129 1170 194 1235 Unde
215 1176 362 1255 sequitur,
392 1177 514 1258 proprie
538 1198 637 1238 coram
668 1179 734 1237 Deo
755 1178 867 1235 censeri
886 1189 1053 1255 peceatum:
1086 1201 1238 1259 quianon

127 1264 183 1309 tsset
198 1264 293 1313 reatus
314 1253 426 1333 absque
445 1253 540 1333 culpa.
591 1254 726 1313 Alterum
760 1254 866 1311 deinde
892 1255 1020 1329 aceedit,
1073 1257 1133 1315 uod
1165 1256 1238 1317 baec

125 1329 275 1403 pemersitas
295 1351 446 1409 nunquam
466 1331 497 1389 iu
516 1330 603 1389 nobis
624 1343 725 1403 cessat,
743 1330 796 1389 sed
816 1350 909 1389 novos
929 1276 1166 1394 assiduelructus
1185 1354 1238 1412 pa·

126 1402 164 1462 rit:
190 1424 221 1463 ea
241 1405 366 1481 scilieet,
391 1426 467 1485 quae
487 1418 554 1466 ante
575 1408 795 1487 descripsimus,
822 1426 912 1485 opera
933 1407 1041 1467 earnis:
1072 1430 1134 1469 non
1153 1429 1238 1469 secus

125 1490 193 1559 atque
220 1482 341 1541 incensa
373 1482 476 1543 fornax
506 1484 652 1543 llammarn
684 1495 714 1542 et
733 1482 872 1543 scintillas
892 1481 988 1557 esllat,
1020 1496 1070 1543 aut
1088 1486 1236 1565 scaturigo

125 1572 204 1633 tquam
224 1560 287 1617 sine
309 1558 368 1617 fine
388 1561 492 1641 egerit.
531 1560 632 1633 Quare
653 1560 703 1639 qui
720 1571 874 1639 peceatum
895 1559 1039 1638 originale
1059 1561 1237 1621 definierunt

84 1642 87 1647 '
125 1634 259 1693 arentiam
278 1636 406 1695 iustitiae
426 1636 587 1715 originalis,
618 1658 703 1716 quam
724 1642 818 1697 inesse
838 1634 925 1695 nobis
945 1637 1115 1714 oportebat,
1144 1658 1237 1717 quan·

84 1716 88 1721 '
124 1726 190 1795 quam
208 1710 237 1769 id
257 1722 355 1771 totum
375 1712 611 1792 complectuntur
642 1715 721 1792 quod
753 1714 783 1771 in
803 1734 835 1771 re
855 1723 916 1784 est,
945 1733 1005 1771 rruu
1038 1727 1137 1773 tamen
1165 1715 1235 1773 satis

123 1786 299 1865 agnificanter
320 1790 377 1848 uim
398 1800 483 1880 atque
505 1790 652 1869 energiam
674 1790 762 1869 ipsius
788 1800 1001 1867 expresserunt.
1058 1790 1130 1849 Non
1156 1790 1236 1880 epim

77 1898 82 1993 t
123 1864 469 2015 tttstttt‘tlttttj'
471 1877 799 2003 lllclid'iii‘lll‘*
808 1876 919 2021 {lat
922 1863 938 1920 ‘¹
950 1864 1174 2013 ttltttft'tt
1175 1888 1237 2001 tt

77 1996 83 2099 l
123 2017 387 2093 mutupiseeratiam,
409 2039 470 2077 non
490 2018 576 2077 nimis
596 2019 694 2079 alieno
713 2018 809 2077 verbo
830 2017 872 2075 usi
891 2029 975 2086 sunt,
994 2018 1018 2077 si
1037 2017 1127 2076 modo
1148 2018 1238 2076 adde-

122 2094 299 2171 tetur(quod
320 2094 438 2153 minime
459 2096 632 2155 conceditur
662 2118 678 2155 a
710 2096 872 2174 plerisque)
906 2094 1045 2175 quicquid
1067 2094 1095 2153 in
1118 2094 1238 2153 bomine

77 2208 91 2229 ,ι
125 2176 174 2239 ut,
188 2168 219 2227 ab
237 2169 393 2229 intellectu
412 2171 448 2229 ad
467 2172 667 2243 voluntatem,
687 2173 723 2231 ab
745 2171 839 2229 anima
859 2170 896 2228 ad
915 2191 1033 2229 earnem
1056 2190 1163 2249 usque,
1183 2170 1237 2229 bae

125 2246 343 2324 oncupiscentia
371 2248 554 2325 inquinatum
586 2250 785 2326 refertumque
806 2266 885 2305 esse:
911 2259 975 2322 aut,
995 2258 1029 2305 ut
1049 2246 1164 2307 brevius
1184 2246 1239 2307 ab·

125 2316 242 2411 aolntun
260 2334 356 2441 tatum
376 2322 525 2384 bominem
545 2345 606 2384 non
626 2326 703 2387 aliud
725 2346 758 2385 ex
778 2324 885 2403 seipso
906 2341 968 2383 esse
988 2344 1075 2405 quam
1096 2324 1238 2403 concupi-

83 2436 90 2455 .
126 2406 245 2455 “tubam
320 2443 327 2455 .

186 2406 431 2549 &Quariaobrem
452 2478 508 2536 dixi
534 2489 651 2537 csrnctas
676 2478 790 2537 animae
819 2488 916 2556 partes
947 2498 964 2538 a
993 2489 1118 2555 peccato
1149 2476 1239 2536 luisse

123 2564 259 2625 musas,
277 2574 311 2609 ex
331 2573 391 2629 quo
411 2574 426 2610 a
447 2554 530 2613 sonte
550 2555 676 2614 iustitiae
697 2554 930 2614 descivitrldam.
968 2554 1074 2632 Neque
1088 2554 1164 2612 enim
1184 2574 1239 2633 ap-

124 2625 216 2699 petitus
235 2640 344 2685 tantum
366 2629 490 2688 inlr-rior
510 2652 575 2690 enm
596 2631 702 2703 illexit,
721 2632 771 2689 secl
793 2650 889 2689 arcem
910 2630 1001 2708 ipsam
1021 2632 1128 2689 mentis
1149 2650 1239 2689 occu-

125 2700 191 2775 puis
213 2706 336 2762 nefanda
368 2706 513 2783 impietas,
547 2720 577 2765 et
607 2709 641 2765 ad
674 2728 727 2767 cor
757 2708 891 2765 intirnum
917 2707 1081 2783 penetravit
1104 2706 1241 2784 snperbia

128 2773 213 2853 (born.
230 2786 258 2853 Ἰ,
277 2788 323 2843 18.
353 2783 408 2841 sid.
429 2782 479 2841 lib.
498 2792 525 2846 4.
552 2806 612 2863 cap.
632 2790 680 2849 ¹15,
705 2796 775 2843 sect.
796 2788 947 2855 llt—l2.):
981 2793 1015 2839 ut
1040 2782 1176 2861 frigidum
1202 2782 1240 2841 sit

133 2868 162 2909 ae
176 2855 298 2933 stultum,
318 2860 530 2936 corruptelam,
550 2880 625 2939 qnae
646 2861 713 2919 iude
733 2860 871 2932 manavit,
893 2862 928 2917 ad
949 2859 1096 2918 sensuales
1116 2870 1241 2932 tantum,

134 2935 282 3007 atterant,
301 2947 398 2993 motus
417 2938 607 3017 restringere:
629 2949 680 2995 aut
700 2938 831 2996 fomitem
851 2956 969 3010 vocare,
990 2936 1040 3013 qui
1060 2934 1151 2991 solam
1174 2956 1241 3013 par-

134 3010 196 3076 lttu,
229 3030 277 3067 uae
297 3011 353 3069 illis
372 3012 540 3071 sensualitas
561 3026 613 3087 est,
634 3014 668 3071 ad
691 3024 840 3092 peccatum
861 3012 979 3085 alliciat,
1002 3010 1159 3069 excitatae
1181 3022 1241 3069 tra-

134 3074 183 3167 ltb
210 3028 244 3141 ln
263 3108 319 3165 quo
341 3109 463 3146 crassam
483 3090 626 3149 inscitiam
647 3091 756 3149 detexit
781 3090 886 3147 l'etrns
906 3086 1091 3146 Lombardus
1124 3087 1190 3165 (lib.
1211 3092 1239 3148 2.

138 3152 266 3237 ‘lm-bb),
294 3164 344 3242 qui
364 3166 462 3222 sedem
496 3184 637 3244 quaerens
667 3179 697 3224 et
725 3168 887 3243 vestigans,
917 3165 986 3225 dicit
1007 3166 1037 3221 in
1059 3182 1147 3221 carne
1167 3184 1241 3236 esse,

138 3238 199 3291 tate
213 3236 310 3313 Panlo,
342 3262 402 3297 nnn
424 3242 539 3319 (laidem
560 3244 695 3322 proprie,
721 3243 771 3301 scd
793 3242 858 3319 quia
879 3245 908 3299 in
930 3260 1018 3300 carrae
1038 3240 1131 3321 magis
1151 3262 1241 3318 appa-

139 3316 184 3364 Μ-
230 3314 312 3387 Quasi
332 3339 403 3376 sero
425 3330 536 3377 tanturn
558 3331 668 3398 partem
689 3320 800 3377 animae
822 3318 957 3397 designet
978 3316 1095 3388 l'aulus,
1124 3339 1158 3375 ac
1181 3337 1241 3376 raon

139 3390 215 3459 witru
229 3404 363 3463 naturam,
395 3416 469 3472 qnae
489 3397 701 3473 supernaturali
721 3397 832 3475 gratiae
852 3395 1024 3473 opponitur.
1069 3394 1109 3451 Et
1133 3394 1242 3451 l'aulus

135 3476 234 3522 omnem
250 3470 457 3528 dubitationem
476 3472 570 3543 tollit,
590 3473 811 3551 corruptionem
834 3470 943 3530 ducens
963 3492 1025 3528 nnn
1045 3470 1075 3530 in
1097 3492 1153 3527 uua
1176 3480 1241 3527 tan-

133 3545 186 3595 tum
203 3556 272 3617 parte
289 3547 457 3620 subsidere,
488 3549 538 3607 sed
568 3548 640 3605 nibil
661 3571 675 3608 a
697 3548 848 3605 rnertil'era
869 3548 930 3606 eius
950 3547 1020 3605 tabe
1039 3560 1145 3623 purum¹
1167 3565 1241 3619 esse,

125 3625 172 3673 aut
192 3618 334 3681 sincerum.
377 3624 450 3681 Nam
472 3624 507 3681 de
527 3625 631 3683 vitiosa
651 3636 753 3683 natura
774 3624 932 3700 disputans,
954 3644 1013 3681 non
1036 3634 1147 3680 tantum
1162 3621 1241 3679 inor-

121 3690 225 3755 dinatos
242 3699 290 3777 qui
309 3712 455 3779 apparent
473 3702 654 3779 appetituum
674 3712 771 3760 motus
788 3700 915 3771 darnnat,
935 3700 984 3758 sed
1000 3699 1156 3777 praecipue
1171 3720 1241 3755 con-

116 3772 204 3829 tendit
221 3788 347 3835 mentem
368 3778 519 3849 suscitati,
553 3789 582 3834 ct
607 3800 660 3836 cor
685 3778 818 3855 pravitati
845 3777 991 3835 addictum
1013 3795 1076 3832 esse
1103 3773 1192 3849 (Epir.
1212 3780 1242 3845 4,

114 3852 247 3925 17,’18.);
281 3864 369 3929 atque
400 3854 517 3911 tertium
548 3854 619 3911 illud
645 3853 680 3911 acl
707 3853 858 3912 Romanus
885 3864 972 3930 eaput
993 3850 1066 3907 nibil
1089 3850 1165 3908 aliud
1187 3861 1241 3923 est,

110 3942 193 4002 quam
212 3927 362 4010 originalis
382 3932 495 4008 peceati
516 3930 683 4010 descriptio.
723 3930 757 3988 ld
784 3950 817 3988 ex
842 3930 1036 3989 renovatione
1061 3925 1165 3985 elarius
1191 3946 1242 4007 pa-

125 4086 200 4101 ῌ

104 4260 148 4313 a
173 4194 202 4261 ⁸)
220 4194 260 4247 cf.
279 4198 383 4261 August.
403 4218 462 4251 cum
475 4200 536 4253 alibi
549 4220 634 4270 saepe,
661 4214 716 4250 tum
744 4221 804 4251 scr-o
832 4201 864 4252 do
890 4210 988 4268 peccat.
1005 4194 1089 4247 morit.
1108 4208 1132 4247 et
1149 4192 1245 4246 remiss.

155 4263 421 4399 llbtllldgllernard·
441 4334 522 4388 Sorm.
541 4338 564 4388 1.
582 4335 713 4388 Dominio
732 4337 758 4390 l.
778 4350 838 4405 post
856 4334 965 4385 Oetaeas
982 4330 1113 4402 Epiplran.
1229 4342 1251 4372 Ν
