2700 4732
464 202 542 271 nto.
560 208 618 271 111.
658 208 746 271 CAP.
766 208 874 272 xxtv.
950 154 953 159 ι
981 212 987 224 ·
1181 218 1239 281 101

108 353 240 431 „babere
259 354 418 434 propitium
443 354 490 414 cui
515 352 571 415 soli
595 352 720 434 peccavi.
765 350 864 413 Omne
887 351 968 433 qnod
990 352 1062 416 mibi
1086 354 1150 436 ipre
1168 362 1237 419 bon

108 431 275 511 „imputare
294 430 432 503 decrevit,
450 431 491 490 sic
511 441 555 490 est
575 430 656 509 quasi
677 448 738 489 non
759 428 877 488 luerit.“
914 429 954 488 Et
971 431 1059 508 paulo
1077 443 1158 510 post:
1183 432 1235 509 „0

106 527 218 583 „verae
239 507 342 586 quietis
361 506 457 577 loeus,
481 519 512 565 et
530 527 617 585 quern
636 526 698 565 non
723 506 869 564 immerito
895 505 1020 565 cubiculi
1040 528 1054 566 a
1077 508 1236 586 pellatione

108 585 306 657 „censuerinq
325 583 357 642 in
377 581 527 662 quoDeus
547 603 608 640 non
650 582 710 641 uasi
729 581 860 641 turbatus
878 582 931 653 ira,
951 600 1006 641 uec
1026 528 1105 643 velut
1125 586 1235 645 disten-

108 671 177 733 „tus
197 680 263 718 cura
283 659 476 737 prospicitur,
506 658 557 717 sed
571 603 721 789 probatur
743 656 876 717 voluntas
902 658 963 718 cius
986 658 1017 717 in
1043 679 1079 718 eo
1106 660 1184 721 bona
1204 673 1235 723 et

106 735 325 815 „beneplacens
345 747 374 793 et
392 734 532 813 perlecta.
600 735 652 793 isio
672 735 725 793 ista
752 753 812 792 non
837 744 943 806 terret,
967 734 1018 794 sed
1043 735 1162 796 mulcet:
1187 738 1235 796 in·

107 814 258 889 „quietam
279 810 476 870 curiositatem
502 831 563 869 non
588 809 707 883 excitat,
732 809 782 867 sed
802 809 899 868 sedat:
925 829 980 868 nec
1006 809 1107 892 latigat
1126 832 1238 891 sensus,

108 887 182 962 „sed
202 885 379 965 tranquillat.
417 886 474 945 llic
493 906 561 945 vere
582 886 747 965 quiescitur.
787 885 973 965 Tranquillus
993 886 1072 947 Deus
1091 884 1236 968 tranquil-

108 961 176 1040 „lat
195 964 303 1037 omnia,
324 974 354 1021 et
373 961 499 1042 quietem
520 962 649 1042 aspicere
668 962 819 1040 quiescere
839 967 913 1021 est“

187 1044 216 1104 5.
254 1039 400 1112 Primum,
425 1040 448 1096 si
473 1050 623 1131 paternam
642 1037 905 1096 Dei-clementiam
931 1037 1149 1129 propitiumque
1168 1041 1234 1101 ani-

108 1135 190 1173 mum
211 1115 386 1195 quaerimus,
404 1114 438 1173 ad
459 1113 608 1175 (bristum
628 1113 817 1173 convertendi
836 1125 904 1172 suut
924 1114 1019 1189 oculs,
1037 1117 1068 1174 in
1089 1136 1147 1196 quo
1167 1117 1234 1179 solo

108 1190 206 1251 Patris
224 1192 318 1251 anima
336 1190 494 1269 acquiescit
512 1189 754 1269 (Mattb.3,17·)·
793 1189 826 1251 Si
844 1189 977 1264 salutem,
995 1192 1081 1251 vitam
1103 1205 1133 1252 et
1151 1196 1237 1275 regni

110 1266 246 1327 coelestis
265 1266 525 1335 immortalitatem,
551 1287 611 1326 non
631 1264 687 1325 alio
708 1277 770 1324 turn
791 1286 849 1343 quo
873 1286 909 1324 ue
928 1267 1154 1348 confugiendum
1175 1282 1233 1332 ests

106 1343 227 1421 quando
247 1344 308 1421 ipse
333 1364 406 1402 unus
434 1355 464 1401 et
489 1344 565 1401 vitae
593 1341 658 1402 lons
683 1352 742 1413 est,
771 1353 801 1400 et
826 1287 925 1401 salutis
955 1363 1062 1403 ancora
1092 1356 1122 1403 et
1147 1347 1234 1425 regni

107 1417 261 1479 coelorum
281 1418 389 1478 haeres.
427 1419 637 1497 Iamquorsum
657 1417 761 1478 electio
775 1419 911 1496 pertinet,
932 1421 986 1479 nisi
1005 1431 1037 1479 ut
1056 1420 1086 1480 in
1106 1421 1234 1482 liliorum

94 1494 208 1556 'locum
228 1517 245 1554 a
265 1493 383 1555 coelesti
403 1493 491 1554 Patre
511 1494 652 1573 cooptati,
674 1495 733 1553 eius
755 1493 853 1553 lavore
872 1492 991 1553 salutem
1013 1506 1043 1554 et
1062 1495 1236 1558 immortali·

106 1582 199 1631 tatem
223 1571 425 1631 obtineamus?
469 1570 695 1644 Quantumlibet
719 1568 850 1630 revolvas
875 1581 904 1628 ct
930 1571 1071 1644 excutias,
1100 1573 1234 1637 ultimum

106 1658 208 1707 tamen
235 1647 297 1707 eius
322 1667 442 1725 scopum
467 1666 528 1706 non
554 1645 629 1705 ultra
658 1646 780 1704 tendere
804 1645 957 1724 intelliges.
1005 1647 1135 1707 Proinde
1180 1672 1234 1711 uos
1262 1648 1275 1668 ⁸

107 1724 192 1783 Deus
210 1723 265 1783 sibi
284 1722 360 1782 filios
380 1723 546 1800 assumpsit,
566 1742 627 1780 non
647 1722 676 1779 in
696 1722 764 1799 ipsis
785 1742 835 1781 eos
855 1722 963 1782 dicitur
981 1723 1025 1782 ele
1049 1725 1112 1798 isse,
1131 1671 1182 1784 sed
1202 1730 1234 1785 in

111 1800 231 1861 Christo
250 1821 302 1858 suo
323 1798 546 1877 (pr.1,1l·):
572 1799 637 1876 quia
656 1798 781 1870 noopisi.
793 1798 823 1856 in
845 1818 880 1858 eo
902 1819 996 1859 amare
1020 1744 1085 1862 iilos
1105 1813 1233 1880 poterat,

108 1895 168 1936 nec
187 1877 269 1967 regni
288 1877 332 1935 sui
353 1874 530 1933 haereditate
550 1873 696 1932 bonorare
717 1874 772 1931 nisi
792 1874 851 1933 eius
870 1890 1021 1937 consortes
1041 1888 1116 1936 ante
1130 1877 1233 1938 lactor.

109 1948 228 2027 Quodsi
247 1955 277 2010 in
297 1971 449 2010 cosumus
470 1950 574 2023 electi,
593 1971 654 2008 non
675 1950 704 2008 in
726 1949 810 2009 nobis
827 1950 894 2029 ipsis
906 1953 1091 2029 reperiemus
1112 1953 1235 2013 electio-

108 2029 157 2088 nis
176 2038 292 2088 nostrae
311 2027 531 2087 certitudinem:
562 2046 594 2084 ac
619 2045 656 2083 ne
681 2028 709 2083 in
731 2025 796 2084 Deo
818 2027 935 2104 quidem
955 2028 1057 2103 Patre,
1080 2029 1104 2088 si
1123 2031 1233 2091 nudum

108 2105 192 2165 illurn
217 2102 326 2182 absque
351 2103 427 2162 Filio
451 2102 649 2182 imagiuamur.
698 2100 830 2160 Christus
857 2122 928 2184 ergo
949 2104 1097 2181 speculum
1121 2117 1182 2178 est,
1201 2108 1232 2165 in

132 2201 172 2241 uo
192 2180 366 2240 electionem
385 2190 513 2240 nostram
529 2177 721 2268 contemplari
737 2178 883 2251 convenit,
905 2191 934 2238 et
952 2181 1015 2239 sine
1033 2180 1135 2240 fraude
1155 2181 1233 2242 licet.

109 2203 212 2333 buum
234 2257 310 2315 enim
331 2258 353 2315 is
372 2256 418 2327 sit,
438 2254 518 2315 cuius
538 2274 657 2333 corpori
677 2255 805 2312 inserere
826 2254 978 2314 destinavit
996 2257 1083 2317 Pater
1103 2279 1176 2336 quos
1195 2258 1231 2320 ab

108 2347 232 2395 aeterno
252 2332 344 2391 voluit
363 2352 424 2390 esse
443 2351 528 2405 suos,
551 2341 583 2389 ut
609 2351 662 2408 pro
688 2330 754 2388 filiis
781 2330 885 2390 babeat
904 2344 1051 2411 quotquot
1076 2335 1152 2393 inter
1172 2336 1233 2395 eius
1293 2386 1297 2393 ,

108 2408 242 2471 membra
260 2409 461 2489 recognoscit,
481 2407 547 2465 satis
567 2407 749 2485 perspicuum
774 2405 945 2488 firmumque
965 2410 1161 2469 testinnonium
1183 2411 1234 2471 ba-

110 2487 229 2559 bemus,
253 2505 307 2544 nos
322 2484 356 2546 ¹in
377 2482 452 2541 libro
473 2484 547 2541 vitae
567 2483 688 2561 scriptos
710 2484 824 2557 esse„si
844 2505 909 2544 cum
931 2485 1049 2545 Christo
1071 2488 1233 2545 communi·

109 2584 218 2623 camus.
236 2595 276 2608 -
313 2560 408 2619 Porro
434 2559 483 2618 illc
510 2571 588 2617 certa
612 2559 656 2619 sui
681 2559 887 2619 communione
907 2582 961 2620 nos
986 2562 1118 2634 donavit,
1143 2583 1233 2641 quum

109 2658 166 2721 per
184 2636 333 2718 Evangelii
353 2635 597 2715 praedicationem
621 2647 738 2694 testatus
764 2647 857 2695 estse
878 2638 962 2697 uobis
982 2658 996 2696 a
1017 2639 1104 2696 Patre
1125 2639 1234 2713 datum,

110 2728 145 2775 ut
165 2735 230 2773 com
249 2713 307 2772 suis
328 2713 462 2772 ournibus
482 2710 568 2770 bouis
588 2724 688 2770 noster
709 2723 783 2771 esser
801 2712 901 2789 (Rom.
919 2718 948 2786 8,
968 2715 1040 2787 32.).
1080 2713 1165 2771 lllum
1186 2715 1233 2771 in-

111 2793 204 2850 duere
230 2789 366 2861 dicimur,
387 2790 424 2854 ¹in
450 2788 541 2865 ipsum
567 2787 729 2846 coalescere
755 2800 787 2844 ut
809 2790 950 2847 vivamus:
977 2792 1043 2867 quin
1068 2789 1128 2868 ipsc
1153 2788 1231 2848 vivit.

109 2866 217 2927 Toties
235 2868 378 2944 repetitur
398 2865 466 2921 baec
488 2863 633 2922 doctrina:
654 2863 753 2937 „Filio
774 2864 925 2943 unigenito
946 2885 1006 2922 non
1026 2865 1157 2942 pepercit
1177 2866 1233 2925 l’a·

109 2958 174 3015 ter,
194 2953 226 2999 ut
246 2942 371 3020 quisquis
391 2940 483 2999 cr'cdit
506 2940 536 2996 iu
562 2959 642 3014 eum,
674 2959 732 2997 non
759 2943 883 3017 pereat“
909 2939 967 3016 (Io.
987 2943 1111 3018 3,15.).
1169 2940 1232 3015 Qui

108 3039 182 3079 vero
210 3018 239 3075 in
270 3038 336 3076 eum
363 3017 469 3088 credit,
500 3016 606 3074 dicitur
635 3015 780 3074 transiisse
811 3035 826 3074 a
852 3028 947 3075 morte
971 3015 1000 3073 in
1031 3018 1117 3076 vitam
1143 3017 1231 3091 (ibid.

110 3104 141 3171 5,
161 3095 235 3170 24).
285 3095 354 3167 Quo
388 3115 472 3151 seusu
499 3104 583 3151 vocat
607 3112 637 3150 se
658 3113 766 3166 paam
783 3094 865 3162 meac,
884 3112 969 3169 quem
990 3094 1039 3170 qui
1059 3094 1231 3168 comederit,

111 3193 175 3231 nou
193 3170 337 3230 morietur
356 3171 385 3228 in
407 3181 555 3228 aeternum
576 3167 661 3245 (ibid.
682 3175 711 3240 6,
729 3171 800 3242 35.).
839 3167 894 3227 Ille
914 3169 1060 3245 (iuquam)
1081 3169 1166 3228 uobis
1185 3182 1231 3228 te-

110 3248 162 3308 stis
184 3246 246 3320 luit,
265 3246 390 3306 liliorum
411 3246 478 3306 loco
500 3244 628 3303 habitum
649 3243 685 3303 iri
699 3244 812 3304 aPatre
833 3244 951 3304 coelesti
970 3265 1081 3319 omnes,
1101 3245 1232 3324 aquibus

111 3325 172 3382 fide
190 3335 323 3403 receptus
350 3323 445 3380 luerit.
488 3322 520 3380 Si
546 3322 613 3400 quid
639 3320 702 3400 plus
727 3321 887 3413 appetimus
913 3341 998 3400 quam
1023 3332 1056 3379 ut
1078 3323 1154 3381 inter
1173 3321 1232 3381 Dei

110 3398 190 3467 filios
210 3419 377 3459 censeamur
397 3412 425 3456 ct
445 3397 596 3470 haeredes,
625 3418 710 3477 supra
731 3398 877 3458 Lbristum
902 3397 1129 3457 conscendamus
1154 3398 1233 3457 licet.

110 3476 146 3536 Si
167 3475 238 3535 baec
256 3496 388 3556 suprema
399 3475 484 3534 nobis
495 3485 538 3534 est
550 3486 637 3546 meta,
657 3484 836 3553 quantopere
857 3472 1021 3547 insanimus,
1041 3485 1119 3533 extra
1138 3473 1232 3552 ipsum

110 3552 281 3631 quaerendo
303 3552 381 3630 quod
403 3563 432 3609 et
452 3550 480 3608 in
502 3552 564 3628 ipso
585 3551 641 3608 iam
662 3549 834 3628 consequuti
853 3571 963 3623 sumus,
985 3561 1014 3606 et
1032 3551 1061 3608 in
1082 3550 1146 3608 solo
1167 3550 1231 3627 ipso

109 3629 235 3689 inveniri
281 3629 376 3691 otest?
400 3660 438 3671 —
476 3625 631 3686 Praeterea
652 3646 739 3716 quum
763 3626 801 3684 sit
824 3637 941 3685 aeterna
966 3625 1059 3685 Patris
1082 3625 1220 3703 sapientia

110 3651 298 3765 immutabilis
317 3703 436 3777 veritas,
461 3702 545 3762 fixum
566 3700 735 3777 consilium,
760 3714 883 3761 nonest
906 3701 1066 3759 timendum
1094 3720 1131 3758 ne
1172 3666 1244 3763 nod.

108 3802 166 3843 suo
185 3800 321 3841 sermone
342 3780 425 3839 nobis
446 3790 576 3854 enarrat,
603 3779 637 3837 ab
658 3776 707 3837 illa
727 3798 813 3857 quam
833 3777 995 3857 quaerimus
1014 3776 1108 3835 Patris
1127 3722 1232 3837 vilun-

106 3870 172 3918 tate
191 3857 238 3918 rel
256 3857 407 3916 minimum
426 3855 533 3916 variet:
573 3855 644 3932 quin
669 3855 765 3932 potius
792 3873 854 3913 eam
875 3851 998 3910 fideliter
1024 3851 1108 3911 nobis
1128 3852 1233 3932 aperit,

108 3933 204 4012 qualis
225 3933 261 3993 ab
283 3934 366 3993 initio
387 3933 450 4007 luit,
470 3954 503 3991 ac
522 3951 637 4008 semper
657 3931 752 4001 lutura
771 3943 823 3997 est
862 3929 955 3987 Huius
968 3928 1120 3987 doctrinae
1139 3929 1232 4007 praxis

106 4012 142 4070 in
162 4009 298 4087 precibus
318 4030 434 4099 quoque
455 4008 553 4085 vigere
573 4007 670 4067 debet
712 4006 786 4066 Nam
807 4007 860 4065 etsi
885 4006 920 4065 ad
939 4004 996 4063 Dei
1015 4004 1232 4065 invocationem

108 4107 167 4145 nos
188 4087 296 4144 animat
315 4087 464 4145 electionis
483 4086 568 4145 fides:
590 4084 640 4143 ubi
659 4094 832 4142 tamenvota
846 4081 1033 4161 concipimus,
1054 4099 1115 4139 eam
1128 4080 1233 4139 obtru-

108 4162 184 4220 dere
198 4160 263 4221 Deo
285 4173 503 4241 praeposterum
525 4171 608 4233 esset,
628 4160 673 4219 vel
692 4158 745 4218 bac
766 4158 935 4217 conditione
955 4156 1073 4248 pacisci,
1092 4156 1234 4231 Domine,

106 4238 135 4297 si
158 4236 265 4296 electus
285 4261 363 4314 sum,
384 4258 429 4297 me
450 4237 594 4297 exaudias:
619 4236 735 4314 quando
756 4234 814 4295 suis
833 4232 1073 4312 promissionibus
1091 4232 1154 4293 vult
1178 4252 1232 4293 nos

107 4334 176 4374 esse
197 4325 368 4393 contentos,
400 4333 496 4393 neque
529 4311 599 4373 alibi
618 4331 758 4391 quaerere
782 4332 819 4372 au
839 4311 952 4372 futurus
966 4311 1007 4379 ,sit
1027 4308 1112 4372 nobis
1132 4328 1233 4371 exora-

135 4414 229 4461 carvnt
241 4415 357 4461 imarum
376 4416 408 4462 rr.
1008 4391 1044 4451 11
