2700 4732
35 292 40 313 ¹
105 215 146 279 8⁴
499 206 577 271 tm.
596 208 622 270 1.
663 208 752 273 CAP.
770 208 840 272 ΧΠ.

54 366 67 391 ’
108 353 236 416 adorari.
273 351 357 413 Alius
375 371 479 413 omnes
498 349 644 445 Graeciae
662 364 693 414 ct
702 350 835 416 Orientis
854 340 1032 446 calamitates
1050 348 1125 416 hnic'
1136 354 1245 419 sceleri

106 432 249 512 imputat,
275 429 357 511 quod
382 450 444 488 non
470 428 581 489 fueraut
605 430 751 491 adoratae.
801 429 920 504 Quibus
940 451 974 491 er
994 451 1013 491 o
1034 434 1139 512 poenis
1158 432 1265 516 digni·

107 508 169 568 Pro
191 507 287 582 laetae,
305 505 454 585 Apostoli,
473 507 630 582 Martyres,
650 527 774 585 quorum
793 519 929 588 tempore
941 450 1245 572 nullaeexsriternntt

107 583 155 644 Ad
169 595 232 675 ‘unt
254 593 373 673 postea,
403 582 428 642 si
458 582 578 662 imagini
610 582 754 674 imperiali
784 605 850 643 curn
874 583 975 679 snffitp
1001 596 1031 644 et
1052 584 1244 677 thyrniapnate

107 658 553 797 tlttttlt‘d'ttattl‘:
568 659 1243 817 'liiiihillslllil‘iyiliiill'lplili

107 812 251 895 imagines
268 823 439 871 reverenter
456 810 592 890 amplecti
610 811 776 891 profitetur,
795 811 964 892 cultumque
983 813 1115 889 honoris,
1135 812 1265 905 quiri-a

106 888 208 949 visurae
228 888 368 947 Trinitati
387 887 527 962 debetur,
554 887 611 948 illis
634 907 667 947 se
692 886 887 948 exhibiturum
911 889 1079 950 confirmat:
1110 888 1243 970 quisquis

108 965 187 1025 idern
207 964 305 1025 iacere
324 966 514 1039 recusaverit,
533 983 599 1023 eum
619 964 852 1037 anathematizat,
872 976 987 1025 etcum
1006 964 1190 1027 Manichaeis
1209 976 1247 1041 et¹

108 1040 293 1101 Marcionitis
317 1039 463 1099 amandat
512 1039 556 1099 Ac
579 1059 618 1100 ne
641 1051 727 1120 putes
751 1042 891 1120 privatam
918 1060 981 1101 esse
1004 1042 1089 1101 unius
1113 1041 1243 1103 hominis

107 1119 294 1191 sententiam,
312 1117 510 1177 assentiuntur
526 1116 641 1195 reliqui.
678 1116 743 1177 Irno
762 1116 888 1177 loannes
907 1115 1018 1199 legatus
1032 1106 1243 1195 Odientaliuna,

109 1194 209 1256 calore
228 1193 306 1253 ultra
325 1203 497 1272 provectus,
522 1205 670 1284 praestare
691 1192 830 1252 admonet
849 1193 998 1272 lupanaria
1018 1194 1117 1254 omnia
1136 1195 1168 1254 iu
1186 1210 1243 1255 urt-

108 1270 178 1331 bem
196 1270 321 1343 admitti,
340 1290 427 1361 apuam
446 1270 606 1352 imaginum
626 1268 736 1328 cultum
756 1268 912 1351 abnegare.
951 1271 1085 1330 Tandem
1105 1271 1242 1333 omniunt

11 1418 20 1427 ‚
109 1366 256 1407 consensu
275 1357 423 1418 statuatur,
439 1344 593 1405 haereticis
612 1345 749 1407 omnibus
769 1344 931 1406 deteriores
951 1366 1013 1407 esse
1025 1345 1241 1409 samaritanos:

109 1434 139 1482 at
159 1423 228 1504 ipsis
247 1422 437 1481 Samaritanis
461 1419 665 1493 εἰκονομάχους.
696 1421 853 1482 Caeterum
874 1442 912 1480 ne
931 1442 985 1482 suo
1003 1421 1130 1482 sollenni
1148 1422 1243 1483 Plau-

108 1500 170 1561 dite
200 1497 299 1559 fabula
323 1510 436 1569 careat,
466 1497 583 1556 additur
606 1495 747 1572 clausula,
778 1496 935 1559 Gaudeaut
959 1508 1002 1561 et.
1021 1498 1166 1561 exsultent
1188 1498 1242 1579 qui

109 1575 219 1711 {ipristi
247 1568 581 1711 lpapeptesdirpagppem'
602 1574 781 1709 sargiiicipnp¹
803 1573 845 1665 illi
877 1575 1021 1709 offerunlt.
1072 1574 1242 1712 Iphitum

120 1670 248 1712 arsace
302 1671 376 1711 urae
409 1675 432 1711 rs
448 1672 493 1709 inc
507 1670 547 1723 ιο,
568 1670 624 1729 qua
668 1670 730 1709 eae
784 1672 915 1710 ominum
936 1672 991 1711 ocu
1005 1672 1037 1711 os
1054 1672 1086 1711 so
1100 1670 1136 1710 en

109 1725 280 1864 ‘i'issgmi
319 1726 577 1880 Plamiinum
601 1726 665 1788 siue
690 1728 863 1807 exceptione
885 1729 1059 1789 tantundem
1079 1670 1242 1791 simonide·

108 1826 144 1869 ee
193 1824 229 1867 eo
248 1824 320 1893 erpo
350 1815 460 1887 argutus
506 1846 514 1861 .

482 2139 742 2213 CAPUT
791 2140 868 2212 XII.

121 2318 241 2378 heum
260 2318 302 2378 ab
322 2316 437 2378 idolis
456 2314 639 2393 discerni,
657 2329 694 2377 ut
713 2315 813 2379 aolus
833 2317 869 2375 iu
888 2316 1045 2378 solidum
1064 2314 1234 2379 colatur..

185 2501 212 2559 1.
251 2494 381 2552 Diximus
402 2503 497 2552 autem
518 2493 603 2554 initio
622 2495 700 2573 (cap.
711 2496 767 2572 2),
786 2494 843 2553 Dei
863 2493 998 2552 notitiam
1017 2513 1078 2554 non
1099 2504 1163 2553 csse
1180 2514 1240 2575 pu·

108 2572 192 2634 sitam
210 2571 242 2630 in
262 2570 368 2650 frigida
387 2569 605 2648 speculatione,
627 2573 678 2631 sed
703 2592 801 2631 secum
830 2570 945 2629 trahere
966 2570 1028 2627 eius
1053 2568 1181 2629 cultum:
1204 2590 1239 2633 ae

48 2654 54 2679 ⁴
109 2648 207 2708 obiter
226 2646 277 2707 atti
301 2651 373 2707 imus
392 2653 437 2717 (ca
460 2689 466 2703 .
486 2653 514 2710 5.
533 2668 570 2706 ss.
590 2653 617 2710 6.
637 2654 665 2711 9.
689 2650 747 2725 10.)
767 2648 917 2727 quomodo
937 2645 993 2704 rite
1013 2645 1136 2718 colatur,
1178 2642 1239 2709 uod

107 2725 169 2785 aliis
189 2722 260 2791 locis
279 2668 368 2784 insius
389 2667 588 2800 explicandum
609 2725 664 2781 crit
682 2726 749 2799 (lib.
768 2729 797 2787 2.
819 2745 843 2782 c.
855 2723 914 2797 8.):
936 2743 1015 2782 raunc
1033 2733 1147 2781 tantum
1156 2668 1248 2811 iffi.
1256 2764 1265 2829 p

129 2897 239 2958 ugnare
260 2876 297 2935 de
317 2897 355 2934 ou
379 2895 396 2934 o
417 2876 547 2948 nomine,
565 2877 616 2935 sed
637 2877 693 2937 hoc
706 2882 794 2936 etiam
811 2875 992 2954 praecipere,
1013 2896 1049 2934 ne
1064 2874 1123 2935 alio
1143 2887 1239 2937 trans·
1259 2840 1265 2967 i

108 2899 219 3013 lerator
239 2952 376 3044 quicquid
398 2952 427 3009 in
448 2952 627 3013 divinitatem
647 2955 804 3032 competit:
824 2951 903 3011 unde
923 2952 1010 3009 etiam
1030 2963 1112 3031 patet
1131 2952 1203 3031 quid
1219 2952 1265 3025 εὶ

106 3028 315 3109 superstitrone
335 3027 453 3087 diflerat
471 3050 543 3107 pura
561 3028 678 3120 religio.
722 3030 856 3099 Εὐσέβεια
873 3039 953 3086 certe
973 3025 1097 3087 Graecis
1116 3038 1238 3089 tantun·
1260 3036 1265 3043 '

109 3105 175 3165 deru
188 3106 266 3166 valet
285 3126 318 3164 ac
336 3115 434 3163 rectus
455 3104 561 3163 cultus:
583 3125 650 3184 qma
670 3124 786 3183 semper
805 3104 887 3164 cocci
906 3103 963 3182 ipsi
982 3107 1010 3162 in
1031 3102 1163 3165 tenebris
1174 3102 1239 3185 pal·

107 3181 224 3262 pando,
253 3192 408 3241 senserunt
426 3180 583 3240 tenendam
604 3201 666 3242 esse
687 3192 795 3241 certam
815 3179 959 3261 regulam,
988 3200 1027 3239 ne
1046 3200 1116 3259 prae
1139 3192 1238 3242 ostcre

108 3258 223 3319 colatur
235 3258 324 3318 Deus.
362 3256 524 3337 Religionis
543 3277 664 3333 nomen,
684 3259 737 3319 etsi
756 3275 826 3315 vere
837 3257 968 3335 sciteque
980 3255 1089 3316 Cicero
1137 3258 1238 3334 )are-

106 3334 235 3416 legendo
255 3332 390 3403 deducit,
410 3346 512 3393 coacta
531 3345 575 3393 cst
594 3345 710 3409 tamen,
739 3344 769 3393 et
788 3331 878 3414 longe
897 3332 988 3412 petita
1007 3353 1093 3411 quam
1112 3334 1240 3415 assignat

76 3464 78 3468 ,
107 3412 194 3484 ratio,
212 3410 293 3489 quod
313 3410 400 3489 probi
420 3409 548 3470 cultores
567 3411 681 3501 saepius
700 3412 882 3503 relegerent,
902 3430 936 3468 ac
955 3407 1111 3490 diligenter
1129 3420 1238 3469 tracta·

12 3502 22 3517 ⁸
108 3497 175 3547 rent
200 3487 270 3566 quid
295 3506 395 3546 verum
420 3497 504 3545 esset.
555 3486 659 3546 Potius
691 3488 821 3548 existimo
848 3504 939 3545 vaae
965 3483 1099 3544 licentiae
1123 3484 1238 3565 opponi

107 3563 166 3624 ltoc
184 3581 313 3637 nornen,
343 3563 408 3640 quia
429 3563 524 3621 naaion
569 3583 614 3622 ars
639 3563 739 3622 mundi
759 3504 905 3653 quicquid
923 3560 1042 3621 obvium
1061 3574 1105 3621 est
1123 3573 1239 3623 temere

106 3638 164 3700 arri
186 3641 218 3712 it,
238 3640 297 3697 imo
311 3638 398 3698 etiarn
410 3639 465 3698 huc
486 3651 516 3697 et
534 3584 604 3699 illuc
624 3639 796 3700 transvolat:
817 3651 909 3717 pietas
923 3651 1029 3709 autern,
1048 3650 1081 3697 ut
1100 3638 1130 3696 in
1152 3637 1239 3700 lirano

106 3660 199 3797 gradu
213 3714 362 3787 consistat,
381 3734 444 3774 sese
464 3716 539 3775 intra
558 3715 630 3775 fines
650 3737 718 3776 suos
738 3716 852 3796 relegit.
878 3715 970 3773 Sicuti
991 3713 1059 3774 iude
1078 3712 1150 3774 mihi
1162 3713 1240 3779 dicta

84 3824 87 3829 ·
104 3792 221 3854 ridetur
231 3790 421 3871 Superstitio,
440 3790 520 3870 quod
539 3792 679 3852 modo'et
699 3794 873 3873 praescripta
887 3791 1000 3851 ratione
1014 3810 1075 3849 uon
1086 3800 1240 3867 contenta,

105 3886 311 3948 supervacuam
336 3888 434 3927 rerum
458 3867 589 3929 inanium
614 3869 785 3950 congeriem
811 3865 983 3928 accumulet.
1026 3867 1185 3927 Caeterum
1203 3876 1239 3929 ut

104 3963 193 4005 voces
212 3944 390 4019 omittamus,
408 3954 537 4004 aetatum
555 3945 688 4005 omnium
702 3965 845 4006 consensu
866 3954 1017 4021 receptum
1036 3961 1153 4023 semper
1171 3942 1240 4021 fuit,

108 2802 183 2863 viter
208 2813 327 2879 repeto,
357 2799 472 2932 guoties
501 2800 602 2859 asserit
621 2802 774 2880 Scriptura
799 2799 917 2858 unicum
946 2817 1008 2857 esse
1028 2800 1144 2873 Deum,
1174 2818 1239 2861 nou

169 4185 198 4255 ⁸)
214 4185 273 4240 Vid.
292 4186 395 4253 Calvini
416 4186 461 4240 lib.
479 4188 512 4241 de
529 4187 637 4241 sitandis
654 4202 764 4256 superst,
784 4200 808 4240 et
824 4186 861 4239 ibi
885 4207 951 4256 resp,
967 4186 1104 4240 Pastorum
1121 4186 1239 4255 Tiguriu.

102 4254 221 4307 advenas
239 4254 422 4308 Nieodemitas.
456 4255 515 4306 Vld.
534 4268 559 4306 ct
575 4254 645 4307 cati.
664 4257 708 4308 lib.
727 4257 759 4307 de
778 4255 904 4319 fugiendis
921 4255 1015 4309 illicitis
1031 4256 1117 4308 saeris

151 4322 194 4390 **)
212 4322 267 4376 Cic.
285 4325 319 4377 ds
334 4336 388 4376 nat.
402 4323 437 4374 1).
455 4324 502 4384 lib,
518 4325 543 4377 2.
561 4344 584 4382 e.
600 4323 643 4379 28.
660 4326 692 4377 cs.
709 4324 778 4377 Lact.
795 4324 855 4376 lust.
873 4324 928 4379 dir.
944 4324 991 4377 lib·
1007 4324 1033 4385 d,
1051 4344 1074 4377 c.
1090 4324 1133 4379 28.
1211 4354 1217 4366 ·
