2700 4732
102 156 163 221 sn
485 152 560 211 mn.
580 152 634 211 ιν.
675 150 764 211 cnr.
784 148 856 239 nu.

107 294 317 359 nedibcntlonis
335 293 510 357 subvertunt
520 294 564 373 Ψ).
613 294 723 367 „Tales
747 294 860 375 (inquit
881 290 1136 375 Augustinus
1153 288 1201 349 lib.
1215 290 1251 351 ti.

108 394 157 453 „n
175 375 218 449 1.)
238 392 300 431 non
320 371 391 431 odio
411 371 574 451 iniquitatis
593 372 723 447 alienae,
752 372 804 431 sed
822 370 931 431 studio
952 390 1088 431 suarum
1110 366 1252 428 contentio

109 470 213 527 „nnm,
232 448 359 508 infirmas
378 448 480 527 plebes
501 450 635 509 iactantia
654 450 698 508 sui
717 448 845 509 nominis
865 446 1026 519 irretitas,
1047 444 1102 506 rel
1121 455 1195 503 totns
1210 456 1252 503 tn-

110 526 215 603 „bere,
234 525 280 585 vcl
300 537 381 585 certe
403 526 530 587 dividere
551 526 707 585 assertant:
727 524 863 605 superbia
887 522 1019 595 tumidi,
1042 522 1206 601 pervicacia
1219 538 1253 579 rr·

111 603 205 679 „sani,
226 600 374 671 calumniis
395 603 541 675 insidiosi,
561 602 753 661 seditionibus
773 599 964 669 turbulenti,
989 620 1035 657 ne
1058 600 1130 658 lucc
1148 595 1252 657 reritttit

111 699 233 753 „carere
253 698 304 739 eos
323 690 432 769 pateat,
451 679 586 739 umbram
607 679 719 761 rigidae
733 678 902 737 severitatis
925 675 1136 735 obtendunt:
1155 685 1252 753 etque

111 756 171 831 „in
186 754 345 834 Scriptum
362 756 441 815 salve
464 755 630 815 dilectionis
648 754 834 828 sinceritate,
867 766 902 813 et
923 753 1093 813 custodita
1114 750 1193 831 pacis
1207 750 1253 807 uni-

111 842 193 906 „tate
219 830 256 891 nd
285 832 460 912 corrigenda
488 832 615 890 fraterna
638 831 711 891 ritia
736 830 934 890 moderatiori
954 829 1134 889 curatione
1153 824 1253 887 ieriir·

111 908 252 984 „brutum
271 909 307 967 ad
327 908 510 988 sacrilegium
530 908 689 975 schismatis
709 920 738 966 et
758 906 950 967 occasionem
975 904 1185 985 praecisionis
1193 924 1252 963 usu·
1269 958 1277 985 ,

111 995 216 1062 „pant
253 984 300 1045 lta
318 1004 350 1044 se
369 984 555 1066 transfigurat
567 986 657 1043 Satan
679 985 707 1043 in
727 983 862 1064 angeium
883 982 964 1041 lucis
989 980 1056 1060 (11.
1065 978 1252 1053 (lenitati.

111 1061 202 1136 „dum
227 1079 282 1140 per
301 1060 486 1121 occasionem
515 1061 596 1139 qnasi
628 1062 718 1120 iustae
743 1059 908 1119 severitatis
929 1057 1104 1119 crudelem
1130 1056 1253 1125 sarritiee

112 1137 304 1216 „persuadct,
323 1136 395 1195 nibil
416 1137 493 1195 aliud
514 1149 657 1216 appetens
678 1137 731 1196 nisi
752 1148 785 1196 nt
804 1147 986 1213 corrumpat
1009 1147 1111 1214 atque
1132 1134 1254 1223 dirumpat

112 1212 283 1287 „vinculum
302 1213 380 1291 pacis
401 1226 431 1273 et
450 1215 584 1274 unitatis:
605 1234 664 1293 quo
680 1213 770 1272 »firmo
791 1213 868 1271 inter
888 1210 1099 1271 Christianos
1121 1212 1196 1269 vires
1211 1226 1254 1267 eru

113 1307 237 1363 „omnes
255 1288 398 1349 invalidae
417 1290 492 1348 liunt
511 1291 547 1347 ud
569 1290 750 1364 nocendum,
775 1286 957 1365 muscipulae
989 1288 1185 1344 insidiarum.
1196 1304 1255 1343 co*

113 1363 316 1441 „mirtuuntur,
336 1375 367 1421 et
386 1363 506 1431 consilia
527 1366 686 1424 eversionis
707 1365 917 1421 evanescunt.“

114 1458 118 1467 '
188 1444 237 1502 13.
276 1439 377 1513 Unum
396 1438 472 1507 istud
492 1441 647 1519 praecipue
668 1438 869 1510 commendat,
899 1436 924 1495 si
945 1436 1109 1516 contagio
1127 1432 1255 1573 petroli

113 1511 330 1573 multitudinem
343 1515 490 1590 invaserit,
501 1516 611 1576 vividae
626 1515 795 1594 disciplinae
806 1533 937 1573 severam
948 1514 1126 1575 misericor
1148 1514 1202 1573 ia·
1211 1528 1256 1569 erte

114 1592 316 1651 necessariam.
336 1594 431 1665 „Nam
452 1604 482 1651 et
501 1593 622 1652 consilia
643 1590 995 1671 (inquitAugustinus
1009 1594 1139 1670 epffl.)
1158 1608 1256 1669 sequn-

115 1668 225 1743 „tionis
245 1668 341 1727 inania
361 1681 444 1743 sunt,
474 1690 507 1728 ac
528 1670 692 1749 perniciosa
712 1689 745 1728 ac
766 1666 867 1727 sectile
890 1689 922 1727 a:
956 1669 1036 1744 quia
1067 1668 1163 1748 impia
1187 1678 1256 1743 atque

114 1744 261 1835 „superba
281 1746 370 1806 fiuntz
397 1758 427 1806 et
448 1745 512 1825 plus
532 1746 705 1826 perturbant
726 1744 854 1803 infirmos
869 1686 977 1834 bonos
1001 1766 1100 1823 qnam
1124 1742 1202 1803 corri
1233 1749 1256 1799 rt

114 1842 284 1893 „animosos
304 1822 429 1882 malos.“
467 1822 512 1881 Ac
533 1824 612 1903 qnod
633 1823 695 1881 aliis
716 1820 757 1911 ibi
777 1820 873 1899 praeci
897 1819 936 1890 it,
957 1840 1032 1899 rpse
1055 1840 1185 1912 quoque
1219 1818 1254 1876 de·

115 1895 183 1965 liter
202 1910 341 1989 sequutus
363 1912 414 1965 est.
459 1899 532 1959 Nam
553 1900 675 1957 Aurelio
696 1917 838 1987 episcopo
874 1896 1107 1977 „arthagtnensi
1132 1896 1254 1967 scribcm

114 1987 309 2053 conqueritur
329 1976 500 2035 ebrictatem
521 1978 638 2055 impune
659 1973 781 2056 grassari
801 1994 831 2032 m
850 1972 971 2045 Airics,
1001 1993 1085 2051 quae
1107 1974 1187 2033 adeo
1204 1992 1254 2055 gre

114 2048 190 2109 riter
213 2050 243 2110 in
269 2052 427 2131 Scripturis
456 2053 624 2112 damnatur:
653 2051 812 2126 suadetque
845 2062 877 2108 ut
906 2062 1020 2109 coacto
1057 2050 1252 2131 episcoporun

116 2124 257 2199 Concilio
287 2129 449 2187 remedium
478 2128 659 2189 adhibeatur.
716 2127 877 2208 Subiungit
908 2125 1025 2185 deinde
1059 2126 1170 2205 (epist.
1193 2132 1251 2193 ott:

115 2203 255 2277 „Nonas
279 2224 328 2262 ere
349 2218 488 2283 quantum
510 2206 652 2277 existimo,
672 2224 732 2262 non
754 2203 875 2276 duriter,
895 2224 958 2261 nou
981 2202 1083 2263 modo
1106 2202 1251 2283 imperitet

114 2278 189 2354 „ista
209 2224 368 2340 tollintur:
400 2282 492 2374 magis
522 2283 658 2341 docendo
685 2302 770 2359 quam
799 2279 949 2353 iubendo,
986 2280 1089 2359 nangis
1117 2276 1250 2339 mones&

116 2377 221 2432 „quam
242 2358 392 2415 minando.
432 2362 482 2418 Sic
504 2360 580 2419 enim
602 2360 746 2439 agendum
767 2368 811 2415 cst
830 2377 896 2416 curn
916 2354 1123 2416 multitudine
1144 2374 1249 2437 peccat-

116 2432 219 2503 „tium
270 2431 417 2492 Severitas
448 2446 544 2494 autern
579 2434 740 2495 exercenda
771 2444 814 2493 est
847 2434 877 2491 in
908 2445 1038 2511 peccota
1069 2432 1249 2511 paucorum*

115 2507 221 2585 Neque
245 2519 342 2566 tamen
368 2510 506 2591 intelligit
526 2512 741 2570 connivendum
763 2521 919 2588 propterca
940 2520 993 2567 eut
1015 2510 1185 2569 tacendum
1202 2506 1249 2587 cpi-

114 2584 222 2662 scopis,
242 2584 321 2662 quod
341 2587 467 2646 severius
488 2588 592 2666 punire
613 2587 728 2665 publica
748 2587 856 2667 flagitia
875 2598 1046 2662 nequeunt:
1069 2586 1249 2665 quemadmo-

116 2661 184 2721 dum
204 2662 267 2740 ipsc
288 2674 388 2740 postea
411 2664 540 2742 exponit.
586 2664 646 2722 Sed
667 2663 834 2745 corrigendi
855 2663 975 2720 modum
997 2662 1042 2722 ita
1062 2663 1134 2721 vult
1155 2675 1248 2740 teupe-

114 2739 187 2812 rari,
207 2749 239 2796 ut
280 2739 354 2797 noad
376 2738 444 2799 licet
462 2742 614 2799 sanitatem
635 2743 732 2818 potius
753 2760 837 2818 qnam
859 2738 975 2797 esitium
999 2740 1135 2819 corpori
1155 2740 1248 2798 alterat

115 2814 216 2892 Atque
245 2759 313 2874 ideo
344 2816 385 2874 sic
416 2818 533 2877 tandem
567 2818 716 2875 concludit
747 2821 841 2890 (cont.
862 2816 999 2872 Parmcn.
1022 2814 1078 2874 lib.
1102 2822 1134 2881 3.
1161 2840 1185 2876 c.
1201 2816 1247 2885 2):

116 2890 345 2966 „Quamobrem
378 2904 407 2951 et
437 2892 508 2951 illud
536 2906 723 2972 praeceptum
744 2892 880 2970 Apostoli
902 2891 941 2969 (1.
964 2890 1041 2951 Cor.
1063 2900 1095 2963 5,
1117 2896 1164 2969 7.)
1182 2890 1247 2950 nullo

115 2968 227 3043 „modo
249 2967 457 3048 negligendum
478 2983 531 3043 est,
552 2971 587 3028 de
608 2971 688 3028 malis
708 2968 904 3050 segregandis,
924 2989 1016 3045 quum
1038 2968 1109 3028 sinc
1131 2965 1248 3049 periculo

116 3043 290 3120 „violandae
311 3050 386 3123 pacis
408 3047 469 3104 steri
491 3059 602 3125 potest:
634 3048 700 3124 quia
722 3068 776 3105 nec
796 3045 879 3103 aliter
898 3042 961 3101 tieri
982 3043 1100 3104 voluit:
1133 3060 1165 3105 et
1188 3040 1247 3105 istut

117 3141 257 3199 „quoque
277 3122 449 3181 servandum
471 3135 528 3193 est,
562 3135 592 3181 ut
612 3124 787 3182 sufferentes
808 3122 930 3180 invicem
950 3120 1130 3182 studeamus
1150 3136 1249 3183 serrut

117 3197 280 3272 „unitatem
302 3198 323 3255 S
347 3200 427 3258 iritus
447 3202 476 3257 in
498 3199 613 3258 vinculo
636 3198 733 3278 pacis“
754 3198 876 3276 (Ephes.
895 3205 925 3269 4,
944 3197 997 3270 2.).

194 3280 242 3338 14.
280 3219 403 3353 Reliqua
428 3297 492 3353 pars
514 3275 698 3353 disciplinae,
730 3296 803 3354 quac
824 3274 944 3332 clavium
966 3283 1123 3351 potestate
1144 3273 1249 3355 proprie

117 3371 180 3410 non
210 3350 395 3423 continetur,
426 3357 456 3411 in
484 3373 520 3410 eo
546 3364 590 3410 est
613 3365 646 3410 nt
671 3373 726 3432 pro
748 3364 913 3429 temporum
933 3351 1119 3410 necessitate
1133 3353 1250 3433 plebe·

118 3427 455 3488 exhortenturPastores
475 3429 522 3487 vel
543 3430 578 3486 nd
599 3429 705 3487 Ieiunia
725 3428 771 3488 rel
791 3428 825 3486 ad
845 3426 994 3487 sollennes
1015 3428 1250 3507 supplicationes,

116 3502 163 3564 vel
183 3503 219 3562 ad
240 3504 293 3564 alia
313 3503 493 3581 humilitatis,
514 3505 725 3585 poenitentiae,
746 3527 779 3563 ac
799 3504 865 3561 fidei
878 3504 1031 3561 exercitis:
1078 3527 1187 3566 uorum
1206 3522 1249 3563 net

116 3591 249 3658 tempus,
283 3601 337 3640 nec
357 3582 482 3656 modus,
515 3604 569 3641 nec
589 3582 682 3640 forma
704 3580 912 3660 praescribitur
931 3526 1079 3638 verboll

118 3657 256 3716 ecclcsiae
279 3657 388 3716 iudicio
409 3659 593 3736 relinquitur.
641 3660 736 3717 Huius
757 3678 874 3735 quoqne
895 3658 984 3734 partis
1004 3655 1203 3733 observatio,
1219 3658 1250 3717 si·

117 3733 177 3793 cuti
198 3745 247 3824 esp
260 3733 352 3809 utilis,
372 3736 412 3793 ita
432 3736 522 3793 veteri
543 3734 681 3795 ecclesiae
702 3735 737 3793 ab
759 3736 768 3792 i
791 3736 827 3793 sis
853 3754 943 3810 usque
964 3733 1126 3812 Apostolis
1147 3754 1252 3814 semper

117 3808 174 3869 [uit
198 3822 310 3869 usitata.
362 3810 449 3883 Quen
475 3833 538 3872 uam
570 3832 607 3868 ne
636 3812 691 3890 ipsi
715 3754 832 3889 quidem
858 3809 995 3888 Apostoli
1022 3811 1114 3887 primi
1143 3813 1253 3872 luerunt

117 3898 270 3961 auctores,
290 3887 342 3947 sed
363 3832 523 3966 excqunm
544 3901 730 3968 sumpserunt
750 3908 784 3946 er
802 3887 883 3966 Lege
904 3898 934 3945 et
953 3886 1130 3964 Prophetis.
1172 3888 1253 3950 Vide·

184 4136 213 4207 l)
231 4139 291 4192 Vid.
306 4140 437 4221 prolixam
459 4140 642 4193 retiatationem
666 4139 736 4207 apud
759 4136 895 4218 Quirinum
922 4137 950 4191 in
968 4137 1140 4197 Institutione
1164 4142 1255 4194 ndrers

117 4204 250 4278 Anebnpt.
264 4222 337 4262 emc-
354 4210 378 4263 2
397 4224 422 4265 ct
437 4210 518 4265 libell.
536 4209 569 4263 de
587 4207 678 4262 Coena
695 4207 812 4261 Domini.

1083 3581 1128 3655 ei,
1161 3583 1210 3643 sed
1227 3582 1249 3640 in
1291 3608 1294 3621 ·
