2596 4726
455 212 533 275 ΗΒ.
553 214 607 274 lV.
648 213 738 276 CAP.
757 213 795 274 V.
1138 215 1200 283 Μ

59 360 141 433 bire,
169 358 362 420 humilitatem
382 377 415 420 ae
438 357 628 434 modestiam,
658 360 720 421 imo
745 367 947 440 paupertatem
972 358 1083 439 ipsam,
1133 379 1200 421 uam

59 437 196 499 Christus
216 438 296 496 inter
314 457 382 496 suos
401 435 550 496 ministros
570 435 762 511 consecravit,
782 435 981 514 sequebantur
1000 448 1031 495 et
1049 379 1199 498 colebant.

137 519 184 578 18.
224 514 336 572 Verum
363 531 400 570 ne
426 511 473 572 bic
499 513 587 572 simus
609 513 774 593 longiores,
804 514 910 575 iterum
930 514 961 571 io
981 511 1100 572 brevem
1119 526 1200 573 sunt-

59 612 136 651 mam
157 588 339 670 colligamus,
360 610 445 668 quam
466 587 569 667 procul
590 588 665 649 absit
681 607 809 668 ea,quae
829 610 909 648 nune
930 601 974 648 est
993 609 1082 681 opum
1104 589 1199 649 ecele-

59 668 239 728 siasticarum
260 665 306 725 vel
326 665 516 744 dispensatio,
536 661 582 722 vei
602 665 763 744 dissipatio,
782 687 798 724 a
819 686 885 725 vera
905 664 1048 736 diacoma,
1061 687 1145 743 quam
1167 677 1199 726 et

59 744 182 803 verbum
209 742 266 801 Dei
298 741 384 800 nobis
416 741 618 815 commendat,
649 752 680 800 et
709 753 794 801 vetus
824 742 944 801 ecclesia
975 741 1197 820 observavit*).

60 820 155 896 Quod
176 819 206 876 in
228 818 405 896 templorum
430 829 566 877 ornatum
588 818 757 892 confertur,
784 838 937 897 perperam
958 816 1098 878 collocari
1119 817 1198 893 dico,

59 900 85 958 si
106 917 167 954 non
189 893 361 952 adhibeatur
381 893 404 952 is
430 893 544 964 modus,
587 914 651 951 uem
673 905 702 952 et
721 893 783 972 ipsa
810 905 911 953 natura
936 914 1084 954 sacrorum
1111 912 1197 973 prae-

59 969 350 1050 seribit‚etbpostoli
361 968 567 1048 aliiquesaneti
599 964 889 1030 atrestumdoctrina
900 982 1048 1030 tumerem
1072 970 1198 1049 lisprae·

59 1051 251 1127 scripserunt.
289 1047 330 1104 At
350 1046 419 1126 quid
440 1044 498 1104 tale
519 1045 605 1104 bodie
625 1046 656 1105 in
675 1045 792 1126 templis
811 1045 1009 1126 conspicitur?
1048 992 1199 1125 buicquid

61 1146 125 1185 non
147 1122 214 1181 dieo
235 1121 271 1181 ad
292 1126 413 1200 priscam
435 1122 512 1180 illam
534 1121 747 1203 frugalitatem,
772 1123 823 1182 sed
842 1123 878 1183 ad
899 1120 1051 1183 honestam
1070 1122 1198 1201 aliquam

61 1199 295 1260 mediocritatem
324 1210 368 1257 est
399 1198 608 1276 compositum,
640 1199 794 1278 respuitur.
844 1198 926 1259 Nibil
944 1201 1066 1260 omniuo
1090 1200 1199 1280 placet,

62 1277 120 1337 nisi
140 1275 220 1354 quod
242 1274 337 1333 luxum
359 1286 388 1333 et
408 1286 574 1353 temporum
589 1295 676 1334 corru
699 1275 782 1334 telam
802 1274 902 1355 sapiat.
940 1275 1065 1336 Interim
1084 1287 1198 1336 mutum

63 1354 147 1413 abest
168 1352 340 1410 utvirorum
360 1351 538 1430 templorum
558 1351 661 1410 iustam
674 1297 802 1410 ffubeant
814 1372 923 1427 curam,
944 1366 977 1412 ut
995 1351 1198 1434 potiusmulta
1258 1344 1268 1363 χ

60 1449 223 1510 pauperum
245 1426 334 1486 millia
353 1426 429 1485 fame
450 1427 545 1505 perire
559 1429 675 1562 passuri
696 1428 768 1501 sint,
794 1448 880 1508 quam
905 1428 1056 1488 minimum
1078 1428 1198 1489 calicem

61 1519 113 1566 aut
141 1502 290 1564 urceolum
322 1503 509 1582 confringant
541 1524 555 1562 a
607 1503 736 1583 inopiam
766 1523 869 1565 eorum
896 1505 1114 1566 sublevandam.
1152 1504 1199 1565 Ne
1248 1560 1259 1573 ,

64 1582 135 1663 quid
156 1581 270 1662 gravius
290 1600 304 1638 a
326 1580 455 1657 meipso
477 1578 684 1658 pronuntiem,
703 1578 761 1640 boe
782 1591 893 1640 tantum
914 1582 978 1661 pios
998 1580 1199 1655 lectoreseo·

61 1660 156 1742 gitare
176 1657 272 1726 velim,
292 1656 315 1714 si
337 1678 414 1714 nune
435 1656 623 1730 Exsuperium
644 1656 724 1714 illum
740 1657 767 1715 T
770 1656 890 1717 bolosac
911 1658 1092 1738 episcopum,
1111 1677 1199 1738 quem
1233 1696 1235 1701 <

63 1734 226 1807 retulimus,
246 1738 269 1791 si
290 1731 443 1805 beatium,
464 1732 487 1791 si
506 1731 705 1805 Ambrosium,
725 1745 774 1792 aut
792 1733 915 1796 similem
936 1735 1102 1814 quempiam
1123 1734 1200 1794 exci-

64 1811 121 1871 tari
142 1809 300 1869 amortuis
321 1809 485 1887 contingat,
504 1808 641 1888 quidnam
662 1810 720 1868 sint
740 1809 854 1870 dicturi.
895 1811 986 1871 Certe
1005 1831 1068 1871 non
1089 1809 1199 1891 proba·

64 1887 155 1959 bunt,
185 1887 216 1944 in
243 1895 323 1944 tanta
349 1905 506 1964 pauperum
534 1886 720 1959 necessitate,
753 1886 834 1965 quasi
859 1887 1020 1967 superfluas
1045 1907 1118 1967 opes
1137 1885 1198 1946 alio

63 1961 226 2024 transferri.
266 1961 307 2019 Ut
327 1973 447 2032 taceam,
468 1961 521 2020 bos
540 1983 608 2022 usus
628 1948 732 2041 quibus
751 1963 962 2042 impenduntur
980 1962 1108 2042 (etiamsi
1124 1962 1200 2022 nulli

63 2041 123 2101 sint
164 2039 300 2118 auperes)
321 2037 417 2096 multis
437 2037 530 2096 modis
551 2038 670 2110 noxios,
689 2037 774 2099 utiles
785 2058 856 2099 vero
877 2038 957 2100 nulia
977 2061 1011 2100 ex
1030 2051 1113 2132 parte
1124 2058 1198 2100 esse.

64 2117 126 2177 Sed
143 2061 280 2175 immines
299 2116 414 2173 omitto.
453 2114 536 2173 Bona
558 2114 630 2174 baec
651 2114 770 2176 Christo
796 2128 865 2176 sunt
885 2117 992 2176 dicata:
1018 2137 1079 2177 erus
1098 2115 1198 2195 itaque

64 2193 189 2253 arbitrio
210 2189 401 2269 dispensanda
421 2201 497 2248 sunt.
548 2190 668 2250 Frustra
688 2203 785 2252 autem
805 2203 916 2272 partem
939 2192 1013 2252 bane
1036 2192 1198 2272 impensam

64 2269 187 2332 Christo
208 2267 315 2340 ferent,
336 2287 421 2345 quam
442 2278 558 2345 praeter
579 2267 639 2327 eius
659 2269 826 2329 mandatum
847 2262 1052 2348 p'rofuderunt.
1092 2268 1199 2343 Quam·
1231 2284 1235 2291 ’

62 2367 151 2427 quam
173 2346 222 2420 (ut
239 2362 338 2402 verum
360 2343 465 2418 fatear>
489 2364 549 2403 non
571 2344 693 2404 multum
714 2345 750 2403 de
769 2344 921 2405 ordinario
942 2345 1081 2405 eeclesiae
1100 2344 1199 2405 reditu

59 2423 107 2483 'bis
127 2419 291 2499 sumptibus
311 2419 463 2479 deciditur.
502 2419 582 2479 Nulli
602 2420 678 2479 enim
691 2433 759 2479 sunt
778 2433 836 2482 tam
853 2422 988 2500 opulenti
1001 2422 1199 2503 episcopatus,

59 2497 162 2559 nullae
181 2508 240 2555 mm
262 2494 376 2573 opimae
403 2494 555 2571 abbatiae,
581 2496 660 2556 nulla
681 2497 748 2557 deni
771 2519 808 2558 ue
833 2519 930 2578 neque
955 2509 1015 2558 tarn
1036 2498 1126 2559 multa
1145 2517 1200 2557 ne·

60 2595 123 2657 que
143 2585 203 2632 tam
224 2571 319 2649 ampla
338 2572 518 2643 sacerdotia,
550 2594 623 2651 quae
647 2573 681 2633 ad
703 2519 873 2655 capiendam
897 2576 1080 2635 sacerdotum
1100 2573 1200 2656 inglu·
1280 2626 1288 2635 .

59 2653 141 2713 viem
161 2647 315 2709 sufficiant.
353 2648 463 2706 Verum
485 2649 551 2706 dum
578 2649 634 2708 sibi
655 2651 758 2711 volunt
778 2671 917 2731 parcere,
937 2649 1076 2731 populum
1096 2668 1200 2728 super·

59 2728 185 2792 stitione
196 2724 349 2797 inducunt,
366 2736 398 2781 ut
411 2724 490 2802 quod
503 2725 605 2783 eratin
637 2747 757 2805 superes
769 2727 961 2807 erogandum,
980 2726 1015 2785 ad
1027 2724 1200 2786 exstruenda

59 2800 191 2884 templa,
216 2801 250 2859 ad
272 2799 424 2880 erigendas
444 2812 564 2873 statuas,
589 2748 768 2861 adementia
787 2823 867 2876 vasa,
886 2803 921 2861 ad
943 2804 1083 2882 pretiosas
1102 2814 1199 2880 vestes

59 2877 279 3021 cpntparandas·
295 2888 476 2936 convertant.
514 2877 560 2936 Ita
580 2876 637 2938 boe
657 2878 773 2959 gurgite
789 2877 976 2958 quotidianae
995 2877 1201 2959 eleemosynae

59 2980 76 3020 a
101 2965 267 3019 sumuntur.
1004 2984 1007 2991 ·
1160 2982 1163 2987 ·
1189 3012 1193 3020 ,

143 3037 192 3097 19.
231 3031 278 3089 De
298 3029 409 3103 reditu,
429 3049 516 3108 quem
540 3049 573 3088 ex
599 3029 674 3112 agris
700 3042 731 3092 et
759 3030 992 3112 possessionibus
1021 3029 1200 3112 percipiunt,

60 3109 137 3193 quid
158 3108 236 3168 aliud
257 3105 349 3167 dicam
371 3127 454 3185 quam
476 3105 631 3184 quodiam
652 3107 719 3182 disi,
739 3122 769 3169 et
788 3121 833 3170 est
850 3122 918 3170 ante
935 3105 1200 3169 omniumoeuiosi
1290 3166 1292 3171 .

59 3186 220 3250 Maximam
250 3182 418 3263 portionem
440 3182 582 3258 videmus,
611 3205 667 3263 qua
686 3184 743 3245 fide
768 3185 972 3247 administrent
991 3183 1041 3265 qui
1067 3182 1201 3276 episcopi

60 3275 211 3325 vocantur
231 3273 261 3320 et
285 3259 413 3319 abbates.
455 3260 540 3333 Quae
561 3259 669 3320 insania
688 3274 733 3320 est
752 3261 977 3323 ecclesiasticum
997 3260 1131 3321 ordinem
1151 3258 1201 3320 bre

61 3336 230 3421 quaerere?
267 3337 314 3394 Au
337 3338 366 3395 in
387 3335 514 3395 satellitii
534 3356 673 3412 numero,
698 3339 812 3398 aedium
832 3338 1006 3419 splendore,
1029 3336 1201 3411 vestitum

62 3414 219 3507 epularum
240 3412 361 3486 deliciis,
380 3412 544 3492 principum
564 3411 689 3472 lautitias
708 3413 845 3474 aemulari
858 3435 908 3474 eos
920 3413 1055 3489 deeebat,
1073 3432 1201 3492 quorum

59 3504 157 3555 vatam
170 3501 344 3569 oportuerat
355 3490 501 3624 sinqulare
522 3486 705 3571 frugalitatis,
725 3490 894 3564 modestiae,
914 3489 1124 3561 continentiae,
1144 3486 1201 3547 bu·

61 3568 196 3630 militatis
217 3585 279 3626 esse
301 3586 400 3644 exemp
415 3565 463 3625 ari
503 3565 653 3640 Quantum
674 3579 704 3626 et
723 3567 780 3627 boc
799 3565 836 3627 ab
856 3587 958 3626 eorum
973 3565 1075 3627 officio
1090 3562 1202 3624 abbor-

61 3643 168 3718 rebat,
194 3664 268 3723 quos
288 3653 440 3701 aeternum
461 3641 687 3722 inviolabileque
706 3642 763 3703 Dei
784 3644 910 3703 edictum
937 3634 1030 3722 turpis
1056 3639 1129 3700 lucri
1148 3659 1202 3719 ap-

60 3732 205 3804 petentes
231 3738 292 3779 esse
317 3730 409 3791 vetat,
443 3729 473 3778 et
496 3717 619 3798 simplici
644 3718 726 3795 uictu,
746 3730 903 3780 contentos
924 3739 985 3779 esse
1010 3714 1107 3791 iubet,
1138 3735 1202 3775 non

59 3797 160 3861 modo
180 3795 250 3858 vicis
273 3807 302 3855 et
320 3794 434 3855 arcibus
453 3815 569 3853 manum
590 3793 718 3869 iniicere,
738 3795 788 3857 sed
808 3795 839 3855 in
857 3794 1044 3875 amplissimas
1062 3788 1203 3872 satrapias

60 3872 218 3948 imolare,
248 3873 362 3932 demum
395 3870 518 3951 imperia
546 3872 608 3951 ipsa
638 3870 801 3951 occupare?
850 3872 885 3931 Si
908 3870 1029 3931 verbum
1048 3867 1107 3927 Dei
1127 3888 1202 3928 eon-

62 3960 223 4022 temnunt,
248 3948 316 4025 quid
343 3947 566 4081 respondebunt
591 3946 627 4008 ad
646 3959 757 4007 vetusta
783 3947 832 4008 illa
852 3947 1044 4025 Synodorum
1066 3938 1202 4004 decretai'

63 4026 178 4109 quibus
197 4023 333 4082 statuitur
352 4027 403 4099 (c.
425 4024 519 4083 Cone.
540 4022 640 4083 Carth.
655 4031 683 4089 4.
704 4044 767 4103 cap.
786 4029 833 4088 14.
855 4037 885 4084 et
903 4025 976 4100 15.),
995 4035 1029 4082 ut
1047 4023 1203 4102 episcopua

63 4124 131 4164 non
153 4096 314 4181 proculab
337 4098 456 4158 ecelesia
477 4098 666 4179 hospitiolum
687 4099 803 4174 babeat,
822 4099 907 4160 vilem
927 4119 1067 4174 mensam,
1088 4107 1119 4157 et
1131 4117 1203 4188 sup-

64 4174 259 4259 pellectilem.
310 4174 392 4247 Quid
419 4174 455 4234 ad
480 4175 552 4234 illud
573 4176 685 4256 Synodi
704 4175 901 4258 Aquileiensis
921 4175 1067 4258 elogium,
1091 4190 1204 4253 quom
1288 4212 1291 4221 ·

138 4342 169 4411 ⁴)
188 4340 228 4396 Cf.
245 4344 289 4398 bb.
307 4347 329 4399 l.
347 4365 369 4395 c.
388 4345 428 4400 11.
444 4361 465 4396 s·
481 4337 585 4399 teta.
597 4334 629 4398 ¹et
642 4341 688 4399 lib·
703 4344 728 4401 d
746 4362 768 4397 e.
780 4341 822 4399 2⁰.
838 4361 859 4397 a.
874 4341 911 4397 iii)
935 4351 961 4392 et
975 4316 1210 4411 septasalis-,is
1274 4334 1277 4345 ¹

94 4432 369 4482 maturassemus.
970 4404 1013 4471 lb
1178 4456 1193 4473 .
