2700 4732
504 212 579 272 Llll.
599 213 625 272 l.
666 213 754 273 (ΖΜ).
775 214 853 271 xtt’.
1183 224 1240 281 lli

128 356 168 415 bus
182 354 335 415 clarissime
359 358 522 428 evincitur,
546 376 579 415 re
596 354 666 415 ¹vera
691 377 753 415 esse
772 382 785 415 s
807 357 889 415 iritus
908 369 1026 415 naturae
1043 358 1234 418 subsistentis.

127 432 183 489 liam
199 432 277 511 quod
291 432 459 513 Stephanus
478 445 508 491 et
519 432 626 491 Patulus
646 434 758 507 tlirnnt,
778 380 888 513 liegcm
909 452 971 490 esse
990 433 1074 492 latam
1095 434 1125 492 in
1146 456 1233 495 manu

127 508 291 587 angelorum:
318 521 350 568 et
368 508 520 581 Christus,
545 510 655 567 electos
676 510 740 568 lore
767 522 834 588 post
858 510 1100 567 resurrectionem
1120 511 1233 591 angelis

126 583 224 643 similes:
253 586 332 645 diem
358 586 458 645 iudicii
483 607 521 645 oe
546 586 658 664 angelis
684 586 802 663 quidem
827 606 889 643 esse
914 586 1077 663 cognitum:
1109 609 1140 644 se
1160 600 1233 646 tunc

127 672 255 719 naturum
276 682 343 721 eum
363 662 470 720 sanetis
489 664 613 741 angelis:
636 674 667 720 nt
687 662 807 720 inarime
828 674 1017 739 torqueatur,
1037 680 1154 721 necesse
1175 663 1230 721 erit

128 736 297 815 inintelligi.
337 738 482 797 Similiter
500 760 588 817 quum
610 738 714 797 Paulus
734 738 923 797 Timotheum
943 758 1041 795 coram
1062 737 1179 797 Christo
1200 748 1231 798 et

128 811 207 871 electis
225 814 312 891 ipsius
332 813 445 894 augelis
464 827 632 887 attestatur,
661 828 695 874 ut
725 827 881 895 praecepta
906 836 955 871 sua
981 814 1139 873 custodiat:
1168 834 1230 873 unu

129 888 254 967 qualitates
275 902 326 948 aut
352 890 556 968 inspirationes
579 890 644 949 sine
663 891 838 961 substantia,
866 890 917 949 sed
937 912 1021 949 seros
1040 890 1158 968 spiritus
1178 890 1230 947 de·

129 975 200 1022 notat.
234 966 297 1025 Nee
317 964 404 1024 aliter
427 966 558 1024 subsistit
576 966 654 1044 quod
680 969 709 1024 in
736 968 856 1045 epistola
879 966 915 1024 ad
936 966 1089 1025 llebraeos
1114 966 1230 1045 legitur,

129 1036 252 1099 Christum
276 1040 514 1100 excellentiorem
530 1040 639 1123 angelis
659 1042 809 1113 ellectum,
827 1043 883 1101 illis
904 1063 963 1099 non
986 1062 1047 1101 esse
1065 1040 1229 1101 subiectum

127 1116 207 1173 orbem
226 1130 387 1186 terrarum,
418 1118 565 1197 (Ilsristum
592 1139 651 1177 nou
679 1120 824 1197 ipsorum,
854 1119 904 1177 sed
926 1118 1076 1176 bominum
1096 1131 1227 1176 naturam

126 1194 303 1271 assumpsisse:
336 1194 391 1252 nisi
410 1192 513 1252 beatos
533 1214 595 1251 esse
614 1195 730 1274 spiritus
750 1195 958 1275 intelligamus,
980 1195 1009 1252 io
1031 1215 1105 1272 qnos
1124 1194 1229 1253 cadant

125 1264 177 1324 istae
194 1272 438 1347 comparationes.
489 1270 526 1327 l·2t
553 1269 614 1348 ipse
640 1284 742 1329 auctor
767 1270 907 1349 epistolae
926 1292 958 1329 se
977 1273 1070 1348 ipsum
1090 1269 1228 1344 declarat,

124 1342 159 1401 tbi
175 1344 204 1401 in
222 1366 318 1425 regno
340 1345 414 1417 llei,
434 1345 560 1403 fidelium
582 1347 690 1405 animas
710 1358 740 1404 et
757 1359 873 1406 sanctos
889 1345 1009 1425 angelos
1028 1347 1111 1406 simul
1132 1344 1227 1405 eollo-

124 1428 161 1477 αι
195 1420 351 1479 Praeterea
370 1422 450 1499 quod
477 1422 530 1480 iam
551 1422 698 1482 citavimus
717 1424 848 1499 Angelos
874 1443 1032 1500 puerorum
1050 1442 1166 1502 semper
1184 1421 1228 1481 vi·

125 1492 287 1555 derelaeiem
301 1496 370 1567 llei,
390 1518 491 1556 eorum
508 1499 650 1575 praesidio
672 1499 866 1571 oosdelendi,
887 1520 937 1556 eos
959 1498 1058 1557 laetari
1078 1498 1114 1555 de
1134 1499 1226 1557 salute

124 1582 212 1647 tustra,
229 1573 331 1632 mirari
349 1573 537 1652 multiplicem
558 1574 614 1632 Dei
634 1577 754 1654 gratiam
776 1577 803 1634 in
826 1573 956 1646 ecclesia,
976 1574 1092 1633 subesse
1105 1572 1225 1633 Christo

160 1648 197 1707 iti.
233 1650 350 1709 Eodem
378 1651 506 1729 pertinet
526 1650 604 1728 quod
628 1652 733 1711 sanetis
757 1651 892 1710 Patribus
916 1652 1005 1709 toties
1029 1661 1226 1730 apparuerunt

123 1664 267 1785 :liuram
289 1724 457 1799 bominum,
478 1725 591 1804 loquuti
610 1739 688 1799 sunt,
708 1729 818 1819 excepti
842 1728 929 1786 etiam
951 1726 1069 1785 suerunt
1087 1726 1225 1804 hospitio.

124 1794 283 1863 lactatum
302 1804 365 1881 ipse
376 1801 415 1861 ob
436 1804 601 1882 primatum,
620 1824 706 1881 quem
726 1802 841 1862 obtinet
862 1804 891 1861 in
913 1822 1035 1881 persona
1045 1801 1226 1875 lllediatoris,

124 1872 230 1959 lageltu
259 1892 382 1939 roratur
411 1878 495 1955 (llal.
514 1885 548 1949 3,
574 1884 627 1954 1.).
678 1881 743 1937 lloc
770 1879 868 1938 obiter
892 1880 964 1936 attin
988 1898 1037 1935 ere
1062 1876 1162 1949 libuit,
1186 1878 1223 1936 ad

125 1952 242 2041 suplices
265 1955 512 2036 praemuniendos
538 1953 672 2015 adversus
696 1956 758 2015 illas
783 1954 883 2013 stultas
902 1966 934 2012 et
953 1898 1088 2012 absurdus
1108 1954 1223 2034 eogita-

126 2036 209 2166 mla,
237 2051 315 2111 quae
344 2045 415 2091 aute
445 2032 536 2091 multa
554 2032 666 2092 uetula
685 2053 701 2092 a
722 2034 828 2092 Sataua
848 2030 1002 2105 excitatae,
1031 2029 1156 2089 subinde
1174 2048 1223 2089 re·

165 2130 181 2165 u
207 2120 247 2167 nt.

125 2104 219 2247 'lib
256 2184 362 2243 llestat
383 2196 417 2243 ut
439 2185 638 2264 superstitioni
661 2206 863 2259 occurramus,
894 2202 969 2263 quae
989 2182 1135 2262 obrepere
1158 2182 1223 2263 ple-

125 2274 218 2339 naque
232 2260 321 2335 solet,
334 2260 384 2321 ubi
400 2261 514 2336 dieitur,
526 2261 645 2343 angelos
665 2262 750 2321 uobis
763 2262 892 2321 omnium
913 2261 1059 2319 bonorum
1075 2258 1224 2319 ministros

126 2350 171 2393 tue
183 2358 211 2397 ac
229 2337 422 2417 praebitores.
461 2338 505 2397 Eo
526 2346 603 2398 enim
623 2340 756 2418 protinus
775 2337 921 2397 delabitur
941 2336 1065 2395 bominis
1084 2335 1169 2405 ratio,
1188 2347 1222 2394 ut

125 2406 248 2473 ediluon
269 2414 393 2475 honoris
418 2413 609 2474 deferendum
639 2415 695 2474 illis
716 2426 814 2550 putet.
859 2414 902 2471 lta
923 2412 955 2471 lit
981 2425 1013 2469 ut
1031 2431 1105 2490 quae
1129 2411 1221 2471 solius

94 2502 97 2511 ·
123 2482 163 2545 bei
178 2503 206 2549 et
224 2492 335 2551 (Llrristi
359 2503 443 2564 suot,
471 2492 506 2551 ad
532 2493 609 2571 ipsos
635 2503 712 2551 trans
727 2504 854 2550 eruatur.
894 2490 937 2547 lta
959 2489 1088 2547 violemus
1109 2488 1221 2548 Christi

123 2560 218 2639 gloriam
243 2568 443 2646 superioribus
466 2567 579 2646 aliquot
598 2569 718 2627 saeculis
743 2568 829 2627 luisse
849 2566 947 2625 miultis
966 2566 1060 2623 modis
1081 2565 1220 2623 obseura-

122 2648 174 2715 tau,
191 2665 278 2722 quum
305 2644 468 2705 immodicis
487 2647 591 2723 elogiis
616 2645 711 2721 angeli
737 2656 853 2723 praeter
873 2644 928 2700 llei
948 2642 1070 2699 verbum
1091 2641 1220 2698 cumula·

122 2730 207 2777 tentor.
246 2722 351 2798 Neque
372 2720 461 2779 ullum
487 2722 548 2780 sere
573 2722 717 2799 antiquius
738 2734 781 2779 est
800 2720 898 2778 rititrm
921 2739 953 2777 ex
981 2719 1013 2774 iis
1033 2738 1106 2794 quae
1131 2717 1219 2775 bodie

122 2786 307 2877 'lpngnamus
345 2796 496 2875 Siquidem
510 2797 599 2857 Paulo
620 2798 704 2856 etiam
727 2796 814 2855 luisse
832 2816 966 2877 maguum
987 2806 1132 2850 certamen
1153 2814 1219 2851 cum

88 2886 93 2909 ··
123 2872 243 2931 tououllis
261 2886 401 2952 apparet,
425 2876 474 2953 qni
494 2875 533 2931 sir
554 2874 673 2953 angelos
694 2873 866 2945 evehebant,
890 2883 922 2929 ut
942 2871 1089 2928 lllrristum
1111 2890 1219 2946 prope-

95 2948 214 3029 ,sotum
233 2951 262 3007 in
282 2949 417 3008 ordinem
438 2951 613 3030 redigerent.
659 2953 734 3008 llinc
760 2960 838 3007 tanta
862 2946 1058 3005 sollieitudine
1084 2956 1168 3025 urget
1189 2947 1218 3005 in

88 3020 93 3031 ’
126 3022 217 3095 tpistula
236 3028 270 3083 ad
293 3025 484 3085 colossenses
503 3035 551 3099 (l,
572 3036 617 3090 to'.
636 3032 714 3103 211),
739 3024 887 3085 Claristnm
909 3045 967 3081 raon
995 3022 1082 3081 modo
1108 3023 1218 3098 angelis

128 3100 230 3161 nribus
254 3122 317 3160 esse
342 3102 578 3175 anteferendum,
603 3104 653 3161 sed
679 3103 745 3181 ipsis
771 3122 889 3180 quoque
914 3101 1060 3158 bonorum
1085 3100 1216 3155 omnium

76 3179 79 3188 ’
131 3188 167 3227 tot
182 3191 340 3237 auctorem:
362 3199 399 3237 ne
421 3199 456 3235 eo
477 3180 634 3253 derelicto,
655 3181 689 3238 ad
711 3178 777 3237 illos
797 3190 1001 3235 convertamur
1020 3175 1069 3253 qui
1088 3194 1142 3231 occ
1162 3172 1217 3233 sibi

76 3243 94 3297 ¹-
132 3246 228 3311 ubere
246 3267 384 3333 possunt,
404 3256 454 3312 sed
475 3276 508 3313 es
530 3257 649 3326 eodem,
669 3277 728 3336 quo
750 3275 817 3324 nos,
839 3252 1085 3311 lontelrauriunt.
1126 3251 1217 3309 Certe

76 3318 95 3361 ⁵¹
135 3340 192 3395 l'tlt
208 3331 234 3389 in
260 3333 295 3391 iis
323 3331 423 3411 lulgor
442 3330 531 3391 <lirini
552 3333 677 3390 rataruinis
697 3331 855 3409 refulgeat,
881 3328 952 3385 nibil
974 3340 1017 3385 est
1036 3327 1125 3407 magis
1146 3347 1216 3405 pro·

76 3394 96 3457 ²·
135 3398 189 3476 dm,
202 3428 281 3485 quam
303 3409 331 3465 in
353 3427 456 3466 eorum
476 3408 676 3467 adorationem
697 3421 817 3485 stupore
838 3404 962 3483 quodam
984 3424 1037 3462 nos
1057 3401 1217 3481 prosterni,

78 3470 97 3551 i,
136 3482 246 3563 ‘lemnia
268 3484 377 3543 deinde
400 3483 456 3543 illis
480 3484 610 3543 tribuere
636 3506 708 3563 quae
733 3485 849 3542 nonnisi
869 3483 934 3539 Ι)ι.·ο
955 3478 1111 3537 debentur:
1136 3480 1216 3557 quod

81 3572 97 3627 ’,
137 3558 906 3638 Qloanoesinllporalspsi(·19,10.22‚8.ll.)
934 3558 1040 3615 latetur
1063 3557 1118 3614 sibi
1139 3555 1215 3613 aeci-

77 3631 104 3729 ἐι·
136 3623 193 3705 lttt,
207 3638 245 3694 ted
263 3635 350 3695 sinml
364 3636 444 3695 addit
458 3628 543 3695 luisse
562 3638 813 3715 sibiresponsum:
834 3634 883 3708 „V
889 3634 935 3693 ide
945 3655 981 3693 ne
1003 3632 1120 3690 leceris:
1141 3652 1216 3689 cou-

97 3738 101 3747 ·
131 3720 200 3766 tetrus
214 3724 270 3772 tuus
290 3736 369 3771 suut:
390 3712 485 3771 Deum
507 3714 626 3772 atltrra.“

78 3785 85 3793 ’
182 3794 218 3851 tt.
251 3791 344 3867 Atqui
370 3788 427 3848 laoc
461 3790 620 3867 periculum
647 3790 724 3848 bene
754 3787 936 3859 carebimus,
966 3788 990 3844 si
1022 3784 1216 3861 expendamus

77 3886 83 3893 ·
126 3878 162 3916 sur
174 3884 218 3943 per
236 3886 285 3923 eos
305 3866 387 3924 llens
406 3870 518 3944 potius,
537 3888 621 3942 qnam
645 3890 696 3944 per
715 3886 746 3923 se
765 3867 828 3924 sine
853 3866 981 3943 ipsorum
1002 3881 1090 3937 opera
1112 3870 1217 3946 poteo-

77 3990 79 3995 .
106 3935 168 3995 'litu
183 3963 254 3999 suam
275 3942 436 4009 declarare,
457 3942 582 3999 bdelium
602 3944 849 4012 salutentcurare,
868 3935 1217 4021 suraequebeneficentiae

121 4012 176 4073 dous
193 4020 255 4095 ipsis
273 4020 495 4077 communicare
514 4023 616 4077 soleat.
669 4020 737 4076 Non
767 4018 833 4075 lacit
857 4016 914 4073 boc
936 4026 1014 4072 certe
1036 4020 1217 4083 necessitate,

118 4094 177 4165 qua-i
195 4116 290 4153 carere
311 4095 366 4152 illis
387 4108 527 4173 nequeat:
551 4117 615 4152 raum
628 4097 742 4173 quoties
764 4095 847 4161 libet,
868 4092 935 4169 ipsis
949 4086 1123 4167 praeteritis,
1143 4104 1217 4163 opus

114 4186 177 4225 suum
196 4173 235 4228 sel
256 4169 321 4229 solo
343 4184 417 4229 rrtrtu
439 4173 560 4249 peragit,
581 4184 691 4229 tantum
712 4172 793 4229 abest
814 4181 845 4225 ut
866 4169 899 4225 ad
921 4165 1072 4223 levandam
1093 4160 1218 4248 tlillrcnl-

110 4254 182 4303 latero
199 4249 255 4306 sint
274 4248 317 4305 illi
338 4250 478 4315 subsidio.
517 4250 582 4307 lloe
595 4269 667 4329 ergo
687 4249 722 4305 ad
743 4248 878 4307 solatium
898 4254 1015 4301 nostrae
1033 4237 1219 4295 imbecillita-

107 4318 137 4381 tt's
153 4322 227 4401 satit,
246 4324 370 4406 nequid
389 4326 524 4401 umiaino,
544 4327 625 4405 quod
643 4325 746 4386 animis
765 4322 874 4383 nostris
893 4319 939 4381 uel
958 4318 990 4378 iu
1009 4315 1119 4376 bonam
1137 4336 1220 4395 spem
