<?xml version="1.0" encoding="UTF-8"?>
<!DOCTYPE html PUBLIC "-//W3C//DTD XHTML 1.0 Transitional//EN"
    "http://www.w3.org/TR/xhtml1/DTD/xhtml1-transitional.dtd">
<html xmlns="http://www.w3.org/1999/xhtml" xml:lang="en" lang="en">
 <head>
  <title>
</title>
<meta http-equiv="Content-Type" content="text/html;charset=utf-8" />
  <meta name='ocr-system' content='tesseract 3.04.00' />
  <meta name='ocr-capabilities' content='ocr_page ocr_carea ocr_par ocr_line ocrx_word'/>
</head>
<body>
  <div class='ocr_page' id='page_1' title='image "./ioanniscalvinii02tholgoog/ioanniscalvinii02tholgoog_0551.png"; bbox 0 0 2596 4726; ppageno 0'>
   <div class='ocr_carea' id='block_1_1' title="bbox 114 198 887 313">
    <p class='ocr_par' dir='ltr' id='par_1_1' title="bbox 114 198 887 313">
     <span class='ocr_line' id='line_1_1' title="bbox 114 198 887 313; baseline -0.01 -44"><span class='ocrx_word' id='word_1_1' title='bbox 114 202 156 269; x_wconf 82' lang='lat' dir='ltr'><strong>‘to</strong></span> <span class='ocrx_word' id='word_1_2' title='bbox 456 198 547 313; x_wconf 64' lang='lat' dir='ltr'><strong>,m&#39;</strong></span> <span class='ocrx_word' id='word_1_3' title='bbox 566 198 624 261; x_wconf 89' lang='lat' dir='ltr'>III.</span> <span class='ocrx_word' id='word_1_4' title='bbox 662 198 753 263; x_wconf 76' lang='lat' dir='ltr'>CAP.</span> <span class='ocrx_word' id='word_1_5' title='bbox 771 198 887 261; x_wconf 83' lang='lat' dir='ltr'><strong>xvm.</strong></span> 
     </span>
    </p>
   </div>
   <div class='ocr_carea' id='block_1_2' title="bbox 120 340 1288 2792">
    <p class='ocr_par' dir='ltr' id='par_1_2' title="bbox 120 340 1288 2106">
     <span class='ocr_line' id='line_1_2' title="bbox 120 340 1252 419; baseline 0.002 -16"><span class='ocrx_word' id='word_1_6' title='bbox 120 342 180 403; x_wconf 86' lang='lat' dir='ltr'><strong>Irni</strong></span> <span class='ocrx_word' id='word_1_7' title='bbox 197 342 313 419; x_wconf 81' lang='lat' dir='ltr'><strong>volunt,</strong></span> <span class='ocrx_word' id='word_1_8' title='bbox 330 363 369 405; x_wconf 88' lang='lat' dir='ltr'><strong>co</strong></span> <span class='ocrx_word' id='word_1_9' title='bbox 386 343 588 406; x_wconf 82' lang='lat' dir='ltr'><strong>transmittant</strong></span> <span class='ocrx_word' id='word_1_10' title='bbox 606 343 657 405; x_wconf 87' lang='lat' dir='ltr'><strong>ubi</strong></span> <span class='ocrx_word' id='word_1_11' title='bbox 676 343 799 405; x_wconf 84' lang='lat' dir='ltr'><strong>solidam</strong></span> <span class='ocrx_word' id='word_1_12' title='bbox 811 342 900 403; x_wconf 80' lang='lat' dir='ltr'><strong>uitam</strong></span> <span class='ocrx_word' id='word_1_13' title='bbox 920 354 988 402; x_wconf 85' lang='lat' dir='ltr'><strong>sunt</strong></span> <span class='ocrx_word' id='word_1_14' title='bbox 998 340 1139 403; x_wconf 86' lang='lat' dir='ltr'><strong>babituri.</strong></span> <span class='ocrx_word' id='word_1_15' title='bbox 1164 340 1252 419; x_wconf 80' lang='lat' dir='ltr'><strong>Quod</strong></span> 
     </span>
     <span class='ocr_line' id='line_1_3' title="bbox 121 417 1253 502; baseline -0.002 -21"><span class='ocrx_word' id='word_1_16' title='bbox 121 440 194 502; x_wconf 86' lang='lat' dir='ltr'><strong>ergo</strong></span> <span class='ocrx_word' id='word_1_17' title='bbox 216 418 325 481; x_wconf 81' lang='lat' dir='ltr'><strong>iaciunt</strong></span> <span class='ocrx_word' id='word_1_18' title='bbox 344 420 395 502; x_wconf 87' lang='lat' dir='ltr'><strong>qui</strong></span> <span class='ocrx_word' id='word_1_19' title='bbox 414 420 492 480; x_wconf 92' lang='lat' dir='ltr'><strong>demi</strong></span> <span class='ocrx_word' id='word_1_20' title='bbox 529 442 580 483; x_wconf 81' lang='lat' dir='ltr'><strong>are</strong></span> <span class='ocrx_word' id='word_1_21' title='bbox 598 421 756 482; x_wconf 85' lang='lat' dir='ltr'><strong>instituunt</strong></span> <span class='ocrx_word' id='word_1_22' title='bbox 773 421 804 479; x_wconf 91' lang='lat' dir='ltr'><strong>in</strong></span> <span class='ocrx_word' id='word_1_23' title='bbox 824 419 922 480; x_wconf 89' lang='lat' dir='ltr'><strong>locum</strong></span> <span class='ocrx_word' id='word_1_24' title='bbox 942 417 1085 499; x_wconf 84' lang='lat' dir='ltr'><strong>aliquem,</strong></span> <span class='ocrx_word' id='word_1_25' title='bbox 1116 418 1171 479; x_wconf 91' lang='lat' dir='ltr'><strong>ubi</strong></span> <span class='ocrx_word' id='word_1_26' title='bbox 1188 438 1253 501; x_wconf 88' lang='lat' dir='ltr'><strong>per-</strong></span> 
     </span>
     <span class='ocr_line' id='line_1_4' title="bbox 121 494 1255 591; baseline 0.002 -36"><span class='ocrx_word' id='word_1_27' title='bbox 121 510 239 591; x_wconf 86' lang='lat' dir='ltr'><strong>petuam</strong></span> <span class='ocrx_word' id='word_1_28' title='bbox 259 496 336 559; x_wconf 84' lang='lat' dir='ltr'><strong>vitae</strong></span> <span class='ocrx_word' id='word_1_29' title='bbox 355 498 455 559; x_wconf 89' lang='lat' dir='ltr'><strong>sedern</strong></span> <span class='ocrx_word' id='word_1_30' title='bbox 475 510 646 581; x_wconf 88' lang='lat' dir='ltr'><strong>eegerunt,</strong></span> <span class='ocrx_word' id='word_1_31' title='bbox 671 497 759 577; x_wconf 84' lang='lat' dir='ltr'><strong>nobis</strong></span> <span class='ocrx_word' id='word_1_32' title='bbox 782 494 953 557; x_wconf 85' lang='lat' dir='ltr'><strong>imitandum</strong></span> <span class='ocrx_word' id='word_1_33' title='bbox 973 506 1032 555; x_wconf 77' lang='lat' dir='ltr'><strong>esta</strong></span> <span class='ocrx_word' id='word_1_34' title='bbox 1065 496 1255 577; x_wconf 85' lang='lat' dir='ltr'><strong>praemittunt</strong></span> 
     </span>
     <span class='ocr_line' id='line_1_5' title="bbox 122 573 1255 663; baseline 0.002 -30"><span class='ocrx_word' id='word_1_35' title='bbox 122 573 166 633; x_wconf 91' lang='lat' dir='ltr'><strong>rlli</strong></span> <span class='ocrx_word' id='word_1_36' title='bbox 184 593 249 663; x_wconf 84' lang='lat' dir='ltr'><strong>suas</strong></span> <span class='ocrx_word' id='word_1_37' title='bbox 269 573 438 649; x_wconf 75' lang='lat' dir='ltr'><strong>facultates,</strong></span> <span class='ocrx_word' id='word_1_38' title='bbox 469 596 567 657; x_wconf 88' lang='lat' dir='ltr'><strong>neque</strong></span> <span class='ocrx_word' id='word_1_39' title='bbox 590 574 647 635; x_wconf 90' lang='lat' dir='ltr'><strong>illis</strong></span> <span class='ocrx_word' id='word_1_40' title='bbox 673 573 709 633; x_wconf 89' lang='lat' dir='ltr'><strong>ad</strong></span> <span class='ocrx_word' id='word_1_41' title='bbox 733 586 849 653; x_wconf 84' lang='lat' dir='ltr'><strong>tempus</strong></span> <span class='ocrx_word' id='word_1_42' title='bbox 876 592 965 654; x_wconf 86' lang='lat' dir='ltr'><strong>aegre</strong></span> <span class='ocrx_word' id='word_1_43' title='bbox 981 584 1109 663; x_wconf 39' lang='lat' dir='ltr'><strong>&#39;carente</strong></span> <span class='ocrx_word' id='word_1_44' title='bbox 1140 573 1208 653; x_wconf 84' lang='lat' dir='ltr'><strong>quia</strong></span> <span class='ocrx_word' id='word_1_45' title='bbox 1225 592 1255 635; x_wconf 83' lang='lat' dir='ltr'><strong>se</strong></span> 
     </span>
     <span class='ocr_line' id='line_1_6' title="bbox 122 648 1256 744; baseline 0.002 -35"><span class='ocrx_word' id='word_1_46' title='bbox 122 649 270 741; x_wconf 62' lang='lat' dir='ltr'><strong>heatpores</strong></span> <span class='ocrx_word' id='word_1_47' title='bbox 290 671 328 712; x_wconf 91' lang='lat' dir='ltr'><strong>eo</strong></span> <span class='ocrx_word' id='word_1_48' title='bbox 348 663 452 732; x_wconf 88' lang='lat' dir='ltr'><strong>putant</strong></span> <span class='ocrx_word' id='word_1_49' title='bbox 465 672 525 744; x_wconf 78' lang='lat' dir='ltr'><strong>quo</strong></span> <span class='ocrx_word' id='word_1_50' title='bbox 545 651 609 733; x_wconf 89' lang='lat' dir='ltr'><strong>plus</strong></span> <span class='ocrx_word' id='word_1_51' title='bbox 630 651 740 743; x_wconf 79' lang='lat' dir='ltr'><strong>habent</strong></span> <span class='ocrx_word' id='word_1_52' title='bbox 759 651 917 741; x_wconf 72' lang='lat' dir='ltr'><strong>honorum,</strong></span> <span class='ocrx_word' id='word_1_53' title='bbox 938 648 1051 742; x_wconf 36' lang='lat' dir='ltr'><strong>ubi-diu</strong></span> <span class='ocrx_word' id='word_1_54' title='bbox 1070 662 1142 711; x_wconf 86' lang='lat' dir='ltr'><strong>sunt</strong></span> <span class='ocrx_word' id='word_1_55' title='bbox 1160 648 1256 742; x_wconf 76' lang='lat' dir='ltr'><strong>intrari.</strong></span> 
     </span>
     <span class='ocr_line' id='line_1_7' title="bbox 122 724 1256 819; baseline 0 -32"><span class='ocrx_word' id='word_1_56' title='bbox 122 726 218 787; x_wconf 80' lang='lat' dir='ltr'><strong>Nobis</strong></span> <span class='ocrx_word' id='word_1_57' title='bbox 237 726 396 789; x_wconf 82' lang='lat' dir='ltr'><strong>sicoelum</strong></span> <span class='ocrx_word' id='word_1_58' title='bbox 415 739 539 819; x_wconf 71' lang='lat' dir='ltr'><strong>patriam</strong></span> <span class='ocrx_word' id='word_1_59' title='bbox 564 747 628 788; x_wconf 86' lang='lat' dir='ltr'><strong>esse</strong></span> <span class='ocrx_word' id='word_1_60' title='bbox 647 728 807 819; x_wconf 70' lang='lat' dir='ltr'><strong>credimus,</strong></span> <span class='ocrx_word' id='word_1_61' title='bbox 835 724 905 785; x_wconf 89' lang='lat' dir='ltr'><strong>rlluc</strong></span> <span class='ocrx_word' id='word_1_62' title='bbox 924 736 1035 817; x_wconf 37' lang='lat' dir='ltr'><strong>‘potrus</strong></span> <span class='ocrx_word' id='word_1_63' title='bbox 1060 738 1256 819; x_wconf 72' lang='lat' dir='ltr'><strong>trapsmrttere</strong></span> 
     </span>
     <span class='ocr_line' id='line_1_8' title="bbox 123 801 1256 895; baseline 0 -32"><span class='ocrx_word' id='word_1_64' title='bbox 123 821 196 893; x_wconf 73' lang='lat' dir='ltr'><strong>opes</strong></span> <span class='ocrx_word' id='word_1_65' title='bbox 215 814 329 865; x_wconf 87' lang='lat' dir='ltr'><strong>nostras</strong></span> <span class='ocrx_word' id='word_1_66' title='bbox 344 818 503 895; x_wconf 77' lang='lat' dir='ltr'><strong>convenit,</strong></span> <span class='ocrx_word' id='word_1_67' title='bbox 535 825 622 883; x_wconf 87' lang='lat' dir='ltr'><strong>quam</strong></span> <span class='ocrx_word' id='word_1_68' title='bbox 655 803 701 864; x_wconf 82' lang='lat' dir='ltr'><strong>hic</strong></span> <span class='ocrx_word' id='word_1_69' title='bbox 726 817 857 863; x_wconf 79' lang='lat' dir='ltr'><strong>retinere</strong></span> <span class='ocrx_word' id='word_1_70' title='bbox 881 802 940 893; x_wconf 35' lang='lat' dir='ltr'><strong>ubr-</strong></span> <span class='ocrx_word' id='word_1_71' title='bbox 957 801 1062 893; x_wconf 34' lang='lat' dir='ltr'><strong>suhrta·</strong></span> <span class='ocrx_word' id='word_1_72' title='bbox 1080 816 1256 895; x_wconf 73' lang='lat' dir='ltr'><strong>migratione</strong></span> 
     </span>
     <span class='ocr_line' id='line_1_9' title="bbox 122 880 1256 961; baseline 0.001 -23"><span class='ocrx_word' id='word_1_73' title='bbox 122 891 254 959; x_wconf 79' lang='lat' dir='ltr'><strong>peritura</strong></span> <span class='ocrx_word' id='word_1_74' title='bbox 279 880 366 942; x_wconf 77' lang='lat' dir='ltr'><strong>nohis</strong></span> <span class='ocrx_word' id='word_1_75' title='bbox 391 883 457 941; x_wconf 80' lang='lat' dir='ltr'><strong>sint</strong></span> <span class='ocrx_word' id='word_1_76' title='bbox 507 880 671 956; x_wconf 87' lang='lat' dir='ltr'><strong>Quomodo</strong></span> <span class='ocrx_word' id='word_1_77' title='bbox 698 893 796 941; x_wconf 88' lang='lat' dir='ltr'><strong>autem</strong></span> <span class='ocrx_word' id='word_1_78' title='bbox 820 880 1070 939; x_wconf 81' lang='lat' dir='ltr'><strong>transmittemus?</strong></span> <span class='ocrx_word' id='word_1_79' title='bbox 1100 899 1210 961; x_wconf 85' lang='lat' dir='ltr'><strong>nempe</strong></span> <span class='ocrx_word' id='word_1_80' title='bbox 1231 902 1256 941; x_wconf 85' lang='lat' dir='ltr'><strong>sr</strong></span> 
     </span>
     <span class='ocr_line' id='line_1_10' title="bbox 120 955 1256 1037; baseline 0.003 -23"><span class='ocrx_word' id='word_1_81' title='bbox 120 975 283 1037; x_wconf 87' lang='lat' dir='ltr'><strong>paupemm</strong></span> <span class='ocrx_word' id='word_1_82' title='bbox 302 956 524 1018; x_wconf 84' lang='lat' dir='ltr'><strong>necessitatibus</strong></span> <span class='ocrx_word' id='word_1_83' title='bbox 542 957 802 1031; x_wconf 76' lang='lat' dir='ltr'><strong>communicamus,</strong></span> <span class='ocrx_word' id='word_1_84' title='bbox 823 956 928 1034; x_wconf 89' lang='lat' dir='ltr'><strong>quihus</strong></span> <span class='ocrx_word' id='word_1_85' title='bbox 947 955 1085 1035; x_wconf 89' lang='lat' dir='ltr'><strong>quicquid</strong></span> <span class='ocrx_word' id='word_1_86' title='bbox 1107 975 1161 1016; x_wconf 91' lang='lat' dir='ltr'><strong>ero</strong></span> <span class='ocrx_word' id='word_1_87' title='bbox 1184 968 1256 1033; x_wconf 84' lang='lat' dir='ltr'><strong>atur,</strong></span> 
     </span>
     <span class='ocr_line' id='line_1_11' title="bbox 122 1031 1256 1124; baseline 0.002 -33"><span class='ocrx_word' id='word_1_88' title='bbox 122 1031 178 1091; x_wconf 90' lang='lat' dir='ltr'><strong>sibi</strong></span> <span class='ocrx_word' id='word_1_89' title='bbox 198 1033 295 1093; x_wconf 87' lang='lat' dir='ltr'><strong>datum</strong></span> <span class='ocrx_word' id='word_1_90' title='bbox 306 1033 452 1094; x_wconf 81' lang='lat' dir='ltr'><strong>Dominus</strong></span> <span class='ocrx_word' id='word_1_91' title='bbox 472 1033 606 1112; x_wconf 80' lang='lat' dir='ltr'><strong>imputat</strong></span> <span class='ocrx_word' id='word_1_92' title='bbox 637 1033 734 1124; x_wconf 43' lang='lat' dir='ltr'><strong>&#39;Unde</strong></span> <span class='ocrx_word' id='word_1_93' title='bbox 754 1053 825 1115; x_wconf 87' lang='lat' dir='ltr'><strong>egre</strong></span> <span class='ocrx_word' id='word_1_94' title='bbox 847 1032 872 1091; x_wconf 87' lang='lat' dir='ltr'><strong>ia</strong></span> <span class='ocrx_word' id='word_1_95' title='bbox 892 1031 941 1092; x_wconf 93' lang='lat' dir='ltr'><strong>illa</strong></span> <span class='ocrx_word' id='word_1_96' title='bbox 962 1032 1153 1111; x_wconf 71' lang='lat' dir='ltr'><strong>promissio(</strong></span> <span class='ocrx_word' id='word_1_97' title='bbox 1188 1034 1256 1093; x_wconf 87' lang='lat' dir='ltr'><strong>atth.</strong></span> 
     </span>
     <span class='ocr_line' id='line_1_12' title="bbox 121 1050 1255 1221; baseline -0.005 -48"><span class='ocrx_word' id='word_1_98' title='bbox 121 1110 259 1186; x_wconf 78' lang='lat' dir='ltr'><strong>25,to.):</strong></span> <span class='ocrx_word' id='word_1_99' title='bbox 277 1110 361 1185; x_wconf 87' lang='lat' dir='ltr'><strong>„Qui</strong></span> <span class='ocrx_word' id='word_1_100' title='bbox 375 1109 504 1201; x_wconf 37' lang='lat' dir='ltr'><strong>‘largitur</strong></span> <span class='ocrx_word' id='word_1_101' title='bbox 522 1130 655 1202; x_wconf 76' lang='lat' dir='ltr'><strong>paupera,</strong></span> <span class='ocrx_word' id='word_1_102' title='bbox 674 1110 808 1199; x_wconf 79' lang='lat' dir='ltr'><strong>Domino</strong></span> <span class='ocrx_word' id='word_1_103' title='bbox 824 1050 1027 1221; x_wconf 51' lang='lat' dir='ltr'><strong>hscneratur‘s‘</strong></span> <span class='ocrx_word' id='word_1_104' title='bbox 1065 1107 1143 1169; x_wconf 83' lang='lat' dir='ltr'><strong>Item</strong></span> <span class='ocrx_word' id='word_1_105' title='bbox 1156 1110 1255 1187; x_wconf 83' lang='lat' dir='ltr'><strong>(Pron.</strong></span> 
     </span>
     <span class='ocr_line' id='line_1_13' title="bbox 123 1184 1257 1353; baseline 0.004 -36"><span class='ocrx_word' id='word_1_106' title='bbox 123 1186 389 1321; x_wconf 64' lang='lat' dir='ltr'><strong>{trit-nh.</strong></span> <span class='ocrx_word' id='word_1_107' title='bbox 408 1186 547 1337; x_wconf 64' lang='lat' dir='ltr'><strong>tue,</strong></span> <span class='ocrx_word' id='word_1_108' title='bbox 561 1184 999 1353; x_wconf 64' lang='lat' dir='ltr'><strong>surtdrrssrats</strong></span> <span class='ocrx_word' id='word_1_109' title='bbox 1021 1184 1257 1353; x_wconf 58' lang='lat' dir='ltr'><strong>,territt</strong></span> 
     </span>
     <span class='ocr_line' id='line_1_14' title="bbox 125 1335 1257 1427; baseline 0.005 -34"><span class='ocrx_word' id='word_1_110' title='bbox 125 1335 244 1427; x_wconf 70' lang='lat' dir='ltr'><strong>duntur.</strong></span> <span class='ocrx_word' id='word_1_111' title='bbox 294 1336 349 1397; x_wconf 89' lang='lat' dir='ltr'><strong>llle</strong></span> <span class='ocrx_word' id='word_1_112' title='bbox 368 1350 402 1397; x_wconf 91' lang='lat' dir='ltr'><strong>ut</strong></span> <span class='ocrx_word' id='word_1_113' title='bbox 421 1350 465 1398; x_wconf 90' lang='lat' dir='ltr'><strong>est</strong></span> <span class='ocrx_word' id='word_1_114' title='bbox 485 1338 582 1399; x_wconf 89' lang='lat' dir='ltr'><strong>honae</strong></span> <span class='ocrx_word' id='word_1_115' title='bbox 602 1338 669 1397; x_wconf 87' lang='lat' dir='ltr'><strong>fider</strong></span> <span class='ocrx_word' id='word_1_116' title='bbox 690 1338 900 1418; x_wconf 80' lang='lat' dir='ltr'><strong>depositarius,</strong></span> <span class='ocrx_word' id='word_1_117' title='bbox 930 1336 1000 1397; x_wconf 93' lang='lat' dir='ltr'><strong>olim</strong></span> <span class='ocrx_word' id='word_1_118' title='bbox 1030 1350 1171 1398; x_wconf 71' lang='lat' dir='ltr'><strong>restituet</strong></span> <span class='ocrx_word' id='word_1_119' title='bbox 1195 1358 1257 1399; x_wconf 77' lang='lat' dir='ltr'><strong>enm</strong></span> 
     </span>
     <span class='ocr_line' id='line_1_15' title="bbox 123 1413 1288 1496; baseline 0.003 -26"><span class='ocrx_word' id='word_1_120' title='bbox 123 1432 246 1491; x_wconf 77' lang='lat' dir='ltr'><strong>copioso</strong></span> <span class='ocrx_word' id='word_1_121' title='bbox 266 1413 403 1474; x_wconf 88' lang='lat' dir='ltr'><strong>loenore.</strong></span> <span class='ocrx_word' id='word_1_122' title='bbox 440 1415 562 1496; x_wconf 79' lang='lat' dir='ltr'><strong>Ergone</strong></span> <span class='ocrx_word' id='word_1_123' title='bbox 582 1416 656 1474; x_wconf 92' lang='lat' dir='ltr'><strong>tanti</strong></span> <span class='ocrx_word' id='word_1_124' title='bbox 676 1427 744 1474; x_wconf 90' lang='lat' dir='ltr'><strong>sunt</strong></span> <span class='ocrx_word' id='word_1_125' title='bbox 763 1415 841 1494; x_wconf 95' lang='lat' dir='ltr'><strong>apud</strong></span> <span class='ocrx_word' id='word_1_126' title='bbox 861 1413 958 1473; x_wconf 88' lang='lat' dir='ltr'><strong>Deum</strong></span> <span class='ocrx_word' id='word_1_127' title='bbox 978 1424 1079 1473; x_wconf 87' lang='lat' dir='ltr'><strong>nostra</strong></span> <span class='ocrx_word' id='word_1_128' title='bbox 1099 1414 1212 1489; x_wconf 81' lang='lat' dir='ltr'><strong>officia,</strong></span> <span class='ocrx_word' id='word_1_129' title='bbox 1228 1424 1260 1473; x_wconf 88' lang='lat' dir='ltr'><strong>nt</strong></span> <span class='ocrx_word' id='word_1_130' title='bbox 1285 1426 1288 1435; x_wconf 91' lang='grc'><em>“</em></span> 
     </span>
     <span class='ocr_line' id='line_1_16' title="bbox 122 1488 1260 1582; baseline 0.005 -37"><span class='ocrx_word' id='word_1_131' title='bbox 122 1488 230 1578; x_wconf 73' lang='lat' dir='ltr'><strong>sintin</strong></span> <span class='ocrx_word' id='word_1_132' title='bbox 251 1490 312 1580; x_wconf 75' lang='lat' dir='ltr'><strong>eius</strong></span> <span class='ocrx_word' id='word_1_133' title='bbox 336 1511 425 1550; x_wconf 89' lang='lat' dir='ltr'><strong>mann</strong></span> <span class='ocrx_word' id='word_1_134' title='bbox 445 1492 526 1582; x_wconf 79' lang='lat' dir='ltr'><strong>quasi</strong></span> <span class='ocrx_word' id='word_1_135' title='bbox 552 1490 723 1552; x_wconf 79' lang='lat' dir='ltr'><strong>reconditae</strong></span> <span class='ocrx_word' id='word_1_136' title='bbox 749 1490 835 1581; x_wconf 78' lang='lat' dir='ltr'><strong>nohis</strong></span> <span class='ocrx_word' id='word_1_137' title='bbox 856 1490 949 1569; x_wconf 80' lang='lat' dir='ltr'><strong>opes?</strong></span> <span class='ocrx_word' id='word_1_138' title='bbox 993 1492 1032 1548; x_wconf 86' lang='lat' dir='ltr'><strong>Et</strong></span> <span class='ocrx_word' id='word_1_139' title='bbox 1051 1492 1117 1568; x_wconf 82' lang='lat' dir='ltr'><strong>quis</strong></span> <span class='ocrx_word' id='word_1_140' title='bbox 1141 1490 1260 1572; x_wconf 84' lang='lat' dir='ltr'><strong>horreat</strong></span> 
     </span>
     <span class='ocr_line' id='line_1_17' title="bbox 122 1564 1259 1658; baseline 0.004 -37"><span class='ocrx_word' id='word_1_141' title='bbox 122 1575 163 1622; x_wconf 88' lang='lat' dir='ltr'><strong>rta</strong></span> <span class='ocrx_word' id='word_1_142' title='bbox 184 1564 281 1656; x_wconf 66' lang='lat' dir='ltr'><strong>loqur,</strong></span> <span class='ocrx_word' id='word_1_143' title='bbox 304 1586 394 1657; x_wconf 81' lang='lat' dir='ltr'><strong>quum</strong></span> <span class='ocrx_word' id='word_1_144' title='bbox 415 1577 503 1627; x_wconf 79' lang='lat' dir='ltr'><strong>toties</strong></span> <span class='ocrx_word' id='word_1_145' title='bbox 521 1579 635 1657; x_wconf 66' lang='lat' dir='ltr'><strong>actam</strong></span> <span class='ocrx_word' id='word_1_146' title='bbox 654 1578 756 1658; x_wconf 71' lang='lat' dir='ltr'><strong>aperte</strong></span> <span class='ocrx_word' id='word_1_147' title='bbox 775 1568 807 1626; x_wconf 88' lang='lat' dir='ltr'><strong>rd</strong></span> <span class='ocrx_word' id='word_1_148' title='bbox 826 1577 950 1657; x_wconf 74' lang='lat' dir='ltr'><strong>testetur</strong></span> <span class='ocrx_word' id='word_1_149' title='bbox 969 1564 1144 1655; x_wconf 63' lang='lat' dir='ltr'><strong>Scriptura?</strong></span> <span class='ocrx_word' id='word_1_150' title='bbox 1183 1566 1259 1631; x_wconf 82' lang='lat' dir='ltr'><strong>Cae·</strong></span> 
     </span>
     <span class='ocr_line' id='line_1_18' title="bbox 123 1640 1260 1735; baseline 0.004 -36"><span class='ocrx_word' id='word_1_151' title='bbox 123 1650 219 1732; x_wconf 74' lang='lat' dir='ltr'><strong>terum</strong></span> <span class='ocrx_word' id='word_1_152' title='bbox 239 1663 262 1701; x_wconf 89' lang='lat' dir='ltr'><strong>sr</strong></span> <span class='ocrx_word' id='word_1_153' title='bbox 288 1663 394 1733; x_wconf 69' lang='lat' dir='ltr'><strong>quisa</strong></span> <span class='ocrx_word' id='word_1_154' title='bbox 418 1663 497 1733; x_wconf 79' lang='lat' dir='ltr'><strong>mera</strong></span> <span class='ocrx_word' id='word_1_155' title='bbox 517 1643 573 1735; x_wconf 71' lang='lat' dir='ltr'><strong>Iler</strong></span> <span class='ocrx_word' id='word_1_156' title='bbox 599 1644 783 1725; x_wconf 68' lang='lat' dir='ltr'><strong>benignitate</strong></span> <span class='ocrx_word' id='word_1_157' title='bbox 807 1641 952 1703; x_wconf 78' lang='lat' dir='ltr'><strong>transilire</strong></span> <span class='ocrx_word' id='word_1_158' title='bbox 976 1640 1047 1732; x_wconf 77' lang='lat' dir='ltr'><strong>velit</strong></span> <span class='ocrx_word' id='word_1_159' title='bbox 1064 1642 1114 1735; x_wconf 60' lang='lat'><strong>³⁸¹.</strong></span> <span class='ocrx_word' id='word_1_160' title='bbox 1135 1662 1260 1735; x_wconf 73' lang='lat' dir='ltr'><strong>operum</strong></span> 
     </span>
     <span class='ocr_line' id='line_1_19' title="bbox 123 1716 1259 1887; baseline -0.003 -36"><span class='ocrx_word' id='word_1_161' title='bbox 123 1716 380 1884; x_wconf 63' lang='lat' dir='ltr'><strong>littlbt‘lt</strong></span> <span class='ocrx_word' id='word_1_162' title='bbox 396 1718 1259 1887; x_wconf 59' lang='lat' dir='ltr'><strong>{tttmtttttd,tt‘ftitt‘tttlt‘t,tl&#39;ltttlltff</strong></span> 
     </span>
     <span class='ocr_line' id='line_1_20' title="bbox 124 1870 1258 1966; baseline 0.004 -39"><span class='ocrx_word' id='word_1_163' title='bbox 124 1880 241 1961; x_wconf 76' lang='lat' dir='ltr'><strong>geptrae</strong></span> <span class='ocrx_word' id='word_1_164' title='bbox 269 1891 514 1961; x_wconf 79' lang='lat' dir='ltr'><strong>propensionem:</strong></span> <span class='ocrx_word' id='word_1_165' title='bbox 540 1872 778 1965; x_wconf 74' lang='lat' dir='ltr'><strong>quandoquidem</strong></span> <span class='ocrx_word' id='word_1_166' title='bbox 799 1892 859 1963; x_wconf 75' lang='lat' dir='ltr'><strong>guo</strong></span> <span class='ocrx_word' id='word_1_167' title='bbox 884 1892 939 1931; x_wconf 87' lang='lat' dir='ltr'><strong>nos</strong></span> <span class='ocrx_word' id='word_1_168' title='bbox 953 1871 994 1961; x_wconf 30' lang='lat' dir='ltr'><strong>‘ad</strong></span> <span class='ocrx_word' id='word_1_169' title='bbox 1015 1870 1258 1966; x_wconf 65' lang='lat' dir='ltr'><strong>benefaciendum</strong></span> 
     </span>
     <span class='ocr_line' id='line_1_21' title="bbox 122 1947 1259 2040; baseline 0.002 -33"><span class='ocrx_word' id='word_1_170' title='bbox 122 1958 242 2023; x_wconf 79' lang='lat' dir='ltr'><strong>animet,</strong></span> <span class='ocrx_word' id='word_1_171' title='bbox 283 1947 425 2037; x_wconf 63' lang='lat' dir='ltr'><strong>uamlibet</strong></span> <span class='ocrx_word' id='word_1_172' title='bbox 437 1948 483 2007; x_wconf 82' lang='lat' dir='ltr'><strong>vel</strong></span> <span class='ocrx_word' id='word_1_173' title='bbox 502 1949 568 2009; x_wconf 89' lang='lat' dir='ltr'><strong>solo</strong></span> <span class='ocrx_word' id='word_1_174' title='bbox 588 1970 649 2009; x_wconf 86' lang='lat' dir='ltr'><strong>erus</strong></span> <span class='ocrx_word' id='word_1_175' title='bbox 669 1960 777 2040; x_wconf 75' lang='lat' dir='ltr'><strong>intuitu</strong></span> <span class='ocrx_word' id='word_1_176' title='bbox 798 1949 919 2040; x_wconf 78' lang='lat' dir='ltr'><strong>rndrgpa</strong></span> <span class='ocrx_word' id='word_1_177' title='bbox 937 1960 996 2008; x_wconf 85' lang='lat' dir='ltr'><strong>srnt</strong></span> <span class='ocrx_word' id='word_1_178' title='bbox 1013 1968 1088 2029; x_wconf 89' lang='lat' dir='ltr'><strong>quae</strong></span> <span class='ocrx_word' id='word_1_179' title='bbox 1107 1948 1165 2011; x_wconf 86' lang='lat' dir='ltr'><strong>rllrs</strong></span> <span class='ocrx_word' id='word_1_180' title='bbox 1183 1948 1259 2009; x_wconf 80' lang='lat' dir='ltr'><strong>exbr-</strong></span> 
     </span>
     <span class='ocr_line' id='line_1_22' title="bbox 124 2020 915 2106; baseline 0 -25"><span class='ocrx_word' id='word_1_181' title='bbox 124 2020 228 2082; x_wconf 90' lang='lat' dir='ltr'><strong>bemus</strong></span> <span class='ocrx_word' id='word_1_182' title='bbox 248 2043 267 2082; x_wconf 94' lang='lat' dir='ltr'><strong>o</strong></span> <span class='ocrx_word' id='word_1_183' title='bbox 289 2043 399 2103; x_wconf 88' lang='lat' dir='ltr'><strong>sequra,</strong></span> <span class='ocrx_word' id='word_1_184' title='bbox 420 2024 531 2085; x_wconf 89' lang='lat' dir='ltr'><strong>nullum</strong></span> <span class='ocrx_word' id='word_1_185' title='bbox 552 2036 649 2085; x_wconf 90' lang='lat' dir='ltr'><strong>tamen</strong></span> <span class='ocrx_word' id='word_1_186' title='bbox 672 2026 817 2106; x_wconf 80' lang='lat' dir='ltr'><strong>perditum</strong></span> <span class='ocrx_word' id='word_1_187' title='bbox 837 2037 915 2084; x_wconf 78' lang='lat' dir='ltr'><strong>sinit.</strong></span> 
     </span>
    </p>

    <p class='ocr_par' dir='ltr' id='par_1_3' title="bbox 125 2099 1260 2792">
     <span class='ocr_line' id='line_1_23' title="bbox 202 2099 1259 2237; baseline -0.003 -73"><span class='ocrx_word' id='word_1_188' title='bbox 202 2106 248 2191; x_wconf 39' lang='lat'><strong>7..</strong></span> <span class='ocrx_word' id='word_1_189' title='bbox 269 2099 337 2235; x_wconf 48' lang='lat' dir='ltr'><strong>step,</strong></span> <span class='ocrx_word' id='word_1_190' title='bbox 360 2101 591 2237; x_wconf 55' lang='grc' dir='ltr'><strong>ἷιιεβίεᾟητςοιιῑ</strong></span> <span class='ocrx_word' id='word_1_191' title='bbox 609 2102 748 2236; x_wconf 65' lang='grc' dir='ltr'><strong>ΑΙροεῑοΙί</strong></span> <span class='ocrx_word' id='word_1_192' title='bbox 767 2100 960 2235; x_wconf 39' lang='lat' dir='ltr'><strong>limidi·</strong></span> <span class='ocrx_word' id='word_1_193' title='bbox 979 2099 1048 2234; x_wconf 54' lang='lat' dir='ltr'><strong>dium</strong></span> <span class='ocrx_word' id='word_1_194' title='bbox 1065 2100 1259 2237; x_wconf 49' lang='lat' dir='ltr'><strong>ffhbu&#39;dlhd.</strong></span> 
     </span>
     <span class='ocr_line' id='line_1_24' title="bbox 125 2179 1260 2347; baseline 0 -36"><span class='ocrx_word' id='word_1_195' title='bbox 125 2194 317 2344; x_wconf 49' lang='lat' dir='ltr'><strong>iiiiii</strong></span> <span class='ocrx_word' id='word_1_196' title='bbox 333 2189 713 2347; x_wconf 57' lang='lat' dir='ltr'><strong>lgii⁰ilsliiili⁰siill</strong></span> <span class='ocrx_word' id='word_1_197' title='bbox 732 2199 871 2336; x_wconf 64' lang='lat' dir='ltr'><strong>ftt&#39;tsst</strong></span> <span class='ocrx_word' id='word_1_198' title='bbox 887 2179 1155 2344; x_wconf 56' lang='lat' dir='ltr'><strong>hababitis-⁸⁴</strong></span> <span class='ocrx_word' id='word_1_199' title='bbox 1191 2196 1260 2329; x_wconf 69' lang='lat' dir='ltr'><strong>„ii</strong></span> 
     </span>
     <span class='ocr_line' id='line_1_25' title="bbox 125 2330 1260 2420; baseline 0.003 -32"><span class='ocrx_word' id='word_1_200' title='bbox 125 2330 264 2407; x_wconf 87' lang='lat' dir='ltr'><strong>„qurdem</strong></span> <span class='ocrx_word' id='word_1_201' title='bbox 283 2331 409 2420; x_wconf 74' lang='lat' dir='ltr'><strong>(angust)</strong></span> <span class='ocrx_word' id='word_1_202' title='bbox 428 2342 536 2391; x_wconf 89' lang='lat' dir='ltr'><strong>rustum</strong></span> <span class='ocrx_word' id='word_1_203' title='bbox 556 2344 602 2392; x_wconf 87' lang='lat' dir='ltr'><strong>est</strong></span> <span class='ocrx_word' id='word_1_204' title='bbox 620 2331 697 2411; x_wconf 90' lang='lat' dir='ltr'><strong>apud</strong></span> <span class='ocrx_word' id='word_1_205' title='bbox 717 2332 825 2420; x_wconf 78' lang='lat' dir='ltr'><strong>Deum,</strong></span> <span class='ocrx_word' id='word_1_206' title='bbox 843 2330 968 2389; x_wconf 84' lang='lat' dir='ltr'><strong>reddere</strong></span> <span class='ocrx_word' id='word_1_207' title='bbox 987 2351 1022 2389; x_wconf 83' lang='lat' dir='ltr'><strong>trs</strong></span> <span class='ocrx_word' id='word_1_208' title='bbox 1042 2352 1093 2409; x_wconf 87' lang='lat' dir='ltr'><strong>qur</strong></span> <span class='ocrx_word' id='word_1_209' title='bbox 1112 2350 1167 2393; x_wconf 77' lang='lat' dir='ltr'><strong>vos</strong></span> <span class='ocrx_word' id='word_1_210' title='bbox 1188 2330 1260 2391; x_wconf 78' lang='lat' dir='ltr'><strong>alllt·</strong></span> 
     </span>
     <span class='ocr_line' id='line_1_26' title="bbox 125 2405 1259 2541; baseline 0.004 -78"><span class='ocrx_word' id='word_1_211' title='bbox 125 2417 221 2485; x_wconf 89' lang='lat' dir='ltr'><strong>„gunt</strong></span> <span class='ocrx_word' id='word_1_212' title='bbox 236 2406 447 2496; x_wconf 75' lang='lat' dir='ltr'><strong>afflictionem:</strong></span> <span class='ocrx_word' id='word_1_213' title='bbox 467 2408 551 2467; x_wconf 86' lang='lat' dir='ltr'><strong>vobis</strong></span> <span class='ocrx_word' id='word_1_214' title='bbox 571 2420 667 2467; x_wconf 89' lang='lat' dir='ltr'><strong>autern</strong></span> <span class='ocrx_word' id='word_1_215' title='bbox 687 2406 895 2468; x_wconf 74' lang='lat' dir='ltr'><strong>relaxationem</strong></span> <span class='ocrx_word' id='word_1_216' title='bbox 916 2405 1084 2477; x_wconf 87' lang='lat' dir='ltr'><strong>nobiscum,</strong></span> <span class='ocrx_word' id='word_1_217' title='bbox 1104 2428 1198 2541; x_wconf 71' lang='lat' dir='ltr'><strong>ippum</strong></span> <span class='ocrx_word' id='word_1_218' title='bbox 1216 2426 1259 2467; x_wconf 83' lang='lat' dir='ltr'><strong>re·</strong></span> 
     </span>
     <span class='ocr_line' id='line_1_27' title="bbox 126 2481 1260 2562; baseline 0.004 -23"><span class='ocrx_word' id='word_1_219' title='bbox 126 2481 449 2555; x_wconf 80' lang='lat' dir='ltr'><strong>„velabiturllominus</strong></span> <span class='ocrx_word' id='word_1_220' title='bbox 469 2485 550 2543; x_wconf 90' lang='lat' dir='ltr'><strong>Iesus</strong></span> <span class='ocrx_word' id='word_1_221' title='bbox 571 2503 587 2542; x_wconf 93' lang='lat' dir='ltr'><strong>e</strong></span> <span class='ocrx_word' id='word_1_222' title='bbox 608 2483 725 2543; x_wconf 85' lang='lat' dir='ltr'><strong>coelo.“</strong></span> <span class='ocrx_word' id='word_1_223' title='bbox 763 2483 879 2544; x_wconf 76' lang='lat' dir='ltr'><strong>Auctor</strong></span> <span class='ocrx_word' id='word_1_224' title='bbox 895 2483 1036 2562; x_wconf 89' lang='lat' dir='ltr'><strong>epistolae</strong></span> <span class='ocrx_word' id='word_1_225' title='bbox 1055 2482 1091 2541; x_wconf 90' lang='lat' dir='ltr'><strong>ad</strong></span> <span class='ocrx_word' id='word_1_226' title='bbox 1139 2484 1260 2544; x_wconf 85' lang='lat' dir='ltr'><strong>ebraeos</strong></span> 
     </span>
     <span class='ocr_line' id='line_1_28' title="bbox 125 2559 1260 2693; baseline -0.001 -71"><span class='ocrx_word' id='word_1_227' title='bbox 125 2562 169 2637; x_wconf 84' lang='lat'><strong>(6,</strong></span> <span class='ocrx_word' id='word_1_228' title='bbox 181 2560 254 2693; x_wconf 59' lang='lat' dir='ltr'><strong>lli-p,</strong></span> <span class='ocrx_word' id='word_1_229' title='bbox 274 2562 364 2631; x_wconf 85' lang='lat' dir='ltr'><strong>„Non</strong></span> <span class='ocrx_word' id='word_1_230' title='bbox 376 2573 420 2621; x_wconf 89' lang='lat' dir='ltr'><strong>est</strong></span> <span class='ocrx_word' id='word_1_231' title='bbox 430 2560 557 2640; x_wconf 87' lang='lat' dir='ltr'><strong>(iuquit)</strong></span> <span class='ocrx_word' id='word_1_232' title='bbox 568 2560 693 2618; x_wconf 89' lang='lat' dir='ltr'><strong>iniustus</strong></span> <span class='ocrx_word' id='word_1_233' title='bbox 703 2559 785 2618; x_wconf 89' lang='lat' dir='ltr'><strong>Deus</strong></span> <span class='ocrx_word' id='word_1_234' title='bbox 795 2571 828 2618; x_wconf 93' lang='lat' dir='ltr'><strong>ut</strong></span> <span class='ocrx_word' id='word_1_235' title='bbox 839 2559 1029 2619; x_wconf 84' lang='lat' dir='ltr'><strong>obliviscatur</strong></span> <span class='ocrx_word' id='word_1_236' title='bbox 1047 2560 1147 2638; x_wconf 89' lang='lat' dir='ltr'><strong>operis</strong></span> <span class='ocrx_word' id='word_1_237' title='bbox 1167 2560 1260 2637; x_wconf 75' lang='lat' dir='ltr'><strong>vestri,</strong></span> 
     </span>
     <span class='ocr_line' id='line_1_29' title="bbox 125 2635 1259 2717; baseline 0.004 -25"><span class='ocrx_word' id='word_1_238' title='bbox 125 2647 179 2710; x_wconf 89' lang='lat' dir='ltr'><strong>„et</strong></span> <span class='ocrx_word' id='word_1_239' title='bbox 199 2635 227 2693; x_wconf 90' lang='lat' dir='ltr'><strong>di</strong></span> <span class='ocrx_word' id='word_1_240' title='bbox 242 2636 365 2696; x_wconf 88' lang='lat' dir='ltr'><strong>ectionis</strong></span> <span class='ocrx_word' id='word_1_241' title='bbox 386 2659 471 2717; x_wconf 90' lang='lat' dir='ltr'><strong>quam</strong></span> <span class='ocrx_word' id='word_1_242' title='bbox 492 2636 660 2697; x_wconf 85' lang='lat' dir='ltr'><strong>ostendistis</strong></span> <span class='ocrx_word' id='word_1_243' title='bbox 685 2636 716 2693; x_wconf 92' lang='lat' dir='ltr'><strong>in</strong></span> <span class='ocrx_word' id='word_1_244' title='bbox 742 2636 863 2695; x_wconf 89' lang='lat' dir='ltr'><strong>nomine</strong></span> <span class='ocrx_word' id='word_1_245' title='bbox 889 2637 992 2715; x_wconf 87' lang='lat' dir='ltr'><strong>ipsius,</strong></span> <span class='ocrx_word' id='word_1_246' title='bbox 1017 2636 1097 2713; x_wconf 87' lang='lat' dir='ltr'><strong>quod</strong></span> <span class='ocrx_word' id='word_1_247' title='bbox 1117 2637 1259 2697; x_wconf 85' lang='lat' dir='ltr'><strong>ministra·</strong></span> 
     </span>
     <span class='ocr_line' id='line_1_30' title="bbox 126 2710 1260 2792; baseline -0.002 -19"><span class='ocrx_word' id='word_1_248' title='bbox 126 2713 198 2785; x_wconf 82' lang='lat' dir='ltr'><strong>„stis</strong></span> <span class='ocrx_word' id='word_1_249' title='bbox 217 2714 355 2772; x_wconf 83' lang='lat' dir='ltr'><strong>sanctis.“</strong></span> <span class='ocrx_word' id='word_1_250' title='bbox 398 2715 444 2772; x_wconf 81' lang='lat' dir='ltr'><strong>Ad</strong></span> <span class='ocrx_word' id='word_1_251' title='bbox 466 2714 594 2792; x_wconf 85' lang='lat' dir='ltr'><strong>priorem</strong></span> <span class='ocrx_word' id='word_1_252' title='bbox 620 2711 718 2771; x_wconf 81' lang='lat' dir='ltr'><strong>locum</strong></span> <span class='ocrx_word' id='word_1_253' title='bbox 744 2712 926 2792; x_wconf 81' lang='lat' dir='ltr'><strong>respondeo,</strong></span> <span class='ocrx_word' id='word_1_254' title='bbox 951 2711 1065 2773; x_wconf 83' lang='lat' dir='ltr'><strong>Nullam</strong></span> <span class='ocrx_word' id='word_1_255' title='bbox 1087 2712 1146 2773; x_wconf 90' lang='lat' dir='ltr'><strong>illic</strong></span> <span class='ocrx_word' id='word_1_256' title='bbox 1167 2710 1260 2773; x_wconf 87' lang='lat' dir='ltr'><strong>meriti</strong></span> 
     </span>
    </p>
   </div>
   <div class='ocr_carea' id='block_1_3' title="bbox 127 2786 1261 2924">
    <p class='ocr_par' dir='ltr' id='par_1_4' title="bbox 127 2786 1261 2924">
     <span class='ocr_line' id='line_1_31' title="bbox 127 2786 1261 2924; baseline 0.003 -78"><span class='ocrx_word' id='word_1_257' title='bbox 127 2788 298 2870; x_wconf 88' lang='lat' dir='ltr'><strong>dignitatem</strong></span> <span class='ocrx_word' id='word_1_258' title='bbox 318 2790 487 2881; x_wconf 64' lang='lat' dir='ltr'><strong>signiheari:</strong></span> <span class='ocrx_word' id='word_1_259' title='bbox 521 2790 572 2849; x_wconf 91' lang='lat' dir='ltr'><strong>sed</strong></span> <span class='ocrx_word' id='word_1_260' title='bbox 593 2789 660 2869; x_wconf 84' lang='lat' dir='ltr'><strong>qula</strong></span> <span class='ocrx_word' id='word_1_261' title='bbox 680 2788 865 2880; x_wconf 30' lang='lat' dir='ltr'><strong>Deusepat‘er</strong></span> <span class='ocrx_word' id='word_1_262' title='bbox 884 2789 945 2848; x_wconf 85' lang='lat' dir='ltr'><strong>vult</strong></span> <span class='ocrx_word' id='word_1_263' title='bbox 970 2810 1040 2861; x_wconf 92' lang='lat' dir='ltr'><strong>nos,</strong></span> <span class='ocrx_word' id='word_1_264' title='bbox 1070 2810 1147 2924; x_wconf 61' lang='lat' dir='ltr'><strong>(gnos</strong></span> <span class='ocrx_word' id='word_1_265' title='bbox 1174 2786 1261 2881; x_wconf 66' lang='lat' dir='ltr'><strong>elegii</strong></span> 
     </span>
    </p>
   </div>
   <div class='ocr_carea' id='block_1_4' title="bbox 126 2864 1278 4337">
    <p class='ocr_par' dir='ltr' id='par_1_5' title="bbox 126 2864 1278 4337">
     <span class='ocr_line' id='line_1_32' title="bbox 126 2864 1260 2948; baseline 0.003 -26"><span class='ocrx_word' id='word_1_266' title='bbox 126 2864 213 2941; x_wconf 87' lang='lat' dir='ltr'><strong>filios,</strong></span> <span class='ocrx_word' id='word_1_267' title='bbox 234 2865 352 2926; x_wconf 84' lang='lat' dir='ltr'><strong>Christo</strong></span> <span class='ocrx_word' id='word_1_268' title='bbox 375 2867 573 2948; x_wconf 81' lang='lat' dir='ltr'><strong>primogenito</strong></span> <span class='ocrx_word' id='word_1_269' title='bbox 594 2866 788 2927; x_wconf 81' lang='lat' dir='ltr'><strong>conformari:</strong></span> <span class='ocrx_word' id='word_1_270' title='bbox 808 2866 894 2925; x_wconf 80' lang='lat' dir='ltr'><strong>sicuti</strong></span> <span class='ocrx_word' id='word_1_271' title='bbox 910 2866 1044 2945; x_wconf 90' lang='lat' dir='ltr'><strong>oportuit</strong></span> <span class='ocrx_word' id='word_1_272' title='bbox 1064 2865 1071 2923; x_wconf 89' lang='lat' dir='ltr'><strong>i</strong></span> <span class='ocrx_word' id='word_1_273' title='bbox 1098 2888 1147 2924; x_wconf 89' lang='lat' dir='ltr'><strong>um</strong></span> <span class='ocrx_word' id='word_1_274' title='bbox 1168 2884 1260 2945; x_wconf 81' lang='lat' dir='ltr'><strong>primo</strong></span> 
     </span>
     <span class='ocr_line' id='line_1_33' title="bbox 127 2942 1259 3023; baseline 0.001 -23"><span class='ocrx_word' id='word_1_275' title='bbox 127 2942 199 3021; x_wconf 91' lang='lat' dir='ltr'><strong>pati,</strong></span> <span class='ocrx_word' id='word_1_276' title='bbox 220 2954 250 3000; x_wconf 93' lang='lat' dir='ltr'><strong>et</strong></span> <span class='ocrx_word' id='word_1_277' title='bbox 270 2953 330 3002; x_wconf 90' lang='lat' dir='ltr'><strong>tum</strong></span> <span class='ocrx_word' id='word_1_278' title='bbox 352 2943 467 3002; x_wconf 91' lang='lat' dir='ltr'><strong>demum</strong></span> <span class='ocrx_word' id='word_1_279' title='bbox 488 2945 598 3003; x_wconf 90' lang='lat' dir='ltr'><strong>intrare</strong></span> <span class='ocrx_word' id='word_1_280' title='bbox 619 2943 648 3001; x_wconf 92' lang='lat' dir='ltr'><strong>in</strong></span> <span class='ocrx_word' id='word_1_281' title='bbox 669 2942 793 3023; x_wconf 76' lang='lat' dir='ltr'><strong>gloriam</strong></span> <span class='ocrx_word' id='word_1_282' title='bbox 813 2943 868 3001; x_wconf 90' lang='lat' dir='ltr'><strong>sibi</strong></span> <span class='ocrx_word' id='word_1_283' title='bbox 890 2942 1075 3011; x_wconf 89' lang='lat' dir='ltr'><strong>destinatam,</strong></span> <span class='ocrx_word' id='word_1_284' title='bbox 1096 2944 1135 3001; x_wconf 89' lang='lat' dir='ltr'><strong>ita</strong></span> <span class='ocrx_word' id='word_1_285' title='bbox 1159 2956 1191 3003; x_wconf 88' lang='lat' dir='ltr'><strong>et</strong></span> <span class='ocrx_word' id='word_1_286' title='bbox 1209 2962 1259 3001; x_wconf 87' lang='lat' dir='ltr'><strong>nos</strong></span> 
     </span>
     <span class='ocr_line' id='line_1_34' title="bbox 149 3017 1260 3099; baseline 0.001 -23"><span class='ocrx_word' id='word_1_287' title='bbox 149 3040 181 3077; x_wconf 89' lang='lat' dir='ltr'><strong>er</strong></span> <span class='ocrx_word' id='word_1_288' title='bbox 201 3019 305 3078; x_wconf 90' lang='lat' dir='ltr'><strong>multas</strong></span> <span class='ocrx_word' id='word_1_289' title='bbox 324 3018 531 3080; x_wconf 89' lang='lat' dir='ltr'><strong>tribulationes</strong></span> <span class='ocrx_word' id='word_1_290' title='bbox 541 3030 662 3099; x_wconf 89' lang='lat' dir='ltr'><strong>oportet</strong></span> <span class='ocrx_word' id='word_1_291' title='bbox 681 3020 796 3099; x_wconf 85' lang='lat' dir='ltr'><strong>ingredi</strong></span> <span class='ocrx_word' id='word_1_292' title='bbox 817 3020 845 3076; x_wconf 93' lang='lat' dir='ltr'><strong>in</strong></span> <span class='ocrx_word' id='word_1_293' title='bbox 866 3040 989 3099; x_wconf 88' lang='lat' dir='ltr'><strong>regnum</strong></span> <span class='ocrx_word' id='word_1_294' title='bbox 1004 3018 1169 3078; x_wconf 86' lang='lat' dir='ltr'><strong>coelorum.</strong></span> <span class='ocrx_word' id='word_1_295' title='bbox 1195 3017 1260 3079; x_wconf 89' lang='lat' dir='ltr'><strong>Tri·</strong></span> 
     </span>
     <span class='ocr_line' id='line_1_35' title="bbox 127 3040 1260 3177; baseline 0.003 -25"><span class='ocrx_word' id='word_1_296' title='bbox 127 3040 293 3154; x_wconf 73' lang='lat' dir='ltr'><strong>halationes</strong></span> <span class='ocrx_word' id='word_1_297' title='bbox 314 3116 385 3177; x_wconf 90' lang='lat' dir='ltr'><strong>ergo</strong></span> <span class='ocrx_word' id='word_1_298' title='bbox 407 3096 474 3153; x_wconf 91' lang='lat' dir='ltr'><strong>dum</strong></span> <span class='ocrx_word' id='word_1_299' title='bbox 495 3099 623 3174; x_wconf 90' lang='lat' dir='ltr'><strong>patimur</strong></span> <span class='ocrx_word' id='word_1_300' title='bbox 642 3116 697 3175; x_wconf 94' lang='lat' dir='ltr'><strong>pro</strong></span> <span class='ocrx_word' id='word_1_301' title='bbox 719 3096 828 3158; x_wconf 86' lang='lat' dir='ltr'><strong>Christi</strong></span> <span class='ocrx_word' id='word_1_302' title='bbox 848 3099 985 3166; x_wconf 90' lang='lat' dir='ltr'><strong>nomine,</strong></span> <span class='ocrx_word' id='word_1_303' title='bbox 1011 3096 1153 3175; x_wconf 83' lang='lat' dir='ltr'><strong>quaedam</strong></span> <span class='ocrx_word' id='word_1_304' title='bbox 1174 3093 1260 3156; x_wconf 80' lang='lat' dir='ltr'><strong>veluti</strong></span> 
     </span>
     <span class='ocr_line' id='line_1_36' title="bbox 128 3171 1261 3253; baseline 0.003 -25"><span class='ocrx_word' id='word_1_305' title='bbox 128 3184 216 3229; x_wconf 89' lang='lat' dir='ltr'><strong>notae</strong></span> <span class='ocrx_word' id='word_1_306' title='bbox 236 3171 443 3250; x_wconf 88' lang='lat' dir='ltr'><strong>imprimuntur</strong></span> <span class='ocrx_word' id='word_1_307' title='bbox 463 3174 561 3245; x_wconf 90' lang='lat' dir='ltr'><strong>nobis,</strong></span> <span class='ocrx_word' id='word_1_308' title='bbox 581 3172 686 3251; x_wconf 88' lang='lat' dir='ltr'><strong>quibus</strong></span> <span class='ocrx_word' id='word_1_309' title='bbox 707 3195 775 3232; x_wconf 87' lang='lat' dir='ltr'><strong>oves</strong></span> <span class='ocrx_word' id='word_1_310' title='bbox 794 3174 892 3253; x_wconf 85' lang='lat' dir='ltr'><strong>gregis</strong></span> <span class='ocrx_word' id='word_1_311' title='bbox 912 3174 956 3231; x_wconf 87' lang='lat' dir='ltr'><strong>sui</strong></span> <span class='ocrx_word' id='word_1_312' title='bbox 976 3172 1057 3231; x_wconf 88' lang='lat' dir='ltr'><strong>Deus</strong></span> <span class='ocrx_word' id='word_1_313' title='bbox 1076 3172 1198 3253; x_wconf 85' lang='lat' dir='ltr'><strong>signare</strong></span> <span class='ocrx_word' id='word_1_314' title='bbox 1216 3192 1261 3233; x_wconf 87' lang='lat' dir='ltr'><strong>so·</strong></span> 
     </span>
     <span class='ocr_line' id='line_1_37' title="bbox 128 3245 1261 3342; baseline 0.004 -38"><span class='ocrx_word' id='word_1_315' title='bbox 128 3245 171 3305; x_wconf 88' lang='lat' dir='ltr'><strong>let</strong></span> <span class='ocrx_word' id='word_1_316' title='bbox 190 3247 274 3323; x_wconf 87' lang='lat' dir='ltr'><strong>(Gal.</strong></span> <span class='ocrx_word' id='word_1_317' title='bbox 294 3250 414 3325; x_wconf 84' lang='lat'><strong>6,17.).</strong></span> <span class='ocrx_word' id='word_1_318' title='bbox 466 3250 530 3307; x_wconf 86' lang='lat' dir='ltr'><strong>Hac</strong></span> <span class='ocrx_word' id='word_1_319' title='bbox 556 3270 628 3342; x_wconf 89' lang='lat' dir='ltr'><strong>ergo</strong></span> <span class='ocrx_word' id='word_1_320' title='bbox 662 3251 778 3309; x_wconf 90' lang='lat' dir='ltr'><strong>ratione</strong></span> <span class='ocrx_word' id='word_1_321' title='bbox 803 3250 885 3330; x_wconf 86' lang='lat' dir='ltr'><strong>digni</strong></span> <span class='ocrx_word' id='word_1_322' title='bbox 911 3248 1052 3308; x_wconf 85' lang='lat' dir='ltr'><strong>habemur</strong></span> <span class='ocrx_word' id='word_1_323' title='bbox 1074 3270 1171 3330; x_wconf 88' lang='lat' dir='ltr'><strong>regno</strong></span> <span class='ocrx_word' id='word_1_324' title='bbox 1197 3248 1261 3323; x_wconf 88' lang='lat' dir='ltr'><strong>Dei,</strong></span> 
     </span>
     <span class='ocr_line' id='line_1_38' title="bbox 129 3323 1261 3405; baseline 0.003 -25"><span class='ocrx_word' id='word_1_325' title='bbox 129 3323 196 3402; x_wconf 90' lang='lat' dir='ltr'><strong>quia</strong></span> <span class='ocrx_word' id='word_1_326' title='bbox 216 3324 351 3405; x_wconf 83' lang='lat' dir='ltr'><strong>stigmata</strong></span> <span class='ocrx_word' id='word_1_327' title='bbox 365 3324 486 3383; x_wconf 86' lang='lat' dir='ltr'><strong>Domini</strong></span> <span class='ocrx_word' id='word_1_328' title='bbox 505 3336 598 3385; x_wconf 80' lang='lat' dir='ltr'><strong>nostri</strong></span> <span class='ocrx_word' id='word_1_329' title='bbox 620 3338 649 3384; x_wconf 90' lang='lat' dir='ltr'><strong>et</strong></span> <span class='ocrx_word' id='word_1_330' title='bbox 669 3326 799 3405; x_wconf 87' lang='lat' dir='ltr'><strong>magistri</strong></span> <span class='ocrx_word' id='word_1_331' title='bbox 820 3336 969 3405; x_wconf 88' lang='lat' dir='ltr'><strong>portamus</strong></span> <span class='ocrx_word' id='word_1_332' title='bbox 988 3327 1172 3405; x_wconf 87' lang='lat' dir='ltr'><strong>incorpore,</strong></span> <span class='ocrx_word' id='word_1_333' title='bbox 1211 3342 1261 3383; x_wconf 87' lang='lat' dir='ltr'><strong>uae</strong></span> 
     </span>
     <span class='ocr_line' id='line_1_39' title="bbox 128 3400 1278 3481; baseline 0.003 -22"><span class='ocrx_word' id='word_1_334' title='bbox 128 3412 196 3459; x_wconf 88' lang='lat' dir='ltr'><strong>sunt</strong></span> <span class='ocrx_word' id='word_1_335' title='bbox 220 3400 347 3460; x_wconf 87' lang='lat' dir='ltr'><strong>hliornrn</strong></span> <span class='ocrx_word' id='word_1_336' title='bbox 370 3402 426 3459; x_wconf 83' lang='lat' dir='ltr'><strong>Dei</strong></span> <span class='ocrx_word' id='word_1_337' title='bbox 452 3405 544 3481; x_wconf 90' lang='lat' dir='ltr'><strong>signa.</strong></span> <span class='ocrx_word' id='word_1_338' title='bbox 584 3404 649 3462; x_wconf 91' lang='lat' dir='ltr'><strong>Huc</strong></span> <span class='ocrx_word' id='word_1_339' title='bbox 670 3415 700 3461; x_wconf 93' lang='lat' dir='ltr'><strong>et</strong></span> <span class='ocrx_word' id='word_1_340' title='bbox 723 3403 789 3461; x_wconf 90' lang='lat' dir='ltr'><strong>illae</strong></span> <span class='ocrx_word' id='word_1_341' title='bbox 814 3402 978 3460; x_wconf 85' lang='lat' dir='ltr'><strong>sententiae</strong></span> <span class='ocrx_word' id='word_1_342' title='bbox 1004 3402 1172 3481; x_wconf 85' lang='lat' dir='ltr'><strong>pertinent,</strong></span> <span class='ocrx_word' id='word_1_343' title='bbox 1230 3406 1278 3462; x_wconf 75' lang='grc' dir='ltr'><strong>ω’</strong></span> 
     </span>
     <span class='ocr_line' id='line_1_40' title="bbox 129 3477 1260 3550; baseline 0.001 -14"><span class='ocrx_word' id='word_1_344' title='bbox 129 3477 319 3536; x_wconf 78' lang='lat' dir='ltr'><strong>circumferre</strong></span> <span class='ocrx_word' id='word_1_345' title='bbox 340 3478 594 3538; x_wconf 85' lang='lat' dir='ltr'><strong>mortificationem</strong></span> <span class='ocrx_word' id='word_1_346' title='bbox 611 3480 677 3537; x_wconf 89' lang='lat' dir='ltr'><strong>lesu</strong></span> <span class='ocrx_word' id='word_1_347' title='bbox 692 3480 800 3539; x_wconf 85' lang='lat' dir='ltr'><strong>Christi</strong></span> <span class='ocrx_word' id='word_1_348' title='bbox 820 3480 850 3536; x_wconf 90' lang='lat' dir='ltr'><strong>in</strong></span> <span class='ocrx_word' id='word_1_349' title='bbox 867 3500 920 3537; x_wconf 88' lang='lat' dir='ltr'><strong>cor</strong></span> <span class='ocrx_word' id='word_1_350' title='bbox 942 3499 994 3537; x_wconf 91' lang='lat' dir='ltr'><strong>ore</strong></span> <span class='ocrx_word' id='word_1_351' title='bbox 1015 3490 1137 3550; x_wconf 87' lang='lat' dir='ltr'><strong>nostro,</strong></span> <span class='ocrx_word' id='word_1_352' title='bbox 1157 3491 1191 3539; x_wconf 90' lang='lat' dir='ltr'><strong>ut</strong></span> <span class='ocrx_word' id='word_1_353' title='bbox 1207 3477 1260 3539; x_wconf 77' lang='lat' dir='ltr'><strong>rita</strong></span> 
     </span>
     <span class='ocr_line' id='line_1_41' title="bbox 129 3500 1260 3633; baseline 0.001 -22"><span class='ocrx_word' id='word_1_354' title='bbox 129 3552 218 3633; x_wconf 85' lang='lat' dir='ltr'><strong>ipsius</strong></span> <span class='ocrx_word' id='word_1_355' title='bbox 238 3554 440 3613; x_wconf 77' lang='lat' dir='ltr'><strong>manifestetur</strong></span> <span class='ocrx_word' id='word_1_356' title='bbox 459 3556 488 3612; x_wconf 92' lang='lat' dir='ltr'><strong>in</strong></span> <span class='ocrx_word' id='word_1_357' title='bbox 512 3554 596 3614; x_wconf 90' lang='lat' dir='ltr'><strong>nohis</strong></span> <span class='ocrx_word' id='word_1_358' title='bbox 616 3556 894 3631; x_wconf 78' lang='lat' dir='ltr'><strong>(11.(]0r.t,10.):</strong></span> <span class='ocrx_word' id='word_1_359' title='bbox 914 3500 977 3614; x_wconf 62' lang='lat' dir='ltr'><strong>lhos</strong></span> <span class='ocrx_word' id='word_1_360' title='bbox 997 3555 1184 3633; x_wconf 84' lang='lat' dir='ltr'><strong>passionibus</strong></span> <span class='ocrx_word' id='word_1_361' title='bbox 1203 3554 1260 3615; x_wconf 81' lang='lat' dir='ltr'><strong>eins</strong></span> 
     </span>
     <span class='ocr_line' id='line_1_42' title="bbox 130 3629 1261 3709; baseline 0 -20"><span class='ocrx_word' id='word_1_362' title='bbox 130 3629 321 3701; x_wconf 78' lang='lat' dir='ltr'><strong>conformari,</strong></span> <span class='ocrx_word' id='word_1_363' title='bbox 341 3641 373 3688; x_wconf 93' lang='lat' dir='ltr'><strong>ut</strong></span> <span class='ocrx_word' id='word_1_364' title='bbox 393 3631 592 3709; x_wconf 88' lang='lat' dir='ltr'><strong>perveniamus</strong></span> <span class='ocrx_word' id='word_1_365' title='bbox 603 3634 637 3690; x_wconf 85' lang='lat' dir='ltr'><strong>ad</strong></span> <span class='ocrx_word' id='word_1_366' title='bbox 648 3632 866 3691; x_wconf 88' lang='lat' dir='ltr'><strong>similitudinem</strong></span> <span class='ocrx_word' id='word_1_367' title='bbox 887 3632 1111 3691; x_wconf 88' lang='lat' dir='ltr'><strong>resurrectionis</strong></span> <span class='ocrx_word' id='word_1_368' title='bbox 1131 3653 1166 3693; x_wconf 83' lang='lat' dir='ltr'><strong>er</strong></span> <span class='ocrx_word' id='word_1_369' title='bbox 1185 3650 1261 3691; x_wconf 90' lang='lat' dir='ltr'><strong>mor·</strong></span> 
     </span>
     <span class='ocr_line' id='line_1_43' title="bbox 129 3706 1260 3841; baseline 0.001 -77"><span class='ocrx_word' id='word_1_370' title='bbox 129 3706 186 3765; x_wconf 92' lang='lat' dir='ltr'><strong>tuis</strong></span> <span class='ocrx_word' id='word_1_371' title='bbox 198 3706 324 3781; x_wconf 73' lang='lat' dir='ltr'><strong>(Phil-3,</strong></span> <span class='ocrx_word' id='word_1_372' title='bbox 335 3709 408 3841; x_wconf 48' lang='grc'><strong>103.</strong></span> <span class='ocrx_word' id='word_1_373' title='bbox 448 3707 534 3783; x_wconf 88' lang='lat' dir='ltr'><strong>Quae</strong></span> <span class='ocrx_word' id='word_1_374' title='bbox 554 3707 707 3767; x_wconf 87' lang='lat' dir='ltr'><strong>subiicitur</strong></span> <span class='ocrx_word' id='word_1_375' title='bbox 726 3709 813 3782; x_wconf 88' lang='lat' dir='ltr'><strong>ratio,</strong></span> <span class='ocrx_word' id='word_1_376' title='bbox 834 3730 896 3767; x_wconf 94' lang='lat' dir='ltr'><strong>non</strong></span> <span class='ocrx_word' id='word_1_377' title='bbox 916 3709 951 3767; x_wconf 90' lang='lat' dir='ltr'><strong>ad</strong></span> <span class='ocrx_word' id='word_1_378' title='bbox 973 3709 1157 3787; x_wconf 80' lang='lat' dir='ltr'><strong>probandam</strong></span> <span class='ocrx_word' id='word_1_379' title='bbox 1177 3708 1260 3769; x_wconf 85' lang='lat' dir='ltr'><strong>ullam</strong></span> 
     </span>
     <span class='ocr_line' id='line_1_44' title="bbox 131 3782 1261 3866; baseline 0.003 -26"><span class='ocrx_word' id='word_1_380' title='bbox 131 3782 318 3864; x_wconf 88' lang='lat' dir='ltr'><strong>dignitatem,</strong></span> <span class='ocrx_word' id='word_1_381' title='bbox 338 3803 369 3843; x_wconf 85' lang='lat' dir='ltr'><strong>se</strong></span> <span class='ocrx_word' id='word_1_382' title='bbox 408 3804 489 3862; x_wconf 89' lang='lat' dir='ltr'><strong>spem</strong></span> <span class='ocrx_word' id='word_1_383' title='bbox 509 3786 595 3866; x_wconf 89' lang='lat' dir='ltr'><strong>regni</strong></span> <span class='ocrx_word' id='word_1_384' title='bbox 611 3785 671 3844; x_wconf 89' lang='lat' dir='ltr'><strong>Dei</strong></span> <span class='ocrx_word' id='word_1_385' title='bbox 691 3786 919 3845; x_wconf 84' lang='lat' dir='ltr'><strong>confirmandam</strong></span> <span class='ocrx_word' id='word_1_386' title='bbox 938 3785 1082 3865; x_wconf 88' lang='lat' dir='ltr'><strong>pertinet:</strong></span> <span class='ocrx_word' id='word_1_387' title='bbox 1108 3785 1169 3847; x_wconf 85' lang='lat' dir='ltr'><strong>acsi</strong></span> <span class='ocrx_word' id='word_1_388' title='bbox 1187 3786 1261 3844; x_wconf 86' lang='lat' dir='ltr'><strong>dice·</strong></span> 
     </span>
     <span class='ocr_line' id='line_1_45' title="bbox 131 3858 1261 3934; baseline 0 -15"><span class='ocrx_word' id='word_1_389' title='bbox 131 3872 194 3933; x_wconf 90' lang='lat' dir='ltr'><strong>ret,</strong></span> <span class='ocrx_word' id='word_1_390' title='bbox 215 3860 257 3918; x_wconf 92' lang='lat' dir='ltr'><strong>Ut</strong></span> <span class='ocrx_word' id='word_1_391' title='bbox 279 3860 356 3919; x_wconf 92' lang='lat' dir='ltr'><strong>iusto</strong></span> <span class='ocrx_word' id='word_1_392' title='bbox 375 3860 434 3920; x_wconf 90' lang='lat' dir='ltr'><strong>Dei</strong></span> <span class='ocrx_word' id='word_1_393' title='bbox 459 3861 567 3920; x_wconf 88' lang='lat' dir='ltr'><strong>iudicio</strong></span> <span class='ocrx_word' id='word_1_394' title='bbox 593 3861 747 3934; x_wconf 88' lang='lat' dir='ltr'><strong>convenit,</strong></span> <span class='ocrx_word' id='word_1_395' title='bbox 771 3863 926 3921; x_wconf 84' lang='lat' dir='ltr'><strong>vindictam</strong></span> <span class='ocrx_word' id='word_1_396' title='bbox 953 3860 988 3920; x_wconf 90' lang='lat' dir='ltr'><strong>ab</strong></span> <span class='ocrx_word' id='word_1_397' title='bbox 1013 3862 1138 3921; x_wconf 86' lang='lat' dir='ltr'><strong>inimicis</strong></span> <span class='ocrx_word' id='word_1_398' title='bbox 1165 3858 1261 3922; x_wconf 78' lang='lat' dir='ltr'><strong>vestiit</strong></span> 
     </span>
     <span class='ocr_line' id='line_1_46' title="bbox 131 3937 1262 4016; baseline 0.002 -21"><span class='ocrx_word' id='word_1_399' title='bbox 131 3948 270 4015; x_wconf 83' lang='lat' dir='ltr'><strong>expetere</strong></span> <span class='ocrx_word' id='word_1_400' title='bbox 291 3956 390 3995; x_wconf 80' lang='lat' dir='ltr'><strong>esrum</strong></span> <span class='ocrx_word' id='word_1_401' title='bbox 410 3960 481 4016; x_wconf 86' lang='lat' dir='ltr'><strong>quas</strong></span> <span class='ocrx_word' id='word_1_402' title='bbox 501 3937 587 3997; x_wconf 80' lang='lat' dir='ltr'><strong>robis</strong></span> <span class='ocrx_word' id='word_1_403' title='bbox 607 3937 760 3997; x_wconf 84' lang='lat' dir='ltr'><strong>intulerint</strong></span> <span class='ocrx_word' id='word_1_404' title='bbox 770 3940 971 3998; x_wconf 82' lang='lat' dir='ltr'><strong>vexationum:</strong></span> <span class='ocrx_word' id='word_1_405' title='bbox 992 3938 1031 3996; x_wconf 90' lang='lat' dir='ltr'><strong>ita</strong></span> <span class='ocrx_word' id='word_1_406' title='bbox 1053 3937 1137 3998; x_wconf 85' lang='lat' dir='ltr'><strong>vobis</strong></span> <span class='ocrx_word' id='word_1_407' title='bbox 1156 3938 1262 4000; x_wconf 83' lang='lat' dir='ltr'><strong>relaxa·</strong></span> 
     </span>
     <span class='ocr_line' id='line_1_47' title="bbox 131 4013 1262 4096; baseline -0.001 -24"><span class='ocrx_word' id='word_1_408' title='bbox 131 4014 243 4073; x_wconf 87' lang='lat' dir='ltr'><strong>tionem</strong></span> <span class='ocrx_word' id='word_1_409' title='bbox 265 4025 295 4073; x_wconf 90' lang='lat' dir='ltr'><strong>et</strong></span> <span class='ocrx_word' id='word_1_410' title='bbox 314 4014 442 4091; x_wconf 89' lang='lat' dir='ltr'><strong>quietem</strong></span> <span class='ocrx_word' id='word_1_411' title='bbox 463 4036 478 4073; x_wconf 96' lang='lat' dir='ltr'><strong>a</strong></span> <span class='ocrx_word' id='word_1_412' title='bbox 500 4015 699 4074; x_wconf 82' lang='lat' dir='ltr'><strong>uexationibus</strong></span> <span class='ocrx_word' id='word_1_413' title='bbox 720 4015 872 4093; x_wconf 87' lang='lat' dir='ltr'><strong>impertiri.</strong></span> <span class='ocrx_word' id='word_1_414' title='bbox 924 4015 1009 4072; x_wconf 81' lang='lat' dir='ltr'><strong>Alter</strong></span> <span class='ocrx_word' id='word_1_415' title='bbox 1029 4013 1128 4090; x_wconf 87' lang='lat' dir='ltr'><strong>lorus,</strong></span> <span class='ocrx_word' id='word_1_416' title='bbox 1155 4016 1205 4096; x_wconf 87' lang='lat' dir='ltr'><strong>qui</strong></span> <span class='ocrx_word' id='word_1_417' title='bbox 1224 4013 1262 4075; x_wconf 84' lang='lat' dir='ltr'><strong>sic</strong></span> 
     </span>
     <span class='ocr_line' id='line_1_48' title="bbox 131 4089 1263 4167; baseline 0 -18"><span class='ocrx_word' id='word_1_418' title='bbox 131 4089 271 4151; x_wconf 79' lang='lat' dir='ltr'><strong>iustitIam</strong></span> <span class='ocrx_word' id='word_1_419' title='bbox 290 4090 348 4149; x_wconf 89' lang='lat' dir='ltr'><strong>Dei</strong></span> <span class='ocrx_word' id='word_1_420' title='bbox 368 4091 473 4150; x_wconf 85' lang='lat' dir='ltr'><strong>decere</strong></span> <span class='ocrx_word' id='word_1_421' title='bbox 493 4092 597 4167; x_wconf 88' lang='lat' dir='ltr'><strong>tradit,</strong></span> <span class='ocrx_word' id='word_1_422' title='bbox 620 4113 739 4151; x_wconf 90' lang='lat' dir='ltr'><strong>snorum</strong></span> <span class='ocrx_word' id='word_1_423' title='bbox 760 4091 831 4152; x_wconf 92' lang='lat' dir='ltr'><strong>obse</strong></span> <span class='ocrx_word' id='word_1_424' title='bbox 854 4092 900 4151; x_wconf 90' lang='lat' dir='ltr'><strong>uia</strong></span> <span class='ocrx_word' id='word_1_425' title='bbox 926 4089 1070 4151; x_wconf 86' lang='lat' dir='ltr'><strong>oblivioni</strong></span> <span class='ocrx_word' id='word_1_426' title='bbox 1100 4113 1162 4152; x_wconf 90' lang='lat' dir='ltr'><strong>non</strong></span> <span class='ocrx_word' id='word_1_427' title='bbox 1183 4111 1263 4151; x_wconf 91' lang='lat' dir='ltr'><strong>man·</strong></span> 
     </span>
     <span class='ocr_line' id='line_1_49' title="bbox 132 4115 1264 4247; baseline -0.001 -21"><span class='ocrx_word' id='word_1_428' title='bbox 132 4166 213 4240; x_wconf 90' lang='lat' dir='ltr'><strong>dare,</strong></span> <span class='ocrx_word' id='word_1_429' title='bbox 232 4178 265 4227; x_wconf 91' lang='lat' dir='ltr'><strong>ut</strong></span> <span class='ocrx_word' id='word_1_430' title='bbox 282 4186 378 4247; x_wconf 91' lang='lat' dir='ltr'><strong>prope</strong></span> <span class='ocrx_word' id='word_1_431' title='bbox 397 4167 536 4227; x_wconf 89' lang='lat' dir='ltr'><strong>iniustum</strong></span> <span class='ocrx_word' id='word_1_432' title='bbox 555 4167 620 4229; x_wconf 87' lang='lat' dir='ltr'><strong>sore</strong></span> <span class='ocrx_word' id='word_1_433' title='bbox 639 4167 743 4227; x_wconf 91' lang='lat' dir='ltr'><strong>innuat</strong></span> <span class='ocrx_word' id='word_1_434' title='bbox 762 4168 787 4228; x_wconf 89' lang='lat' dir='ltr'><strong>si</strong></span> <span class='ocrx_word' id='word_1_435' title='bbox 806 4115 1003 4242; x_wconf 59' lang='lat' dir='ltr'><strong>oliliviscatur,</strong></span> <span class='ocrx_word' id='word_1_436' title='bbox 1023 4167 1099 4228; x_wconf 92' lang='lat' dir='ltr'><strong>hanc</strong></span> <span class='ocrx_word' id='word_1_437' title='bbox 1118 4169 1264 4229; x_wconf 83' lang='lat' dir='ltr'><strong>rationem</strong></span> 
     </span>
     <span class='ocr_line' id='line_1_50' title="bbox 131 4242 1265 4337; baseline 0.003 -35"><span class='ocrx_word' id='word_1_438' title='bbox 131 4242 236 4305; x_wconf 84' lang='lat' dir='ltr'><strong>hahet:</strong></span> <span class='ocrx_word' id='word_1_439' title='bbox 256 4243 349 4320; x_wconf 85' lang='lat' dir='ltr'><strong>Deus,</strong></span> <span class='ocrx_word' id='word_1_440' title='bbox 367 4261 428 4325; x_wconf 87' lang='lat' dir='ltr'><strong>quo</strong></span> <span class='ocrx_word' id='word_1_441' title='bbox 447 4246 602 4327; x_wconf 85' lang='lat' dir='ltr'><strong>segnitiem</strong></span> <span class='ocrx_word' id='word_1_442' title='bbox 622 4257 752 4305; x_wconf 91' lang='lat' dir='ltr'><strong>nostram</strong></span> <span class='ocrx_word' id='word_1_443' title='bbox 772 4256 902 4336; x_wconf 76' lang='lat' dir='ltr'><strong>acueret,</strong></span> <span class='ocrx_word' id='word_1_444' title='bbox 922 4244 1057 4337; x_wconf 61' lang='lat' dir='ltr'><strong>fiduciam</strong></span> <span class='ocrx_word' id='word_1_445' title='bbox 1076 4245 1167 4307; x_wconf 87' lang='lat' dir='ltr'><strong>nobis</strong></span> <span class='ocrx_word' id='word_1_446' title='bbox 1186 4244 1265 4318; x_wconf 78' lang='lat' dir='ltr'><strong>tecit,</strong></span> 
     </span>
    </p>
   </div>
   <div class='ocr_carea' id='block_1_5' title="bbox 130 4320 1265 4406">
    <p class='ocr_par' dir='ltr' id='par_1_6' title="bbox 130 4320 1265 4406">
     <span class='ocr_line' id='line_1_51' title="bbox 130 4320 1265 4406; baseline 0.004 -26"><span class='ocrx_word' id='word_1_447' title='bbox 130 4339 194 4382; x_wconf 87' lang='lat' dir='ltr'><strong>non</strong></span> <span class='ocrx_word' id='word_1_448' title='bbox 211 4320 328 4384; x_wconf 85' lang='lat' dir='ltr'><strong>irritum</strong></span> <span class='ocrx_word' id='word_1_449' title='bbox 345 4320 413 4385; x_wconf 89' lang='lat' dir='ltr'><strong>lore</strong></span> <span class='ocrx_word' id='word_1_450' title='bbox 431 4342 520 4405; x_wconf 87' lang='lat' dir='ltr'><strong>quem</strong></span> <span class='ocrx_word' id='word_1_451' title='bbox 538 4321 570 4386; x_wconf 86' lang='lat' dir='ltr'><strong>io</strong></span> <span class='ocrx_word' id='word_1_452' title='bbox 596 4320 721 4406; x_wconf 88' lang='lat' dir='ltr'><strong>gloriam</strong></span> <span class='ocrx_word' id='word_1_453' title='bbox 740 4323 868 4387; x_wconf 81' lang='lat' dir='ltr'><strong>nominis</strong></span> <span class='ocrx_word' id='word_1_454' title='bbox 885 4344 931 4387; x_wconf 87' lang='lat' dir='ltr'><strong>sur</strong></span> <span class='ocrx_word' id='word_1_455' title='bbox 948 4322 1162 4403; x_wconf 82' lang='lat' dir='ltr'><strong>susceperimus</strong></span> <span class='ocrx_word' id='word_1_456' title='bbox 1180 4322 1265 4385; x_wconf 89' lang='lat' dir='ltr'><strong>labo-</strong></span> 
     </span>
    </p>
   </div>
   <div class='ocr_carea' id='block_1_6' title="bbox 0 0 1314 4726">
    <p class='ocr_par' dir='ltr' id='par_1_7' title="bbox 0 0 1314 4726">
     <span class='ocr_line' id='line_1_52' title="bbox 0 0 1314 4726; baseline 0 0"><span class='ocrx_word' id='word_1_457' title='bbox 0 0 1314 4726; x_wconf 95' lang='lat' dir='ltr'><strong> </strong></span> 
     </span>
    </p>
   </div>
  </div>
 </body>
</html>
