2596 4726
447 190 535 252 um.
555 194 581 253 1:
622 192 816 258 esuum.
942 234 946 242 .
1151 174 1272 291 ¹.⁰1'

68 358 140 397 nune
163 335 273 395 Filium
292 355 309 395 a
329 354 361 395 se
379 338 446 416 lpso
466 348 498 397 et
522 337 704 411 divinitatem
729 350 759 398 et
784 340 938 400 essentiam
964 340 1075 402 habere
1094 361 1206 403 assem·

67 426 135 488 rant,
155 413 294 493 adeoque
313 433 406 472 unum
429 434 491 473 esse
511 436 577 473 curn
597 415 685 474 Patre
709 417 897 495 principium.
935 417 1006 478 Eius
1031 419 1204 481 diversitatis

66 491 263 551 eausambene
274 510 308 549 ae
320 489 476 569 perspicue
488 490 613 569 explicat
624 492 748 573 Augus
759 494 856 552 tinus
874 491 994 570 alibi‚*)
1006 516 1094 574 quum
1108 495 1147 555 ita
1157 494 1204 554 lo-

10 576 12 603 ³
63 568 175 704 puiture
207 565 374 641 „Christus
393 566 430 625 ad
451 586 482 626 se
503 567 584 627 Deus
612 568 729 643 dicitur,
760 570 794 628 ad
815 569 934 628 Patrem
954 571 1044 630 Filius
1064 571 1204 631 dicitur.“

89 664 247 723 orsusque:
288 642 407 717 „Pater
432 642 468 701 ad
492 664 524 703 se
543 644 625 704 Deus
646 644 761 719 dicitur,
793 646 828 703 ad
849 645 958 705 Filium
977 646 1085 707 dicitur
1104 647 1202 708 Pater.

63 720 179 811 „Quod
199 719 309 779 dicitur
328 718 364 779 ad
384 717 491 778 Filium
512 720 613 795 Pater,
632 741 693 780 non
715 734 758 781 est
778 721 884 781 Filius:
916 720 996 802 dsrod
1023 724 1129 783 dicitnr
1153 725 1204 784 Fi·

61 797 144 889 „lpus
163 796 201 856 ad
220 797 352 886 Patrem,
371 815 434 854 non
455 808 499 854 est
518 797 621 889 Pater:
647 799 733 875 ¹quod
758 798 866 858 dieitur
885 799 921 858 ad
941 799 1081 889 ¹ste-Pater
1100 812 1130 860 ut
1149 800 1207 858 tt.

61 875 142 949 „hus
160 873 259 962 adse,
272 883 324 964 55²
341 872 422 931 adem
441 871 553 962 pensu
589 873 673 955 argo
693 894 782 952 quum
804 874 841 964 ἀρ
861 875 940 965 lsilio
960 895 1026 935 sine
1040 876 1134 935 Patris
1153 894 1202 936 re-

60 963 164 1042 spectu
182 946 359 1028 simplicater
378 947 537 1038 lopurmur,
566 946 644 1008 bene
671 962 706 1038 et
726 971 847 1041 ppoprre
872 973 967 1030 ipsum
987 973 1003 1011 n
1022 972 1055 1012 se
1075 972 1138 1011 esse
1157 973 1203 1012 as·

60 1048 202 1099 serimus,
228 1035 259 1084 et
279 1024 347 1086 ideo
367 1045 487 1084 unicum
505 1045 642 1085 vocamus
661 1048 854 1105 prmcrprum:
881 1049 970 1101 quum
991 1049 1061 1090 vero
1082 1028 1203 1089 relatio·
1288 1040 1296 1053 ‘

60 1124 130 1163 nem
151 1120 229 1181 quae
247 1100 291 1159 illi
310 1121 377 1163 cunr
397 1099 486 1160 l'atrc
505 1098 550 1160 est
568 1113 715 1177 notamus,
729 1102 854 1167 t’urem
875 1104 942 1162 Filii
954 1104 1129 1185 principium
1141 1124 1203 1163 me·

58 1182 119 1240 rito
140 1178 274 1237 facimus.
313 1176 350 1235 ln
369 1175 455 1236 buius
474 1176 518 1235 rei
538 1175 733 1256 explicatione
754 1181 871 1257 quintus
892 1180 969 1239 liber
982 1181 1144 1262 Augustini
1165 1181 1203 1241 de

58 1255 212 1315 Trinitate
232 1264 313 1313 totus
332 1264 472 1312 uersatur.
511 1253 616 1334 Longe
636 1273 707 1314 vero
727 1256 817 1314 tutius
838 1257 932 1316 estin
953 1276 987 1315 ea
1007 1278 1092 1350 quarn
1112 1257 1204 1317 tradit

57 1332 210 1393 relatione
228 1327 398 1401 subsistere,
417 1349 505 1408 quam
524 1330 658 1390 subtilius
677 1333 862 1411 penetrando
888 1332 924 1393 ad
944 1332 1070 1394 sublime
1089 1344 1202 1412 myste-

59 1408 149 1481 rium,
169 1427 225 1486 per
244 1405 351 1465 multtts
371 1406 504 1465 evanidas
524 1405 739 1496 speculationes
759 1409 885 1501 evagari.

134 1491 184 1549 2⁰·
205 1484 287 1572 Ergo
301 1480 406 1560 quibus
418 1483 499 1540 cordi
513 1495 570 1542 eut
579 1482 724 1543 sobrietas
737 1497 768 1542 et
779 1507 829 1562 qur
842 1485 910 1544 fidei
921 1505 1055 1546 mensura
1067 1486 1202 1545 contenti

58 1574 158 1633 erunt,
170 1556 464 1638 breviterquodutile
472 1559 805 1639 estcognituaccipiaut:
818 1582 925 1638 nempe
933 1563 1204 1640 quumprohtemur

59 1637 246 1699 noseredere
254 1636 284 1694 in
298 1655 388 1692 unum
397 1634 503 1709 Deum,
516 1637 569 1694 sub
583 1635 641 1693 Dei
653 1636 773 1696 nonriue
786 1637 912 1717 intelligi
925 1637 1040 1696 unicam
1051 1636 1202 1716 etsimpli-

58 1736 123 1775 cern
139 1712 308 1781 essentiam,
318 1710 348 1769 in
362 1732 418 1788 qua
432 1712 707 1790 comprehendimus
723 1724 782 1773 tres
793 1714 934 1791 prersouas
947 1713 993 1772 vel
1007 1714 1202 1791 hypostaseis:

60 1792 192 1871 ideoque
217 1789 335 1867 quoties
355 1787 413 1845 Dei
440 1808 547 1847 nomen
574 1788 726 1848 indefinite
748 1791 878 1868 punitur,
898 1810 958 1846 non
979 1789 1075 1847 miuus
1096 1790 1202 1848 lilium

59 1881 90 1927 et
109 1866 268 1957 Spiritum,
292 1885 379 1942 quam
405 1862 522 1923 Patrem
542 1864 704 2000 desiprrari:
736 1866 787 1923 ubi
807 1875 909 1925 erstem·
924 1865 1091 1946 adiungitur
1111 1864 1203 1926 Filius
1244 1930 1247 1934 ,

59 1945 153 2017 Pater,
184 1955 259 2002 tunc
282 1940 312 1999 iu
333 1939 462 2000 medium
481 1940 561 1999 venit
580 1940 702 2001 restio:
734 1952 822 2020 atque
842 1943 882 2002 ita
902 1940 1106 2023 distinguimus
1124 1941 1204 2001 inter
1282 1983 1284 1987 «

61 2041 213 2100 personas.
254 2015 335 2090 Quia
355 2036 426 2076 vero
447 2017 642 2094 proprietates
668 2015 698 2075 in
727 2014 862 2096 personis
882 2019 1018 2077 ordinent
1038 2036 1143 2078 sectum·
1158 2018 1202 2076 se·

59 2109 139 2166 runt,
158 2107 194 2155 nt
211 2096 243 2155 in
264 2095 352 2153 Patre
372 2092 410 2152 sit
425 2093 604 2182 principium
625 2102 655 2153 et
675 2093 778 2174 origo:
798 2094 915 2174 quoties
934 2094 1047 2154 mentio
1065 2094 1203 2156 sttl'atris

63 2185 96 2232 et
112 2173 178 2233 filii
195 2170 294 2242 simul,
312 2167 360 2230 vel
379 2169 516 2248 Spiritus,
536 2190 645 2229 nomen
666 2170 725 2230 Dei
766 2171 932 2231 eculiaritcr
948 2170 1034 2230 'Patri
1054 2171 1202 2230 tribuitur.

66 2249 229 2310 lloernodo
252 2245 398 2307 retinetur
416 2245 512 2305 unitas
530 2246 673 2312 esseutiae
694 2258 725 2308 et
743 2191 869 2307 liabetur
888 2249 965 2308 ratio
986 2246 1109 2323 ordinis,
1128 2258 1204 2328 quae

68 2338 159 2385 tamen
179 2344 214 2385 ex
233 2322 304 2389 filii
324 2334 355 2383 et
365 2320 491 2401 Spiritus
503 2321 613 2383 deitate
635 2323 709 2382 nihil
729 2323 850 2383 minuit:
871 2335 903 2383 ct
920 2336 1002 2384 certe
1023 2344 1112 2403 quum
1132 2336 1201 2384 ante

67 2403 152 2463 risum
172 2402 266 2462 luerit
284 2399 448 2478 Apostolos
467 2418 596 2459 asserere
616 2399 723 2459 Filium
743 2400 802 2459 Ilei
820 2400 902 2459 illum
923 2420 1001 2470 esse,
1025 2402 1201 2479 quem‘ltlo-

63 2498 105 2540 ses
116 2490 146 2540 et
157 2477 331 2558 Prophetae
340 2475 439 2550 testati
448 2491 516 2535 suut
528 2494 590 2536 esse
602 2477 753 2550 Ichovam,
773 2497 889 2555 semper
901 2478 936 2535 ad
948 2476 1089 2537 unitatem
1100 2496 1201 2537 essen-

64 2557 116 2616 tiae
122 2557 230 2616 venire
239 2565 416 2613 necesseest
435 2551 566 2612 Proinde
578 2553 854 2633 uobis-sacrilegium
865 2552 1037 2613 detestabile
1045 2552 1201 2613 estb'iliuru

64 2633 160 2693 vocari
172 2630 365 2692 aliumDeum
377 2650 392 2688 a
404 2628 504 2688 Patre:
518 2630 585 2708 quia
594 2629 778 2709 simplexDei
786 2630 1142 2689 uoruenrelationentnon
1150 2632 1202 2689 ad·

64 2709 159 2783 mittit,
168 2728 226 2768 nec
237 2704 500 2786 potestDensadse
513 2706 606 2783 ipsum
617 2706 738 2766 dicihoc
751 2705 796 2764 vel
807 2705 877 2765 illud
888 2727 962 2766 esse.
979 2705 1042 2765 Iam
1055 2705 1134 2784 quod
1147 2727 1203 2766 no·

65 2806 126 2844 uren
148 2786 281 2844 lehovae
301 2780 453 2841 indefinite
472 2795 619 2860 sumptum
640 2783 670 2843 in
691 2783 841 2843 Christum
869 2794 1032 2861 competat,
1060 2804 1094 2842 ex
1118 2782 1201 2841 Pauli

66 2862 147 2921 etiarn
169 2861 269 2923 verbis
314 2869 375 2918 atet
393 2857 448 2935 (ll.
469 2858 542 2918 Cor.
560 2866 609 2934 12,
628 2862 687 2935 9.):
708 2860 893 2936 „Propterea
913 2871 960 2917 ter
970 2860 1075 2938 rogavi
1093 2858 1200 2917 Domi-

66 2944 168 2998 nuur:“
189 2937 258 3016 quia
278 2880 331 2995 ubi
350 2933 451 2994 retulit
470 2935 527 2993 Dei
547 2957 736 3013 responsum:
756 2936 895 3011 „Sufficit
913 2934 968 2992 tihi
988 2935 1079 3027 gratia
1103 2942 1201 3008 mea,“

67 3015 178 3075 subiicit
199 3013 289 3093 paulo
310 3022 393 3090 post:
414 3011 478 3085 „Ut
496 3011 642 3071 inhabitet
661 3012 691 3071 iu
711 3033 759 3070 me
779 3013 869 3071 virtus
890 3011 1031 3071 cluisu.“
1078 3012 1201 3070 Certum

68 3096 139 3151 enim
162 3103 210 3151 est
228 3109 340 3149 nomen
359 3087 480 3148 Domini
497 3109 552 3167 pro
574 3088 680 3148 lehova
700 3089 760 3149 illic
785 3109 847 3147 esse
875 3089 1017 3166 positumt
1047 3097 1137 3166 atque
1162 3087 1203 3146 ita

69 3169 245 3249 restringere
278 3166 314 3224 ad
346 3183 502 3243 personam
534 3165 717 3238 hlcdiatoris,
747 3164 884 3223 frivolum
916 3175 991 3223 esset
1017 3185 1050 3223 ac
1070 3160 1201 3242 puerile:

85 3245 182 3306 uando
205 3242 342 3303 absoluta
362 3253 406 3301 est
425 3240 532 3315 oratio,
552 3261 626 3320 quae
647 3241 752 3301 Filium
773 3261 838 3299 curu
860 3242 947 3300 Patre
967 3261 1029 3299 non
1043 3250 1202 3317 comparat

69 3266 101 3381 lt
118 3322 229 3384 scimus
249 3340 283 3378 er
303 3329 424 3396 recepta
450 3316 635 3377 Graecorum
662 3317 874 3378 consuetudine
902 3315 1066 3394 Apostolos
1097 3314 1202 3392 passim

68 3419 173 3459 nomen
194 3403 293 3466 κυρίου
312 3393 488 3453 substituere
508 3395 536 3452 in
558 3393 656 3453 locum
677 3394 814 3457 lehovae.
833 3394 872 3451 Et
891 3413 929 3452 ue
942 3391 1048 3470 procul
1058 3410 1203 3470 quaereu-

68 3475 131 3535 dum
151 3475 190 3535 sit
211 3468 387 3549 exemplum,
411 3491 473 3528 non
493 3470 551 3530 alio
571 3490 658 3530 sensu
678 3470 771 3530 oravit
791 3468 951 3529 Dominum
971 3468 1090 3543 Paulus,
1116 3488 1203 3546 quam

67 3573 123 3631 quo
144 3553 253 3611 citatur
274 3549 356 3607 locus
375 3546 465 3606 loelis
485 3568 501 3606 a
520 3548 623 3620 Petro,
644 3545 787 3625 Quisquis
804 3544 986 3617 invocaverit
1006 3564 1116 3604 nomen
1135 3545 1202 3602 Do-

67 3629 146 3704 mini,
164 3626 261 3688 salvrrs
282 3623 339 3684 erit
358 3626 440 3698 (Act.
458 3630 488 3698 2,
507 3630 553 3688 16.
574 3622 651 3682 loet.
667 3629 697 3697 ¹2,
716 3623 788 3699 28).
828 3621 889 3681 Ubi
909 3642 1018 3681 nornen
1039 3620 1097 3680 hoc
1114 3638 1203 3752 pecu-

67 3706 175 3767 liariter
193 3703 273 3763 filio
293 3698 458 3775 ascribitur,
489 3699 574 3759 aliam
606 3720 668 3759 esse
692 3697 836 3758 rationem
868 3696 1015 3757 constabit
1038 3717 1092 3756 suo
1130 3714 1201 3755 oco:

68 3805 141 3845 nunc
162 3795 270 3841 tenere
289 3776 357 3839 satis
378 3788 432 3851 est,
461 3799 552 3855 quum
578 3775 711 3837 absolute
730 3774 838 3834 Paulus
858 3774 954 3833 Deurn
973 3795 1008 3833 ro
1031 3783 1115 3845 asset,
1146 3781 1203 3831 sta-

67 3862 116 3921 tim
134 3859 284 3922 subiicere
304 3872 416 3915 nouren
437 3853 556 3915 Christi.
600 3852 646 3912 lta
663 3863 707 3912 set
735 3862 816 3912 totus
845 3849 927 3910 Deus
959 3792 1117 3910 atilrristo
1138 3847 1203 3925 ipso

131 4128 161 4244 ’g
197 4118 415 4186 Angustllomil.
433 4098 467 4167 ile
484 4116 613 4183 temp·38
631 4112 767 4165 do'l'rinit.
785 4126 810 4163 et
827 4113 890 4168 coll.
909 4112 942 4164 ad
952 4110 1115 4162 Pascentium
1126 4108 1205 4178 Epist.

159 4191 234 4266 yriil.
253 4189 298 4240 lib.
316 4189 341 4240 't'-
360 4188 394 4237 de
411 4185 504 4237 Trinit.
524 4185 595 4235 ldem
620 4184 666 4263 lili.
692 4184 710 4234 3
735 4181 840 4243 llialug.
874 4180 947 4261 llapc
964 4179 1133 4257 adpraeccd.
1152 4195 1200 4244 pag

65 4262 200 4378 pertinent.
219 4288 252 4299 -
273 4259 316 4309 td
336 4256 404 4307 hane
422 4272 480 4325 pag.
498 4254 531 4304 sl.
554 4253 622 4318 Aug.
638 4271 668 4306 m
692 4249 759 4304 l’sal.
778 4250 836 4303 tott.
859 4262 885 4301 et
901 4247 988 4300 'leant
1008 4265 1036 4299 tn
1059 4246 1150 4299 loanu.
1165 4245 1207 4300 39.

77 4324 291 4384 dint'sstffl

67 4194 120 4245 iil.
