2700 4732
480 183 863 251 mmmm
1182 148 1242 253 m

108 334 146 394 ab
166 331 222 395 lllis
241 332 445 413 praetermissa
464 322 538 407 luit,
569 331 677 405 diserte
696 331 865 410 explicatur.
911 327 970 392 ute
994 348 1113 421 quoqne
1131 340 1241 392 notan-

110 412 180 470 dum
200 422 260 480 est,
280 409 360 489 qnod
380 421 499 469 externa
519 408 637 469 actione
656 409 763 489 figurat
782 429 817 468 ac
834 417 959 468 testatur
976 407 1124 486 minister,
1141 408 1242 468 Deum

66 501 74 528 ¹-
108 488 187 546 intus
208 505 363 567 peragere:
385 506 422 545 ne
442 486 477 544 ad
499 485 647 545 bominem
668 484 822 544 mortalem
841 480 1241 561 trahatur,quod1)eussibi

109 564 314 622 nnivindicat.
360 563 395 621 Id
415 562 501 621 etiam
523 561 683 641 prudenter
703 560 1100 641 admoncthngustinus:
1131 560 1241 635 „Quor
1280 572 1285 594 ”

110 640 220 714 „modo
240 638 366 718 (inquit)
387 649 423 698 ct·
436 638 534 697 Moses
551 638 712 698 sanctlbcst
732 648 763 695 et
781 635 882 696 Deos?
900 636 1070 697 nonllloses
1090 658 1144 716 pro
1154 637 1239 698 Deo:

108 717 180 790 „sed
201 716 298 776 llloses
323 713 482 807 visibilibus
507 714 704 775 sacramentis
733 733 787 792 per
810 712 1002 773 ministerium
1026 733 1128 787 suum,
1159 713 1240 776 Deus

108 805 225 866 „autem
250 791 506 927 invisibila-gratia
532 810 586 871 per
609 791 750 870 Spiritum
774 801 922 850 sanctum:
963 789 1015 849 ubi
1044 800 1125 870 totus
1153 789 1241 851 etiam

103 870 238 942 ,tructus
262 879 307 927 est
332 867 413 926 invisi
434 867 522 943 uilium·
544 867 810 928 sacramentorum.
848 865 1010 943 Namnsine
1034 866 1089 946 ista
1112 867 1241 930 sanetifi-

103 945 243 1065 ,canope
275 936 426 1005 invisibilis
447 944 570 1026 ‘gratiae
600 943 723 1005 visibilia
757 944 812 1004 ista
840 942 1030 1005 Sacramenta
1060 942 1132 1023 qnid
1167 964 1240 1024 pro·

130 1026 235 1082 sunt.“
1072 1040 1075 1045 ’
1113 1046 1116 1050 ·
1154 1082 1157 1089 ,

102 1065 128 1124 ⁰„
184 1102 231 1162 18.
271 1095 504 1157 Sacramenti
523 1114 643 1172 nomen,
656 1107 690 1157 nt
701 1095 809 1157 de'eins
823 1092 938 1157 ratione
951 1093 1092 1157 hactenns
1102 1096 1241 1158 disserni-

108 1195 187 1251 mus,
208 1175 306 1235 omnia
325 1173 503 1256 generaliter
520 1173 603 1254 signa
622 1174 844 1253 complectitur,
890 1192 944 1232 uae
963 1194 1092 1266 uuquam
1113 1172 1240 1235 homini·

109 1251 163 1310 bus
182 1251 331 1310 mandavit
348 1251 440 1324 Dens,
459 1262 493 1309 ιιι
513 1251 654 1311 certiores
673 1267 851 1328 securosque
869 1192 908 1309 de
950 1251 1155 1310 romrssionum
1174 1273 1241 1313 sua-

109 1347 174 1386 rum
192 1328 315 1387 veritate
334 1328 481 1402 redderet.
518 1327 652 1400 Easero
671 1327 700 1385 in
721 1326 809 1386 rebus
828 1269 1008 1386 naturalibus
1027 1347 1240 1407 nonnunquam

109 1415 220 1462 exstare
240 1404 348 1479 voluit,
368 1423 581 1482 nonnunquam
601 1403 632 1462 in
652 1403 796 1463 miraculis
816 1401 955 1461 exhihuit.
992 1403 1104 1465 Prioria
1122 1405 1240 1486 generis

108 1480 240 1558 exempla
259 1492 337 1553 sunt,
357 1491 390 1538 ut
410 1501 499 1558 qnnm
518 1479 601 1538 Adae
621 1491 651 1540 et
669 1480 771 1539 llevae
790 1477 926 1538 arborem
943 1479 1023 1539 uitae
1040 1478 1073 1539 iu
1096 1480 1240 1542 arrhabo-

109 1575 177 1615 nem
199 1556 425 1616 immortalitatis
445 1556 540 1630 dedit,
559 1567 593 1616 ut
611 1575 674 1615 eam
693 1575 796 1617 secure
814 1555 870 1615 sibi
889 1555 1114 1634 promitterent,
1175 1578 1240 1618 am-

109 1633 159 1691 diu
181 1632 304 1692 ederent
323 1652 357 1690 ex
376 1631 454 1692 illius
473 1632 580 1691 fructu.
626 1634 667 1692 Et
696 1652 785 1711 quum
814 1630 1113 1711 ιγοεΙιειιειιιιιιιιιιιιΙ
1150 1639 1188 1695 osi
1209 1646 1240 1694 et

108 1710 170 1767 eius
183 1709 345 1787 posteritati
364 1708 395 1768 in
414 1720 637 1786 monumentum
656 1709 767 1783 statuit,
786 1707 958 1788 posthac-se
978 1705 1087 1770 diluvio
1109 1730 1169 1770 non
1182 1711 1241 1772 dis-

107 1788 267 1863 sipaturnm
288 1796 409 1845 terram:
430 1787 501 1846 haec
520 1785 612 1846 Adam
633 1796 664 1846 et
681 1784 750 1846 Nol}
770 1805 826 1866 pro
846 1784 1042 1845 Sacramentis
1061 1784 1239 1848 habuerunt.

107 1862 179 1921 Non
210 1861 289 1940 quod
320 1863 410 1921 arbor
438 1873 600 1943 praestaret
617 1861 674 1923 illis
693 1859 955 1934 immortalitatem,
985 1882 1074 1941 quarn
1101 1862 1239 1944 sibiipsa

109 1937 179 1995 dare
198 1956 259 1997 non
280 1951 411 2017 poterata
444 1950 494 1998 aut
512 1958 596 2000 arcus
625 1938 797 2000 codrcendis
825 1938 907 2018 aquis
935 1937 1015 1997 foret
1042 1937 1144 2019 efficax
1172 1940 1240 2020 (qui

108 2013 210 2074 solaris
231 2013 368 2075 duntaxat
383 2016 459 2076 'radii
478 2016 660 2098 repercussio
682 2027 726 2076 est
745 2015 777 2074 in
795 2013 944 2095 oppositas
964 2014 1083 2092 nubes),
1106 2015 1156 2076 sed
1169 2017 1239 2096 quia

110 2100 211 2148 notam
232 2110 249 2148 a
268 2091 359 2165 verbo
378 2092 437 2153 Ilei
455 2093 626 2176 insculptam
648 2092 808 2166 habebant,
826 2102 861 2150 ut
880 2089 1057 2152 documenta
1076 2105 1174 2152 esseut
1192 2105 1239 2154 te·
1279 2129 1284 2135 ·

110 2177 322 2226 stamentorum
343 2167 404 2229 eius
423 2189 456 2229 ac
474 2169 576 2251 sigilla.
620 2168 660 2229 Et
684 2181 770 2229 antea
794 2167 913 2248 quidem
941 2166 1032 2229 arbor
1052 2179 1115 2228 ent
1133 2169 1239 2236 arbor:

107 2263 202 2316 arcus,
213 2263 309 2303 arcus:
329 2244 381 2304 ubi
391 2245 530 2326 inscripta
541 2246 660 2305 iuerrmt
671 2244 836 2318 rerboDei,
846 2243 937 2303 indita
948 2255 1079 2305 estnora
1088 2245 1194 2320 forma,
1206 2258 1240 2313 ut

109 2319 274 2398 inciperent
293 2340 355 2381 esse
376 2322 455 2401 quod
477 2324 556 2402 prius
575 2343 637 2382 non
658 2333 751 2382 erant.
800 2320 881 2400 Haec
905 2340 945 2378 nc
969 2319 1076 2382 frustra
1096 2321 1154 2381 dici
1174 2320 1239 2402 qui'a

108 2398 267 2468 existimet,
298 2418 381 2458 arcus
409 2401 471 2490 ipse
501 2397 590 2458 hodie
621 2418 741 2478 qnoque
759 2395 847 2457 nobis
865 2397 946 2456 testis
967 2409 1011 2458 est
1030 2398 1090 2460 eius
1111 2398 1240 2461 foederis

107 2473 187 2551 qnod
208 2474 322 2553 pepigit
340 2475 486 2539 Dominus
506 2497 571 2535 cum
590 2475 658 2534 Noe
684 2474 738 2551 (cf.
758 2472 841 2535 Calc.
861 2472 892 2544 in
913 2470 992 2536 Gen.
1010 2481 1040 2547 9,
1059 2477 1118 2551 6.):
1150 2496 1240 2555 quem

108 2549 224 2627 quoties
242 2550 405 2628 intuemur,
436 2551 511 2612 hanc
530 2551 587 2609 Dei
606 2552 833 2631 promissionem
851 2549 880 2609 in
900 2569 939 2610 eo
959 2549 1099 2631 legimns,
1130 2563 1238 2613 terram
1307 2596 1312 2606 ι

108 2626 216 2684 diluvio
237 2649 384 2705 nunqnam
406 2630 551 2763 perditum
572 2627 618 2687 iri.
657 2628 763 2708 Itaque
781 2626 883 2706 siquis
903 2625 1153 2717 philosophaster,
1177 2649 1238 2708 qun

106 2703 175 2762 fidei
195 2715 313 2761 nostrae
333 2704 405 2782 simp
421 2707 549 2764 icitatem
568 2706 674 2776 rideat,
692 2704 781 2764 talem
800 2703 934 2763 colorum
953 2715 1125 2763 varietatem
1139 2725 1173 2764 er
1190 2724 1238 2764 re·

107 2779 187 2838 ileris
209 2779 294 2836 radiis
315 2792 344 2837 et
363 2784 499 2861 opposita
520 2780 598 2839 nube
618 2782 689 2841 oriri
709 2778 879 2840 naturaliter
899 2780 1072 2839 contendat:
1094 2781 1239 2849 fateamur

108 2854 244 2932 quidem,
280 2854 329 2912 sed
349 2855 437 2934 ipsius
457 2870 608 2936 stuporem
629 2857 787 2929 rideamus,
813 2854 864 2933 qui
882 2854 980 2912 Deum
1001 2867 1121 2916 naturae
1142 2857 1240 2916 domit-

107 2951 177 2989 uum
199 2939 228 2987 et
247 2930 407 3008 praesidem
432 2953 494 2992 non
514 2943 666 3012 agnoscat:
700 2933 749 3012 qui
775 2950 830 3009 pro
856 2950 910 2990 suo
935 2929 1069 2991 arbitrio
1085 2931 1239 2995 elementis

107 3005 243 3065 omnibus
262 3006 293 3062 in
314 3005 487 3085 obsequium
508 3009 617 3090 gloriae
637 3028 706 3067 suae
730 3019 839 3066 utatur.
878 3006 970 3080 Quod
995 3008 1019 3066 si
1039 3007 1111 3084 soli,
1135 3008 1238 3087 stellis,

105 3095 214 3154 terrae,
234 3082 378 3162 lapidibus
401 3085 564 3145 huiusmodi
584 3096 775 3145 monumenta
794 3082 995 3163 impressisset,
1014 3083 1063 3144 illa
1076 3085 1172 3145 omnia
1184 3086 1239 3149 Sa·

106 3170 255 3219 eramenta
275 3159 361 3218 nobis
383 3161 491 3220 locent.
532 3161 594 3221 Cur
615 3161 691 3220 enim
712 3160 785 3220 rude
804 3159 996 3240 assignatum
1010 3173 1238 3243 argentumuon

107 3236 235 3295 ciusdem
256 3247 324 3294 sunt
342 3239 439 3315 pretii,
459 3259 548 3316 qunm
568 3239 645 3297 idem
666 3257 784 3316 prorsus
804 3237 842 3296 sit
860 3234 1028 3297 metallum?
1047 3258 1153 3318 nempe
1169 3243 1238 3319 quia

106 3312 177 3370 illud
198 3311 271 3370 nihil
294 3313 382 3373 habet
400 3327 518 3394 practer
536 3326 682 3373 naturam:
703 3313 798 3374 sorma
813 3312 935 3448 Bublica
954 3333 1132 3393 percussum,
1152 3337 1238 3376 num·

104 3409 170 3447 mus
191 3389 223 3445 tit
244 3401 273 3447 et
293 3409 399 3449 novam
420 3392 594 3450 taxationem
610 3390 724 3469 recipit.
762 3390 802 3448 Et
845 3410 895 3450 eus
908 3408 973 3449 suas
986 3402 1132 3452 creaturas
1145 3393 1238 3454 uerbo

107 3485 162 3522 suo
194 3464 216 3522 si
240 3485 308 3524 nare
341 3489 400 3526 non
433 3469 559 3548 poterit,
588 3477 621 3525 ut
651 3467 722 3526 liant
746 3467 936 3526 Sacramenta
961 3486 1036 3544 quae
1056 3468 1135 3547 prius
1156 3482 1240 3529 erant

107 3541 184 3598 nuda
206 3485 369 3603 elementa?
407 3544 537 3602 Secundi
557 3544 672 3624 generis
693 3564 772 3603 exem
796 3541 821 3601 la
841 3541 976 3613 suerunt,
996 3564 1083 3621 quum
1103 3545 1239 3606 Abrabae

109 3617 202 3674 lucem
224 3619 253 3674 in
275 3619 391 3677 clibano
413 3621 574 3700 fumigante
600 3620 731 3680 ostendit
756 3564 851 3695 (lien.
871 3625 919 3690 ta,
938 3619 1011 3696 lb),
1031 3641 1120 3698 quum
1146 3621 1239 3683 vellus

108 3714 177 3751 rore
198 3693 341 3766 irroravit,
359 3695 435 3755 sicca
455 3707 550 3755 terra:
571 3718 683 3757 rursum
704 3708 812 3756 terram
832 3694 968 3754 irroravit
988 3695 1100 3755 intacto
1120 3696 1240 3774 vellere,
1319 3718 1325 3731 ·

108 3771 145 3827 ad
172 3770 367 3848 pollicendam
393 3771 522 3831 Gideoni
545 3773 698 3832 victoriam
729 3772 808 3848 (lud.
828 3779 858 3845 6,
876 3773 952 3847 37.):
984 3791 1073 3850 quum
1105 3773 1240 3836 umbram

107 3845 257 3926 horologii
278 3859 437 3907 retrorsum
459 3849 559 3907 decem
580 3848 664 3908 lineis
685 3848 817 3922 retraxit,
848 3847 884 3906 ad
910 3848 1139 3926 promittendam
1164 3850 1240 3910 Eae·

107 3923 190 3981 chiae
210 3921 441 3983 incolumitatem
467 3925 522 4002 (ll.
543 3926 685 4005 Regno,
704 3931 732 3988 9.
758 3924 814 3986 les.
835 3928 885 3996 38,
905 3925 957 4000 7.).
1007 3924 1090 3985 Haec
1121 3928 1239 4016 quando

107 4000 215 4058 iiebaat
234 4000 269 4057 ad
289 3999 493 4060 sublevandam
513 4022 546 4061 ac
566 4000 770 4062 stabiliendam
789 3999 858 4073 fidei
869 4000 987 4061 illorum
999 4001 1240 4080 imbecillitatem,

106 4078 296 4134 Sacramenta
317 4099 436 4156 qnoque
456 4090 547 4138 crant.

184 4160 230 4216 19.
271 4153 381 4212 Verum
402 4156 561 4234 praesentis
581 4153 708 4214 instituti
729 4166 781 4228 cst,
815 4153 851 4213 de
872 4153 915 4223 bis
935 4153 1130 4214 Sacramentis
1150 4175 1241 4235 pecn-

107 4226 217 4286 liariter
229 4228 382 4306 disserere,
401 4250 474 4308 quae
484 4231 630 4290 Dominus
641 4232 789 4290 ordinaria
803 4250 865 4290 esse
880 4229 974 4289 voluit
992 4230 1023 4288 in
1043 4251 1094 4289 sua
1109 4233 1241 4309 ecclesia,

109 4305 143 4364 ad
165 4305 285 4366 alendos
305 4306 335 4366 in
355 4327 443 4368 urnam
463 4306 552 4366 fidem
570 4306 715 4385 uniusque
735 4307 810 4369 lidci¹
823 4306 1041 4368 consessionem
1059 4327 1129 4369 suos
1144 4307 1240 4370 culto-
