2700 4732
493 232 568 292 san.
586 174 642 292 iv.
682 230 772 294 sar.
792 230 872 291 rvr.
1184 210 1242 300 sss

107 378 168 439 istis
187 378 295 450 verbis,
314 377 368 436 nisi
387 375 428 435 Ba
452 377 528 436 tismi
548 399 612 436 corn
634 376 794 436 lomentum
816 387 846 436 et
864 374 1030 451 veritatem,
1051 394 1112 437 esse
1131 377 1238 437 verita-

106 467 166 515 tem
186 453 272 514 simul
291 464 322 512 et
341 397 588 532 eomplimentum
610 398 863 524 Circumcisionis,
899 453 1036 532 qnoniam
1060 473 1120 511 rem
1147 475 1236 513 unam

107 531 252 612 figurent?
291 530 501 589 Demonstrare
523 529 600 588 enirn
620 528 774 590 contendit
793 547 855 589 esse
880 528 909 588 id
931 527 1101 588 Christianis
1122 529 1237 608 Raptis-

92 611 198 680 'mum,
218 606 297 696 quod
317 617 384 666 ante
405 606 499 668 fuerat
517 606 630 667 ludaeis
652 604 851 667 Circumcisio.
898 605 1046 678 Quoniam
1067 617 1162 664 autern
1183 606 1237 665 iam

108 684 145 742 ad
166 682 304 761 liquidum
326 684 526 761 exposuimus,
545 682 753 762 promissiones
773 682 922 760 utriusque
941 681 1017 760 signi
1038 692 1069 740 et
1088 702 1161 760 quae
1182 682 1238 742 illis

108 770 366 838 repraesentantur
397 759 533 837 mysteria
557 760 635 818 inter
657 779 688 817 se
714 759 887 817 convenire:
916 756 1033 838 longius
1053 759 1084 816 in
1103 777 1239 838 praesens

109 857 171 894 non
190 835 419 894 immorabimur.
459 836 587 893 Tantum
608 833 706 894 fideles
726 832 910 905 admonebo,
928 853 975 891 rue
998 844 1116 893 tacente
1143 846 1175 892 ut
1193 854 1239 894 se·

107 934 172 970 cnm
193 922 346 990 reputent,
377 932 413 971 an
434 922 582 969 terrenum
603 932 636 972 ac
655 910 768 970 literale
788 908 952 970 habendum
976 909 1015 969 sit
1038 910 1062 972 si
1086 931 1172 984 num,
1192 910 1239 969 cui
1317 942 1323 957 ·

108 987 182 1046 nihil
202 987 301 1048 subest
321 988 376 1047 nisi
395 987 545 1067 spirituale
566 998 595 1045 et
615 987 753 1046 coeleste.
772 1020 812 1033 -
851 986 978 1063 Verum,
996 1005 1035 1045 ue
1068 1008 1150 1045 umos
1169 1007 1238 1047 suos

108 1062 286 1144 simplicibus
311 1063 453 1137 vendant,
484 1063 634 1123 obiectum
660 1084 766 1133 unum,
791 1070 856 1141 'quo
881 1061 1162 1142 impudentissimum
1183 1064 1241 1123 hoe

108 1140 291 1213 mendacium
310 1139 494 1220 praetexunt,
514 1139 543 1198 in
565 1151 731 1199 transcursu
752 1137 903 1198 diluemus.
943 1139 1035 1199 Certo
1055 1140 1162 1198 certius
1184 1151 1239 1215 est,

108 1216 256 1296 primarias
276 1215 494 1295 promissiones,
513 1215 618 1294 quibus
638 1213 844 1276 continebatur
863 1215 943 1293 quod
962 1214 1016 1275 sub
1031 1217 1122 1275 veteri
1135 1216 1240 1276 Testa-

107 1306 209 1352 meuto
230 1314 294 1353 cum
315 1291 450 1352 Israelitis
471 1292 574 1351 foedus
594 1292 676 1351 Deus
695 1290 833 1365 sancivit,
850 1290 1015 1370 spirituales
1035 1292 1133 1363 luisse,
1155 1303 1184 1351 et
1203 1292 1240 1352 ad

108 1381 257 1428 aeternam
277 1369 364 1428 vitam
390 1369 556 1446 respexisse.
602 1368 680 1426 Turn
703 1367 826 1426 vicissi-
851 1387 867 1426 a
886 1366 1021 1427 Patribus
1041 1369 1241 1445 spiritualiter,

109 1457 142 1503 ut
161 1466 212 1524 par
233 1457 305 1518 erat,
324 1457 466 1522 acceptas,
486 1465 545 1533 quo
566 1442 700 1503 fiduciam
721 1444 789 1502 inde
809 1443 1001 1521 conciperent
1019 1443 1135 1503 futurae
1154 1444 1240 1519 vitae,

108 1521 143 1579 ad
165 1543 250 1599 quarn
271 1533 337 1581 toto
364 1521 451 1579 animi
473 1520 580 1583 allecto
606 1523 774 1599 aspirarent.
823 1519 946 1579 Interim
965 1539 1035 1579 vero
1056 1539 1240 1612 nequaquam

108 1597 279 1670 inficiamur,
299 1596 368 1675 quin
388 1619 467 1656 suam
488 1595 543 1655 illis
563 1596 798 1656 benevolentiam
817 1596 941 1655 terrenis
961 1596 1168 1655 aetarnalrbus
1189 1597 1241 1657 be·

108 1674 219 1733 neficiis
239 1675 359 1732 testatds
379 1674 430 1732 sit:
452 1673 557 1751 quibus
578 1673 663 1731 etiam
676 1673 797 1732 dicimus
816 1692 897 1751 spem
916 1669 992 1730 illam
1015 1672 1240 1750 promissionum

109 1749 299 1830 spiritualium
326 1749 413 1808 fuisse
440 1750 647 1809 confirmatam.
697 1749 879 1823 Quomodo
906 1747 956 1805 ubi
976 1760 1125 1807 aeternam
1147 1748 1243 1808 beati-

110 1824 540 1885 tudinemservosuodbrahae
561 1824 706 1918 pollicitus
720 1837 774 1900 est,
795 1845 853 1903 quo
874 1823 1056 1884 manifestum
1079 1824 1188 1884 favoris
1199 1826 1243 1884 sui

109 1902 249 1960 indicium
269 1902 312 1960 illi
332 1901 370 1961 ob
384 1902 485 1961 oculos
505 1901 650 1976 subiiciat,
669 1901 876 1961 additalteram
890 1901 927 1958 de
939 1900 1125 1979 possessione
1145 1913 1242 1962 terrae

111 1979 229 2037 Canaan
255 1978 488 2055 promissionem.
524 1979 559 2037 ln
584 1977 662 2039 hunc
686 1976 805 2036 modum
826 1977 888 2036 acci
912 1997 961 2036 ere
981 1978 1130 2050 convenit,
1151 1997 1242 2055 quae-

110 2073 224 2131 cunque
243 2054 326 2134 genti
347 2052 481 2114 Iudaicae
500 2065 636 2114 terrenae
656 2054 862 2146 promissiones
882 1999 966 2112 datae
985 2064 1068 2112 sunt:
1102 2065 1135 2112 ut
1154 2053 1240 2133 spiri·

109 2129 194 2190 tualis
215 2129 386 2209 promissio,
417 2151 471 2189 ceu
491 2142 592 2209 eaput,
617 2152 724 2210 primas
743 2150 859 2210 semper
875 2134 978 2189 'teneat
998 2150 1056 2208 quo
1077 2128 1143 2190 illae
1164 2131 1242 2189 rele-

109 2219 219 2265 rantur.
258 2207 355 2285 Atque
378 2207 448 2264 haec
464 2207 607 2285 ,quoniam
628 2205 744 2266 uberius
763 2208 793 2265 in
815 2207 980 2266 discrimina
1000 2207 1070 2266 novi
1091 2219 1120 2265 et
1135 2208 1242 2268 veteris

110 2282 291 2342 Testamenti
312 2283 443 2355 tractavi,
463 2304 541 2342 nunc
562 2282 651 2342 levius
671 2283 862 2364 perstringo.

186 2366 232 2423 t‘s.
271 2360 305 2417 ln
327 2380 484 2437 puerorum
504 2358 701 2439 appellatione
716 2361 789 2418 hane
800 2359 970 2420 varietatem
984 2358 1146 2440 reperiunt,
1167 2361 1242 2421 lilios

108 2435 245 2496 Abrahae
275 2434 328 2494 sub
350 2437 441 2495 veteri
461 2436 653 2495 Testamento
675 2435 784 2508 dictos,
804 2435 856 2528 qui
879 2437 916 2496 ab
937 2436 997 2497 eius
1017 2439 1129 2497 semiue
1142 2438 1244 2519 ¹origi-

107 2533 175 2571 nem
196 2512 350 2571 ducerent:
373 2512 429 2570 hoc
450 2513 570 2571 nomine
590 2533 668 2572 nune
688 2511 843 2592 appellari,
863 2514 913 2591 qui
936 2513 1024 2573 fidem
1044 2514 1105 2572 eius
1127 2514 1242 2572 imitan-

108 2602 165 2649 tur.
205 2587 277 2647 ldeo
298 2588 448 2647 infantiam
468 2587 545 2647 illam
572 2587 734 2661 carnalem,
766 2609 839 2668 quae
864 2590 892 2648 in
919 2589 1089 2649 societatem
1113 2589 1252 2650 foederis

107 2684 162 2745 per
182 2664 441 2725 Circumcisionem
461 2665 654 2738 inserebatur,
673 2666 835 2744 spirituales
855 2666 924 2724 novi
944 2665 1126 2725 Testamenti
1146 2665 1243 2724 inlan-

108 2755 153 2800 tes
173 2741 325 2819 figurasse,
345 2741 394 2819 qui
413 2740 472 2798 Dei
492 2740 582 2801 verbo
603 2740 767 2821 regenerati
786 2742 847 2800 sint
866 2741 903 2798 ad
923 2741 1010 2799 vitam
1036 2741 1242 2800 immortalem.

108 2819 145 2876 In
167 2815 270 2892 quibus
290 2815 385 2875 verbis
405 2817 536 2896 exiguam
557 2816 674 2894 quidem
686 2816 813 2875 veritatis
833 2815 987 2875 scintillam
1007 2818 1170 2876 intuemur:
1191 2818 1243 2877 sed

109 2894 139 2953 in
166 2890 223 2950 hoc
251 2891 377 2970 graviter
401 2903 526 2969 peccant
552 2891 628 2950 leves
656 2892 703 2950 isti
733 2892 864 2970 spiritus,
896 2893 975 2971 quod
1001 2893 1069 2951 dum
1099 2893 1243 2973 arripiunt

110 2966 248 3047 quicquid
269 2969 363 3045 primo
383 2968 412 3025 in
433 2988 551 3025 manum
571 2966 627 3026 illis
648 2967 737 3043 venit,
759 2967 810 3027 ubi
829 2968 904 3028 ultra
924 2969 1174 3050 progrediendum
1195 2970 1243 3030 fo-

109 3057 170 3116 ret,
203 3054 233 3102 et
257 3043 347 3101 multa
375 3043 452 3102 inter
477 3063 508 3102 se
528 3042 722 3116 conserenda,
751 3044 782 3102 in
802 3045 923 3104 verbum
944 3067 1034 3104 unum
1053 3046 1245 3124 pertinaciter

108 3122 254 3181 insistunt.
296 3119 380 3178 Unde
401 3119 462 3178 heri
482 3118 567 3178 aliter
580 3120 680 3198 nequit
695 3121 763 3211 quin
781 3121 905 3180 subinde
926 3120 1154 3182 hallucinentur:
1176 3124 1244 3203 quia

110 3198 139 3256 in
163 3196 268 3255 nullius
290 3197 332 3255 rei
351 3195 472 3255 solidam
485 3196 684 3276 cognitionem
706 3197 887 3257 incumbunt.
926 3199 949 3256 F
952 3210 1065 3257 atemur
1081 3211 1160 3258 certe
1181 3220 1244 3259 ear·

109 3273 176 3332 nale
196 3271 332 3331 Abrahae
351 3293 449 3332 semen
476 3271 574 3330 locum
594 3271 630 3332 ad
650 3284 763 3350 tempus
789 3275 917 3333 tenuisse
936 3273 1094 3353 spiritualis
1112 3275 1244 3352 seminis,

110 3349 189 3427 quod
211 3370 262 3426 per
282 3350 367 3408 fidem
388 3349 430 3407 illi
449 3349 586 3407 inseritur
606 3346 689 3424 (Gal.
702 3354 789 3423 4,28.
809 3349 895 3408 Rom.
908 3357 936 3424 4,
951 3353 1023 3425 12).
1062 3349 1144 3410 Illius
1166 3353 1243 3410 enirn

110 3425 161 3483 filii
182 3446 393 3503 nuncupamur,
415 3438 562 3503 utcunque
583 3424 662 3483 nulla
682 3447 746 3485 cum
768 3425 818 3486 illo
840 3426 926 3486 nobis
946 3427 1083 3487 naturalis
1104 3429 1243 3509 cognatio

108 3501 281 3559 intercedat
331 3503 441 3561 Verum
461 3503 483 3559 si
504 3500 684 3582 intelligunt,
704 3502 783 3580 quod
804 3522 866 3560 non
887 3503 1011 3562 obscure
1032 3503 1244 3578 demonstrant,

111 3576 220 3637 carnali
247 3576 382 3636 Abrahae
407 3578 509 3637 semini
535 3599 594 3635 nun
619 3599 683 3636 uam
713 3579 891 3658 spiritualem
918 3579 976 3638 Dei
1006 3579 1244 3639 benedictionem

110 3652 291 3731 promissam,
312 3653 437 3713 hisvero
459 3654 548 3734 longe
569 3599 717 3713 falluntur.
756 3654 887 3716 Proinde
906 3655 936 3713 in
956 3656 1109 3715 meliorem
1121 3677 1244 3734 scopum

110 3729 260 3788 collimare
281 3749 334 3788 nos
355 3739 488 3807 oportet:
515 3730 551 3788 ad
571 3750 656 3808 quern
672 3732 842 3790 'certissimo
864 3731 1033 3811 Scripturas
1059 3731 1147 3791 ductu
1175 3731 1245 3791 diri·

109 3807 215 3887 gimur.
254 3805 398 3865 Dominus
424 3825 495 3886 ergo
515 3805 651 3867 Abrahae
675 3806 832 3886 pollicetur
860 3808 990 3868 futurum
1011 3805 1052 3866 illi
1072 3828 1188 3884 semen,
1213 3809 1244 3869 in

111 3902 169 3960 quo
192 3882 410 3941 benedicendae
429 3881 488 3941 sint
506 3903 607 3942 omnes
627 3894 723 3941 terrae
742 3884 901 3943 nationcss'
919 3905 953 3944 ac
973 3883 1059 3944 simul
1079 3884 1166 3944 fidem
1187 3886 1245 3960 dat,

110 3979 141 4018 se
160 3958 202 4017 illi
223 3970 253 4016 et
272 3957 376 4017 semini
396 3958 456 4018 eius
482 3959 512 4017 in
532 3959 630 4018 Deum
656 3958 731 4018 lore.
782 3959 960 4038 Quicunque
982 3959 1134 4027 Christum
1154 3961 1245 4021 bene·

112 4034 247 4094 dictionis
259 4046 412 4107 auctorem
428 4034 485 4093 fide
505 4035 661 4113 recipiunt,
680 4034 765 4094 huius
785 4037 985 4114 promissionis
1002 4050 1072 4097 sunt
1089 4036 1229 4098 haeredes
1237 4061 1248 4098 :-

109 4110 238 4189 ideoque
259 4111 396 4169 Abrahae
416 4110 467 4169 filii
488 4111 685 4170 nominantur.
1015 4148 1021 4157 ·
1043 4151 1045 4154 -

187 4193 234 4250 13.
275 4187 451 4265 Quanquam
472 4199 568 4247 autem
588 4200 656 4266 post
669 4187 779 4248 Christi
798 4190 1056 4262 resurrectionem,
1077 4188 1245 4270 hnesregni

110 4260 170 4320 Dei
189 4258 278 4344 longe
298 4264 416 4343 lateque
436 4265 467 4321 in
488 4263 633 4343 quaslibet
657 4265 792 4325 nationes
818 4265 1069 4338 indiscriminatim
1090 4266 1248 4346 prorogari

112 4351 290 4418 coeperunt,
319 4352 353 4399 ut
384 4341 543 4402 seeundum
572 4338 683 4402 Christi
711 4341 886 4429 sententiam
921 4341 1118 4426 undequaque
1149 4341 1249 4403 fideles

137 4438 231 4484 delsini
245 4438 363 4485 Institutio
378 4441 410 4488 11.
