2700 4732
475 221 551 282 mn.
569 221 622 281 1v.
663 213 851 281 ususve
1176 227 1235 292 asc

106 374 231 454 primum
252 369 419 429 denuntiat:
451 380 512 426 turn
539 365 645 426 deinde
671 374 737 443 pust
768 363 855 423 fidem
884 364 1070 443 promissioni
1094 366 1233 448 habitam,

105 449 278 512 sacramenti
298 445 368 505 facit
387 445 567 523 participem.
607 442 669 503 Cur
688 440 716 498 iu
728 438 895 500 Abrahamu
913 440 1000 500 iidem
1021 458 1233 508 sacramentum

107 526 247 604 sequitur,
267 525 295 581 in
310 523 411 581 Isaacu
432 519 492 579 filio
513 516 735 599 intelligentiam
756 535 874 575 omnem
892 519 1060 596 praecedit?
1080 522 1233 596 Quoniam

108 623 173 662 eum
216 603 243 659 ui
264 599 360 659 adulte
386 598 500 655 demum
526 607 620 655 aetate
643 596 674 653 in
704 593 831 652 foederis
861 595 1029 654 societatem
1056 599 1232 678 recipitura

109 698 169 759 quo
195 622 295 736 luerat
323 673 460 733 hactenus
491 672 616 743 alienus,
646 672 708 730 eius
739 668 923 730 conditiones
954 681 1038 732 antea
1070 677 1235 754 perdiscere

108 775 142 814 ae
167 775 234 812 uunr
254 764 311 812 est:
331 751 473 809 infantem
492 768 562 808 veru
584 768 617 806 ex
636 766 673 807 eu
693 766 746 824 pro
769 745 890 819 enitum,
909 767 970 807 non
988 750 1072 810 item:
1094 753 1143 844 qui
1162 752 1236 813 hae-

109 777 247 890 reiitariu
257 829 331 900 iure,
349 826 507 886 secundum
521 823 720 903 promissionis
749 819 901 895 urmulrm,
920 824 974 882 iam
994 845 1010 884 a
1029 839 1128 888 matris
1148 839 1234 892 utero

109 908 139 966 in
160 906 281 966 loedere
302 905 479 963 continetur.
497 936 536 948 -
573 902 667 976 Ant(
689 919 729 959 uu
750 918 794 957 res
814 896 917 957 clarius
936 919 971 959 ue
990 902 1104 964 brevius
1124 905 1235 967 indice·

110 986 173 1060 tur)
193 983 216 1042 si
236 980 363 1039 fidelium
388 978 489 1052 liberi,
522 977 594 1035 citra
618 921 832 1057 intilligentiae
856 975 1075 1054 adminiculum,
1107 981 1234 1044 foederis

111 1072 178 1118 suut
197 1057 363 1137 participes,
381 1075 442 1113 nun
463 1065 507 1113 est
526 1074 578 1111 cuc
598 1053 637 1111 uh
659 1053 687 1111 id
708 1073 723 1111 a
743 1052 766 1111 si
788 1072 827 1111 nu
847 1063 1011 1128 arceantur,
1032 1057 1098 1136 quia
1118 1057 1148 1117 in
1166 1059 1236 1121 loe.

112 1136 187 1194 deris
207 1134 424 1268 stipplatiunenr
444 1131 539 1189 iurare
559 1141 718 1264 nequeunt.
758 1071 840 1189 llaec
853 1139 932 1187 certe
952 1132 1027 1191 ratio
1048 1147 1093 1194 est
1111 1157 1163 1196 cur
1182 1134 1236 1197 ali·

112 1212 228 1290 quoties
278 1230 327 1268 eus
346 1207 606 1285 infantes„quiu
647 1204 784 1266 Israelitis
809 1205 961 1281 oriuntur,
989 1209 1045 1268 sibi
1069 1213 1185 1293 genitus
1206 1224 1236 1273 et

112 1301 197 1347 natos
217 1288 304 1346 fuisse
318 1297 425 1346 usserat
445 1283 567 1362 (Erech.
581 1290 629 1357 tu,
640 1287 688 1346 20·
702 1293 732 1340 et
748 1288 796 1356 23,
809 1283 880 1357 37.).
919 1283 993 1344 Nam
1013 1286 1138 1348 filiorum
1159 1290 1236 1351 haud

113 1365 200 1424 dnhie
220 1364 287 1425 loco
312 1363 401 1423 hahet
425 1380 526 1422 eurnrn
553 1359 639 1431 filios,
658 1380 782 1438 quorum
807 1359 909 1418 semini
930 1363 961 1419 in
987 1375 1099 1443 patrem
1119 1385 1150 1426 se
1171 1366 1238 1426 iure

111 1443 261 1523 pollicitus
276 1452 335 1500 est.
376 1438 436 1512 Qui
456 1458 529 1496 reru
549 1435 673 1496 infidelis
693 1447 748 1509 cst,
766 1437 861 1515 impiis
881 1448 962 1497 ortus
983 1441 1162 1518 parentibus,
1182 1444 1238 1503 do·

112 1540 168 1579 nec
188 1540 241 1599 per
260 1518 346 1577 fidem
361 1517 430 1574 Deo
447 1514 577 1589 uniatur,
596 1535 611 1574 a
631 1513 757 1573 foederis
768 1513 977 1573 cummunione
997 1528 1148 1579 extraneus
1169 1540 1238 1580 ceu·

112 1608 202 1656 setur.
241 1597 344 1674 Itaque
365 1591 439 1651 nihil
458 1591 562 1652 mirum
580 1590 604 1650 si
624 1611 679 1651 nec
698 1592 721 1650 si
744 1610 783 1649 no
802 1584 1009 1666 cumniunicet,
1029 1592 1109 1655 cuiue
1128 1596 1239 1679 signifi.

113 1674 190 1735 catio
211 1673 240 1731 in
262 1692 298 1731 eo
320 1670 403 1730 fallax
422 1668 573 1747 inanisque
594 1667 680 1727 iuret.
718 1610 753 1727 in
774 1686 837 1726 earn
856 1668 1031 1731 senteutiam
1043 1670 1149 1733 Paulus
1165 1695 1240 1754 quu-

114 1769 171 1831 que
190 1748 307 1823 scribit,
327 1746 458 1817 Gentes,
477 1744 613 1824 quamdiu
633 1745 663 1803 iu
683 1766 733 1805 sua
752 1741 916 1804 idololatria
940 1744 1091 1808 immersae
1110 1748 1241 1830 fuerunt,

115 1840 194 1886 extra
214 1835 418 1885 testamentum
441 1820 768 1913 tuisse(Ept1.2,11.).
808 1822 874 1881 Huc
894 1823 1081 1900 compendio,
1101 1835 1162 1885 tuta
1182 1847 1241 1904 res,

115 1903 172 1963 nisi
196 1900 482 1980 iallur,·perspieue
501 1898 629 1978 expediri
652 1912 754 1979 queat,
785 1896 847 1971 Qui
878 1897 973 1965 adulta
1003 1899 1118 1960 demum
1145 1915 1243 1965 aetate

117 1979 228 2039 Christi
246 1978 332 2038 fidem
352 1974 581 2056 amplectuntur,
611 1994 679 2050 eus,
708 1995 798 2053 quum
819 1972 958 2036 hactenus
977 1975 1065 2036 alieni
1084 1998 1100 2038 a
1120 1977 1242 2041 foedere

116 2056 241 2130 luerint,
271 2075 331 2114 nun
359 2073 422 2114 esse
441 2052 591 2132 Baptismu
611 2051 822 2135 insigniendus,
845 2051 900 2112 nisi
920 2052 977 2112 fide
1000 2073 1033 2113 ac
1059 2056 1242 2133 poenitentia

116 2133 335 2193 intercedente:
367 2146 441 2210 quae
472 2128 581 2187 aditum
607 2129 662 2188 illis
688 2130 718 2188 in
744 2128 870 2187 foederis
888 2128 1057 2189 societatem
1078 2131 1243 2211 patefacere

116 2208 197 2269 sulae
216 2219 352 2289 possunt:
372 2206 428 2286 qui
441 2223 511 2266 veru
531 2224 547 2263 a
569 2204 742 2265 Christianis
761 2204 905 2286 originem
925 2205 1036 2265 ducunt
1054 2207 1190 2285 infantes,
1208 2223 1243 2272 ut

117 2287 149 2346 in
169 2285 297 2345 foederis
316 2281 537 2354 haereditatem,
556 2283 652 2341 statim
678 2303 712 2342 ac
738 2281 799 2339 nati
824 2292 906 2355 suut,
926 2301 942 2341 a
961 2281 1029 2342 De'o
1050 2284 1110 2345 cxci
1133 2287 1244 2361 inntur,

117 2365 157 2422 ita
179 2362 210 2421 in
232 2361 410 2441 Baptismnm
435 2357 630 2438 recipiendus.
679 2358 725 2418 Eo
756 2356 942 2418 referendum
972 2369 1017 2419 est
1041 2305 1130 2442 qumi
1145 2373 1245 2424 narrat

118 2440 198 2499 Evau
222 2439 317 2512 elicta,
338 2437 498 2517 baptizatus
519 2435 664 2495 aloanne
684 2435 770 2494 luisse
790 2434 839 2512 qui
859 2445 977 2516 peccata
997 2456 1048 2495 sue
1067 2439 1243 2500 confiteren-

119 2529 168 2576 tur
188 2458 306 2593 (iratus
322 2521 353 2589 3,
369 2514 428 2589 6.):
461 2511 538 2592 quud
560 2511 720 2591 exemplum
742 2509 956 2571 obseruandum
977 2510 1122 2594 hodieque
1136 2536 1245 2580 ,cense-

119 2615 191 2652 mus.
230 2594 256 2651 T
260 2612 326 2650 urea
347 2590 466 2649 enimsi
487 2608 517 2647 se
535 2588 571 2649 ad
591 2590 770 2668 Baptismum
791 2587 911 2663 usserat,
936 2609 996 2648 non
1021 2601 1133 2650 temere
1152 2613 1168 2651 a
1188 2613 1245 2653 nu-

119 2670 164 2729 his
184 2669 389 2750 intingeretur,
417 2666 472 2726 nisi
491 2666 678 2727 consessione
702 2665 814 2726 scilicet
838 2665 924 2742 edita,
950 2686 1006 2746 qua
1036 2666 1176 2729 ecclesiae
1198 2689 1246 2730 sa·

119 2745 254 2804 tissaciat.

196 2826 243 2883 25.
281 2818 409 2892 Adhaec,
430 2815 538 2878 Christi
549 2815 637 2877 rerba
656 2834 732 2896 quae
749 2814 869 2876 Ioannis
888 2818 978 2879 tertio
996 2818 1159 2895 recitantur
1177 2842 1247 2901 pro-

123 2898 237 2968 ferunt,
281 2895 368 2954 uibus
388 2904 568 2972 praesentem
588 2895 617 2951 in
638 2892 787 2970 Baptismo
812 2894 1066 2974 regenerationem
1087 2897 1250 2959 existiment

123 2973 231 3053 requiri
252 2915 311 3049 (lu.
329 2977 358 3044 3,
378 2970 437 3044 5.):
469 2969 551 3042 „Nisi
577 2968 640 3048 quis
665 2980 784 3029 renatus
813 2970 906 3029 suerit
928 2992 961 3031 er
981 2992 1054 3050 aqua
1075 2985 1106 3032 et
1126 2973 1249 3066 Spiritu,

123 3072 185 3110 nun
227 3059 304 3108 otest
323 3045 438 3127 ingredi
457 3045 488 3103 iu
510 3065 632 3125 regnum
645 3044 733 3102 neir‘
772 3046 817 3105 En
837 3047 1005 3126 (inquiunt)
1025 3059 1057 3108 ut
1075 3050 1250 3130 Baptrrmur,

124 3147 177 3187 ore
195 3070 317 3185 llumini
343 3123 528 3204 regeneratio
548 3132 677 3182 vocetur.
728 3120 813 3194 Quos
832 3123 922 3205 igitur
945 3126 1176 3207 regenerationis
1195 3129 1250 3188 mi·

124 3206 203 3263 nime
224 3221 341 3294 capaces
367 3218 428 3259 esse
458 3198 526 3257 satis
556 3216 702 3278 superque
728 3210 830 3258 notum
858 3212 916 3274 est,
940 3222 1000 3279 quo
1020 3214 1171 3281 praetextu
1189 3203 1249 3266 Ba-

147 3281 231 3340 tismo
258 3280 422 3346 initiamus,
453 3274 585 3365 quisine
605 3277 665 3353 ipsa
691 3279 967 3355 censoremque?
1004 3278 1136 3339 Primum
1161 3280 1191 3340 in
1212 3301 1249 3343 eu

125 3302 265 3415 laltuntur
287 3355 367 3434 quod
386 3353 527 3443 Baptismi
558 3350 738 3410 mentionem
768 3350 831 3412 fieri
865 3352 921 3414 huc
949 3355 1017 3416 locu
1043 3367 1159 3435 putant,
1183 3359 1251 3435 quia

126 3453 217 3510 aquae
237 3452 345 3491 nomen
370 3430 499 3488 audiunt.
537 3427 693 3506 Postquam
715 3427 792 3488 enirn
811 3441 934 3490 naturae
958 3436 1178 3523 corruptionem
1197 3435 1252 3495 Ni-

127 3510 250 3568 cudcmu
276 3507 407 3588 exposuit
427 3506 576 3578 Christus,
606 3526 640 3565 ac
665 3507 778 3566 renasci
802 3518 942 3585 oportere
968 3508 1082 3568 docuit:
1114 3510 1181 3589 quia
1200 3510 1253 3570 ille

127 3585 336 3644 renascentium
364 3579 546 3662 corporalem
572 3581 752 3656 somniabat,
778 3582 897 3642 mudum
921 3583 968 3645 hic
989 3584 1100 3645 indicat
1120 3607 1179 3666 quo
1204 3607 1253 3647 re-

127 3673 248 3742 generat
268 3681 321 3718 nus
339 3659 438 3733 Deus,
463 3676 568 3736 nempe
594 3679 647 3738 per
665 3679 767 3749 aquam
794 3670 824 3717 et
843 3659 1001 3738 Spiritum:
1033 3662 1113 3741 quasi
1132 3663 1255 3739 diceret,

150 3736 341 3815 erSpiritum,
361 3737 410 3814 qni
432 3734 584 3816 purgando
604 3747 634 3794 et
652 3734 802 3816 irrigando
824 3735 922 3797 fideles
941 3737 1058 3814 animas,
1076 3739 1142 3799 rice
1162 3759 1255 3819 aquae

128 3759 267 3894 iungitur.
306 3812 420 3892 Aquam
442 3831 514 3890 ergo
534 3823 564 3870 et
583 3811 724 3894 Spiritum
744 3810 914 3892 simpliciter
932 3813 1043 3893 accipio
1065 3835 1120 3893 pru
1131 3816 1255 3894 Spiritu,

151 3891 179 3948 ui
200 3911 272 3968 aqua
293 3900 344 3946 cst.
396 3889 500 3966 Neque
518 3887 590 3949 lraec
610 3909 685 3948 nova
707 3899 750 3946 est
769 3886 920 3968 loquutio:
952 3911 1071 3982 prorsus
1092 3893 1255 3953 enimcum

129 3913 178 4027 illa
199 3986 273 4055 quae
293 3966 381 4024 tertio
402 3964 543 4023 Matthaei
567 3966 661 4045 capite
685 3963 811 4023 hahetur
835 3979 989 4025 convenit:
1021 4010 1041 4041 „
1076 3968 1105 4027 ui
1124 3970 1256 4048 sequitur

128 4063 187 4115 rne,
208 4042 256 4100 rlle
278 4042 389 4120 estqui
416 4040 545 4119 haptiaat
571 4043 600 4100 in
621 4041 732 4121 Spiritu
753 4052 854 4101 sanctu
876 4055 905 4101 et
924 4043 1015 4125 igui.“
1089 4044 1257 4106 uemadmu·

130 4121 197 4179 dum
220 4138 291 4200 ergo
312 4117 424 4196 Spiritu
448 4128 549 4177 sanctu
570 4128 600 4177 et
625 4117 688 4200 igni
711 4116 875 4208 baptizare,
902 4131 945 4178 est
964 4119 1105 4198 Spiritum
1125 4133 1257 4182 sanctum

131 4195 284 4271 conferre,
317 4195 366 4272 qui
395 4193 426 4252 in
452 4193 676 4274 regeneratione
701 4195 776 4284 ignis
796 4192 926 4254 officium
944 4207 1135 4276 naturamque
1154 4196 1257 4256 habete
1301 4232 1307 4239 -

131 4272 171 4333 ita
191 4269 303 4333 renasci
321 4291 395 4362 aqua
415 4281 445 4328 et
464 4270 577 4361 Spiritu
595 4269 668 4329 nihil
686 4269 767 4330 ahud
786 4281 840 4346 est,
858 4291 945 4364 quam
963 4271 1023 4330 vim
1042 4271 1121 4332 illurn
1134 4272 1260 4354 Spiritus

132 4348 273 4430 recipere,
292 4367 367 4429 qnae
387 4367 418 4407 ru
439 4365 533 4409 ruina
551 4345 582 4408 id
602 4344 763 4427 iecitquud
778 4364 853 4429 equa
872 4367 904 4409 rn
923 4365 1059 4430 corpore.
1098 4349 1169 4413 Seio
1188 4349 1261 4412 aliur
