2700 4732
518 187 594 305 tm.
615 204 685 304 tv.)
709 242 798 307 can.
816 242 855 306 n.
886 292 888 295 .
1201 256 1260 321 su

111 399 203 466 caput
222 408 284 448 nun
305 388 395 463 sipat,
420 385 493 448 nihil
514 387 659 468 delinquit
677 389 702 450 si
723 400 827 468 aperto
848 389 943 470 capite
963 403 1106 453 accurrat.
1145 392 1185 453 Et
1211 407 1256 456 est

111 466 171 525 ubi
188 465 270 544 loqui
292 486 353 525 non
373 463 468 525 minus
488 478 689 545 opportunum
710 465 753 527 illi
773 468 810 527 sit
830 488 916 546 quam
936 466 1125 530 alibitaecre.
1165 472 1255 531 Stan-
1308 482 1323 492 “

109 554 174 600 tem
196 563 315 622 quoque
335 562 420 601 orare
441 542 490 621 qni
512 543 619 601 morbo
641 542 795 621 impeditus
816 565 936 604 curvare
957 565 1051 624 genua
1075 548 1186 627 nequit,
1207 549 1271 607 ni-¹

109 618 153 678 hit
176 630 260 682 vetat.
299 620 439 691 Denique
459 620 546 678 satius
569 631 612 679 est
631 631 744 678 mature
765 619 885 679 humare
905 635 1070 696 mortuum,
1096 645 1180 701 quam
1202 625 1253 684 ubi

110 696 236 754 linteum
258 696 350 771 deest,
369 696 419 757 ubi
440 714 499 754 non
521 696 626 756 adsunt
646 696 696 774 qni
717 696 871 769 deducant,
892 717 938 756 eas
962 708 1057 757 actare
1078 698 1146 757 dum
1168 700 1254 759 inbu-

109 785 206 831 matus
227 783 383 850 putrescat.
415 771 483 831 'Sed
504 784 548 831 est
568 771 758 847 nihilominus
777 774 807 832 in
829 773 888 834 istis
910 718 997 834 rebus
1015 775 1094 854 quod
1107 777 1254 856 agendum

108 860 164 908 aut
184 848 342 923 cavendum
363 869 426 908 mos
448 847 587 931 regionis,
619 848 768 922 instituta,
801 851 862 929 ipsa
894 850 1020 928 denique
1043 852 1203 912 hnmanitas
1224 866 1255 914 et

108 925 275 984 modestiae
296 924 395 1007 regula
417 925 522 984 dictet:
544 925 594 984 ubi
614 925 637 984 si
658 926 904 1006 imprudentia'et
924 926 1074 987 oblivione
1106 929 1175 1008 quid
1205 951 1253 989 er-

109 1012 209 1060 ratum
230 1000 328 1076 luerit,
348 1001 459 1061 nullum
480 1002 633 1060 admissum
656 1003 765 1064 crimen
787 1014 845 1062 est:
869 1003 914 1062 ain
936 1015 1053 1063 contem
1077 1015 1120 1079 tn,
1140 1005 1253 1084 impro-

111 1078 216 1135 banda·
231 1090 274 1137 est
294 1078 486 1139 contumacia.
527 1078 668 1138 Similiter
688 1079 748 1138 dies
768 1079 822 1159 ipsi
842 1080 892 1159 qui
912 1081 980 1153 sint,
1007 1091 1037 1140 et
1057 1026 1156 1154 liorae,
1177 1102 1253 1161 quae

108 1153 246 1213 locorum
266 1165 428 1226 structura,
461 1155 599 1235 quiquo
626 1156 673 1215 die
701 1170 843 1216 canantur
870 1148 993 1230 Psalmi,
1010 1152 1094 1217 'nihil
1115 1159 1252 1218 interest.

85 1231 224 1297 ‚Verum
246 1242 275 1289 et
295 1244 390 1291 certos
411 1231 474 1292 dies
492 1243 522 1290 et
541 1245 627 1294 statas
649 1252 711 1292 esse
732 1233 816 1293 horas
837 1233 986 1307 enervenit,
1007 1245 1038 1293 et
1058 1233 1155 1295 locum
1176 1236 1253 1295 reei-
1297 1282 1300 1288 .

110 1307 227 1442 ppendis
248 1308 384 1368 omnibus
405 1309 563 1383 idoneum,
592 1311 615 1369 si
646 1331 703 1389 qua
727 1310 886 1369 servandae
911 1309 989 1389 pacis
1014 1311 1090 1377 ratio
1117 1310 1251 1375 babetur.

143 1405 189 1442 em
220 1397 390 1463 quantarum
418 1387 539 1447 rixarum
566 1405 665 1446 semen
692 1386 788 1447 lutura
808 1388 847 1447 sit
867 1407 964 1446 earum
985 1407 1083 1447 rerum
1104 1388 1251 1466 conlusio,

108 1461 136 1520 ai
158 1472 247 1540 prout
267 1462 372 1541 cuique
394 1462 576 1535 libienensis,
597 1474 709 1523 mutare
729 1463 817 1523 liceat
836 1484 910 1542 quae
929 1464 965 1523 ad
986 1484 1171 1524 communem
1192 1477 1252 1525 sta-

112 1549 177 1596 tum
205 1538 371 1618 pertinent?
404 1539 521 1619 qnando
555 1560 704 1618 nunquam
734 1539 863 1599 loturum
891 1551 935 1599 est
962 1552 995 1598 ut
1014 1541 1152 1600 omnibns
1168 1541 1250 1608 idem

110 1613 240 1752 placeat,
271 1613 293 1672 si
320 1635 364 1673 res
385 1614 466 1673 velut
491 1616 519 1672 in
546 1617 644 1675 medio
676 1617 803 1695 positae,
834 1616 1016 1698 singulorum
1047 1616 1171 1677 arbitrio
1203 1639 1252 1676 re-

124 1705 199 1751 rctae
232 1691 349 1749 luerint.
418 1693 533 1764 Quodsi
572 1693 634 1771 quis
666 1692 819 1774 obstrepet
837 1705 867 1752 et
889 1693 952 1772 plus
978 1713 1081 1773 sapere
1114 1693 1160 1753 hic
1180 1693 1252 1754 velit

111 1788 200 1850 quarn
221 1779 356 1847 oportet,
387 1768 494 1826 viderit
528 1769 588 1848 ipse
611 1790 675 1848 qua
701 1770 904 1829 morositatem
929 1790 1009 1829 snam
1039 1768 1155 1829 ratione
1184 1770 1275 1830 Do-¹

108 1845 192 1905 mino
229 1844 383 1923 approbet.
447 1844 543 1905 Nobis
580 1857 677 1904 tamen
713 1846 789 1905 istud
827 1845 910 1906 Pauli
946 1844 1112 1905 satisfacere
1150 1846 1251 1924 debet,

109 1944 166 1982 nos
188 1921 387 1981 contendendi
408 1942 521 1981 morem
542 1943 603 1981 non
625 1921 744 2001 babere,
765 1943 864 2005 neque
885 1921 1019 1984 ecclesias
1039 1923 1097 1981 Dei
1118 1922 1158 2003 (l.
1176 1922 1249 1984 Cor.

147 2043 156 2074 s
186 2001 241 2149 32.)
273 2074 369 2135 Porro
395 2097 505 2135 summa
532 2075 683 2158 diligentia
709 2073 938 2136 incumbendum
960 2088 1013 2150 est,
1035 2071 1072 2135 ne
1093 2076 1156 2157 quis
1175 2076 1251 2137 irre·

111 2163 164 2233 pat
184 2172 278 2223 error,
298 2152 347 2230 qui
369 2173 471 2243 purum
495 2153 573 2212 bunc
593 2176 673 2212 usum
695 2152 739 2212 rel
764 2151 873 2213 inficiat
899 2153 944 2211 vel
970 2153 1116 2213 obscuret.
1157 2153 1250 2226 Quod

78 2230 82 2239 ’
112 2229 229 2310 quidem
242 2228 451 2300 obtinebimus,
471 2232 493 2287 si
515 2250 706 2308 quaecunque
720 2240 806 2288 erunt
826 2229 1046 2289 observationes
1067 2229 1249 2291 manifestam
1330 2267 1332 2271 ν

111 2305 267 2365 utilitatem
293 2326 363 2384 prae
387 2325 418 2364 se
444 2305 556 2381 lerant,
585 2307 609 2366 si
631 2306 813 2385 parcissimae
833 2305 1035 2366 admittantur:
1068 2307 1250 2386 potissimum

112 2396 183 2442 vero
210 2383 234 2442 si
261 2381 489 2457 accedatfidelis
511 2383 639 2443 Pastoris
662 2382 810 2455 doctrina,
842 2404 915 2475 quae
940 2385 1033 2462 pravis
1059 2383 1249 2462 opinionibus

110 2461 185 2519 viam
209 2458 385 2538 praecludat.
427 2461 508 2519 Haec
528 2473 623 2519 antem
645 2460 776 2542 cognitio
806 2461 875 2519 laert
901 2473 932 2519 ut
957 2480 1006 2520 sna
1028 2460 1133 2539 cuique
1154 2459 1183 2519 in
1206 2461 1253 2522 bie

108 2537 196 2595 rebus
218 2537 353 2595 omnibus
374 2536 492 2596 libertas
513 2549 638 2612 constet,
659 2550 688 2597 et
709 2536 853 2618 quandam
875 2535 1063 2596 nibilominus
1082 2556 1150 2595 suae
1172 2538 1250 2616 quis·

132 2635 167 2673 ue
189 2611 315 2671 libertati
337 2613 537 2673 necessitatem
559 2611 636 2673 ultro
658 2615 806 2693 imponat,
839 2626 980 2692 quatenns
1002 2627 1051 2671 ant
1070 2612 1249 2694 illndtqund

109 2636 233 2752 diximus
253 2689 283 2746 rb
302 2695 419 2760 πρέπον,
448 2702 497 2749 aut
528 2691 655 2750 caritatis
688 2693 763 2749 ratio
795 2691 898 2767 exiget.
948 2690 1063 2764 Deinde
1095 2701 1128 2747 ut
1159 2703 1188 2748 et
1217 2691 1249 2749 in

110 2789 208 2827 earum
237 2788 333 2826 rerum
361 2768 566 2828 observatione
593 2767 669 2826 nulla
695 2765 904 2845 superstitione
923 2767 1099 2833 versemuri
1125 2767 1163 2839 si,
1194 2786 1251 2826 nec

111 2862 230 2903 morose
251 2845 370 2904 'nimium
393 2847 481 2924 ipsum
504 2844 539 2901 ab
561 2843 621 2901 aliis
643 2847 839 2922 requiramus,
875 2863 911 2901 ne
940 2844 1085 2920 potiorem
1103 2787 1164 2899 bet
1186 2841 1249 2899 cul-

109 2934 172 2979 tum
195 2923 427 2980 ceremoniarum
449 2920 634 2978 multitudine
656 2919 855 2991 aestimemus,
888 2938 924 2975 ne
952 2916 1073 2975 ecclesia
1095 2918 1248 2978 ecelesiam

108 2999 149 3057 ob
178 3010 314 3056 externae
342 2997 511 3076 disciplinae
533 2997 700 3054 varietatem
722 3008 900 3054 contemnat.
942 2994 1096 3052 Postremo
1123 3008 1156 3051 ut
1181 2993 1248 3052 nul-

106 3075 168 3134 lam·
188 3073 233 3132 laic
255 3087 424 3155 perpetuam
446 3073 540 3151 legem
567 3074 651 3133 nobis
677 3083 854 3146 statuentes,
885 3083 980 3129 totum
1007 3068 1248 3131 observationum

109 3174 192 3209 usum
216 3164 244 3209 et
264 3152 350 3210 finem
373 3151 408 3209 ad
435 3149 572 3209 ecclesiae
598 3149 830 3209 aedificationem
857 3147 1031 3220 reseramuS,
1062 3168 1117 3225 qua
1144 3159 1247 3227 postu-

109 3227 206 3301 lante,
237 3250 296 3286 non
319 3228 408 3286 modo
430 3226 534 3285 mutari
554 3225 677 3306 aliquid,
707 3226 756 3285 sed
784 3224 921 3304 quicquid
949 3236 1016 3282 ante
1037 3224 1066 3282 in
1088 3244 1140 3283 usu
1161 3224 1247 3284 nobis
1335 3229 1338 3234 '

108 3305 349 3363 observationum
373 3304 470 3377 luerit,
493 3303 599 3362 inverti
620 3303 698 3361 nulla
719 3301 886 3361 ofsensione
907 3301 1043 3360 ieramus.
1081 3299 1148 3360 Hoc
1169 3301 1247 3359 enim

108 3381 187 3438 serre
209 3393 372 3459 temporum
396 3382 538 3439 rationem
566 3393 598 3439 ut
624 3368 694 3438 ritus
721 3379 877 3457 quosdam,
910 3397 969 3435 non
1000 3377 1104 3455 impius
1137 3374 1247 3456 alioqui

108 3476 164 3513 nee
186 3457 351 3529 indecoros,
373 3481 426 3536 pro
449 3458 490 3516 rei
511 3457 733 3536 opportunitate
753 3455 888 3534 abrogari
909 3454 1078 3526 conveniat,
1099 3453 1247 3532 praesenti

110 3533 310 3608 experimento
333 3546 376 3591 est
403 3535 473 3592 baec
499 3546 585 3591 netas.
638 3533 712 3590 Nam
745 3535 834 3610 (quae
866 3531 1051 3607 supeniorum
1080 3541 1247 3609 temporum

108 3610 236 3666 coecitas
258 3608 312 3666 suit
332 3622 361 3667 et
382 3611 559 3688 ignorantia)
592 3621 647 3668 tam
666 3619 819 3686 ‘corrupta
836 3607 977 3686 opinione
1006 3618 1123 3685 tamque
1153 3605 1246 3684 perti-

107 3685 172 3741 naci
195 3685 291 3742 studio
313 3688 434 3744 antebac
456 3690 484 3743 in
506 3684 679 3745 ceremoniis
701 3684 856 3743 haeserunt
875 3684 1027 3756 ecelesiae,
1061 3695 1093 3740 ut
1112 3681 1158 3742 vix
1178 3682 1247 3743 satis

106 3763 259 3841 repurgari
273 3782 287 3819 a
301 3762 477 3842 prodigiosis
491 3760 745 3842 superstitionibus
766 3771 883 3839 queant,
903 3759 973 3838 quin
994 3757 1101 3817 multae
1113 3778 1246 3819 ceremo·
1275 3830 1276 3837 ἵ

107 3841 173 3897 niae
202 3838 359 3906 tollantur,
392 3858 446 3897 nec
472 3837 522 3897 abs
547 3856 579 3898 re
605 3838 674 3898 olim
697 3838 774 3896 sorte
795 3835 960 3910 institutae,
992 3846 1022 3895 et
1042 3833 1120 3894 nulla
1142 3855 1246 3914 perae

106 3916 259 3995 impietate
280 3913 436 3974 notabiles.
695 3915 701 3928 '
1080 3920 1082 3923 ’
