2700 4732
507 197 657 262 ttB.1V.
696 198 843 263 CAP.t.
1142 205 1246 291 ,.mp

108 343 194 405 tione
215 341 389 418 factumest,
407 361 495 422 quam
515 341 593 403 bona
613 342 706 424 aliqua
720 344 847 407 ratione.
884 343 953 406 Nec
968 341 1063 409 uultu
1081 355 1247 427 postaucta

108 421 168 486 iun
187 418 338 488 Romanae
357 417 432 479 sedis
452 420 636 497 auctoritate,
657 420 785 481 obtinuit
805 421 896 483 altera
915 418 1150 485 adhucdeterior
1169 443 1245 484 con·

108 497 251 570 suetudo,
282 508 314 555 ot
334 498 424 556 totius
444 494 508 555 sere
528 496 629 557 Italiae
649 498 781 577 episcopi
799 496 1052 559 consecrationem
1071 494 1141 559 iud'e
1159 496 1244 635 pete·

108 585 188 634 rent.
238 572 330 646 Quod
360 572 589 632 animadvertere
620 572 689 635 licet
713 595 745 635 ex
772 572 905 653 epistolis
923 570 1161 655 Gregorii'“(li
1184 582 1241 643 .2.
1340 600 1342 607 ’

108 649 195 730 epist.
214 654 260 712 69.
282 661 311 708 ct
329 651 400 724 76.).
443 649 545 709 Paucis
568 661 681 710 tantum
707 648 888 727 civitatibus,
914 671 986 731 quae
1012 672 1074 713 nou
1098 650 1137 712 ita
1154 642 1243 714 'facile

107 737 267 798 cesserant,
286 725 436 805 antiquum
457 727 500 785 ius
512 738 663 805 servatum
684 738 759 787 erat:
780 739 814 788 ut
832 727 868 788 de
888 726 1056 788 Mediolano
1077 726 1240 809 exemplum

109 803 171 862 illic
192 800 325 869 habetur,
369 802 512 862 Fortassis
537 802 618 862 solae
642 802 822 883 metropoles
842 805 1026 865 retinuerunt
1044 826 1128 865 suum
1149 804 1241 884 prisi-

109 877 229 957 legium.
274 877 418 939 Solcbsnt
443 879 523 937 enim
544 880 579 938 sd
604 878 852 960 archiepiscopum
879 882 1108 943 consecrandum
1138 900 1241 947 omnes

107 954 305 1044 provinciales
319 955 447 1035 episcopi
467 958 625 1016 convenire
644 956 675 1016 in
695 958 786 1047 ipsam
800 956 965 1034 primariam
978 956 1133 1022 civitatem.
1164 957 1241 1021 Cae-

108 1041 206 1091 terum
235 1044 306 1091 rstos
336 1043 399 1090 erat
429 1053 565 1091 manuum
596 1032 743 1112 impositio
776 1032 829 1110 (cl.
854 1054 916 1111 cap.
933 1040 984 1107 19.
1008 1055 1031 1094 s.
1050 1038 1097 1099 28.
1118 1035 1239 1110 et31.),

107 1107 192 1167 Nihil
218 1108 295 1166 enim
328 1119 478 1187 praeterea
511 1109 934 1173 ceremoniarumadhilsitum
964 1109 1048 1190 lego:
1077 1109 1138 1177 nisi,
1159 1110 1240 1189 quod

109 1181 235 1277 aliquem
257 1196 390 1275 ornatum
415 1183 595 1274 'inUsollenni
615 1197 704 1247 coetu
723 1184 871 1249 habebant
890 1186 1041 1267 episcopi,
1054 1206 1150 1277 quo3s
1169 1185 1240 1247 seli·

109 1280 177 1397 sup
197 1259 1240 1418 ttzlttt'‘tl'ttttt'tttt2dt?ltt'250‘1'032‘5125230'5‘33133

108 1357 168 1493 dise
188 1414 340 1547 epispopus
360 1435 425 1548 cupa
448 1413 692 1549 presbytep'oruru
713 1414 839 1495 collegio
860 1360 1028 1551 ordizlllpn.·
1049 1414 1240 1550 ‚0⁰3⁰qu

108 1502 700 1646 aptaeprepupupusagipfipnmmppreesgntppp
709 1504 1238 1644 idddmldsilslaediclbaetdl'oedddldltid.

70 1672 77 1679 ·
107 1585 199 1701 lJnde
217 1655 329 1711 veteres
346 1589 406 1702 lroc
426 1661 513 1721 saepe
533 1644 654 1716 habent,
685 1666 747 1705 noo
768 1643 889 1704 disserte
914 1642 970 1703 alia
987 1663 1022 1702 re
1040 1641 1079 1702 ab
1098 1642 1238 1723 episcopo

108 1717 328 1801 presbyterum,
347 1720 403 1780 uisi
421 1718 489 1798 quis
509 1720 665 1786 ordinandi
684 1732 860 1802 potestatem
879 1740 941 1782 uon
962 1719 1086 1781 lrabeat.¹
1102 1772 1115 1803 .·
1165 1766 1169 1775 .
1279 1752 1287 1759 -

504 2074 763 2147 CAPUT
813 2064 905 2142 Vs

104 2269 302 2350 Antiquam
319 2268 505 2351 regiminis
523 2252 671 2329 formans
686 2267 836 2333 omnino
852 2264 1108 2349 pessundatam
1124 2244 1238 2326 luisse

477 2361 675 2441 tyrannide
698 2360 869 2441 Papatus.

177 2536 273 2608 Capitis
294 2538 369 2592 huius
387 2539 454 2591 duae
470 2553 530 2591 sunt
546 2554 644 2608 partes:
672 2540 702 2611 l)
721 2538 789 2609 Qui,
806 2541 907 2610 quales,
930 2558 981 2608 qna
1002 2534 1104 2590 ratione
1119 2533 1168 2587 sols
1186 2531 1237 2586 Ps-

106 2636 171 2694 patu
200 2638 325 2675 vocentur
354 2625 387 2674 acl
414 2623 582 2676 ministerium
609 2625 819 2687 ecclesiasticum,
847 2634 907 2676 sect.
923 2624 1010 2677 1-7.
1031 2650 1066 2665 -
1098 2617 1131 2689 2)
1149 2617 1237 2686 Quam

107 2701 218 2760 lideliter
234 2729 329 2760 munus
345 2729 420 2760 suurn
438 2708 603 2779 adimpleant,
621 2729 635 2761 a
651 2723 710 2762 sect.
728 2724 818 2762 octava
836 2728 919 2779 usque
938 2710 971 2761 ad
987 2709 1032 2761 lin.
1049 2723 1107 2777 esp.

185 2880 214 2938 -1-
237 2862 336 2949 [Nunc
363 2873 497 2932 ordinem
517 2874 725 2956 gubernandae
750 2873 905 2945 ecciesiae,
930 2890 1018 2949 quem
1043 2868 1132 2929 hodie
1155 2876 1239 2956 tepet
1297 2948 1300 2955 Ι

105 2950 240 3011 Romana
258 2951 342 3010 sedes
362 2971 394 3009 ac
415 2970 517 3010 omnes
537 2954 596 3011 eins
616 2952 766 3025 satellites,
784 2963 935 3027 totamque
954 2946 1133 3005 hierarchiae
1152 2942 1239 3017 illius,

108 3048 197 3108 qoam
218 3041 361 3107 perpetuo
381 3027 476 3086 inore
496 3028 614 3103 habent,
638 3028 793 3109 imaginem
813 3025 853 3097 oh
875 3024 976 3084 oculos
996 3040 1109 3103 ponere
1128 3039 1239 3111 operae

106 3104 235 3186 {trellum
256 3115 316 3175 est,
341 3126 374 3163 ac
394 3126 459 3163 cum
484 3103 534 3165 illo
555 3126 640 3184 quem
661 3105 863 3184 descripsimus
883 3102 993 3181 primae
1011 3121 1044 3160 ac
1063 3109 1238 3186 veterrsuec·

107 3180 214 3243 etesiae
238 3183 392 3255 conterre,
424 3201 482 3258 quo
509 3202 541 3239 ex
566 3185 785 3258 comparatione
805 3180 929 3252 eluceat,
967 3176 1061 3236 nalem
1087 3172 1239 3235 ecclesiam

89 3257 235 3321 ¹habeant
257 3258 307 3348 qui
334 3254 390 3316 hoc
414 3256 479 3316 solo
506 3258 591 3318 titulo
612 3260 647 3319 ad
668 3279 721 3319 nos
740 3257 902 3336 gravandus
921 3197 966 3314 vel
987 3252 1084 3333 potius
1098 3250 1236 3342 'obruen-

109 3333 165 3395 slos
185 3334 342 3394 lerocsunt.
381 3333 513 3392 Praestat
532 3348 626 3394 autern
648 3335 852 3408 avocatione,
876 3329 1006 3424 incipere
1027 3340 1059 3389 ut
1079 3326 1236 3397 videamus,

133 3410 162 3467 ni
183 3420 213 3468 et
232 3411 330 3489 quales
351 3421 457 3486 etqua
478 3411 591 3471 ratione
613 3423 754 3472 vocentur
774 3410 809 3473 ad
825 3409 887 3473 ¹hoc
906 3407 1108 3480 mpnisterium.
1157 3402 1237 3462 Tum

107 3430 219 3548 deinde
237 3486 495 3559 considerabimus,
515 3509 601 3567 quam
619 3487 867 3557 fidelitermuoos
887 3505 970 3545 suurn
990 3481 1139 3562 impleant.
1176 3477 1238 3566 Da:

109 3564 206 3624 bimus
226 3575 322 3623 autem
344 3563 467 3641 primum
487 3564 585 3631 locum
606 3564 765 3644 episcopis:
790 3560 895 3642 quibos
920 3561 1032 3620 utinam
1051 3558 1110 3618 hoc
1128 3556 1239 3613 bonore

108 3659 173 3701 esse
192 3652 306 3719 posset,
327 3639 355 3697 in
378 3638 430 3699 hac
450 3640 645 3718 disputatione
666 3641 788 3719 primum
808 3650 910 3698 tenere
929 3637 1072 3696 ordinem.
1112 3630 1171 3691 Sed
1191 3647 1238 3720 res

107 3716 172 3796 ipsa
191 3737 251 3776 oon
279 3715 386 3795 patitur
413 3736 459 3774 me
483 3716 529 3775 sel
560 3716 829 3796 leviterattiugere
855 3713 912 3773 hoc
945 3722 1240 3800 argumentum-sine

106 3812 223 3856 summo
244 3794 373 3872 ipsorum
395 3792 550 3852 dedecore.
589 3795 627 3853 Et
645 3805 741 3853 tamen
754 3791 927 3861 meminero,
944 3789 975 3847 in
988 3806 1046 3865 quo
1067 3795 1167 3862 scrrptr
1188 3800 1240 3872 ge·

106 3888 182 3931 nere
203 3891 281 3928 nunc
293 3889 404 3929 verser:
426 3889 480 3929 nec
501 3870 665 3929 orationem
685 3888 789 3942 meam,
809 3886 882 3945 quae
898 3864 933 3923 ad
952 3862 1113 3951 simplicem
1127 3861 1239 3919 doctri-

108 3966 178 4008 nssn
199 3946 362 4024 composita
383 3965 444 4005 csse
464 3945 671 4018 debet,·ultra
689 3966 753 4004 suas
773 3956 864 4002 metas
884 3940 1018 4001 dillluere
1039 3952 1138 4017 patrer.
1173 3930 1240 3992 Sed

107 4035 210 4093 umen
234 4023 413 4100 respondeat
438 4023 507 4080 milri
528 4023 668 4102 quispiam
688 4042 802 4094 eorum,
823 4018 872 4099 qui
892 4038 953 4077 noo
972 4035 1091 4096 prorsus
1110 4012 1239 4072 sroutem
1319 4070 1322 4075 ,

108 4097 320 4179 perdiderunt,
348 4099 445 4177 qualos
473 4097 560 4167 hodie
590 4098 717 4179 episcopi
748 4096 852 4177 passim
875 4093 1029 4176 eligantur.
1071 4091 1151 4151 Sane
1175 4106 1239 4147 esa-

110 4191 182 4236 men
202 4174 304 4236 haberi
323 4174 359 4233 de
379 4175 512 4237 doctrina
532 4176 617 4236 nimis
637 4173 803 4241 obsoletum
824 4182 879 4233 est:
927 4169 1012 4231 uodsi
1030 4169 1094 4250 quis
1114 4164 1239 4224 habetur

112 4250 266 4312 doctrinae
286 4262 449 4332 respectus,
471 4250 707 4325 iurisconsultum
726 4251 854 4330 aliquem
873 4193 1023 4330 delgunt,
1047 4243 1097 4327 qui
1121 4239 1240 4301 inloto

112 4328 205 4410 magis
223 4326 340 4411 litigare
354 4327 483 4402 ,noverit
500 4348 586 4408 qssam
606 4328 638 4391 in
657 4325 780 4393 ecclesia
792 4324 981 4393 concionari.
1029 4324 1096 4387 Hoc
1114 4325 1247 4388 coostets
