2700 4732
465 232 847 299 umectum
949 252 953 260 ·
1191 239 1254 303 iffi

107 383 260 457 virtutum,
279 398 357 459 quae
376 391 439 441 tum
458 398 514 461 per
532 400 635 441 manus
645 379 860 460 Apostolorum
877 375 1247 449 administrabantutr..uir

106 456 157 517 bil
171 478 250 518 nunc
269 457 306 517 ad
325 477 379 519 nos
399 459 546 538 pertinet,
573 456 679 537 quibus
698 458 840 519 virtutum
858 452 1072 517 administratio
1092 454 1253 517 commissa

106 554 170 595 non
190 545 244 593 est.
771 574 788 591 ,.
1219 567 1222 576 ·

76 666 81 673 ,
186 617 233 674 19.
271 609 316 669 Et·
329 631 386 688 qua
405 608 512 669 maiori
529 609 644 670 ratione
663 607 886 669 Sacramentum
905 620 952 667 ea·-
965 606 1018 667 bac
1038 607 1181 667 unctione
1197 608 1245 669 fa-

108 687 202 758 ciunt,
228 700 312 764 quam
334 705 368 744 ex
387 685 457 745 aliis.
475 687 622 764 quibusvis
646 683 801 762 symbolis,
826 703 901 763 quae
922 683 1013 745 nobis
1036 685 1066 742 in
1092 684 1251 762 Scriptura.-

109 762 395 823 commemorantur?
446 760 509 822 Cur
534 783 595 822 non
614 762 743 841 aliquam
767 758 942 822 natatoriam
961 757 1067 820 Siloab
1085 760 1235 821 destinant

109 839 140 901 in
160 860 245 917 quam
271 838 357 898 certis
388 849 447 897 tem
470 859 554 898 orum
580 838 691 899 vicibus
722 857 754 897 se
784 837 962 918 immergant
984 835 1061 897 male
1085 835 1252 902 babentes·

109 915 241 989 Frustra,
260 915 405 994 inquiunt,
420 916 434 981 ‚i
475 914 568 974 fieret.
607 915 698 977 Certe
716 934 778 977 nun
797 913 1246 996 maginfrustra,quam'unetio.

111 991 255 1053 (lemnon
280 991 403 1051 mortuis
422 990 574 1064 incubant,
593 992 733 1070 quoniam
755 1008 878 1069 puerum
902 1001 1069 1064 mortuum,
1096 988 1139 1048 illi
1158 989 1244 1055 incus
1332 1024 1335 1031 ·

109 1067 222 1142 bando,
240 1065 524 1128 suscitaviti'auluai
563 1066 627 1127 Cur
647 1076 707 1127 nori
727 1066 821 1126 lutiam
841 1077 982 1145 exuaputo
1002 1064 1173 1145 ebpulvere
1187 1064 1243 1131 San

111 1150 290 1204 clamantum
312 1142 372 1203 esti
420 1143 480 1203 Sed
505 1143 561 1204 alia
581 1141 737 1225 singularia
758 1140 888 1221 exempla
909 1144 1041 1202 fuerunt:
1066 1141 1252 1206 herentem.

110 1220 147 1279 ab
168 1219 279 1280 Iacobo
299 1220 487 1299 praecipitur.
530 1220 604 1279 Nem
628 1241 645 1280 e
668 1240 724 1299 pro
746 1238 782 1278 eo
806 1229 944 1296 tempore
960 1218 990 1279 lo
1013 1217 1138 1281 uebatur
1157 1217 1251 1278 Iaco-.

110 1295 180 1371 bus,
210 1315 269 1375 qno
290 1293 384 1357 adhuc
413 1293 580 1363 huiusmodi
642 1296 668 1356 ei
699 1293 907 1357 benedictione
933 1240 1086 1360 fruebatur
1112 1292 1252 1361 ecelesia..

108 1370 266 1433 Affirmant
276 1372 406 1452 quidem,
426 1372 548 1445 eandem
569 1371 728 1434 etiamnum
744 1371 804 1433 vim
822 1389 893 1431 suae
912 1371 1046 1432 unctioni
1064 1362 1247 1437 inesset-e'ed

109 1447 388 1527 aliterexperimur.
426 1449 523 1509 Nemo
542 1447 599 1509 iarn
619 1445 1048 1526 miratumquomodoanimas,
1068 1467 1138 1525 quas
1147 1445 1248 1511 verbe

109 1524 181 1600 Dei,
202 1524 260 1585 boc
280 1535 334 1598 est,
352 1525 410 1585 vita
431 1535 461 1583 et
480 1523 546 1584 luce
564 1545 618 1585 sue
632 1524 769 1615 spoliatas
788 1523 989 1601 stupidasesse
1004 1534 1035 1582 et
1047 1523 1245 1585 coeoaaanic-
1268 1586 1272 1595 ,

110 1600 296 1677 banc-tauta
310 1599 495 1660 confidentia
514 1599 653 1660 ludificata
673 1602 747 1671 sint,
767 1599 949 1679 quum-nibil
969 1618 1020 1658 eos
1040 1599 1251 1678 pudeat-ones,

110 1677 192 1756 poris
217 1697 317 1736 sensus
336 1677 419 1735 vivos
446 1698 479 1737 ae
504 1677 664 1736 sentientes
688 1675 763 1735 velle
788 1674 898 1736 fallere.
945 1674 1097 1741 Ridiculus
1121 1688 1254 1757 ergoeel

111 1755 235 1825 faciunt,
256 1753 325 1811 dum
343 1752 437 1833 gratia
456 1755 642 1812 curationum
661 1753 895 1831 praeditossese
913 1751 1032 1813 iactant.
1061 1751 1157 1813 Adest
1170 1763 1255 1813 tratre·

112 1830 170 1888 suis
181 1830 326 1889 Dominus
345 1828 482 1888 omnibus
501 1829 623 1889 saeculis
643 1841 673 1889 et
693 1849 796 1889 eorum
815 1827 1151 1909 languoribus-quoties
1171 1847 1254 1906 opus·

114 1917 169 1979 est,
187 1905 337 1980 medetur,
358 1925 418 1964 non
440 1906 534 1965 minus
554 1926 639 1984 quam
660 1905 747 1989 olinq:
768 1903 934 1964 manifestas
954 1915 1052 1963 tamen
1072 1902 1246 1971 illasvirtu·

114 1993 159 2040 tes
184 2003 245 2040 non
270 1980 310 2039 ita
336 1981 441 2040 exserit
464 2002 519 2041 nec
539 1981 678 2041 miracula
720 2002 752 2041 er
770 1979 984 2060 Apostolorum
1004 1999 1105 2040 manus
1125 1980 1245 2058 dispen-

113 2068 171 2131 sat,
197 2057 264 2135 quia
284 2068 314 2116 et
340 2057 501 2135 temporale
526 2057 583 2118 suit
601 2057 672 2117 illud
693 2002 802 2118 donum
828 2055 979 2136 et·aliqua
998 2056 1084 2117 etiam
1105 2076 1140 2116 ex
1163 2068 1246 2136 parte

112 2133 265 2195 hominum
285 2133 493 2212 ingratitudine
512 2135 610 2195 statim
627 2134 784 2195 intercidit.
1168 2144 1171 2149 '
1230 2171 1233 2177 ·

190 2215 237 2273 20.
275 2208 381 2288 ltaque
406 2221 439 2271 ut
464 2230 526 2271 non
550 2210 601 2271 abs
626 2231 661 2270 re
680 2209 819 2290 Apostoli
843 2209 965 2292 gratiam
991 2208 1173 2269 curationum
1192 2208 1253 2275 sibi
1341 2237 1342 2240 ¹

112 2285 313 2346 demandatam
334 2284 396 2345 olei
412 2285 551 2364 symbolo
573 2287 667 2378 palam
687 2286 787 2346 testati
808 2297 877 2345 sunt
901 2306 963 2346 non
989 2306 1085 2360 suam,
1103 2286 1153 2346 sed
1178 2285 1253 2365 Spia.

112 2365 187 2424 ritus
206 2363 299 2421 sancti
316 2381 381 2422 esse
399 2365 552 2423 virtutem:
579 2376 618 2443 ita
637 2385 751 2425 rursum
771 2361 896 2443 Spiritui
919 2372 1020 2423 sancto
1040 2372 1112 2422 sunt
1131 2362 1255 2439 iniurii,¹

136 2440 164 2497 ui
195 2439 328 2518 putidum
361 2449 392 2497 et
420 2440 527 2499 nullius
560 2441 699 2522 energiae
731 2437 972 2503 oleumsaciunt
1004 2438 1066 2500 eius
1096 2439 1246 2499 virtutem.

112 2461 242 2574 ierinde
263 2514 291 2573 id
313 2527 366 2590 est,
389 2535 421 2574 ae
438 2518 464 2587 ,si
485 2518 548 2596 quis
568 2518 690 2591 diceret,
709 2537 798 2575 omne
819 2523 916 2575 oleum
934 2514 1074 2575 'virtutem
1096 2535 1158 2575 esse
1178 2515 1247 2595 Spi-

112 2593 186 2650 ritus
206 2591 315 2666 sancti,
344 2592 423 2671 quod
450 2613 486 2651 eo
516 2595 638 2654 nomine
663 2594 692 2654 in
715 2594 866 2675 Scriptura
884 2604 1096 2670 nuncupetur:
1128 2612 1247 2651 omnem

115 2668 281 2726 columbam
314 2687 375 2727 esse
406 2669 550 2749 Spiritum
580 2681 728 2744 sanctum,
760 2670 839 2760 quod
873 2689 906 2727 ea
939 2668 1037 2746 specie
1066 2669 1248 2746 apparuerit.

113 2745 226 2800 Verum
255 2744 292 2801 de
321 2744 357 2803 iis
381 2746 516 2804 viderint.
576 2747 667 2820 Quod
699 2746 784 2805 nobis
810 2743 1028 2822 inpraesentia
1053 2742 1170 2803 abunde
1194 2755 1249 2820 est,

115 2831 199 2879 certo
230 2819 336 2878 certius
369 2822 573 2899 perspicimus,
604 2842 706 2881 eorum
732 2821 906 2880 unctionem
932 2820 1153 2880 Sacramentum
1184 2838 1249 2880 non

116 2914 194 2966 esse,
225 2914 299 2972 quae
320 2914 375 2953 nec
395 2900 559 2956 ceremonia
580 2908 658 2956 esta
678 2897 745 2957 Deo
771 2898 903 2956 instituta
930 2917 984 2954 nec
1008 2895 1095 2953 ullam
1121 2895 1249 2972 promisi·

114 2972 229 3032 sionem
250 2970 346 3030 habet.
397 2972 548 3051 Siquidem
568 2995 657 3052 quum
678 2974 737 3032 duo
763 2975 816 3032 ista
835 2976 865 3031 in
886 2972 1079 3032 Sacramento
1100 2971 1250 3051 exigimur,
1333 2982 1337 2991 ‘

114 3059 148 3106 ut
168 3047 336 3107 ceremonia
355 3049 392 3107 sit
410 3068 425 3106 a
446 3049 513 3108 Deo
526 3050 674 3121 instituta,
694 3061 726 3108 ut
746 3049 803 3108 Dei
823 3049 1049 3128 promissionem
1071 3046 1189 3107 habeat:
1209 3049 1249 3111 εἶ·
1322 3059 1326 3065 ’

114 3125 175 3183 mul
196 3121 390 3202 postulamus,
411 3135 443 3183 ut
467 3126 633 3185 ceremonia
659 3125 706 3184 illa
731 3125 819 3184 nobis
842 3125 948 3185 tradita
968 3125 1005 3184 sit
1037 3135 1067 3182 et
1092 3124 1249 3202 promissio

116 3200 152 3259 ad
184 3221 239 3259 nos
267 3213 390 3278 spectet.
440 3201 509 3260 Non
540 3203 617 3261 enim
644 3201 908 3262 Circumcisionem
936 3202 992 3260 iam
1026 3201 1249 3261 Sacramentum
1281 3250 1284 3255 ,

118 3277 303 3337 Christianae
323 3277 461 3338 ecelesiae
482 3279 634 3357 quisquam
655 3298 716 3338 esse
742 3279 912 3349 contendit,
942 3277 1057 3336 tametsi
1077 3289 1107 3336 et
1125 3277 1184 3337 Ilei
1203 3279 1249 3337 in-

115 3353 250 3413 stitutum
276 3366 338 3413 erat
361 3366 393 3413 et
416 3356 640 3432 promissionem
660 3374 799 3413 annexam
826 3352 970 3428 babebat,
1001 3353 1066 3432 quia
1088 3374 1142 3413 nec
1163 3354 1249 3414 nobis
1288 3356 1297 3364 ’

115 3431 251 3488 mandata
272 3429 328 3489 luit
347 3451 402 3491 nee
422 3431 586 3509 promissio,
607 3451 681 3509 quae
701 3428 742 3490 illi
762 3431 896 3489 adiuncta
917 3430 1020 3502 suerat,
1040 3429 1247 3489 nobis-eadem

118 3505 290 3564 conditione
310 3507 384 3566 data.
409 3508 650 3582 Promissionem,
692 3529 756 3565 uam
777 3507 806 3566 iu
820 3507 961 3565 unctione
972 3505 1111 3565 ferociter
1130 3505 1250 3580 iactant,

116 3581 204 3640 nobis
224 3602 285 3641 non
306 3604 367 3643 esse
388 3584 481 3643 datam
503 3584 654 3644 evidenter
670 3529 944 3656 demonstravimus,
965 3593 994 3640 et
1013 3581 1052 3659 ipi
1072 3583 1251 3671 experientia

117 3656 276 3716 declarant
316 3660 492 3720 Ceremonia
511 3663 645 3740 usurpari
665 3681 725 3720 non
746 3659 850 3719 debuit
867 3659 923 3718 nisi
942 3659 978 3717 ab
998 3659 1044 3732 iis,
1063 3660 1250 3737 quacuratio-

117 3755 189 3793 num
215 3735 305 3813 gratia
331 3738 455 3814 praediti
480 3737 611 3795 inerant:
642 3757 704 3796 non
731 3736 767 3795 ab
791 3735 853 3795 istis
877 3733 1076 3809 carnificibus,
1108 3734 1159 3813 qui
1185 3733 1257 3813 plus¹

116 3809 272 3869 mactando
292 3833 324 3871 ae
344 3813 517 3872 trucidando
537 3813 645 3888 valent,
665 3834 750 3891 quarn
769 3811 910 3871 sanando.

195 3893 242 3950 21.
283 3889 458 3967 Quanquam
491 3889 602 3948 etiamsi
632 3888 830 3960 obtinuerint,
869 3887 936 3947 huie
966 3886 1053 3946 aetati
1079 3885 1249 3960 convenire,

116 3964 198 4044 quod
220 3962 257 4021 de
275 3966 417 4024 unctione
437 3964 473 4024 ab
494 3964 603 4026 Iacobo
623 3965 802 4045 praeripitur
820 3969 924 4042 (aquo
944 3961 1252 4043 longissimeabsunt),

116 4062 175 4102 nec
205 4040 247 4099 sic
273 4041 391 4121 quidem
423 4042 518 4102 adbuc
547 4042 672 4102 multum
699 4042 904 4122 promoverint
935 4041 964 4098 in
986 4037 1176 4119 approbanda
1200 4058 1252 4097 sue

117 4117 272 4191 unctione,
293 4140 350 4197 qua
370 4118 508 4178 hactenus
528 4140 582 4179 nos
602 4118 767 4178 illeverunt.
805 4115 1063 4192 Iacobus(5‚1d.)
1084 4134 1187 4174 omnes
1204 4114 1252 4175 in.-

118 4195 220 4254 firmos
244 4194 307 4254 vult
330 4195 449 4275 inungi:
483 4194 531 4254 isti
556 4216 622 4274 non
646 4193 790 4269 infirmos,
821 4192 873 4253 sed
898 4194 1085 4252 semimortua
1111 4191 1253 4250 cadavera

119 4289 173 4330 sua
191 4269 371 4352 pinguedine
389 4270 543 4347 inficiunt,
562 4292 652 4350 quum
671 4271 786 4331 iamiam
797 4269 892 4329 anima
911 4269 942 4328 in
963 4265 1143 4348 primoribus
1162 4265 1252 4328 labris

119 4344 239 4408 laborat
256 4347 303 4408 vel
321 4351 370 4428 (ut
384 4348 439 4428 ipsi
457 4346 634 4429 loquuntur)
653 4347 685 4410 iu
704 4345 847 4410 extremis.
885 4344 920 4407 Si
938 4354 1123 4425 praesentem
1143 4342 1254 4407 babent

146 4445 238 4495 camur
250 4448 370 4494 intruso
385 4449 418 4496 ιι.
1012 4425 1053 4486 30
