2700 4732
473 200 549 281 ura.
570 199 623 260 rv.
662 172 752 263 ca‘r.
771 198 851 261 xm
1109 147 1112 151 ¹
1182 203 1238 265 sar

69 392 73 398 .
106 363 187 405 mere
207 344 309 406 iecisse
329 346 499 406 existimant.
544 344 638 405 Recte
658 344 687 403 id
708 363 791 404 saue:
818 364 837 402 u
898 341 1021 403 anobis
1038 339 1240 423 reprehende·

107 433 221 494 rentur,
240 422 270 482 si·
284 442 315 482 se
334 421 546 502 Apostolorum
565 422 729 482 imitatores
748 361 949 481 emendicent.
987 418 1047 478 Sed
1066 416 1137 498 quid
1159 419 1239 479 sece-

106 511 178 557 runt
197 499 352 575 Apostoli?
390 499 497 559 Narrat
514 498 609 558 Lucas
628 498 660 557 iu
680 496 763 558 Actis
782 497 903 572 (Act-8,
915 495 1238 578 15.et17.),1tp0st0·

107 572 168 648 los,
198 575 248 653 qui
268 573 479 654 Hierosolymis
504 585 603 647 erant,
634 595 722 653 quum
749 572 897 633 audissent
915 571 1072 633 Samariam
1093 572 1239 650 recepisse

106 651 229 710 verbum
248 650 317 725 Dei,
335 652 446 710 misisse
464 649 534 711 illuc
553 651 674 710 Petrum
695 661 724 708 et
743 648 903 710 Ioannem:
924 647 990 709 illos
998 669 1063 783 pro
1081 646 1239 708 Samarita-

108 726 153 786 nis
174 746 283 802 orasse,
303 739 335 786 ut
355 728 648 806 Spiritum'sanetum
669 727 847 804 acciperent,
865 725 914 803 qui
935 745 1004 801 non,
1018 746 1065 783 um
1086 725 1116 783 in
1136 744 1238 804 quem-

108 822 193 880 qoam
214 803 333 863 illorum
350 815 482 878 uenerat,
502 802 551 863 sed
572 803 710 882 baptizati
730 812 844 861 tautum
861 812 945 861 erant
963 801 993 860 iu
1013 802 1135 861 nomine
1155 800 1237 863 lesu:

108 881 245 939 oratione
266 881 351 952 lacta,
367 902 466 939 manus
485 879 541 940 illis
560 879 746 958 imposuisse:
757 898 821 958 per
832 899 919 958 quam
938 877 1156 957 impositionem
1169 877 1237 956 spi·
1252 917 1268 940 s

108 955 196 1014 ritum
215 967 347 1016 sanctum
367 955 539 1016 Samaritani
558 966 745 1034 acceperunt.
793 955 833 1013 Et
852 955 890 1013 de
913 955 966 1014 bac
986 975 1123 1014 manuum
1142 956 1238 1033 impo-

108 1031 222 1111 sitione
234 1032 389 1111 aliquoties
407 1031 550 1094 meminit.
594 1031 703 1106 Audio,
728 1030 797 1110 quid
816 1030 953 1111 Apostoli
970 1030 1111 1091 iecerint:
1131 1049 1239 1109 nempe

108 1127 192 1167 suum
212 1109 401 1168 ministerium
422 1109 548 1168 fideliter
573 1108 723 1187 exsequuti
746 1118 822 1167 sunt.
860 1106 997 1168 Visibiles
1017 1107 1077 1167 illas
1098 1119 1129 1166 et
1146 1107 1238 1168 admi·

108 1183 215 1244 rabil'es
234 1184 360 1264 Spiritus
379 1187 469 1245 sancti
489 1184 626 1267 gratias,'
639 1205 709 1262 quas
727 1196 798 1243 tunc
818 1184 849 1243 in
873 1183 1014 1264 populum
1035 1205 1117 1244 suum
1139 1184 1238 1243 ellen-

109 1259 212 1334 debat,
231 1261 324 1334 voluit
343 1263 488 1321 Dominus
508 1283 523 1320 a
543 1263 600 1321 suis
620 1258 770 1338 Apostolis
790 1279 845 1341 per
862 1281 999 1320 manuum
1018 1260 1250 1340 impositionem

108 1336 302 1397 administrari
323 1350 353 1399 et
372 1337 516 1397 distribui.
558 1336 646 1395 llnic
675 1347 772 1395 autem
803 1336 985 1416 impositioni
1013 1358 1150 1397 manuum
1175 1358 1237 1397 non

109 1411 195 1472 altius
218 1414 337 1473 subesse
356 1415 523 1473 misterium
544 1415 659 1494 cogito:
683 1412 734 1471 sed
755 1411 918 1473 huiusmodi
939 1414 1136 1474 ceremoniam
1156 1412 1238 1473 adhi-

56 1479 72 1501 χ
107 1486 198 1549 bitam
218 1490 255 1549 ab
276 1490 332 1550 illis
352 1476 543 1568 inlerpretor,
558 1501 591 1549 ut
611 1491 675 1569 ipso
694 1500 779 1569 gestu
796 1487 1007 1583 significarent,
1027 1491 1135 1550 seDeo
1156 1511 1238 1551 eom·

107 1566 248 1624 mendane
267 1579 299 1625 et
317 1567 400 1626 velut
412 1566 523 1626 ollerre
543 1587 620 1638 eum,
640 1565 685 1625 cui
707 1586 806 1625 manus
824 1565 1027 1645 imponebant.
1066 1566 1133 1627 Hoc
1152 1567 1238 1627 mini-

108 1643 228 1701 sterium
249 1663 307 1722 quo
327 1654 399 1703 tunc
417 1643 556 1723 Apostoli
577 1643 792 1722 iungebantur,
821 1643 846 1702 si
865 1643 959 1702 adbuc
983 1641 1014 1701 in
1035 1642 1156 1702 ecclesia
1175 1664 1238 1703 ma-

107 1730 209 1791 neret,
239 1738 374 1778 manuum
398 1739 518 1811 quoque
547 1719 766 1799 impositionem
790 1729 944 1798 oporteret
965 1719 1085 1780 servari:
1116 1718 1168 1779 sed
1187 1719 1251 1785 ubi¹

107 1796 203 1872 gratia
227 1793 274 1854 illa
295 1796 424 1856 conferri
450 1796 550 1873 desiit,
583 1815 721 1873 quorsum
751 1797 879 1874 pertinet
904 1816 1041 1856 murrum
1068 1795 1239 1876 impositio?

107 1870 214 1929 Adhuc
234 1883 315 1931 certe
334 1873 416 1932 adest
434 1872 546 1952 populo
567 1871 625 1931 Dei
646 1871 772 1963 Spiritus
791 1883 922 1932 sanctus:
954 1891 1013 1951 quo
1040 1872 1095 1932 nisi
1114 1871 1238 1933 ductore

108 1958 141 2005 et
160 1945 305 2009 directore
325 1950 484 2009 consistere
503 1949 607 2028 nequit
624 1948 682 2007 Der
703 1946 833 2008 ecelesia.
870 1947 1019 2008 Habemus
1038 1948 1117 2008 euim
1141 1961 1240 2009 aeter-

108 2042 176 2082 nam
196 2035 227 2084 et
246 2037 390 2104 perpetuo
410 2037 607 2086 constaturam
627 2025 859 2104 promissionem,
878 2045 935 2105 qua
955 2023 1089 2085 Christus
1107 2024 1239 2086 sitientes

109 2098 146 2158 ad
167 2118 198 2158 se
216 2112 318 2173 vocat,
338 2113 371 2159 ut
387 2101 490 2161 bibant
509 2122 596 2181 aquas
616 2103 693 2162 rivas
712 2102 898 2180 (Io.,7,37.).
942 2100 1001 2160 Sed
1021 2112 1171 2161 cessarunt
1189 2101 1239 2162 illa

107 2176 248 2236 virtutum
272 2176 409 2238 miracula
441 2177 666 2239 etsmanilestae
692 2176 893 2258 operationes,
924 2197 999 2256 quae
1025 2196 1081 2258 per
1098 2199 1237 2238 manuum

107 2251 326 2332 impositionem
347 2254 611 2328 distribuebantur,
635 2256 691 2314 nee
716 2254 770 2313 uisi
790 2254 826 2313 ad
845 2266 961 2334 tempus
981 2274 1043 2313 esse
1063 2252 1239 2316 debuerunt.

110 2326 254 2408 Oportuit
278 2332 354 2389 euim
387 2352 493 2392 noram
518 2330 667 2412 Evangelii
698 2330 962 2410 praedicationem,
993 2349 1101 2390 norum
1127 2331 1237 2392 Cbristi

107 2425 232 2488 regnum
269 2406 404 2468 inauditis
437 2420 467 2468 et
493 2408 637 2469 inusitatis
660 2407 807 2467 miraculis
830 2407 967 2468 illustrari
992 2418 1023 2471 et
1047 2407 1237 2489 magnificari.

109 2481 137 2539 A
156 2483 261 2560 quibus
282 2484 332 2543 ubi
352 2481 474 2544 'cessavit
496 2485 656 2559 Dominus,
675 2506 736 2545 non
756 2485 890 2564 protinus
915 2483 1064 2545 ecclesiam
1084 2506 1166 2544 suam
1186 2484 1238 2544 de·

108 2559 214 2635 seruit,
240 2560 290 2619 sed
316 2562 399 2641 regni
423 2563 468 2621 sui
490 2583 536 2620 ma
560 2561 735 2621 nilicentiam
754 2560 898 2639 verbique
917 2562 961 2622 sui
982 2561 1151 2695 diqnitatem
1170 2562 1238 2622 satis

108 2636 285 2697 excellenter
303 2638 512 2698 manifestatam
533 2580 643 2699 Docuit.
676 2638 745 2712 Qua
763 2637 853 2718 igitur
871 2639 901 2697 in
915 2649 995 2716 parte
1035 2637 1170 2697 istriones
1189 2638 1238 2698 isti

109 2713 271 2789 Apostolos
296 2734 327 2772 se
352 2714 457 2773 imitari
482 2715 598 2776 dicenti‘
648 2715 715 2774 lloc
734 2714 878 2794 agendum
899 2725 962 2772 erat
986 2733 1123 2772 manuum
1143 2714 1239 2794 impo·
1287 2726 1289 2731 '

109 2786 231 2859 sitione,
260 2801 294 2847 ut
318 2791 434 2849 evidens
455 2791 580 2869 Spiritus
608 2793 700 2850 sancti
725 2791 815 2849 virtus
838 2790 934 2848 statim
958 2809 990 2848 se
1011 2801 1164 2848 exsereret.
1202 2790 1239 2849 Id

109 2885 171 2922 non
192 2864 335 2923 elliciunt:
367 2867 438 2943 quid
471 2868 560 2947 igitur
584 2885 639 2945 pro
664 2885 695 2924 se
719 2865 829 2924 iactant
854 2887 990 2925 manuum
1011 2864 1239 2945 impositionem,

107 2941 356 3076 quamplpostolis
374 2941 489 3020 quidem
508 2942 539 3001 in
559 2963 611 3001 usu
633 2941 719 3002 luisse
738 2940 873 3023 legimus,
892 2942 942 3002 sed
962 2963 1080 3021 prorsus
1100 2943 1131 3001 in
1152 2942 1239 3004 alium

129 3037 211 3076 nem.

184 3100 212 3157 7.
251 3093 387 3154 Eiusdem
407 3093 465 3155 boc
490 3095 612 3155 rationis
630 3106 689 3167 est,
708 3097 765 3155 acsi
785 3099 849 3229 quis
870 3095 1005 3171 doceret,
1025 3095 1124 3155 flatum
1145 3094 1238 3174 illum,

802 3192 820 3230 o

110 3190 170 3249 qno
195 3170 340 3230 Dominus
365 3171 523 3251 discipulos
547 3192 615 3232 suos
640 3172 782 3262 afflavit(
823 3177 892 3245 dte,
909 3174 987 3307 SDp,
1019 3173 1238 3234 Sacramentum

110 3267 183 3321 esse,
203 3268 261 3326 quo
283 3247 507 3326 deturSpiritus
526 3260 650 3309 sanctus.
690 3251 780 3327 Atqm
800 3249 857 3308 hoc
876 3268 954 3308 seme
986 3249 1130 3312 Dominus
1150 3272 1239 3333 quum

109 3323 191 3395 iecit,
210 3345 271 3383 non
292 3347 308 3385 a
329 3324 413 3383 nobis
433 3325 497 3383 fieri
519 3328 603 3384 ctiam
623 3325 729 3385 voluit.
767 3325 813 3383 Ad
834 3344 899 3383 eum
921 3326 1039 3386 modum
1061 3325 1240 3407 etApostoli

109 3420 211 3458 manus
230 3400 423 3479 imponebant
452 3423 508 3480 pro
533 3423 569 3460 eo
594 3413 745 3496 tempore,
792 3422 830 3460 uo
854 3401 1024 3461 risibilesS
1047 3403 1129 3463 iritus
1147 3405 1241 3463 sancti

109 3477 216 3557 gratias
241 3478 275 3535 ad
303 3499 405 3536 eorum
430 3499 532 3568 preces
557 3476 749 3537 administrari
810 3478 910 3538 omino
936 3423 1085 3558 pleceibt,
1116 3499 1177 3538 non
1207 3492 1260 3556 ut¹

110 3551 222 3631 posteri
238 3574 363 3614 vacuum
379 3567 409 3614 et
428 3555 564 3637 {rigidum
582 3555 696 3636 siguum
715 3554 810 3635 (quod
830 3555 930 3614 simiae
949 3553 1021 3614 istae
1041 3554 1165 3625 iaciunt)
1186 3557 1241 3615 mi-

109 3629 208 3687 mitice
226 3641 337 3691 tantum
359 3643 389 3689 et
408 3633 469 3690 sine
490 3652 521 3689 re
534 3630 718 3711 effingerent.
759 3631 876 3705 Quodsi
895 3653 1032 3691 manuum
1052 3633 1089 3690 im
1114 3632 1241 3692 ositioue

110 3704 272 3783 Apostolos
297 3728 328 3765 se
353 3708 469 3767 imitiari
494 3708 627 3767 evincant
658 3709 702 3786 (in
724 3729 780 3787 qua
802 3706 873 3765 nihil
894 3729 958 3767 cnm
979 3706 1114 3787 Aposto'
1147 3708 1241 3768 simile

109 3780 221 3841 babent
240 3794 357 3862 praeter
376 3784 475 3843 nescio
495 3806 580 3862 quam
601 3796 817 3863 praeposteram
836 3786 1026 3855 κακοζηλίανγ
1043 3784 1124 3843 unde
1142 3797 1240 3844 tamen

111 3858 221 3927 oleum,
242 3860 321 3938 quod
341 3872 460 3931 vocant,
477 3860 591 3920 salutis?
631 3861 707 3935 Quis
727 3881 778 3919 eos
802 3863 832 3919 in
859 3860 927 3920 oleo
951 3859 1072 3919 salutem
1120 3880 1240 3923 uaerere

110 3933 230 3993 docuit?
256 3937 318 4014 quis
338 3938 393 3995 rim
416 3935 576 3996 roborandi
604 3938 644 3995 illi
665 3936 845 3995 attribuere?
885 3936 930 3995 An
952 3935 1057 3995 Paulus
1077 3881 1161 4013 (Dat.
1173 3945 1202 4010 d,
1212 3946 1240 4003 9.

111 4010 179 4071 Col.
194 4014 307 4086 Mil),
327 4015 376 4090 qui
396 4012 497 4072 nesab
513 4013 663 4073 elementis
684 4013 767 4072 huius
787 4013 888 4072 mundi
909 4013 999 4093 longe
1014 4013 1171 4089 abstrahit,
1192 4017 1242 4092 qui
1268 4034 1275 4041 ’

110 4087 184 4146 nihil
208 4088 299 4169 magis
319 4089 450 4164 damnat,
496 4112 559 4149 uam
583 4090 691 4149 talibus
715 4089 974 4149 observatiuneulis
999 4089 1136 4151 haerere?
1175 4091 1242 4151 lloc

110 4184 198 4238 vero,
223 4185 284 4224 nou
310 4185 410 4241 ame,
435 4112 493 4226 sui
507 4165 674 4243 a1Domino
696 4166 833 4225 audacter
853 4165 1035 4245 pronuncio:
1067 4169 1116 4245 qui
1143 4165 1241 4226 oleum

111 4253 217 4302 rorant
236 4242 335 4302 oleum
354 4242 462 4314 salutis,
481 4243 613 4317 salutem,
632 4263 708 4322 quae
728 4241 758 4302 in
771 4242 890 4304 Christo
911 4255 965 4316 est,
984 4241 1135 4318 abiurant,
1156 4243 1242 4304 Chri·

110 4327 185 4379 stum
210 4317 372 4402 abnegant,
402 4330 515 4400 partem
534 4321 566 4383 iu
587 4339 682 4403 regno
701 4319 760 4381 Dei
780 4340 841 4381 non
866 4318 983 4381 babent.
1036 4318 1143 4381 Oleum
1164 4320 1243 4383 enirn
1299 4328 1307 4348 ‘
