2700 4732
106 196 167 261 ms
510 188 588 251 utu
606 190 663 249 ιιι.
688 192 792 276 cau
812 188 866 249 ιι.

105 333 298 398 vehementer
314 345 384 394 suut
402 332 561 426 deprecati.
598 334 738 419 „castiga
750 354 808 409 me,
825 334 956 395 Domlne
974 332 1088 413 (inquit
1106 330 1248 391 Ieremias

27 432 31 439 ·
107 432 193 493 „cap
212 418 260 483 tf),
278 413 358 486 24),
376 410 427 470 sed
448 430 479 469 ιιι
499 410 622 487 iudicio,
644 433 704 471 non
725 413 754 471 in
776 412 817 472 ira
837 424 903 471 tna:
929 430 967 470 ne
992 410 1070 469 forte
1089 408 1246 467 imminuas

106 509 188 567 „mes
226 486 357 547 Effunde
377 486 508 547 furorem
527 499 610 547 tuum
631 489 786 572 ingentes,
808 508 882 568 quae
904 500 933 547 te
954 508 1014 547 non
1035 496 1193 560 noverunt,
1215 494 1246 543 et

105 565 159 643 „in
188 582 294 647 regna,
328 583 404 644 quae
433 583 543 623 nomen
573 576 655 625 tuum
684 586 745 625 nnn
777 568 961 625 invocarunt.
1019 562 1113 623 David
1145 572 1245 623 autem

106 642 192 721 „(Ps.
209 647 239 715 6,
257 642 316 717 2.):
343 639 500 717 „Domine
519 660 557 700 ne
577 642 607 701 in
629 642 729 702 furore
748 654 801 701 tuo
825 662 927 723 arguas
946 661 1008 712 nac,
1034 659 1131 720 neque
1150 639 1180 697 in
1202 638 1247 698 ira

106 730 179 793 „tua
202 718 344 796 corripias
367 720 445 776 me.“
495 718 600 796 Neque
628 718 715 779 obest
739 719 819 798 quod
845 718 1027 799 saepiuscule
1055 715 1161 775 sanctis
1186 715 1246 775 auis

105 794 192 858 irasci
205 794 313 853 dicitur
325 794 470 854 Dominus
504 794 673 871 Passa),
693 816 782 875 quum
802 796 832 854 in
853 816 955 853 eorum
976 804 1096 859 peccata
1115 790 1247 851 animad-

105 871 220 963 vertit..
243 870 383 962 Qualiter
401 869 487 961 apud·
512 872 620 962 esaiam
640 875 704 951 (ta,
723 875 781 948 l·):
802 861 1004 947 „Confitebor
1013 871 1079 945 tibi,
1098 868 1242 943 Domine,
1275 868 1280 877 '

105 967 268 1030 „quoniam
288 958 378 1007 :ratus
399 965 428 1006 es
449 947 533 1006 mrbr:
564 968 721 1009 conversus
741 960 785 1009 est
810 949 894 1008 furor
912 959 995 1022 tuus,
1026 959 1057 1006 et
1076 945 1247 1013 consolatus

106 1045 165 1103 „es
184 1028 265 1084 me.“
315 1023 389 1083 ltem
421 1023 561 1083 Habacuc
590 1026 639 1114 (3,
657 1028 717 1099 2.):
749 1026 873 1099 „Quum
902 1025 992 1084 iratus
1021 1022 1127 1093 fueris,
1158 1023 1247 1081 ιιιίιο-

104 1101 273 1181 „ricordiae
290 1099 525 1160 recordaberis.“
562 1099 707 1161 Michaeas
726 1122 797 1161 vero
818 1106 868 1179 (7,
885 1104 947 1178 9.):
972 1099 1073 1175 „Iram
1093 1098 1151 1157 Dei
1173 1118 1248 1179 por-

105 1177 213 1258 „tabo,
242 1176 310 1256 quia
338 1177 457 1256 peccavi
485 1178 542 1235 ei.“
598 1178 657 1236 Ubi
686 1178 840 1253 admonet,
873 1198 934 1237 non
964 1178 1059 1237 solum
1085 1174 1156 1234 nibil
1189 1175 1247 1234 ob·

104 1253 266 1335 strependo
307 1252 442 1327 robcere,
461 1253 512 1331 qui
532 1255 606 1313 iuste
627 1253 805 1332 plectuntur,
824 1255 876 1314 sed
896 1253 1007 1314 doloris
1026 1253 1249 1333 mitigationem

105 1342 264 1413 suppetere
284 1275 418 1389 ddelibus
438 1329 591 1389 consilium
601 1329 660 1390 Dei
680 1332 855 1411 reputando.
894 1330 1005 1389 Eadem
1026 1331 1105 1389 enirn
1126 1329 1248 1387 ratione

106 1407 315 1469 haereditatem
336 1425 417 1466 suam
436 1405 594 1485 profanare
615 1406 734 1466 dicitur:
760 1429 846 1486 quarn
871 1418 986 1482 tamen,
1012 1418 1044 1465 ut
1062 1408 1186 1479 scimus,
1212 1404 1246 1463 in

107 1496 260 1547 aeternum
280 1502 341 1543 non
362 1481 539 1562 profanabit.
589 1482 623 1543 ld
643 1495 739 1543 autern
761 1505 820 1544 non
842 1483 876 1544 ad
897 1484 954 1542 Dei
976 1483 1124 1563 punientis
1144 1482 1249 1541 consi-

107 1560 180 1623 lium
199 1559 246 1619 vel
264 1558 423 1629 affectum,
452 1560 504 1618 sed
534 1559 570 1618 ad
595 1558 798 1621 vehementem
824 1559 935 1620 doloris
964 1580 1080 1619 sensum
1104 1559 1250 1634 refertur,

104 1657 167 1779 quo
186 1636 355 1698 alliciuntur
374 1636 424 1714 qui
445 1633 492 1695 vel
513 1636 747 1715 qualemcunque
779 1636 839 1695 eius
869 1638 1055 1696 severitatem
1087 1635 1246 1695 sustinent.

136 1726 148 1774 t
169 1714 198 1774 ui
217 1711 319 1773 fideles
338 1732 407 1772 suos
427 1733 488 1772 nou
508 1713 650 1773 mediocri
669 1724 780 1773 tanturn
801 1715 969 1773 austeritate
989 1714 1104 1804 pungit,
1123 1712 1175 1772 sed
1197 1712 1248 1771 in-

105 1735 223 1855 terdum
244 1790 284 1850 ita
302 1788 447 1863 vulnerat,
467 1799 499 1847 ut
517 1788 573 1849 sibi
593 1809 654 1849 non
675 1789 766 1871 longe
785 1790 820 1850 ab
841 1790 1007 1850 inferorum
1026 1789 1115 1848 exitio
1136 1788 1250 1849 distare

105 1868 269 1930 rideantur.
293 1864 473 1945 sicquidem
485 1877 607 1926 testatur
625 1867 696 1925 iram
716 1888 794 1927 suam
815 1868 1005 1947 promeritos,
1024 1878 1113 1945 atque
1133 1866 1175 1925 ita
1195 1886 1248 1924 ea-

105 1944 190 2027 pedit
208 1955 242 2002 ut
259 1942 316 2003 sibi
333 1944 366 2001 iu
384 1941 466 2001 malis
492 1944 551 2003 suis
576 1942 763 2022 displiceant,
796 1944 853 2002 Dei
878 1942 1012 2022 placandi
1036 1942 1156 2001 maiore
1175 1962 1250 2002 cura

103 2031 275 2104 tangantur,
295 2029 325 2078 et
341 2017 467 2079 sollicite
485 2020 645 2080 adveniam
664 2020 821 2100 petendam
835 2021 988 2080 festinent:
1008 2018 1059 2079 sed
1079 2019 1161 2077 in'eo
1177 2020 1249 2099 ipso

103 2096 282 2159 luculentius
301 2094 418 2154 interim
430 2094 615 2171 clementiae,
627 2117 713 2175 qnam
731 2097 792 2156 irae
811 2116 881 2157 suae
899 2095 1099 2156 testimonium
1119 2094 1248 2175 profert.

105 2173 174 2235 Stat
192 2172 272 2232 euim
299 2170 404 2231 foedus
427 2170 459 2231 in
478 2191 549 2233 vero
577 2185 680 2232 nostro
700 2171 863 2233 Salomone
888 2172 1044 2234 nobiscum
1063 2174 1250 2251 percussum,

105 2250 188 2316 euius
206 2248 295 2309 fidem
315 2267 376 2307 nun
398 2269 463 2308 rum
489 2250 554 2308 fore
577 2249 698 2322 irritam,
721 2251 744 2311 is
764 2250 814 2329 qui
835 2248 936 2310 fallere
962 2259 1145 2329 non-potest
1163 2248 1250 2309 allis-u

105 2328 205 2388 mavit.
243 2324 298 2400 „Si
318 2269 539 2407 dereliquerint,
558 2325 655 2405 inquit
674 2326 737 2403 (Ps.
749 2328 958 2401 89,3t-3a.)‚
979 2326 1030 2385 filii
1050 2326 1111 2385 eius
1132 2324 1249 2407 Legem

105 2422 232 2481 „meam,
251 2412 284 2461 et
302 2400 333 2460 in
351 2400 466 2462 iudiciis
485 2403 557 2463 meis
576 2424 638 2462 non
660 2398 889 2463 ambulaverint:
914 2403 938 2463 si
957 2414 1065 2461 statuto
1085 2420 1149 2462 mea
1171 2422 1248 2483 pro-

106 2480 309 2557 „fanaverint,
340 2490 371 2536 et
394 2478 530 2538 mandata
553 2499 618 2538 mea
638 2500 700 2538 non
721 2480 929 2540 custodierint:
962 2480 1087 2539 visitabo
1109 2479 1139 2537 in
1159 2478 1251 2561 virga

104 2555 297 2637 „iniquitates
312 2573 431 2630 eorum,
450 2567 481 2614 et
500 2556 529 2613 in
540 2554 715 2617 verberibus
734 2568 854 2636 peccata
872 2575 990 2616 eorum:
1011 2556 1248 2617 misericordiam

105 2632 224 2712 „sulem
244 2650 339 2690 meam
358 2651 421 2692 non
440 2631 569 2692 auferam
588 2632 626 2693 ab
647 2637 714 2692 co.“
758 2634 849 2692 Cuius
869 2632 1087 2692 misericordiae
1107 2652 1168 2712 quo
1190 2646 1249 2695 noa

106 2708 391 2781 certioresfaccret,
410 2704 533 2784 riirgane,
572 2731 608 2769 ua
629 2707 796 2768 Salomonis
812 2710 1017 2788 posteritatem
1037 2720 1151 2791 arguet,
1174 2710 1250 2771 dira't

105 2786 172 2848 fore
191 2786 333 2859 virorum,
354 2786 517 2846 etverbera
537 2730 664 2845 fiiiorum
685 2784 835 2846 bominum
855 2786 912 2865 (ll.
927 2786 1006 2844 Sam.
1018 2792 1047 2860 7,
1059 2787 1132 2862 lab).
1165 2786 1249 2861 Qui·

105 2862 161 2925 bus
181 2861 331 2944 particulis
351 2862 421 2922 dum
440 2862 673 2922 moderationem
694 2874 725 2922 et
744 2863 896 2925 lenitatem
915 2862 1068 2944 siguificat,
1088 2862 1175 2923 simul
1198 2864 1248 2923 in·

105 2940 174 3001 nuit
192 2959 253 2999 non
274 2959 362 3018 posse
380 2939 437 2999 nisi
462 2951 593 3019 extremo
618 2938 756 3020 letalique
781 2940 906 2999 borrore
927 2940 1095 3013 confun'tll,¹
1111 2940 1163 3019 qni
1183 2938 1246 2999 ‘Dei

105 3038 223 3078 manum
244 3016 300 3075 sibi
320 3015 468 3076 adversam
488 3036 551 3077 esse
570 3018 709 3077 sentiunt.
758 3016 851 3075 lluius
875 3015 1002 3074 lenitatis
1028 3027 1170 3094 quantum
1193 3016 1248 3077 b‘a-

106 3091 520 3173 beat-rationem·in·lsraele
540 3114 594 3153 suo
615 3093 796 3173 castigando,
816 3094 947 3153 ostendit
965 3094 1041 3172 apud
1052 3093 1247 3171 ‘l‘roplretam

105 3170 331 3251 (les.48,1ttt.):
350 3166 408 3241 „ln
428 3168 503 3251 igne·
516 3170 674 3249 repurgavi
694 3182 735 3244 te,
755 3168 861 3248 inquit,
882 3169 933 3229 sed
953 3190 1014 3227 non
1035 3168 1115 3231 velut
1135 3189 1249 3263 argen-

105 3258 184 3307 tum:
205 3265 272 3305 nam
284 3255 324 3303 ·et
343 3247 405 3327 ipse
417 3256 505 3306 totus
524 3247 694 3326 absumptus
715 3253 821 3306 esses.“
862 3246 1036 3324 Quanquam
1058 3248 1247 3326 purgationis

104 3322 174 3385 luco
196 3320 412 3403 castigationes
436 3320 479 3381 illi
511 3342 574 3383 esse
599 3324 706 3383 docet:
740 3334 909 3383 costenten
934 3324 1008 3402 ipsas
1038 3324 1118 3382 addit
1137 3322 1189 3383 ita
1212 3344 1248 3384 se

105 3410 283 3479 temperare,
302 3418 341 3457 uc
361 3399 427 3477 plns
445 3397 522 3459 iusto
542 3418 598 3479 per
615 3419 664 3458 eas
676 3400 836 3459 deteratur.
876 3400 970 3479 quue
982 3401 1105 3459 omnino
1123 3419 1250 3461 necesse

106 3487 165 3537 est:
191 3474 259 3555 quia
277 3486 311 3535 ut
331 3477 453 3555 quisque
471 3476 570 3535 Deum
590 3476 680 3557 magis
700 3489 868 3548 reveretur,
897 3489 927 3536 et
947 3478 981 3535 arl
1003 3476 1157 3535 colendam
1180 3478 1247 3557 pie-'

104 3563 195 3615 tatem
215 3571 247 3611 se
266 3550 390 3627 addicit,
413 3552 455 3612 sic
478 3552 613 3612 tenerior
631 3564 676 3611 est
690 3553 736 3612 ad
764 3553 914 3611 ferendam
939 3554 1000 3612 eius
1025 3554 1096 3613 iram
1119 3550 1175 3631 [cf.
1195 3554 1246 3615 es.

104 3634 156 3706 90,
176 3636 224 3694 11.
244 3639 275 3688 et
293 3626 364 3711 ibid.
386 3628 490 3710 Cain}
529 3628 665 3709 Reprobi
689 3648 806 3709 nempe,
826 3630 955 3708 quamvis
974 3630 1027 3689 sub
1048 3629 1172 3711 flagellis
1191 3650 1247 3711 ge-

105 3717 202 3780 mant,
226 3706 293 3785 quia
319 3714 418 3765 tamen
443 3725 506 3767 non
530 3706 698 3786 expendunt
724 3726 854 3782 causam,
880 3707 950 3786 quin
976 3708 1074 3786 potius
1101 3720 1161 3765 tam
1184 3706 1246 3769 suis

105 3782 234 3864 peccatis
255 3802 342 3861 quam
357 3782 415 3843 Dei
435 3783 543 3843 iudicio
562 3797 678 3864 tergum
700 3776 869 3855 obvertunt,
890 3804 923 3841 ex
942 3783 1078 3843 socordia
1097 3784 1148 3843 illa
1168 3804 1246 3843 con-

105 3860 229 3921 trabunt
246 3858 399 3919 duritiem:
424 3860 470 3922 vel
490 3862 556 3939 quia
581 3860 711 3919 fremunt
736 3871 765 3917 et
785 3859 952 3936 calcitrant,
979 3860 1113 3938 adeoque
1132 3860 1259 3919 tumul--

105 3948 228 3998 tuantur
245 3949 351 3997 contra
370 3959 454 3997 suum
475 3937 617 4011 iudicem,
639 3936 763 3995 furiosus
784 3935 832 3995 ille
853 3937 977 4016 impetus
999 3938 1123 3996 amentia
1144 3948 1175 3996 ct
1196 3936 1245 3995 fu-

106 4034 176 4075 rore
195 4032 247 4074 eos
266 4011 472 4094 obstupefacit
512 4013 626 4073 l‘idelcs
647 4024 744 4071 autem
764 4013 821 4071 Dci
843 4013 941 4072 ferulis
962 4013 1119 4085 admoniti,
1143 4013 1244 4072 statius

106 4089 291 4151 descendunt
308 4089 345 4149 ad
364 4088 526 4170 reputanda
546 4101 676 4168 peccata,
696 4102 726 4150 et
746 4103 825 4148 metu
845 4089 1030 4169 horroreque
1050 4088 1187 4167 perculsi,
1206 4090 1245 4149 ad

107 4166 348 4247 deprecationem
366 4166 513 4247 supplices
533 4166 717 4247 confugiunt.
757 4167 821 4226 llos
841 4166 976 4239 dolores,
997 4167 1102 4245 quibus
1121 4185 1154 4225 se
1173 4188 1245 4225 cru-

106 4246 187 4305 ciant
204 4243 330 4305 miserae
346 4242 470 4317 animae,
490 4243 544 4304 nisi
564 4243 671 4305 leniret
679 4243 772 4321 Deus,
791 4244 1017 4305 succumberent
1033 4242 1144 4305 centies
1155 4243 1247 4313 etiam

107 4319 140 4383 ia
159 4318 357 4384 mediocribus
376 4320 436 4383 irae
455 4320 517 4383 eiua
535 4320 633 4404 signis.
