2700 4732
56 180 116 244 412
407 164 516 241 ,1213ss
530 175 586 238 lv,
625 176 714 240 CAP.
735 176 834 239 xvtt

135 325 182 386 17.
221 317 267 380 Ac
280 338 339 398 quo
360 336 493 381 errorem
508 319 599 382 semel
618 330 728 383 temere
742 331 909 402 susceptum
922 319 1084 382 obstinate
1103 329 1205 379 tuean-

58 407 119 474 tur,
137 415 198 456 non
219 394 356 456 dubitant
374 395 464 490 aliqui
483 415 516 455 ex
535 397 604 477 ipsis
623 399 743 473 iactare,
761 419 822 458 nou
841 397 913 458 alias
930 416 1072 476 unquam
1094 395 1205 455 dimen-

58 473 159 535 siones
178 471 311 535 babuisse
324 470 439 533 chriso
453 493 579 551 carnem,
599 473 655 535 nisi
673 495 760 554 quam
779 475 870 556 louge
889 473 1012 554 lateque
1033 469 1158 534 coelum
1176 481 1205 531 et

59 559 139 613 terra
158 559 269 641 patent.
309 548 402 623 Quod
421 559 516 609 autem
537 570 612 630 puer
630 569 664 610 ex
684 562 769 612 utero
791 563 874 612 natus
893 550 941 623 sit,
962 549 1048 630 quod
1066 547 1202 623 erepit,

23 703 25 707 Α
59 625 143 707 quod
163 646 194 685 ru
215 644 302 686 eruce
323 644 478 705 expansus,
530 627 587 686 uod
607 626 742 718 sepulcro
763 625 904 701 inclusus,
928 624 959 686 id
981 610 1203 706 dispensatius

83 701 191 765 undam
208 701 327 773 factunm,
346 713 380 761 ut
399 647 548 777 nascendi,
568 703 725 778 moriendi,
745 700 1090 783 caeterisque·bumanis
1101 698 1201 763 offitiis

60 723 288 861 defungeretur:
308 776 388 859 quod
408 776 494 838 solita
507 779 641 858 corporis
659 781 756 860 specie
775 791 843 859 post
861 779 1124 840 resurrectionem
1134 796 1199 837 oon-

59 867 178 936 spectus
198 854 303 930 luerit,
332 853 413 934 quod
433 854 462 913 in
483 855 597 915 coelum
624 868 800 935 assumptus,
853 854 911 916 und
935 866 1100 934 postremo
1120 854 1200 913 etin

83 941 130 993 ost
149 930 350 992 ascensionem
363 929 514 1011 Stephano
536 942 567 991 et
579 930 673 992 Panlo
693 933 783 1006 visus,
803 877 905 992 eabem
924 931 956 993 id
978 929 1200 1011 dispensatione

59 952 730 1146 “nmrc‘sssalassescerent
750 1008 901 1146 keneu
921 1006 1199 1145 nne

59 1159 149 1237 brtet,
168 1179 274 1251 corpus
298 1157 407 1249 Christi
426 1158 596 1238 phantasma
614 1158 661 1221 vel
680 1131 892 1240 phantasticum
911 1146 1014 1235 fuisse,
1033 1161 1062 1221 si
1083 1179 1121 1220 ea
1133 1178 1199 1221 eoe-

61 1236 176 1298 ditioue
196 1235 262 1295 furt.
303 1233 363 1295 atu
383 1234 471 1314 paulo
492 1237 623 1319 argutius
644 1235 816 1312 elabuntur,
836 1236 954 1318 Corpus
970 1235 1049 1313 boc,
1094 1233 1155 1296 uod
1169 1232 1198 1293 in

60 1323 243 1375 sacramento
264 1309 364 1386 datur,
387 1310 549 1405 gloriosum
570 1331 633 1373 esse
653 1324 683 1374 et
709 1309 888 1374 immortale:
914 1313 1017 1392 itaque
1042 1312 1080 1372 ni
1104 1313 1113 1327 ⁹
1143 1327 1199 1373 esse

59 1387 180 1450 absurdi
200 1387 224 1448 si
243 1385 376 1471 pluribus
395 1408 426 1447 m
447 1385 535 1465 locis,
553 1389 577 1448 si
598 1387 680 1450 nullo
701 1387 781 1465 loco,
799 1389 824 1449 si
842 1386 922 1449 nulla
941 1387 1062 1462 forma,
1082 1385 1138 1448 sub
1157 1404 1198 1446 so·

60 1475 211 1526 eramento
231 1464 410 1551 continetur.
450 1462 510 1524 Sed
530 1485 649 1543 quaero,
670 1464 767 1541 Quale
788 1464 875 1525 dabat
894 1462 1049 1543 discipulis
1069 1462 1201 1525 christu

58 1540 155 1624 pridie
175 1561 259 1621 quam
279 1540 449 1621 pateretur?
480 1560 580 1600 annon
600 1540 691 1601 verba
714 1553 834 1625 sonant,
864 1538 992 1602 mortale
1010 1536 1102 1616 illud,
1124 1534 1199 1618 qnod

58 1616 148 1702 paulo
169 1628 237 1698 post
256 1617 429 1677 tradendum
451 1628 513 1676 erat
533 1616 664 1682 dedisse?
701 1617 762 1676 lam
775 1629 854 1693 ante,
873 1606 1023 1699 inquiunt,
1044 1612 1200 1697 snamglo·

59 1695 133 1756 riam
152 1693 247 1754 tribus
267 1692 415 1773 discipulis
440 1694 472 1752 in
498 1705 600 1754 moute
625 1693 861 1829 conspiciendam
881 1693 1064 1774 praebuerat
1084 1688 1200 1771 (Mattb.

59 1777 111 1847 17,
127 1772 180 1849 2).
206 1768 330 1829 *vnum
351 1768 381 1829 id
423 1769 534 1844 uidem,
559 1769 609 1831 sed
630 1789 662 1831 ea
683 1770 815 1831 caritate
834 1780 949 1853 gustum
969 1766 1200 1829 immortalitatis

60 1847 99 1909 ad
119 1846 222 1928 boram
241 1844 384 1927 praebere
401 1790 460 1906 iilis
479 1845 581 1906 voluit.
618 1846 737 1906 Interea
757 1865 819 1906 non
838 1845 991 1927 reperient
1009 1845 1076 1906 illic
1097 1843 1200 1925 duplex

61 1943 185 2005 corpus,
216 1923 377 1983 sedunum
397 1921 484 1996 illud,
515 1920 595 2003 quod
616 1921 751 2014 Christus
770 1920 1138 2016 gnestabat„nova·gloria
1156 1939 1201 1980 or·
1236 1960 1239 1967 ,

59 1996 323 2139 tlttnlllt
333 2017 420 2150 tt?
436 2018 842 2156 ,tt‘t¹¹⁸1>t⁰,¹,¹¹n2tt‘;¹¹2t
863 1998 1202 2157 lrtltnltzlt‘t‘t

61 2172 133 2216 core
152 2164 185 2213 ut
208 2152 342 2233 leprosus
361 2151 472 2211 iaceret
491 2151 562 2231 (les.
577 2157 627 2227 bl,
642 2153 700 2234 l.):
731 2161 844 2213 tantum
865 2151 962 2222 abest,
981 2162 1017 2210 nt
1040 2161 1121 2212 tunc
1139 2148 1200 2232 glo·

61 2229 135 2292 mam
155 2227 377 2321 resurrectionis
399 2227 533 2319 proferre
552 2227 652 2289 vellet
688 2228 730 2321 lit
750 2228 798 2289 bic
818 2239 926 2307 qqanta
945 2224 1200 2318 Marcioni-lenge

61 2317 324 2454 tettfi‘ll‘ut
345 2301 1200 2462 llltll‘z‘ttgttlslm'tsst,ttl'l‘„tiltsslt't

60 2459 158 2522 valeat
177 2477 278 2517 eorum
299 2456 418 2548 opinio,
442 2457 520 2516 idern
540 2457 673 2536 quotidie
698 2456 819 2534 accidit,
845 2456 912 2537 quia
931 2454 1021 2516 lateri
1040 2467 1200 2537 eoguntur,
1245 2482 1247 2489 ·

61 2531 352 2673 {qrpqtserristiern
372 2551 403 2592 se
423 2531 539 2668 qisibilq
556 2533 742 2668 iutvisibiliter
761 2532 852 2670 lateqe
871 2530 924 2593 sub
945 2531 1032 2613 panis
1051 2529 1199 2667 ⁸5¹³ng

151 2630 218 2670 mn
259 2633 287 2669 ur
326 2629 451 2668 rusmor
493 2629 756 2671 orenaevomun
839 2628 1033 2670 eoeosnon
1075 2630 1094 2667 u
1153 2627 1198 2667 sus

63 2686 225 2825 dedlqcoris,
239 2632 278 2746 int
296 2706 351 2746 nos
370 2683 450 2745 ultro
471 2630 617 2746 inscitus
630 2621 939 2766 conviciiiidrpetant
958 2685 1031 2765 quia
1051 2630 1114 2745 riou
1133 2681 1201 2744 snb·

61 2786 118 2827 serr
141 2784 226 2827 rmus.

142 2846 187 2907 18.
225 2837 301 2923 Age,
319 2839 344 2898 si
363 2858 469 2919 corpus
490 2850 519 2898 ct
538 2839 708 2921 sanguinem
728 2838 850 2899 Domini
880 2836 950 2918 pani
973 2857 1010 2895 ac
1035 2836 1113 2898 nino
1139 2834 1200 2895 affi-

64 2938 135 3002 gere
155 2917 241 2977 libets
267 2915 390 2976 alterum
410 2916 446 2974 ab
467 2916 561 2976 altero
582 2917 745 2975 necessario
767 2914 927 2974 divelletur.
965 2911 1045 2973 Nam
1066 2925 1104 2973 ut
1122 2914 1201 2994 panis

63 3014 195 3057 seorsum
216 3014 231 3052 a
252 2992 341 3053 calice
382 2992 537 3074 orrigitur,
562 2993 599 3052 ita
620 3012 726 3071 corpus
745 2992 813 3071 pani
833 2992 945 3050 unitum
966 3010 984 3048 a
1003 2989 1201 3071 sanguinein

64 3068 184 3132 calicem
214 3067 327 3129 incluso
357 3012 476 3127 divisum
506 3089 568 3128 esse
594 3069 754 3148 oportebit.
804 3069 904 3142 Quum
929 3065 1008 3124 enim
1035 3085 1150 3146 coquus
1173 3064 1200 3123 in

87 3167 156 3224 ane,
185 3146 355 3227 sanguinem
376 3145 406 3203 in
427 3142 515 3204 calice
536 3165 598 3205 esse
625 3143 785 3219 affirment,
816 3145 1021 3224 panisJautcm
1049 3153 1083 3201 et
1103 3145 1200 3202 viuum

63 3167 199 3285 iocorum
219 3219 318 3302 spatiis
338 3223 415 3279 inter
434 3240 465 3280 se
478 3221 603 3281 distent:
624 3220 702 3281 nulla
721 3220 964 3304 tergiversatione
975 3217 1054 3279 elabi
1077 3218 1200 3299 possint,

65 3298 138 3382 quin
159 3319 174 3358 a
194 3297 335 3379 sanguine
356 3317 462 3376 corpus
481 3299 519 3358 sit
537 3299 759 3358 secernendum.
803 3297 894 3372 Quod
914 3308 1012 3355 autern
1033 3294 1201 3356 obtendere

63 3376 172 3449 solent,
192 3392 246 3455 per
266 3373 522 3464 concomitantiam
539 3372 727 3464 (utfiuguut)
746 3374 775 3433 iu
797 3392 923 3509 corpore
943 3392 1006 3432 esse
1027 3372 1201 3453 sanguinem

66 3451 152 3516 etin
175 3469 316 3533 sanguiue
339 3450 464 3511 vicissim
497 3472 619 3530 corpus,
651 3472 735 3510 urmrs
759 3468 828 3510 sane
867 3448 1079 3522 rivolum'est,
1114 3467 1200 3526 quum

12 3564 15 3593 ι
64 3527 214 3623 symbola,
234 3527 338 3606 quibus
358 3526 558 3602 includuntur,
577 3526 617 3587 ita
639 3526 772 3588 distincta
793 3527 861 3586 siut.
902 3525 1061 3586 Caeterum
1083 3524 1111 3584 si
1132 3544 1201 3586 oeu-

64 3604 100 3668 lra
120 3604 279 3683 animisque
298 3602 329 3660 in
350 3602 463 3662 coelum
485 3604 650 3678 evehimur,
682 3615 714 3662 ut
734 3601 882 3664 Christum
909 3601 969 3660 illic
994 3600 1025 3659 in
1051 3605 1143 3681 regni
1160 3597 1200 3661 sni

85 3682 160 3745 loria
179 3699 365 3761 quaeramus,
397 3680 642 3759 quemadmodum
670 3678 802 3760 symbola
828 3700 883 3740 nos
902 3677 938 3738 ad
959 3697 1025 3736 eum
1051 3679 1202 3760 integrum

65 3760 206 3834 invitant,
239 3757 279 3816 ita
303 3756 356 3815 sub
380 3757 462 3836 panis
482 3756 617 3837 symbolo
638 3776 790 3836 pascemur
809 3755 870 3816 eius
889 3773 1033 3834 corpore,
1065 3754 1125 3814 sub
1147 3752 1201 3815 vini

66 3834 202 3920 symbolo
223 3832 370 3894 distincte
387 3833 450 3892 eius
473 3834 616 3915 sanguine
647 3833 828 3913 potabimur,
859 3842 892 3891 ut
912 3830 1028 3889 demum
1049 3840 1120 3890 toto
1140 3828 1200 3911 ipso

88 3911 259 3973 erfruamur.
296 3908 371 3968 Nam
391 3911 504 3970 tametsi
520 3930 637 3969 carnem
650 3931 730 3970 suam
751 3930 766 3969 a
787 3908 872 3969 uobis
891 3906 1006 3968 sustulit
1027 3917 1058 3965 et
1073 3923 1201 3987 corpore

67 4013 99 4053 ru
120 3987 234 4049 coelum
256 3985 400 4060 ascendit,
424 3986 460 4049 ad
480 3986 627 4046 dexteram
647 3999 742 4046 tamen
762 3985 857 4046 Patris
876 3984 973 4046 sedet:
1007 3982 1066 4043 hoe
1086 3994 1150 4059 est,
1171 3981 1201 4041 in

67 4064 204 4154 potentia
225 4074 255 4122 et
278 4061 429 4122 maiestate
452 4074 482 4122 et
508 4063 602 4155 gloria
622 4063 716 4122 Patris
740 4073 853 4154 regnat.
903 4061 971 4120 Hoc
995 4079 1124 4139 regnum
1149 4078 1202 4118 uec

112 4142 121 4159 ⁹
164 4139 300 4203 locorum
330 4138 429 4219 spatiis
462 4137 632 4214 limrtatum,
656 4158 712 4198 uec
735 4139 800 4199 ullrs
821 4134 1053 4197 dimensionibus
1077 4136 1202 4197 circum

106 4220 110 4225 ’
167 4221 173 4231 ”
214 4256 226 4297 ,
256 4214 329 4297 quin
350 4214 484 4276 Christus
502 4216 638 4277 virtutem
662 4236 759 4292 suam,
789 4213 957 4293 ubicunque
979 4211 1145 4293 placuerit,
1174 4211 1202 4270 ia

28 4143 214 4416 ἡ
225 4288 357 4357 interra
376 4304 503 4370 exserat,
533 4292 604 4373 quin
623 4310 655 4354 ac
679 4303 866 4373 praesentem·
885 4288 1021 4372 potentia
1040 4299 1072 4350 et
1091 4289 1203 4352 virtute
