2700 4732
497 170 573 229 utu.
593 150 646 229 rs.
686 170 774 233 cau.
793 172 879 233 vttt.
1191 179 1252 273 aaa

121 314 182 374 illic
201 333 262 372 nun
282 314 316 372 fit
340 314 492 373 doctrinae
510 315 638 388 tuentio,
667 314 718 375 ted
750 327 862 376 tantum
887 317 1015 378 censuris
1038 316 1176 377 asseritur
1193 338 1245 381 atta

121 388 278 451 auctoritas
298 389 333 448 ad
345 389 517 469 corrigenda
536 390 615 465 vitia,
635 410 672 449 ne
691 412 722 451 sc
742 393 802 451 eius
822 391 929 452 iudicio
943 403 1105 483 opponant,
1124 393 1175 470 qui
1193 394 1244 453 ad·

119 464 226 526 attoniti
245 465 289 523 vel
310 466 457 543 obiurgati
483 465 600 525 luerint.
652 466 691 525 dt
720 467 775 526 boc
800 468 924 543 omisso,
954 467 1037 527 valde
1062 489 1164 528 mirum
1189 480 1243 543 est,

119 552 182 601 unt
201 539 272 600 nibil
293 562 354 601 esse
380 540 483 601 frontis
508 542 568 601 istis
594 542 801 619 nebulonibus,
821 556 854 602 ut
874 543 1000 605 ferocire
1020 543 1087 601 inde
1107 565 1166 603 non
1187 544 1242 604 du-

119 617 228 677 bitent.
268 618 348 690 Quid
369 617 445 675 euim
464 618 581 677 tandem
601 619 794 692 obtinebunt,
817 620 872 679 uisi
896 642 956 680 uon
976 618 1171 698 spernendum
1192 640 1242 681 ec·

120 692 227 755 clesiae
246 713 429 767 consensum,
448 714 522 770 quiae
542 714 689 772 nunquarn
710 696 763 754 nisi
781 696 811 754 iu
831 695 981 757 veritatem
1002 694 1149 753 rerbiDei
1170 718 1242 756 cou-

119 768 228 829 sentit‘t'
266 768 395 828 Ecclesia
415 770 557 829 audienda
578 783 631 845 est,
651 772 680 829 iu
704 772 796 830 uiunt.
837 771 912 846 Quis
933 772 1039 851 negat?
1059 770 1243 850 qutauduqui·

120 844 190 903 deus
214 844 284 902 nibil
310 845 478 923 pronuntiat
502 848 556 905 nisi
581 866 614 905 ex
640 794 730 907 serbo
749 848 880 907 Domini.
918 848 951 907 Si
976 848 1039 937 plus
1058 846 1170 925 aliquid
1188 870 1242 925 po·
1299 902 1303 909 .

118 920 248 993 stulant,
263 921 356 980 sciant
374 921 445 979 nibil
464 922 518 980 sibi
537 923 567 981 iu
587 942 625 982 eo
650 924 740 983 euilra
762 925 802 983 ari
822 925 893 983 baec
914 923 1023 983 Chresti
1042 924 1146 989 verba..
1179 923 1243 995 Nee

118 996 212 1057 rideri
231 997 327 1059 debeo
347 997 432 1057 nimis
451 1002 663 1072 contentiosus,
681 944 761 1079 quod
779 999 1051 1073 adcuvebetuenter
1070 1000 1100 1059 in
1121 998 1242 1073 bocin-

85 1110 94 1125 -
117 1074 202 1143 sisto,
222 1075 287 1132 Nou
311 1074 401 1137 licere¹
416 1075 554 1133 ecclesiae
574 1077 736 1135 concedere
757 1076 844 1137 ullatn
865 1097 968 1135 notans
990 1074 1165 1149 doctrinan»,
1183 1072 1241 1137 boc

117 1160 174 1222 est,
193 1148 257 1229 plus
270 1150 387 1223 docere,
407 1162 438 1208 et
458 1171 511 1228 pro
522 1151 641 1211 oraculo
663 1152 785 1225 tradere,
806 1174 889 1231 quam
900 1150 979 1231 quod
993 1150 1137 1210 Dominus
1148 1144 1240 1211 verbo

81 1288 83 1297 ,
117 1245 173 1285 auo
192 1224 340 1284 revelavit.
394 1226 500 1283 Vident
520 1228 596 1284 enirn
614 1227 676 1287 satri
696 1228 827 1288 bomines
848 1240 986 1309 quantum
1006 1228 1044 1286 sit
1063 1226 1240 1361 periculum,

81 1356 83 1367 .
117 1299 326 1363 dhorninibus
350 1301 438 1359 sentel
463 1322 631 1362 concessum
658 1303 745 1364 itterit
769 1316 881 1363 tantuna
906 1303 985 1362 iuris.
1024 1302 1062 1361 Vi
1084 1302 1240 1362 eut'etiattl

117 1387 227 1455 quanta
247 1376 372 1437 fenestra
392 1378 539 1456 iperiatur
563 1380 716 1457 impiorum
742 1378 839 1439 sannis
858 1390 889 1439 et
914 1377 1035 1449 cavillis,
1066 1378 1089 1438 si
1115 1378 1242 1437 dicamne

116 1454 148 1513 id
169 1472 223 1533 pro
243 1453 362 1512 oraculo
384 1452 548 1513 babendum
559 1475 620 1515 esse
639 1456 716 1515 inter
729 1456 909 1516 Christianos
922 1455 999 1533 quod
1021 1454 1152 1512 borsines
1172 1473 1243 1511 cen-

115 1529 239 1590 suerint.
276 1530 377 1600 Adde,
407 1530 487 1607 qttod
511 1550 565 1609 pro
592 1533 730 1609 temporis
754 1534 798 1592 sui
819 1532 933 1591 ratione
958 1530 1081 1620 loqueos
1099 1529 1244 1603 Cbristus,

115 1604 258 1696 synedrio
278 1605 381 1665 tribuit
400 1605 457 1663 boc
477 1626 603 1682 nomen,
628 1621 660 1667 ut
684 1620 785 1689 postea
811 1606 944 1687 discipuli
960 1628 1006 1665 sur
1029 1626 1126 1665 sacros
1147 1604 1242 1665 eccle.

115 1700 178 1741 atae
197 1693 355 1739 conventus
381 1681 507 1739 revereri
532 1683 652 1741 discant.
701 1686 742 1743 lta
768 1684 852 1743 fieret
876 1696 910 1744 ut
934 1682 1053 1763 singulis
1072 1679 1193 1745 urbibus
1212 1691 1243 1740 et

116 1756 198 1836 pagis
217 1776 269 1834 par
288 1767 364 1815 esset
384 1758 412 1814 in
433 1756 616 1832 dogmatibus
636 1760 774 1819 cudendis
795 1760 923 1819 libertas.

194 1840 241 1895 16.
278 1832 416 1910 Exempla
436 1833 540 1911 quibus
560 1846 691 1909 utuntur,
712 1836 784 1895 nihil
804 1857 854 1897 eus
874 1834 982 1895 iuvant.
1020 1832 1112 1894 Aiunt
1131 1832 1242 1913 paedo-

85 1914 89 1919 ”
114 1906 291 1986 baptisutunt
311 1929 372 1967 uun
386 1920 452 1985 jtaut
479 1930 511 1967 et
536 1923 639 1987 aperto
660 1912 829 1990 Scripturae
854 1908 1007 1984 mandato,
1032 1931 1119 1989 quatu
1138 1930 1173 1969 ex
1192 1929 1251 1983 ecs

115 1982 220 2045 clesiae
240 1982 361 2043 decreto
381 2002 536 2049 emanasse.
575 1987 616 2045 dt
635 1987 825 2047 rniserrinrutu
845 1986 954 2067 ars->tum
975 1986 1053 2046 soret
1070 1985 1095 2046 si
1113 2006 1168 2065 pto
1190 1982 1242 2063 de7

113 2054 250 2119 feusioue
271 2059 501 2139 paedobaptisnti
521 2061 555 2121 ad
576 2062 682 2121 uudarn
706 2062 845 2123 ecelesiae
870 2062 1073 2123 auctoritatem
1091 2060 1244 2143 suffugere

113 2156 305 2217 cogeremur,
323 2148 424 2195 ueruttr
442 2139 509 2197 satis
528 2137 597 2197 alibi
618 2138 729 2218 patebit
747 2138 1032 2219 (cap.‘16,bui.lib.)
1051 2136 1146 2217 longe
1159 2155 1243 2217 secus

113 2232 188 2271 csse.
226 2210 378 2284 Similiter,
398 2214 475 2292 quod
497 2213 640 2273 obiiciunt
660 2237 806 2303 uunquam
827 2214 929 2275 baberi
948 2216 978 2273 in
992 2212 1149 2294 Scripturis
1163 2202 1242 2291 quoti

113 2288 145 2347 in
170 2286 284 2367 synodo
309 2287 436 2348 Nicaeua
456 2291 675 2367 pronuntiatum
696 2289 768 2365 lutt,
798 2290 903 2351 Filium
929 2310 990 2351 esse
1011 2286 1244 2349 cousubstantia-

114 2362 175 2423 leut
193 2366 275 2423 Patri
295 2362 349 2443 [cf.
369 2366 491 2445 August
512 2386 527 2423 e.
550 2365 594 2425 ist.
615 2362 712 2445 Hills
732 2368 762 2426 in
782 2389 819 2427 co
840 2388 957 2447 gravent
978 2366 1087 2425 iaciunt
1105 2362 1243 2425 Patribus

113 2440 263 2514 iniuriam,
283 2440 364 2518 quasi
383 2452 493 2499 tenuere
534 2444 799 2515 amnarintdriunt,
837 2444 896 2503 ttod
916 2443 945 2503 in
965 2464 1017 2503 eua
1037 2440 1127 2501 verba
1145 2440 1244 2501 iurare

111 2515 250 2589 voluerit,
291 2538 358 2574 uum
378 2528 471 2575 tutam
492 2537 554 2577 eam
575 2519 737 2579 doctrinam
757 2466 946 2599 proiteretur
965 2540 1039 2599 quae
1059 2514 1244 2599 Propheticis

113 2604 146 2651 et
163 2537 342 2671 Apostolicis
367 2593 480 2671 seriptis
501 2606 544 2653 est
563 2595 781 2673 comprehensa.
821 2596 889 2655 Non
911 2606 1016 2667 exstat,
1044 2590 1164 2666 fateor,
1186 2592 1244 2651 boc

111 2668 287 2728 vocabulum
307 2667 337 2725 in
357 2668 521 2746 Scriptura:
541 2670 590 2729 sed
612 2693 701 2749 quum
720 2670 777 2731 illic
798 2672 886 2730 toties
905 2683 1051 2730 asseratur
1070 2690 1160 2747 unuru
1181 2684 1244 2727 esse

112 2744 230 2816 Deum,
255 2764 369 2803 rursum
401 2748 490 2804 toties
521 2758 642 2805 vocetur
668 2746 799 2807 Cbristus
825 2768 909 2815 verus
935 2757 966 2804 ct
991 2757 1125 2803 aeternus
1149 2742 1243 2819 Deus,

114 2842 192 2878 uuus
211 2841 278 2879 cunt
296 2820 396 2879 Patre:
418 2820 486 2899 quid
506 2820 583 2881 aliud
605 2822 713 2881 faciunt
726 2822 826 2882 Patres
839 2822 972 2893 Nicaeni,
992 2842 1080 2898 quum
1095 2818 1244 2879 declarant

113 2915 181 2955 esse
199 2896 284 2955 unius
303 2899 460 2971 essentiae,
485 2898 539 2957 nisi
561 2899 639 2976 quod
661 2898 787 2956 nativum
810 2897 978 2974 Scripturas
998 2915 1114 2955 settsunt
1134 2892 1243 2984 simpli·

111 2972 191 3031 citer
210 2972 361 3031 enarrant?
399 2976 496 3051 Atque
517 2973 569 3033 bac
591 2974 769 3053 praefatione
790 2976 817 3031 iu
832 2993 933 3032 curutn
946 2984 1032 3032 coetu
1053 2993 1134 3029 ustun
1156 2970 1244 3031 luteae

111 3047 338 3109 Cottstantinntn
360 3048 450 3108 relcrt
469 3049 675 3109 'l'bcoduretus
697 3048 762 3140 [lib.
773 3059 799 3114 1.
823 3070 883 3128 cap.
896 3056 923 3113 5.
943 3047 1009 3107 bist.
1031 3045 1163 3125 ecclesj:

109 3124 391 3203 „disputationibus,
411 3125 516 3205 iuquit,
537 3147 632 3184 rerunt
653 3127 823 3198 clientarum,
843 3125 966 3184 babetur
984 3122 1163 3257 praescripta

109 3201 208 3277 „ritus
227 3200 319 3260 sancti
339 3202 487 3260 doctrina:
508 3202 675 3283 Evartgcliei
697 3200 902 3281 ctdpostolici
923 3198 1003 3273 librr,
1023 3222 1088 3259 euru

108 3291 229 3355 „tarum
250 3277 390 3350 oraculis,
411 3278 496 3356 plene
517 3278 601 3342 nubis
622 3280 780 3337 ostendunt
799 3299 914 3336 sensum
935 3275 1068 3335 nuruinis.
1107 3274 1239 3335 Prutude

108 3352 277 3429 „discordia
304 3354 415 3433 posita,
443 3376 586 3413 sumatnus
611 3375 645 3412 ex
664 3353 759 3413 serbis
780 3353 905 3432 Spiritus
925 3353 1128 3432 quaestionum
1149 3349 1238 3430 expli-

107 3428 299 3507 ‚,cationes.“
337 3430 390 3488 llis
409 3430 514 3490 sanctis
533 3431 743 3489 munitionibus
764 3451 850 3489 neruo
868 3442 937 3503 turtc
958 3428 1022 3503 fuit,
1042 3427 1090 3506 qui
1110 3428 1240 3508 refraga-

103 3517 204 3567 retur.
241 3507 336 3564 Nemo
354 3506 475 3585 excepit,
494 3504 643 3565 ecclesiam
658 3506 765 3583 aliquid
777 3506 902 3564 adiicere
922 3525 1006 3583 posse
1027 3503 1063 3562 dc
1082 3525 1149 3563 suo:
1170 3503 1239 3581 Spi-

107 3583 202 3642 ritune
223 3602 282 3640 uon
303 3582 401 3640 ontnia
422 3582 561 3642 revelasse
581 3582 748 3662 Apostolis,
774 3580 819 3643 vel
843 3580 943 3641 saltent
969 3580 1003 3641 ad
1026 3592 1158 3659 posterus
1176 3600 1239 3637 nou

108 3650 292 3737 prodidisse,
313 3668 363 3716 aut
382 3657 440 3717 tale
460 3657 576 3736 aliquid.
621 3658 652 3716 Si
673 3678 771 3717 verum
792 3671 834 3716 est
854 3657 934 3737 quod
953 3655 1057 3715 volttut
1077 3656 1170 3714 nostri
1189 3654 1240 3713 ad-

107 3732 248 3804 versarii,
280 3734 403 3813 primunt
425 3755 575 3815 perperaut
597 3735 657 3815 egit
676 3734 905 3807 Constantinus,
930 3732 980 3811 qui
999 3731 1138 3790 ecclesiae
1157 3751 1239 3793 suam

108 3820 289 3891 potestatem
310 3810 430 3888 eripuit:
457 3812 563 3869 deinde
584 3809 663 3889 quud
688 3831 776 3869 ucmo
801 3813 898 3888 episco
922 3830 1007 3868 urtttu
1027 3818 1087 3867 tutu
1107 3805 1241 3881 surrexit,

109 3899 145 3947 ut
166 3906 229 3944 earu
251 3898 352 3945 contra
373 3887 545 3959 vindicaret,
571 3886 628 3949 hoc
647 3886 794 3947 silentium
815 3829 937 3965 perbibet
958 3906 1018 3944 non
1040 3883 1172 3943 carebat:
1199 3881 1240 3942 sic

108 3961 191 4022 eniut
212 3976 295 4020 crant
322 3964 486 4043 proditores
511 3962 581 4022 iuris
607 3962 801 4023 ecclesiastici.
846 3962 906 4020 Sed
927 3960 1014 4040 quum
1035 3960 1243 4019 'l'beodoretus

108 4040 223 4099 reserat
248 4038 373 4098 libenter
397 4040 544 4119 amplexos
569 4058 629 4099 csse
660 4038 738 4118 quod
771 4038 887 4097 dicebat
913 4036 1095 4117 ltnperatur,
1127 4046 1243 4097 cunstat

108 4136 224 4191 ιιοιηιιιιΙ
244 4114 301 4179 ltuc
321 4117 429 4198 dogma
447 4128 519 4177 tuuc
538 4114 626 4179 subse
645 4115 768 4179 omniuo
788 4115 980 4199 incognitum.

1175 3044 1244 3180 s¹³¹

1134 3144 1244 3290 ..rs
