2700 4732
480 240 556 301 ran
576 221 630 300 iv.
670 238 760 301 car.
780 236 866 300 vm.
918 262 921 269 ,
1198 242 1255 306 ru

356 304 368 337 Ι

192 392 222 451 2.
260 385 393 447 Prolnde
418 384 466 447 hic
489 384 655 447 meminisse
686 396 822 466 oportet,
842 377 985 522 quicquid
1010 382 1195 446 nodositatis
1222 403 1256 445 ac

112 464 267 549 dignitatis
288 463 414 542 Spiritus
434 464 464 523 in
484 463 652 543 Scriptura,
671 463 731 524 sive
751 463 842 522 Sacer
863 461 976 536 otibue,
1008 462 1070 522 sive
1088 461 1256 541 Prophetis,

89 544 178 605 wire
203 541 370 621 Apostolis,
400 543 460 601 sive
484 538 698 619 Apostolorum
722 537 938 599 successoribus
965 538 1075 612 desert,
1105 538 1134 598 id
1158 549 1256 598 totum

111 640 180 679 non
201 618 321 696 propric
342 616 509 676 bominibus
529 616 608 696 ipsis,
626 616 678 676 sed
691 615 852 675 ministerio
866 615 913 676 cui
925 615 1066 693 praelecti
1078 625 1155 688 sunt,
1176 615 1255 675 darie

111 697 164 759 vel
184 698 233 773 (ut
243 694 402 774 expeditius
416 694 586 774 loquamur)
605 694 708 767 verbo,
728 694 808 753 cuius
828 691 1019 753 ministerium
1038 690 1096 753 illis
1116 704 1254 752 estrom-

112 772 245 833 missum.
299 771 342 830 Ut
370 771 447 829 enim
468 772 573 830 ordine
593 791 695 830 omncs
720 788 945 852 persequamur,
976 790 1037 830 non
1063 768 1254 850 reperiemus,

112 848 175 909 ulla
195 847 321 907 docendi
341 858 392 906 ant
417 847 616 927 respondendi
640 848 815 907 auctoritate
840 846 929 907 fuisse
953 846 1118 929 praeditos,
1148 845 1203 905 nisi
1223 845 1255 906 in

113 924 238 986 nomine
263 924 403 983 etverbo
424 924 555 983 Domini.
606 924 667 983 Ubi
694 925 771 983 enim
792 934 934 984 vocantur
959 924 994 984 ad
1018 944 1139 998 munus,
1169 918 1256 982 simul

115 1001 177 1062 illis
203 1000 366 1075 iniungitur
391 1019 428 1059 ne
449 1000 518 1079 quid
537 1000 663 1060 aflerant
683 1020 716 1059 ex
736 1000 870 1081 seipsis,
889 1000 941 1060 sed
968 1002 1128 1080 loquantur
1147 1018 1181 1059 ex
1199 1017 1255 1060 ore

111 1077 247 1139 Domini.
285 1078 349 1137 Nec
370 1096 420 1135 eos
440 1088 508 1136 ante
528 1078 667 1158 producit
686 1079 748 1158 ipse
772 1077 802 1136 in
822 1076 960 1152 medium,
980 1089 1014 1137 ut
1033 1097 1048 1136 a
1069 1074 1181 1157 populo
1201 1096 1255 1136 au·

114 1154 250 1221 diantur,
271 1174 358 1233 quam
379 1154 562 1233 praeceperit
582 1154 720 1233 quidnam
740 1155 832 1247 loqui¹
845 1153 987 1213 debcant:
1017 1174 1056 1212 ne
1077 1152 1146 1233 quid
1166 1171 1254 1234 prae-

112 1242 164 1291 ter
187 1230 309 1289 verbum
335 1252 418 1289 suurn
445 1229 615 1310 loquantur.
657 1230 765 1291 'Moses
784 1249 862 1310 rpse,
882 1229 1100 1310 Prophetarum
1121 1229 1254 1290 omnium

112 1308 271 1389 princeps,
292 1307 450 1367 audiendus
471 1326 542 1387 prae
562 1306 623 1366 aliis
645 1307 698 1366 luit
718 1307 825 1386 (Exod.
844 1312 874 1380 3,
894 1314 923 1371 4.
954 1307 1180 1385 Deut.17,9.):
1201 1306 1253 1367 sed

111 1395 185 1444 ante
205 1383 358 1443 instruitur
376 1384 433 1442 suis
454 1384 609 1458 mandatis,
638 1404 677 1443 ne
697 1384 767 1463 quid
788 1384 911 1443 omnino
930 1384 1069 1443 nuntiare
1111 1394 1178 1443 neat
1197 1381 1254 1442 nisi

111 1480 133 1520 a
152 1460 294 1519 Domino.
332 1460 376 1519 Ita
399 1479 434 1518 ue
454 1458 590 1540 populus,
610 1459 855 1523 doctrinameius
875 1460 1034 1541 amplexus,
1053 1460 1084 1519 in
1136 1476 1201 1520 eum
1222 1470 1254 1523 et

112 1536 147 1595 in
169 1537 229 1596 eius
249 1556 363 1596 serrum
379 1480 487 1596 llosen
509 1536 617 1595 dicitur
636 1537 793 1597 credidisse
812 1537 918 1616 (Exod.
939 1537 1078 1617 11,31.).
1103 1536 1253 1596 Sacerdo-

112 1624 179 1672 tum
199 1633 318 1692 quoqne
338 1615 495 1674 auctoritas
508 1634 545 1672 ne
558 1611 741 1693 contemptui
762 1612 850 1688 loret,
869 1614 1044 1692 gravissimis
1063 1613 1168 1693 poenis
1185 1634 1253 1673 san·

113 1688 174 1751 cita
196 1701 239 1749 est
259 1690 402 1765 (ibid.17,
421 1696 450 1754 9.
469 1690 529 1765 ss).
550 1691 660 1749 Verum
680 1687 764 1750 simul
784 1692 914 1750 ostendit
931 1690 1089 1763 Dominus,
1109 1711 1164 1769 qua
1185 1689 1253 1770 lege

94 1764 253 1825 ·audiendi
274 1778 386 1841 essent,
407 1788 495 1846 quom
517 1767 587 1826 dicit
606 1788 637 1826 se
658 1767 831 1846 percussisse
851 1767 956 1831 foedus
976 1788 1059 1826 suum
1080 1786 1146 1826 cum
1167 1765 1251 1841 Levi,
1306 1822 1309 1833 ,

113 1852 150 1901 ut
169 1841 228 1903 Lex
246 1843 374 1902 veritatis
396 1856 471 1902 esset
492 1843 520 1901 in
541 1864 593 1902 ore
614 1847 675 1902 eins
695 1843 778 1922 (blal.
797 1850 833 1918 2,
852 1846 979 1919 4-6.).“
1014 1843 1055 1902 Et
1074 1842 1161 1923 paulo
1181 1854 1252 1921 post

112 1916 210 1978 addit:
232 1918 343 1994 „Labia
365 1920 532 1979 Sacerdotis
552 1921 719 1980 custodient
737 1921 899 1996 scientiam,
915 1932 949 1980 'et
967 1920 1078 2003 Legem
1100 1919 1251 2000 requirent

262 1997 269 2010 .
309 2019 316 2032 ·
384 1996 392 2011 .
662 1997 668 2010 .
693 1997 701 2011 .
814 1998 821 2013 .
980 2002 1000 2033 n
1066 1998 1073 2014 .
1168 1996 1176 2011 .

112 1996 990 2153 sn⁰ztire.n;2‚hren{suu..esculan
1009 1998 1261 2163 ..tense

112 2146 152 2207 ab
172 2159 293 2208 auctore
313 2170 366 2210 suo
381 2150 510 2229 accepit,
530 2150 657 2208 fideliter
674 2151 790 2209 referat.
829 2150 928 2232 Atque
947 2150 999 2211 ubi
1019 2150 1055 2210 de
1074 2149 1109 2210 iis
1129 2150 1251 2210 audien·

112 2222 158 2283 dis
178 2225 286 2305 agitur,
306 2227 477 2286 nominatim
497 2226 554 2285 hoc
576 2226 985 2306 ponitur(Deut.17,11.):
1006 2227 1071 2304 „Ut
1088 2227 1249 2288 secundum

109 2298 225 2383 Legem
244 2302 303 2360 Dei
323 2303 553 2383 respondeant.“
738 2334 741 2342 ·

191 2382 219 2442 3.
259 2377 474 2458 Prophetarum
494 2379 587 2457 qualis
606 2379 636 2438 in
657 2378 822 2438 universum
844 2378 932 2440 luerit
973 2391 1098 2456 otestss,
1128 2378 1174 2439 cle
1195 2398 1249 2441 ana

110 2464 162 2513 ter
181 2454 259 2534 apud
279 2454 464 2515 Ezechielem
484 2460 527 2535 (3,
548 2458 609 2532 17.)
631 2454 818 2516 describitur:
852 2457 930 2530 „Fili
950 2403 1099 2531 bominis,
1124 2456 1165 2517 alt
1214 2476 1250 2517 o:

109 2529 247 2606 „minus,
279 2531 493 2611 speculatorem
519 2533 588 2591 dedi
607 2544 635 2591 te
655 2532 756 2594 domui
775 2533 880 2594 lsrael:
911 2535 1010 2594 audies
1031 2534 1121 2616 igitur
1139 2554 1175 2592 ex
1195 2553 1249 2594 ore

108 2607 679 2745 at‘ttdl¹t“¹.3}.:.¹¹⁰¹tl³²ll.ll?
691 2608 933 2746 eutlinde?
954 2608 1249 2759 ².¹¹.l{t.l.¹lt¹¹¹‹{.tt

108 2777 187 2818 vero
208 2769 266 2833 est,
291 2727 427 2820 nhntiare
447 2708 626 2835 aqnolnim,
647 2761 702 2822 nisi
721 2763 763 2822 sic
783 2761 864 2841 loqui
885 2774 917 2820 ut
937 2709 1121 2822 cponfidenter
1141 2762 1248 2822 iactare

108 2833 203 2909 ausit,
228 2856 288 2895 non
309 2859 391 2896 suum
414 2858 490 2911 esse,
514 2840 565 2898 sed
585 2838 707 2896 Domini
726 2837 847 2896 verbum
874 2839 953 2918 qnod
978 2836 1126 2898 attulerit?
1165 2838 1248 2897 Tan-

105 2909 235 2973 tandem
257 2925 300 2972 est
318 2914 392 2994 apud
413 2914 566 2974 letemiam
584 2915 645 2974 aliis
665 2914 921 2992 verbis(23,28.):
942 2915 1123 2994 „Prnpbeta‚
1142 2913 1249 2993 inquit,

104 2987 214 3067 „epod
234 3008 320 3068 quem
341 3002 385 3051 est
403 2993 565 3064 somnium,
589 3003 689 3050 narret
707 2990 868 3050 somnium:
898 3002 927 3050 et
947 2992 996 3072 qui
1017 2990 1107 3050 habet
1125 2986 1257 3050 verbum'

103 3065 661 3204 ”ἓ“ἑ“1εῑέ“ἓίἱ“ἑυῖξξὲ[13111
682 3066 1185 3205 Villi..Clitss¹¹³tt¹l³lil³⁸
1203 3066 1249 3206 lt·

104 3160 221 3279 docere
264 3239 328 3277 uam
349 3220 440 3280 iussus
461 3219 559 3280 suerit.
597 3220 636 3278 Et
655 3166 757 3299 poqstea
778 3167 891 3302 palearis
911 3167 1015 3281 uocatq
1038 3165 1159 3300 uicliuid
1178 3166 1247 3282 ise

104 3312 173 3355 uuo
194 3240 359 3373 prolectum
380 3318 441 3357 non
463 3308 514 3356 est.
561 3296 665 3377 Itaque
690 3316 778 3355 nemo
804 3317 838 3356 ex
862 3298 871 3354 i
894 3297 931 3357 sis
950 3294 1025 3377 pro'p
1050 3301 1104 3358 etis
1125 3317 1158 3358 os
1176 3316 1248 3379 ape-

105 3372 182 3443 ruit,
201 3370 257 3431 nisi
273 3370 397 3432 Domini
416 3372 510 3434 verbo
532 3384 701 3452 praeeunte.
741 3372 829 3432 Unde
848 3319 897 3432 illl
916 3375 1006 3434 toties
1025 3373 1103 3455 apud
1123 3394 1174 3434 eos
1194 3396 1245 3436 oc-

106 3457 248 3509 currunt:
268 3448 421 3523 „Verbum
433 3448 566 3523 Domini,
587 3448 671 3510 Onus
681 3448 814 3523 Domini,
835 3450 885 3509 Sic
896 3450 937 3509 ait
947 3451 1105 3524 Dominus,
1126 3450 1247 3511 0sDo·

104 3521 183 3584 mini
203 3520 357 3603 loquutum
379 3533 451 3585 est.“
471 3526 511 3585 Et
530 3525 652 3585 merito:
674 3526 813 3585 exclamat
833 3528 910 3586 enim
931 3527 1035 3588 Iesaias
1071 3530 1159 3603 6‚5.)‚
1178 3527 1246 3606 pol-

105 3598 237 3661 lutesibi
250 3620 313 3661 esse
332 3601 421 3661 labia:
433 3603 572 3661 leremias
585 3607 630 3676 (1,
642 3603 696 3736 dp,
716 3623 747 3662 se
767 3604 879 3662 nescire
899 3602 982 3684 loqui
1002 3604 1059 3664 late
1082 3615 1158 3677 ator,
1200 3604 1247 3664 uia
1297 3624 1301 3629 ’

105 3694 185 3759 puer
205 3689 289 3737 esset.
344 3677 426 3751 Quid
450 3679 486 3737 ab
512 3679 587 3738 illius
612 3679 663 3756 pol
676 3690 745 3752 uto,
776 3679 813 3737 ab
839 3679 922 3740 buius
944 3680 1025 3741 fatuo
1051 3700 1104 3738 ore
1123 3625 1247 3759 prolire

104 3763 237 3835 poteret,
256 3753 312 3814 nisi
332 3754 513 3814 immundum
532 3767 584 3815 aut
603 3755 759 3826 insulsum,
789 3756 812 3814 si
837 3778 919 3815 suum
939 3756 994 3837 ipsi
1014 3775 1180 3816 sermonem
1200 3756 1246 3817 lo·

105 3830 192 3911 qunti
213 3831 330 3890 essent?
369 3830 476 3891 Sancta
496 3851 566 3890 sero
588 3843 618 3890 et
637 3852 707 3909 pura
727 3830 782 3892 illis
803 3831 878 3892 labia
899 3831 1029 3907 fuerunt,
1049 3853 1138 3911 quum
1150 3832 1246 3914 Spiri-

104 3918 154 3967 tus
174 3907 269 3965 sancti
289 3918 454 3987 coeperunt
474 3927 535 3967 esse
549 3928 668 3990 organa.
709 3906 768 3966 Ubi
789 3908 841 3967 hac
861 3909 1005 3990 religione
1025 3908 1159 3969 obstricti
1178 3920 1248 3971 sunt

104 3980 287 4060 Prophetae,
308 4004 346 4042 ne
367 3984 436 4076 quid
459 3984 574 4043 tradant
594 3986 648 4044 nisi
668 3983 748 4062 quod
770 3986 952 4063 acceperint,
973 3997 1041 4044 tunc
1062 3985 1169 4067 insigni
1189 4006 1246 4066 po·

105 4068 214 4120 testate
239 4080 274 4119 ac
299 4060 408 4121 eximiis
434 4060 524 4121 titulis
551 4070 703 4121 ornantur.
746 4061 822 4119 Nam
842 4081 931 4140 quum
952 4061 1098 4122 Dominus
1121 4073 1247 4122 testatur

105 4156 137 4197 se
164 4136 341 4214 praefecisse
373 4138 439 4197 illos
460 4136 608 4198 Gentibus
633 4156 666 4197 ac
692 4157 723 4196 re
746 4137 805 4213 nis,
826 4148 861 4197 ut
879 4136 1006 4198 evellant
1025 4150 1056 4198 et
1074 4140 1247 4218 exstirpent,

104 4214 234 4291 perdant
254 4225 284 4273 et
304 4215 464 4286 destruant,
484 4214 640 4275 aedificent
659 4234 694 4274 nc
724 4155 1081 4291 Dantent(ibid.v.10·)‚
1101 4216 1245 4276 continuo

102 4289 272 4427 ειιῐήιιιιβέξι
290 4313 407 4354 causam
431 4291 519 4371 (ibid.
543 4313 570 4356 v.
589 4292 649 4372 9·):
680 4234 786 4370 „Uria
810 4291 902 4353 verba
927 4312 979 4354 sua
1006 4292 1038 4352 in
1062 4310 1167 4353 eorum
1192 4312 1247 4354 ore

96 4382 226 4443 posuere
1184 4408 1188 4415 »
