2700 4732
491 228 846 293 mmmm
1185 231 1242 309 m

70 406 74 413 ·
136 418 144 425 -
188 383 235 443 15.
276 374 438 450 Quaeritur
455 394 536 437 nunc
557 396 578 433 n
600 387 695 451 totone
713 362 832 432 ecclesia
856 369 933 453 elegi
962 368 1070 445 debeat
1098 361 1244 447 minisler,
1286 378 1288 383 '

109 474 149 516 an
169 475 190 513 n
209 452 328 528 collegis
346 464 459 519 tantum
480 461 510 510 et
527 449 695 520 senior-ihm,
715 451 765 529 qui
785 470 923 509 censurae
942 457 1096 529 praesunt,
1115 469 1151 506 an
1171 468 1242 509 cero

108 534 198 591 sanius
217 530 392 590 auctoritate
412 527 549 588 constitui
568 527 661 606 possit
671 527 715 603 Ψ).
762 526 821 599 Qui
842 525 898 586 hoc
918 526 961 585 ius
981 522 1023 584 ad
1037 545 1125 584 unum
1147 524 1243 584 bomi-

108 628 181 667 nem
201 607 348 680 defernnt,
367 605 457 664 citant
477 603 556 683 quod
577 605 618 663 ait
636 603 743 673 Patulus
763 603 799 660 ad
812 602 911 661 Titum
926 607 969 678 (l,
981 602 1038 679 5.):
1058 600 1244 680 „Propterea

108 683 219 762 reliqui
238 695 267 741 te
287 683 317 741 in
330 683 429 753 Creta,
449 691 481 738 ut
500 681 658 739 constituas
676 679 835 758 oppidatim
856 678 1073 770 presbyterosf‘
1111 678 1184 736 Item
1206 677 1243 739 ad

109 759 303 819 Timotheum
322 757 362 836 (l.
386 762 469 836 eph,
488 759 564 833 22.):
584 754 707 828 „lllanus
728 755 916 846 neminixcito
938 754 1141 888 imposuerisf‘
1180 750 1242 813 Sed

109 835 267 907 falluntur,
298 836 322 894 si
348 843 452 914 putant
475 829 522 891 vel
542 831 732 892 Timotheum
752 830 878 910 Ephesi,
910 830 957 890 rel
1008 832 1077 889 itum
1099 831 1128 888 in
1151 829 1243 891 Creta

107 931 236 993 regnum
248 911 418 981 exercuisse,
437 920 533 967 utsuo
546 919 669 986 uterque
679 907 802 966 arbitrio
819 907 915 967 omnia
936 907 1113 999 disponeret.
1151 906 1242 965 Prae-

107 985 233 1049 fuerunt
252 987 328 1046 enim
349 996 471 1059 tantnm,
490 995 524 1042 ut
542 983 628 1043 bonis
647 995 677 1043 et
694 982 866 1044 salutaribus
878 984 1004 1044 consiliis
1024 982 1135 1063 populo
1156 1002 1242 1062 prae-

108 1064 206 1125 irent:
231 1084 292 1122 non
312 1060 435 1134 utsoli,
466 1059 584 1120 exclusis
604 1058 665 1120 aliis
687 1060 838 1133 omnibus,
858 1071 981 1142 agerent
1004 1060 1082 1139 quod
1124 1058 1241 1129 laceret.
1285 1086 1288 1093 ·

108 1140 160 1200 Ac
178 1159 216 1199 ne
236 1139 304 1217 quid
324 1138 437 1220 fingere
456 1135 567 1210 videar,
587 1137 705 1211 planum
723 1136 753 1194 id
774 1136 874 1207 faciam
894 1135 980 1196 simili
1000 1081 1142 1215 exemplo.
1180 1135 1242 1194 lle-

110 1215 174 1276 l'ert
193 1217 271 1274 euim
291 1216 383 1274 Lucas
403 1213 483 1290 (Aet
499 1219 546 1283 14,
564 1212 637 1289 es),
657 1213 831 1272 constitutos
852 1233 914 1273 esse
933 1234 987 1293 per
1007 1212 1141 1273 ecelesias
1160 1232 1242 1291 pres·

111 1291 236 1373 byteros
255 1290 373 1351 aPaulo
394 1289 584 1347 etBarnaba:
604 1289 655 1347 sed
675 1290 818 1349 rationem
838 1289 882 1349 vel
904 1290 1023 1349 modum
1043 1286 1128 1348 simul
1147 1299 1242 1364 notat,

111 1389 205 1449 quum
225 1366 295 1426 dicit
315 1367 422 1426 lactum
441 1365 470 1423 id
483 1384 543 1423 esse
553 1364 714 1447 suffragiis:
729 1364 980 1440 χειροτονήσαντες,
1000 1365 1104 1444 iuquit,
1119 1373 1243 1435 πρεσβυ-

108 1449 207 1520 τέρους
223 1444 278 1498 κατ’
297 1445 450 1510 ἐκκλησίαν.
493 1440 642 1501 Creabant
656 1461 732 1522 'ergo
753 1441 807 1521 ipsi
827 1442 902 1500 duo:
920 1441 971 1501 sed
992 1454 1054 1502 tota
1075 1439 1243 1517 multitudo,

109 1531 149 1580 ut
168 1538 229 1578 mos
243 1516 426 1577 Graecorum
445 1516 475 1575 iu
496 1515 687 1577 electionibus
707 1531 778 1591 erat,
797 1517 929 1577 manibus
948 1517 1067 1578 sublatis
1080 1516 1245 1577 declarabat

110 1615 202 1676 quem
223 1593 331 1653 habere
342 1592 437 1668 vellet.
475 1592 588 1671 Nempe
599 1594 641 1653 sic
651 1594 777 1654 Romani
797 1594 927 1654 historici
945 1614 1007 1654 non
1027 1614 1094 1654 roro
1114 1593 1244 1674 loquun-

110 1684 181 1746 tur,
212 1669 389 1745 Consulem,
420 1668 470 1748 qui
490 1670 607 1729 comitia
630 1670 779 1744 hahuerit,
805 1691 916 1730 creasse
937 1691 1029 1731 novos
1048 1691 1093 1728 ma
1118 1671 1244 1745 istratus,

110 1766 179 1809 non
197 1746 279 1806 aliam
299 1746 339 1807 ob
360 1765 472 1805 causam
494 1746 547 1805 nisi
561 1747 627 1825 quia
646 1746 783 1825 sutfragia
804 1766 871 1805 rece
895 1746 960 1815 erit,
981 1760 1009 1806 et
1022 1690 1162 1827 populum
1177 1767 1244 1805 mo-

53 1880 60 1889 .
110 1823 231 1885 (letatus
250 1823 287 1882 sit
307 1822 335 1880 iu
357 1821 502 1904 eligendo.
541 1823 610 1882 Non
631 1835 675 1882 est
692 1836 772 1882 certe
792 1769 932 1885 credibile
943 1822 1064 1882 Paulum
1085 1822 1149 1902 plus
1169 1843 1243 1882 con-

77 1906 82 1915 '
110 1899 232 1963 cessisse
252 1898 411 1966 Timotheo
433 1899 556 1970 etTito,
578 1920 662 1977 quam
682 1899 811 1980 sibiipse
830 1899 994 1978 sumpserit.
1034 1900 1173 1959 Videmus
1192 1920 1244 1959 au·

70 1992 73 1997 '
109 1988 177 2038 tem
195 1977 286 2054 ipsum
308 1995 342 2033 ex
361 1973 463 2053 populi
482 1974 627 2055 suffragiis
647 1975 801 2055 episcopos
821 1996 921 2036 creare
940 1974 1068 2036 solitum.
1108 1977 1157 2035 Sic
1169 1995 1243 2056 ergo

53 2090 63 2119 ,-
109 2051 299 2133 intelligendi
328 2062 395 2109 sunt
418 2052 582 2128 superiores
608 2050 682 2123 loci,
714 2072 751 2110 ne
777 2051 846 2131 quid
872 2053 907 2111 de
933 2052 1080 2112 communi
1104 2052 1243 2113 ecclesiae

53 2168 57 2201 .
109 2126 180 2192 inre¹
209 2150 242 2188 ac
271 2127 407 2187 libertate
438 2126 618 2186 imminuunt.
668 2128 750 2187 Bene
780 2149 852 2209 ergo
884 2128 937 2205 Cy
969 2128 1190 2209 riauu's.[lib.
1215 2134 1244 2193 1.

53 2246 65 2271 :
110 2205 201 2287 epist.
220 2202 276 2283 3],
296 2205 364 2262 dum
384 2203 550 2277 contendit,
576 2224 610 2262 ex
629 2204 724 2263 diviua
744 2207 918 2264 auctoritate
939 2150 1126 2281 (lescendere,
1147 2216 1178 2265 ut
1197 2226 1248 2273 ειη

53 2322 66 2353 -,
110 2283 220 2344 cordos
240 2279 333 2416 plebe
363 2291 518 2359 praesente
541 2280 594 2338 sub
621 2282 750 2339 omnium
773 2281 863 2340 oculis
890 2280 1049 2363 deligatur,
1081 2295 1111 2341 et
1139 2281 1244 2359 dignus

111 2370 205 2437 atque
227 2358 237 2416 i
259 2377 351 2416 oneus
377 2355 494 2435 publico
526 2355 633 2415 iudicio
664 2378 698 2417 ae
724 2357 892 2417 testimonio
920 2357 1132 2437 comprobetur
1155 2360 1243 2436 (ch.

57 2474 68 2491 2
111 2440 192 2509 8‚3.
211 2456 247 2494 ss.
277 2435 363 2492 Num.
383 2438 438 2504 20,
456 2433 528 2566 261).
577 2432 726 2511 Siquidem
748 2433 955 2494 hocvidcmns
974 2435 1051 2495 iussu
1070 2434 1193 2495 Domini
1213 2434 1243 2495 iu

110 2509 316 2573 sacerdotibus
334 2509 470 2567 Leviticis
509 2510 582 2568 uisse
602 2512 804 2581 observatum,
833 2521 865 2568 ut
895 2523 964 2571 ante
991 2512 1246 2572 consecrationem

110 2589 228 2650 insons
252 2599 346 2645 ectum
360 2584 460 2664 populi
472 2586 713 2664 producerentur.
752 2586 821 2646 Nun
842 2588 927 2647 aliter
946 2589 1098 2648 ascribitur
1109 2588 1244 2649 Matthias

111 2609 327 2746 Apostolorum
349 2662 494 2741 collegio,
522 2682 575 2720 nec
596 2663 680 2720 aliter
704 2675 815 2742 septem
837 2663 952 2723 diaconi
976 2677 1129 2742 creantur,
1153 2664 1243 2744 'quam

111 2763 156 2823 ρο
181 2740 229 2800 ulo
248 2739 366 2799 ridente
388 2750 417 2797 et
436 2759 471 2815 ap
496 2738 617 2796 robante
637 2740 718 2815 (Aet
734 2748 763 2812 6,
776 2741 828 2813 2).
859 2741 964 2814 „Haec
985 2741 1113 2819 exempla
1133 2741 1245 2821 (inquit

67 2866 75 2877 .,
113 2861 137 2896 ‚,
173 2815 356 2898 yprianus)
383 2759 543 2873 ostenclunt
562 2815 720 2874 sacerdotis
741 2815 957 2875 ordinationem
977 2819 1094 2875 nonnisi
1114 2816 1166 2877 sub
1188 2838 1244 2896 po·

111 2938 136 2974 ‚,
160 2896 200 2952 uli
220 2891 374 2952 assistentis
395 2890 571 2950 conscientia
593 2891 654 2948 sieri
672 2904 825 2969 oportere:
848 2904 880 2949 ut
898 2893 934 2950 sit
954 2893 1100 2951 ordinatio
1122 2895 1194 2952 iusta
1215 2903 1247 2952 et

53 3024 57 3029 .
111 2916 283 3052 „legitima,
315 2987 389 3046 quae
411 2969 540 3025 omnium
560 2968 728 3026 testimonio
750 2966 837 3025 luerit
857 2970 1046 3027 exantinata.“
1096 2968 1244 3029 Habemus

53 3044 73 3113 's
112 3067 189 3128 ergo
212 3065 273 3105 esse
293 3044 366 3103 hane
386 3064 419 3101 ex
443 3044 533 3102 verbo
554 3043 611 3103 Dei
635 3043 793 3122 legitimam
820 3042 942 3104 ministri
961 3045 1161 3119 vocationem,
1192 3045 1245 3106 ubi

53 3126 74 3189 ‘-
112 3146 150 3185 ex
170 3122 273 3203 populi
293 3140 436 3180 consensu
448 3121 704 3198 atapprobatione
718 3130 862 3194 creantur,
875 3122 924 3200 qui
938 3121 989 3181 visi
1008 3121 1117 3181 luerint
1135 3123 1244 3183 idonei.

53 3202 68 3261 ἶ
110 3203 255 3262 Praeesse
280 3207 377 3257 autem
406 3197 543 3255 electioni
568 3195 676 3254 debere
701 3195 773 3256 alios
799 3210 945 3276 pastores,
979 3219 1015 3257 nc
1036 3197 1105 3277 quid
1126 3197 1171 3258 vel
1191 3220 1245 3291 per

53 3272 74 3287 ⁴
111 3279 280 3349 levitatem,
308 3273 354 3333 vel
386 3293 438 3352 ρετ
465 3272 541 3331 mala
572 3273 681 3348 studia,
711 3272 757 3333 vel
776 3294 830 3352 per
851 3275 1003 3334 tumultum
1014 3295 1039 3362 'a
1059 3275 1244 3336 multitudine

53 3358 64 3369 '
140 3364 264 3412 eccetur.
1206 3406 1209 3411 ,

63 3432 77 3443 “
113 3376 137 3435 P
194 3433 240 3491 16.
278 3428 420 3505 Superest
438 3423 686 3498 ritmordinnndc',
708 3426 754 3486 cui
774 3425 905 3485 ultimum
926 3425 1022 3486 locum
1044 3426 1073 3486 in
1085 3429 1244 3489 vocatione

112 3504 248 3567 dedimus
269 3504 322 3583 [es.
343 3509 452 3581 eamd·
473 3524 494 3561 s.
513 3508 559 3566 14.
580 3503 703 3582 et15·].
743 3502 868 3562 Constat
887 3514 982 3561 autem
1002 3504 1162 3583 Apostolos
1182 3526 1244 3565 uon

53 3564 76 3651 f
112 3583 172 3644 alia
192 3581 359 3640 ceremonia
380 3599 446 3637 usos
468 3600 544 3668 esse,
576 3600 664 3657 quum
695 3578 820 3658 aliquem
851 3579 1013 3639 ministerio
1038 3580 1242 3657 admovebant,

113 3679 203 3739 quam
223 3678 361 3716 manuum
386 3657 584 3734 impositione.
628 3655 717 3715 Hune
741 3667 836 3714 autem
863 3656 950 3713 ritum
976 3656 1090 3715 fluxisse
1116 3659 1245 3717 arbitror

110 3735 152 3796 ab
174 3733 377 3793 Hebraeorum
398 3752 490 3800 more,
512 3732 560 3808 qui
602 3733 659 3791 uod
682 3731 868 3792 benedictum
888 3753 920 3791 ac
941 3743 1142 3792 consecratum
1163 3733 1245 3793 vole·

108 3813 204 3885 bant,
224 3830 363 3869 manuum
384 3753 658 3886 impositione‘lleo
680 3808 759 3887 quasi
780 3807 1043 3886 repraesentabant.
1082 3807 1131 3868 Sic
1151 3808 1243 3870 Iacob

108 3887 323 3951 benedicturus
341 3883 478 3962 Ephraim
499 3894 528 3941 et
544 3884 686 3959 Manasse,
705 3905 804 3942 eorum
826 3882 966 3963 capitibus
987 3905 1086 3945 manus
1106 3885 1245 3967 imposuit

53 4030 58 4035 ,
107 3963 209 4047 (Gen.
230 3967 280 4038 ts,
300 3962 371 4039 lb).
412 3959 503 4033 Quod
523 3972 660 4040 sequutus
680 3973 724 4021 est
742 3960 887 4021 Dominus
907 3971 1023 4036 noster,
1049 3983 1137 4041 quum
1156 3983 1245 4043 super

184 4218 212 4286 ⁴)
230 4218 271 4272 Cf.
289 4233 313 4272 ct
331 4239 386 4288 cap.
402 4219 427 4272 4.
445 4231 504 4271 sect.
522 4219 562 4271 10.
580 4230 604 4268 ct
620 4218 660 4273 11.
680 4231 705 4269 et
722 4238 777 4289 cap.
794 4219 818 4273 ὕ.
836 4231 895 4272 sect.
912 4220 938 4272 ὓ.
955 4233 980 4272 et
996 4220 1021 4274 3.
1054 4219 1118 4273 Item
1138 4216 1245 4273 Cilnin

111 4290 172 4409 {23'
186 4287 261 4409 gp&
280 4302 305 4341 et
321 4288 463 4343 Luthemrn
483 4285 564 4347 Τότε.
577 4289 602 4340 2.
618 4304 677 4355 pag.
691 4287 751 4343 stt
804 4286 887 4381 Quod
904 4287 1009 4355 ecclesia
1024 4286 1064 4343 ina
1085 4301 1112 4341 et
1134 4302 1245 4360 potesta·
1284 4304 1287 4310 ’
