2700 4732
493 200 569 262 ΜΒ.
589 201 643 262 tv,
683 199 773 264 CdP.
791 199 862 262 Vll.
1182 206 1242 270 Μ

105 359 208 432 queat.
256 346 381 408 Prorsus
407 345 485 407 enim
510 345 735 408 abhorret·non
760 345 852 407 modo
877 365 894 406 a
917 364 1005 408 censu
1029 344 1160 430 pietatis,
1189 345 1244 417 red

106 431 198 495 etiam
219 425 412 487 humanitatis.
1332 491 1335 495 ⁴

186 508 233 567 ῃ
272 503 382 560 Verum
412 518 451 559 ne
479 495 592 634 sinqpla
623 497 758 579 persequi
784 508 815 558 et
838 509 974 559 excutere
998 520 1103 595 cogar,
1134 501 1242 562 iterum

104 580 184 642 letos
203 578 333 659 appello,
353 577 403 656 qui
425 577 514 636 bodie
562 595 684 634 omanae
703 574 778 634 sedis
798 575 916 654 patroni
936 587 967 636 et
991 581 1094 658 optumi
1122 590 1153 637 et
1171 578 1245 638 fide-

107 655 216 722 lissimi¹
232 656 332 714 baberi
351 653 470 713 uolunt:
501 651 605 732 ecquid
632 651 742 731 pudeat
764 651 842 731 ipsos
862 662 1043 731 praesentem
1063 665 1169 715 statum
1188 656 1246 716 Pa·

110 745 198 812 patus
219 731 398 804 defendere,
416 751 502 808 quem
523 740 637 789 constat
658 726 797 807 centuplo
819 729 1035 807 corruptiorem
1057 750 1129 805 esse,
1159 752 1257 823 quam.

111 808 256 891 Gregorii
269 820 299 865 et
312 808 453 865 Bernardi
466 806 587 865 saeculis
608 804 709 864 luerit:
730 804 780 884 qui
800 814 897 862 tamen
918 816 987 864 tunc
1007 806 1112 867 sanctis
1132 806 1258 881 illuui-¹

110 886 155 959 ris
179 897 334 964 tantopere
360 882 538 962 displicebat.
583 880 785 971 Conqueritur
808 880 914 960 passim
942 880 1105 964 Gregorius
1130 883 1196 963 (lib.
1215 891 1244 949 1.

111 982 164 1043 ep.
184 970 212 1028 5.
232 962 302 1020 item
323 979 369 1037 ep.
388 967 416 1024 7.
437 971 467 1017 et
485 965 533 1031 25,
555 971 613 1037 atq.
633 957 735 1031 alibi),
759 976 791 1017 sc
812 955 914 1016 alienis
933 960 1177 1038 occupationibus
1195 983 1246 1022 su-

111 1060 168 1120 pra
186 1038 308 1099 modum
328 1035 466 1109 distrahi,
495 1055 526 1094 se
552 1036 605 1095 sub
629 1034 730 1092 miore
758 1033 940 1114 episcopatus
961 1034 997 1094 ad
1016 1036 1163 1097 saeculum
1184 1058 1246 1098 esse

69 1120 84 1159 =:
113 1115 284 1176 reductum:
313 1112 363 1171 ubi
383 1114 471 1171 tantis
492 1123 587 1170 terrae
608 1111 683 1171 curis
703 1109 870 1184 inserviret,
900 1112 1016 1189 quantis
1039 1132 1069 1172 se
1096 1134 1247 1192 nunquam

113 1191 149 1251 in
168 1195 229 1250 rita
240 1191 310 1250 laica
322 1189 487 1248 deserviisse
500 1187 748 1249 reminisceretur:
768 1206 799 1245 se
812 1186 904 1265 premi
916 1187 1041 1248 tumultu
1056 1190 1248 1251 saecularium

114 1269 324 1349 negotiorum,
354 1277 387 1324 ut
407 1265 441 1323 ad
462 1284 587 1343 superna
607 1263 719 1322 animus
738 1262 905 1322 nullatcnus
925 1263 1067 1346 erigatur:
1096 1286 1127 1326 se
1150 1267 1249 1327 multis

115 1363 269 1407 causarum
290 1340 424 1401 fluctibus
445 1341 535 1419 quati,
555 1350 585 1399 et
604 1338 895 1398 tumultuosaevitae
910 1342 1131 1420 tempestatibus
1143 1343 1249 1427 affligi:

113 1421 266 1483 ntmerito
280 1418 371 1479 dicat:
391 1417 489 1491 „Veni
510 1420 538 1475 iu
560 1414 740 1475 altitudinem
754 1415 873 1478 maris.“
913 1415 1003 1476 Certe
1017 1419 1168 1482 interillas
1186 1433 1249 1481 ter·

114 1515 204 1557 renas
225 1516 297 1555 occu
322 1493 433 1553 ationes
453 1505 570 1573 poterat
588 1504 687 1550 tamen
707 1491 823 1569 plebem
843 1512 898 1571 pro
919 1494 1112 1556 concionibus
1132 1496 1252 1574 docere,

116 1572 255 1654 privatim
276 1516 451 1642 admonere,
483 1582 513 1628 et
533 1570 683 1648 corripere
704 1588 778 1645 quos
798 1588 816 1627 o
839 1567 972 1640 ortcbat,
997 1569 1148 1631 ecclesiam
1168 1575 1251 1634 ordi·

114 1668 206 1722 arare,
237 1648 358 1708 colleois
380 1647 449 1704 dare
469 1645 637 1717 consilium,
670 1663 779 1723 cosque
799 1590 837 1703 ad
854 1645 983 1705 officium
1005 1647 1130 1709 hortari:
1162 1670 1252 1729 super

118 1725 208 1799 baec,
239 1691 369 1784 restabat
388 1723 495 1800 aliquid
517 1718 657 1801 temporis
677 1721 712 1780 ad
733 1720 935 1780 scribendum:
968 1733 1114 1784 ettamen
1135 1726 1253 1785 calami-

117 1812 210 1863 tatem
241 1823 323 1861 suam
355 1799 508 1878 deplorat,
539 1798 619 1876 quod
646 1797 732 1856 sitin
754 1796 981 1875 profundissimo
1000 1800 1074 1860 mari
1095 1801 1252 1863 demersus.

119 1876 156 1939 si
175 1877 386 1937 administratio
406 1875 481 1935 illius
502 1874 642 1953 temporis
662 1892 740 1934 mare
762 1872 829 1933 suit:
864 1874 933 1953 quid
961 1874 997 1934 de
1022 1880 1168 1955 praesenti
1195 1879 1253 1939 Pa-

116 1965 189 2036 patu
210 1954 364 2014 dicendum
385 1952 461 2011 erit?
481 1950 562 2025 Quid
583 1951 660 2009 enim
680 1949 774 2009 simile
793 1951 872 2009 inter
890 1970 921 2010 se
935 1949 1063 2013 babent?
1081 1955 1138 2014 Hic
1156 1954 1255 2015 nullae

116 2042 191 2094 eunt
209 2030 378 2101 conciones,
397 2027 476 2086 nulla
498 2026 665 2116 disciplinae
686 2046 763 2098 cura,
784 2027 895 2085 nullum
915 2027 1104 2089 ecclesiarum
1116 2031 1256 2107 studium,

118 2107 202 2168 nulla
221 2105 377 2187 spiritualis
397 2105 523 2164 iunctio:
554 2103 625 2162 nihil
646 2103 773 2181 denique
792 2103 847 2162 nisi
871 2103 1004 2163 mundus.
1054 2103 1184 2166 Perinde
1207 2119 1256 2168 ta-

118 2204 190 2244 men
211 2183 343 2243 laudatur
364 2180 409 2241 bic
429 2180 626 2261 labyrinthus,
646 2181 727 2259 quasi
748 2178 817 2239 nihil
837 2180 962 2241 inueniri
1003 2193 1069 2242 ucat
1095 2184 1185 2265 magis
1205 2205 1264 2245 nr·r

120 2258 250 2320 dinatum
272 2281 304 2319 ac
325 2257 505 2336 dispositum.
524 2287 563 2304 ›-
601 2255 765 2315 chardus
794 2275 865 2317 vcro
891 2278 961 2337 quas
982 2201 1082 2318 iundit
1127 2261 1256 2320 uerimo·

118 2336 195 2411 nias,
215 2357 289 2431 quos
310 2336 369 2395 edit
381 2334 516 2416 gemitus,
536 2333 604 2392 dum
624 2352 692 2391 suae
713 2333 814 2393 aetatis
832 2333 901 2393 vitia
925 2334 1075 2405 intuetur?
1102 2280 1182 2411 (inid
1201 2337 1257 2420 igi·

119 2425 183 2490 tur,
201 2436 226 2475 u
246 2414 302 2472 boc
323 2424 453 2470 nostrum
468 2410 593 2469 terreum
607 2408 765 2485 saeculum,
786 2421 815 2468 et
833 2410 857 2469 si
877 2411 946 2490 quid
968 2411 1103 2472 estlerro
1119 2413 1257 2488 deterius,

120 2490 304 2569 inspiceret?
327 2489 411 2569 Quae
432 2489 484 2546 ista
506 2499 548 2546 cst
568 2484 757 2566 improbitas,
777 2506 838 2545 non
858 2487 948 2546 modo
969 2488 1161 2567 pertinaciter
1179 2491 1257 2551 tueri

121 2567 207 2628 volut
225 2577 440 2626 sacrosanctum
460 2585 494 2624 ac
514 2563 658 2638 diuinum,
688 2563 768 2642 quod
793 2584 853 2624 uuo
875 2583 928 2624 ore
946 2565 1038 2624 sancti
1059 2586 1161 2626 omnes
1181 2585 1258 2626 sem-

121 2663 181 2726 per
199 2642 415 2722 improbarunt:
435 2640 485 2699 sed
507 2660 607 2699 eornm
626 2659 744 2718 qnoque
763 2641 932 2700 testimonio
952 2640 1032 2700 abuti
1053 2641 1089 2700 ad
1110 2643 1259 2703 defensio-

123 2742 195 2780 nem
206 2721 342 2799 Papatus,
362 2739 448 2797 quem
470 2728 587 2788 qonstat
606 2715 693 2775 luisse
714 2716 767 2776 illis
787 2738 905 2795 prorsus
921 2717 1114 2797 incognitum.
1155 2720 1259 2792 Quan-

124 2816 214 2877 quam
235 2796 272 2854 de
288 2809 425 2874 tempore
444 2793 586 2852 Bernardi
607 2792 711 2866 fatcor,
732 2804 838 2851 tantam
852 2794 939 2851 luisse
955 2805 1023 2853 tunc
1036 2796 1260 2873 corruptionem

125 2892 226 2932 rerum
252 2873 397 2944 omnium,
426 2883 460 2929 ut
485 2890 547 2928 non
571 2867 659 2927 luerit
684 2867 806 2927 multum
832 2882 934 2929 nostro
962 2869 1108 2929 dissimile.
1148 2872 1259 2931 Verum

125 2951 210 3010 omni
230 2949 342 3028 pudore
363 2958 474 3020 carent,
494 2946 542 3024 qui
564 2965 596 3003 ex
617 2944 713 3003 medio
735 2944 784 3004 illo
805 2946 938 3019 sacculo,
957 2945 1068 3007 Leonis
1092 2947 1205 3007 scilicet
1230 2959 1260 3009 et
1331 2980 1336 2991 .

126 3024 270 3105 Gregorii
281 3038 311 3083 et
330 3024 475 3094 similium,
495 3033 675 3158 praetextum
695 3020 820 3100 aliquem
841 3035 960 3102 petunt:
983 3024 1104 3159 perinde
1124 3025 1202 3082 euim
1216 3024 1261 3084 la·

125 3103 210 3163 ciunt
230 3102 287 3161 n‘csi
307 3102 371 3181 quis
391 3101 426 3158 ad
451 3112 494 3159 sta
519 3099 654 3157 iliendam
681 3098 837 3158 Caesarum
865 3121 984 3158 inonarc
1008 3100 1078 3173 iam,
1109 3102 1168 3160 anti
1192 3116 1261 3162 uum

83 3210 86 3215 ·
124 3178 256 3259 Romani
289 3178 402 3257 imperii
429 3189 534 3236 statum
563 3175 707 3235 laudaret:
735 3174 791 3235 boc
815 3187 859 3236 est
877 3175 1017 3236 libertatis
1037 3176 1136 3238 laudes
1156 3122 1191 3238 ad
1211 3199 1262 3240 or·

125 3255 252 3321 nondam
274 3254 460 3334 tyrannidem
474 3264 664 3310 mutuaretur.

204 3337 251 3395 23.
291 3332 463 3402 Postremo,
496 3329 608 3387 etiamsi
629 3329 699 3387 baec
718 3328 859 3388 darentur
879 3329 985 3405 omnia,
1016 3332 1144 3391 exoritur
1162 3343 1262 3391 tamen

127 3407 188 3468 illis
206 3428 313 3466 novum
336 3408 372 3465 de
394 3408 510 3487 integro
533 3416 697 3477 certamen,
730 3426 817 3483 quum
841 3425 980 3488 negamus
1001 3428 1062 3466 esse
1082 3409 1263 3468 Rornae'ec·

107 3482 259 3559 ciceiam,
281 3486 309 3543 in
332 3505 386 3562 qna
408 3482 549 3543 eiusmodi
570 3481 710 3540 beneficia
732 3483 859 3541 residere
880 3496 1001 3562 queant:
1022 3506 1109 3564 quum
1123 3505 1263 3565 negamus

128 3581 195 3621 esse
216 3562 396 3639 episcopum,
417 3562 465 3636 qui
488 3560 559 3616 baec
580 3559 727 3638 diguitatis
754 3559 901 3641 privilegia
928 3563 1077 3619 sustineat.
1116 3563 1184 3620 Sint
1209 3560 1265 3639 igi-

126 3651 179 3701 tur
197 3659 265 3696 vera
288 3638 333 3695 illa
356 3639 454 3694 onmia
474 3641 563 3714 (quoe
583 3647 679 3692 tamen
702 3633 757 3693 illis
778 3637 832 3693 iam
855 3638 1040 3714 extorsimus)
1061 3639 1179 3696 Petrum
1194 3656 1265 3696 voce

129 3713 241 3777 Christi
260 3713 451 3775 constitutum
473 3714 559 3771 luisse
579 3711 729 3769 universae
750 3712 890 3774 ecclcsiae
911 3725 1010 3791 caput:
1037 3715 1190 3793 ipsumque
1210 3714 1266 3772 bo-

127 3811 205 3853 nore
224 3792 280 3850 sibi
301 3790 437 3848 collatum
459 3791 488 3847 iu
510 3788 641 3847 Romana
662 3788 729 3845 sede
751 3788 931 3869 deposuisse:
953 3790 982 3853 id
1003 3789 1107 3852 ueteris
1126 3789 1267 3850 ccclesiae

78 3892 81 3897 ·
127 3871 304 3930 auctoritate
326 3867 412 3926 luisse
432 3865 584 3937 sancitum,
605 3864 696 3944 longo
718 3885 771 3922 usu
791 3865 1008 3924 confirmatum:
1030 3866 1164 3925 Romano
1185 3867 1268 3926 Pon·

127 3944 202 4004 tifici
223 3964 363 4021 summam
385 3955 558 4023 potestatem
581 3941 669 4000 fuisse
694 3961 809 4019 semper
829 3962 888 4000 urm
910 3964 1053 4001 consensu
1074 3943 1110 4001 ab
1131 3944 1269 4002 omnibus

103 4052 106 4057 ·
130 4021 273 4079 delatam:
307 4022 400 4098 ipsum
422 4022 507 4078 fuisse
528 4018 659 4078 omnium
680 4029 710 4075 et
730 4040 890 4088 causarum,
911 4031 940 4077 ct
961 4018 1111 4078 bominum
1131 4019 1269 4094 iudicem,

130 4096 240 4157 nullius
261 4096 369 4154 iudicio
390 4097 551 4155 subiectum
572 4094 669 4152 luisse.
695 4094 832 4153 Habeant
842 4096 928 4153 ctiam
951 4095 1031 4175 plura
1052 4098 1076 4154 si
1095 4096 1200 4154 velint:
1221 4117 1271 4154 re-

131 4195 146 4233 s
169 4173 266 4232 ondeo
288 4187 386 4234 tamen
409 4195 467 4231 uno
486 4172 592 4243 uerbo,
612 4169 683 4228 nibil
704 4171 824 4229 istorum
845 4171 952 4247 valere,
971 4173 1025 4230 nisi
1038 4172 1151 4231 Romae
1170 4175 1208 4233 sit
1223 4192 1271 4232 ec·

132 4194 221 4309 ciceia
246 4262 276 4308 et
300 4250 464 4328 episcopus.
503 4249 571 4307 Hoc
590 4247 661 4306 mibi
681 4247 848 4308 concedant
866 4269 984 4308 necesse
1005 4261 1065 4324 est,
1097 4271 1158 4308 noo
1184 4269 1272 4330 posse

133 4325 323 4387 ecclesiarum
344 4337 467 4385 matrem
487 4345 566 4400 esse,
597 4343 672 4405 quae
695 4325 757 4407 ipsa
785 4344 847 4384 nou
870 4325 907 4387 sit
932 4324 1071 4387 ecclesia:
1099 4346 1168 4385 nou
1189 4344 1287 4403 posse
