2700 4732
79 210 141 277 ιιι
214 230 218 247 =
260 240 267 263 .
427 204 528 285 rm.
548 203 573 264 1.
612 202 703 266 car.
723 200 821 263 χιιι.

86 368 187 429 qnam,
212 347 347 410 solatium
367 360 425 424 est,
447 359 481 407 ut
503 347 649 429 intelligat
667 348 785 408 Patrem
804 345 962 407 coelestem
987 346 1030 407 alc
1048 365 1056 406 ι

86 427 219 509 potentia
240 428 409 500 continere,
437 426 478 485 sic
499 426 622 505 imperio
643 437 774 502 nutuque
793 444 847 483 suo
867 442 988 503 regere,
1014 422 1056 483 sic

87 502 254 576 moderari,
273 514 306 560 ut
324 501 486 578 nilril',·nisi
507 522 540 561 ex
561 503 621 561 eius
641 501 852 573 destinatione,
872 501 969 558 cadat:
989 499 1020 558 in
1040 518 1056 558 e

13 621 16 624 -
87 576 174 636 fidem
194 598 225 636 ec
246 590 412 658 receptum,
436 578 609 659 angelornm
638 597 725 637 curae
751 575 973 650 demandatum,
997 594 1036 633 ne

86 672 185 733 neque
203 654 290 737 ignis,
311 674 407 734 neque
428 653 498 713 lerri
519 675 592 712 noxa
610 673 696 733 posse
716 651 829 733 attingi,
850 652 905 725 nisi
946 596 1056 713 uoadi

88 729 156 789 dare
176 729 243 791 Deo
263 729 443 790 moderatori
469 729 596 789 libuerit.
645 730 695 788 Sic
720 729 798 787 enim
824 726 902 788 canit
921 673 1051 787 lisatmut

89 806 263 879 „Quoniam
284 807 345 885 ipse
364 806 504 865 liberabit
524 819 552 864 te
574 807 610 864 de
631 804 735 884 laqueo
755 804 913 879 venatoris,
934 817 963 862 et
982 825 997 862 a
1018 825 1055 883 pe

87 880 172 959 „Sub
191 882 305 959 ala-,sua
322 892 462 973 proteget
481 894 638 961 te,.atque
662 883 691 941 in
712 880 816 961 pennis
840 881 900 940 eins
923 880 1056 939 fiduciam

87 979 164 1037 „pro
183 970 267 1020 scuto
288 972 344 1018 ertt
358 960 463 1019 veritas
483 959 553 1019 eius.
593 960 662 1016 Non
682 957 797 1017 timebis
818 978 834 1015 a
853 976 962 1035 pavore
982 968 1053 1016 noct

88 1054 126 1108 „a
146 1035 248 1115 edgitta
266 1035 384 1095 volante
404 1054 458 1115 per
478 1035 570 1109 diem,
595 1056 609 1093 a
632 1038 716 1113 'peste
730 1032 958 1167 perambulante
983 1032 1013 1091 in
1034 1055 1056 1092 ca

89 1130 184 1187 „noxa
224 1123 350 1169 cassante
371 1112 399 1171 in
422 1112 562 1170 meridie“
583 1123 638 1169 etc.
678 1111 726 1169 Un
751 1129 766 1167 e
792 1121 823 1167 et
846 1109 893 1168 illa
918 1128 998 1168 emer
1020 1108 1041 1167 it

89 1130 235 1267 gloriandi
255 1187 357 1246 iniuria
377 1187 519 1263 (Pa-118,
539 1194 566 1251 6.
588 1200 617 1245 ct
636 1192 684 1259 27,
704 1193 731 1249 5.
753 1196 783 1243 et
802 1192 851 1260 56,
872 1192 900 1250 5.
919 1184 951 1244 'et
970 1128 1053 1263 alibi)

88 1283 164 1337 „nus
183 1262 255 1321 mibi
277 1263 409 1339 adiutor,
439 1285 500 1323 non
519 1263 630 1323 timebo
655 1262 726 1342 qnid
755 1261 840 1321 iaciat
863 1261 933 1319 mihi
958 1282 1037 1321 caro.

88 1348 265 1416 „protector
288 1360 384 1414 mous,
416 1341 485 1419 qnid
515 1340 689 1421 trepidabo?
740 1338 772 1396 Si
802 1339 965 1398 consistant
989 1339 1056 1397 adse

89 1424 213 1489 „castra,
233 1416 257 1474 ti
276 1416 462 1477 ambulavero
482 1416 511 1475 in
531 1417 629 1475 medio
650 1414 770 1474 umbrae
786 1414 898 1489 mortis,
919 1436 979 1472 non
992 1414 1053 1473 desi

88 1496 258 1569 „sperare.‘.‘
295 1492 384 1551 Unde
411 1494 440 1552 id
459 1513 567 1572 quaeso
588 1492 713 1564 babent,
732 1491 811 1570 quod
830 1490 886 1549 illis
906 1512 1055 1583 nunquam

89 1587 139 1631 tua
157 1568 306 1639 securitas,
326 1568 381 1629 nisi
422 1569 465 1628 nia
486 1568 537 1629 ubi
556 1580 666 1633 temere
686 1569 810 1626 mundus
828 1567 957 1641 volutari
976 1590 1006 1626 ιιι
1026 1590 1056 1646 sp

78 1641 191 1720 detur,
215 1644 375 1704 Dominum
395 1670 413 1705 u
437 1647 504 1738 ique
524 1645 640 1725 operari
660 1644 771 1717 sciunt,
796 1645 876 1702 cuins
897 1665 969 1722 opus
990 1647 1056 1703 coni

89 1717 157 1778 iore
180 1719 322 1782 salutare?
360 1722 420 1782 lam
445 1744 468 1782 sr
492 1721 537 1781 vel
563 1743 579 1781 a
604 1719 739 1794 diabolo,
767 1721 813 1781 vel
837 1742 852 1780 a
876 1720 1024 1780 sceleratis
1050 1722 1056 1779 Ι

90 1795 241 1875 impetitur
260 1817 362 1859 eorum
381 1798 470 1859 salus:
494 1798 541 1860 bic
558 1817 642 1873 vero,
661 1798 716 1857 nisi
735 1797 937 1877 providentiae
956 1797 1056 1858 record

88 1872 281 1934 meditatione
301 1876 526 1947 confirmentur,
546 1876 682 1955 protinus
702 1874 859 1933 concidere
885 1894 1002 1933 necesse
1021 1877 1056 1933 sit

88 1948 142 2015 ubi
161 1950 192 2009 in
211 1952 380 2011 memoriam
393 1964 542 2023 revocant,
562 1950 710 2010 diabolum
729 1961 880 2030 totamque
896 1950 1056 2029 improborr

89 2034 150 2085 tem
169 2028 211 2086 sic
230 2027 365 2088 omnibus
384 2029 516 2108 partibus
534 2049 622 2087 manu
640 2026 714 2101 Dei,
732 2039 868 2123 tanquam
890 2027 991 2099 freno,
1011 2026 1056 2086 col

88 2118 147 2161 nec
166 2104 323 2183 concipere
342 2105 432 2163 nllnrn
452 2106 585 2165 adversus
606 2124 659 2163 nos
679 2103 861 2173 maleficium,
881 2122 936 2162 nec
956 2124 1057 2181 concep

89 2175 154 2250 liri,
173 2198 228 2240 nec
247 2181 283 2239 acl
303 2181 547 2265 perpetrandum,
570 2181 595 2240 si
613 2180 733 2241 maxime
752 2180 926 2253 moliantur,
957 2180 1056 2261 digitur

91 2266 215 2333 queant,
240 2257 294 2315 nisi
320 2269 459 2335 qnantum
479 2257 528 2316 ille
548 2258 726 2335 permiserit,
747 2256 806 2314 imo
826 2256 880 2315 nisi
901 2268 1041 2334 quantum

90 2350 148 2391 nec
167 2352 232 2393 com
257 2333 357 2395 edibus
378 2344 489 2392 tanturn
509 2332 570 2391 eius
590 2332 684 2391 teneri
704 2332 827 2415 ligatos,
846 2332 895 2390 sed
917 2333 1002 2391 etiam
1022 2332 1056 2392 ad

90 2354 262 2493 praestanda
287 2409 372 2469 freno
398 2408 480 2490 cogi:
506 2409 616 2468 babent
639 2408 717 2466 unde
737 2428 768 2468 sc
788 2408 897 2485 prolixe
918 2408 1056 2468 consolen

90 2494 124 2543 ut
142 2482 266 2544 Domini
285 2496 339 2558 est,
360 2504 461 2545 eornm
483 2485 612 2547 furorem
632 2504 754 2558 armare,
775 2496 805 2542 et
822 2496 995 2543 convertere
1015 2486 1056 2544 des

91 2579 152 2649 qno
171 2559 304 2621 libuerit:
324 2559 363 2621 ita
384 2574 415 2621 et
432 2561 553 2621 modum
572 2562 718 2654 finemque
738 2573 876 2633 statuere,
896 2581 933 2618 ne
955 2583 1007 2640 pro
1028 2584 1056 2621 su

88 2633 245 2699 licentiose
272 2638 423 2700 exsultent.
468 2639 536 2715 era
556 2655 743 2719 persuasione
763 2637 899 2697 suffultus
919 2638 1056 2711 Paulus,

90 2732 160 2772 nem
179 2734 275 2789 suam,
300 2737 385 2806 quam
406 2736 466 2775 ιιιιο
486 2717 516 2774 ἰιι
537 2714 604 2775 loco
625 2714 733 2775 dixerat
752 2713 792 2792 (l.
813 2714 1049 2785 Tbess.2‚18·)

90 2788 260 2867 impeditam
282 2791 384 2867 luisse,
404 2792 473 2851 alibi
493 2793 521 2849 in
543 2790 600 2850 Dei
619 2791 809 2870 permissione
828 2792 927 2849 statuit
946 2791 986 2866 (1.
1007 2791 1052 2849 Co

91 2864 127 2929 Si
146 2877 257 2926 tantum
278 2867 393 2933 dixisset
418 2868 599 2929 obstaculum
624 2868 713 2926 fnisse
741 2889 756 2926 a
777 2868 897 2940 Satana,
923 2868 1041 2925 nimium

90 2940 168 3001 visus
189 2942 291 3004 inisset
311 2945 338 3004 ei
357 2945 442 3021 dare,
468 2948 524 3004 acsi
552 2946 610 3022 ipsa
631 2962 749 3023 quoque
769 2944 826 3002 llei
851 2943 970 3002 consilia
991 2962 1056 3002 ever

90 3019 123 3083 ln
144 3018 205 3079 eius
224 3040 327 3082 maon:
346 3043 426 3081 nunc
444 3041 515 3081 vero
535 3021 586 3080 ubi
605 3021 700 3078 Deum
721 3019 860 3077 arbitrum
880 3020 994 3090 statuit,
1015 3041 1029 3077 a
1051 3044 1056 3078 ι

90 3095 230 3161 missione
249 3098 398 3176 pendeant
409 3098 507 3158 omnia
526 3097 642 3169 itinera,
662 3095 746 3155 simul
759 3097 886 3155 ostendit
906 3095 977 3154 nibil
997 3097 1051 3155 nisi

90 3173 234 3257 consequi
253 3175 387 3235 Satanam
408 3194 493 3254 posse
513 3173 650 3253 quicquid
670 3172 860 3231 machinetur.
898 3172 1007 3231 Eadem
1028 3195 1056 3231 ra

89 3247 157 3323 xi‘d,
190 3248 256 3328 qula
278 3262 399 3332 propter
418 3252 511 3312 varias
538 3250 759 3319 conversiones,
779 3249 882 3327 quibus
908 3249 1020 3307 assidue
1040 3273 1056 3306 v

91 3323 173 3403 quasi
182 3337 296 3385 rotatur
316 3327 467 3387 bominum
480 3328 549 3402 vito,
568 3327 597 3385 in
620 3326 676 3385 boc
696 3325 804 3406 asylum
824 3346 855 3384 sc
876 3326 989 3403 recipit,
1009 3326 1054 3385 Te

91 3400 206 3461 esserto
230 3423 318 3461 mann
338 3403 396 3462 Dei
416 3404 478 3482 (Ps.
497 3409 552 3477 31,
571 3404 643 3479 16.)
688 3401 809 3460 Poterat
835 3414 885 3459 out
910 3403 985 3459 vitae
1010 3424 1056 3462 cur

89 3484 206 3557 tempus
225 3478 257 3537 in
276 3480 414 3562 singulari
435 3501 558 3539 numero
578 3498 706 3558 poneres
728 3478 778 3536 sod
797 3490 963 3557 temporum
977 3482 1052 3561 'norn

90 3560 172 3615 utere
192 3554 298 3631 voluit,
317 3559 500 3636 quantumvis
520 3555 660 3617 instabilis
679 3555 715 3614 sit
734 3554 886 3613 bominum
906 3553 1054 3626 conditio,

89 3648 149 3708 quc
168 3629 293 3691 subinde
312 3633 448 3691 accidunt
468 3634 543 3692 vices
563 3632 698 3690 divinitus
710 3631 877 3707 gubernari.
917 3631 983 3704 Qua
1004 3632 1056 3691 rati

81 3716 123 3775 ,et
141 3704 204 3771 Rex
223 3707 314 3769 lsrael
332 3709 404 3787 (les.
423 3717 453 3785 7,
471 3711 530 3784 d),
550 3729 638 3788 quum
658 3707 775 3767 viribus·
792 3709 821 3766 in
843 3708 959 3766 exitium
978 3708 1051 3768 luda

89 3781 261 3845 viderentur
288 3784 366 3845 iaces
397 3786 433 3845 ad
453 3785 636 3865 ‘perdendam
661 3795 691 3842 et
716 3784 920 3843 absumendam
941 3797 1047 3843 terram

90 3872 235 3939 vocantur
253 3880 270 3922 a
289 3861 439 3942 Propbeta
459 3862 578 3921 titiones
599 3860 787 3942 fumigantes,
803 3861 853 3940 qui
874 3861 945 3920 nillil
967 3881 1052 3938 quam

90 3935 202 3995 lirnium
224 3936 356 3997 exhalare
376 3950 493 4018 queant.
531 3937 582 3996 Sic
602 3937 732 4007 Plrarao,
756 3959 845 4016 quum
866 3950 895 3996 et
915 3937 1036 4018 opibus,

90 4023 123 4070 et
141 4012 327 4075 multitudino
347 4017 498 4094 copiarum
522 4013 657 4075 omnibns
678 4013 885 4077 formidolosus
906 4025 994 4088 esset,
1018 4015 1056 4095 ips

89 4088 240 4164 maximae,
259 4091 363 4169 copiae
382 4092 443 4151 eins
463 4090 589 4171 piscibus
609 4102 822 4169 comparantur.
861 4091 974 4149 llucem
995 4111 1056 4171 crgt

90 4162 180 4229 citum
200 4164 354 4227 denuntiat
372 4168 452 4229 Deus
472 4166 595 4246 (lizeeb.
615 4173 670 4239 29,
688 4166 747 4241 4.),
767 4185 798 4225 se
819 4167 904 4226 barno
924 4187 978 4225 suo
998 4180 1056 4247 capt

90 4248 250 4301 tracturum
270 4263 330 4323 quo
349 4243 439 4304 volet.
482 4244 621 4322 Denique
644 4260 683 4303 ne
709 4240 755 4302 bic
779 4243 885 4302 diutius
909 4243 1056 4313 immorer,

86 4312 315 4421 puimadvenas,
338 4320 496 4403 perspicies
516 4331 676 4379 extremum
696 4337 759 4379 esse
778 4320 908 4379 omnium
928 4319 1056 4380 miserior

16 4406 60 4451 ,ἡ
176 4404 179 4413 .
