2596 4726
29 4360 30 4367 a
116 4290 180 4371 lut

114 187 175 256 Μ
213 194 216 201 '
274 196 277 201 '
512 170 589 248 ΗΒ.
607 183 649 248 11.
687 183 883 252 claxe-

116 331 204 428 Legis
223 343 377 417 respectu,
395 332 446 394 sed
465 331 545 412 qnod
566 342 649 393 erant
667 330 832 393 nebulones
893 329 967 392 idam
986 331 1075 413 Legis
1093 327 1248 403 annitatur,

95 425 168 488 'qur
192 429 331 489 perverso
359 409 590 471 ceremoniarum
622 409 721 470 studio
745 410 863 492 Erange
876 409 899 467 ii
920 407 1080 468 claritatem
1105 406 1249 474 obscura-

117 483 203 547 bant:
229 487 265 546 de
285 486 372 568 Legis
396 497 497 546 natura
522 486 680 559 secundum
706 504 809 545 eorum
833 504 964 545 errorem
984 507 1017 545 ac
1036 483 1153 544 stultam
1174 478 1250 543 alle-

118 565 246 623 ctionem
272 562 406 642 disputat
450 561 530 642 Ergo
556 561 586 620 id
612 560 759 641 peculiare
783 562 812 620 in
838 561 932 622 Panlo
957 561 1114 621 observare
1138 578 1250 640 operae

118 641 255 718 pretium
271 640 335 699 erit.
388 638 519 717 Uterque
539 657 612 697 vcro
636 638 701 716 quia
725 649 809 697 retus
835 659 868 697 ac
896 659 1003 696 norum
1023 637 1248 697 Testamentum

119 736 172 795 per
196 716 419 774 contentionem
445 715 523 773 inter
547 734 578 774 se
604 715 771 792 componit,
803 715 875 773 nihil
906 716 936 773 in
956 715 1038 796 Lege
1068 713 1248 789 considerat,

117 793 172 852 nisi
193 791 272 882 quod
297 790 446 871 proprium
468 791 529 865 eius
550 801 602 849 est.
651 790 783 871 Exempli
808 790 913 871 gratia:
945 790 1004 848 Lex
1028 789 1249 851 misericordiae

117 867 326 948 promissiones
346 868 450 946 passim
471 867 619 939 continet,
642 868 692 926 scd
713 867 780 946 quia
804 880 873 927 sunt
898 866 1014 927 aliunde
1033 866 1154 940 ascitae,
1184 884 1249 926 non

117 946 241 1004 veniunt
261 944 290 1003 in
304 945 391 1025 Legis
410 943 565 1015 rationem,
585 965 673 1020 quum
689 944 726 1002 de
745 964 817 1022 pura
838 944 898 1004 eius
918 948 1019 1002 natura
1039 963 1136 1004 sermo
1157 940 1250 1020 habe-

118 1033 177 1080 tur.
217 1021 284 1080 lloc
304 1019 344 1079 illi
364 1032 476 1079 tantum
497 1019 641 1092 tribuunt,
662 1031 694 1078 ut
712 1020 872 1100 praecipiat
892 1031 1063 1100 quae-recta
1083 1030 1162 1092 aunt,
1181 1037 1249 1079 see·

118 1094 179 1157 lera
199 1096 364 1178 prohibeat,
383 1097 540 1176 praemium
554 1095 648 1155 edicat
668 1095 829 1157 cultoribus
849 1096 985 1169 iustitiae,
1004 1115 1131 1177 poenam
1150 1107 1249 1156 trans·

119 1173 300 1257 gressoribus
319 1174 458 1233 minetur:
493 1173 588 1233 cordis
612 1172 729 1231 interim
750 1173 938 1252 pravitatem,
964 1193 1038 1253 quae
1058 1171 1173 1232 cunctis
1192 1171 1251 1233 bo·

118 1250 245 1311 minibus
265 1249 403 1310 naturalis
423 1249 507 1322 inest,
528 1270 587 1309 non
609 1250 742 1309 immutet
760 1262 811 1308 aut
830 1250 974 1319 emendet
1270 1300 1274 1307 .

194 1332 223 1393 8.
261 1329 347 1388 Nunc
371 1325 554 1386 membratim
572 1325 710 1407 Apostoli
730 1326 920 1386 collationem
941 1325 1123 1408 explicemus.
1152 1324 1248 1387 Vetus

119 1404 340 1465 Testamentum
364 1404 478 1464 literale
503 1418 561 1477 est,
592 1405 658 1486 quia
684 1405 747 1465 sine
766 1404 892 1485 Spiritus
917 1404 1045 1465 ellicacia
1077 1401 1250 1540 promulga-

105 1493 195 1542 ¹turn:
222 1483 335 1541 Novum
359 1482 526 1561 spirituale,
551 1483 630 1562 quud
651 1483 794 1542 Dominus
819 1481 970 1542 hominum
995 1481 1076 1541 cordi
1101 1491 1132 1540 us
1158 1482 1247 1559 spari-

119 1559 239 1619 tualiter
257 1558 414 1639 insculpsit.
458 1558 531 1618 ldeo
556 1559 681 1621 secunda
707 1559 857 1618 antithesis
883 1570 927 1618 est
945 1557 1037 1618 veluti
1060 1559 1172 1636 primae
1192 1559 1248 1617 de·

120 1635 250 1697 claratio.
299 1637 390 1697 Vetus
410 1635 592 1696 mortiferum
618 1648 675 1709 est,
706 1637 773 1716 quie
799 1635 870 1694 nihil
896 1646 994 1715 potest
1014 1656 1100 1715 quam
1124 1633 1248 1694 maledi-

120 1713 219 1774 ctione
239 1713 388 1774 inrolvere
407 1713 573 1773 universnm
593 1711 743 1772 hominum
762 1732 870 1794 genus:
901 1715 1016 1771 Novum
1037 1722 1080 1770 est
1099 1711 1174 1771 ritae
1194 1731 1247 1771 or-

119 1811 243 1873 ganum,
270 1790 335 1870 quia
361 1811 377 1849 a
402 1789 606 1853 maledictione
631 1789 770 1850 liberatos
793 1789 823 1850 in
844 1789 966 1872 gratiam
986 1810 1052 1848 cum
1071 1788 1139 1849 Deo
1159 1787 1248 1848 resti·

119 1869 184 1928 tuit.
219 1867 297 1926 Illud
318 1869 511 1927 damnationis
531 1866 720 1927 ministerium
741 1879 802 1941 cst,
826 1867 891 1947 quia
911 1886 978 1925 reos
997 1865 1112 1947 peragit
1131 1864 1247 1925 iniusti·

118 1945 178 2004 tiae
202 1965 304 2005 omnes
333 1945 409 2005 filios
435 1945 545 2003 Adamr
578 1943 634 2003 boc
661 1943 802 2016 iustitiae,
832 1943 898 2023 quia
930 1943 986 2001 Dei
1017 1942 1246 2002 misericordiam

119 2021 245 2096 revelat,
268 2041 426 2101 perquam
447 2021 644 2085 iustificantur.
686 2020 840 2081 Postrema
863 2019 1012 2080 antithesis
1032 2020 1067 2078 ad
1087 2017 1176 2100 Legis
1196 2038 1248 2079 ce·

119 2099 265 2157 remonias
285 2098 448 2157 reserenda.
488 2096 565 2172 Quia
586 2095 656 2156 illud
677 2114 781 2156 rerum·
794 2097 957 2158 absentium
977 2095 1134 2176 imaginem
1155 2095 1246 2156 habe·

119 2174 188 2247 bat,
219 2175 340 2234 interire
360 2194 392 2234 ac
413 2193 587 2233 evanescere
606 2185 740 2255 tempore
760 2174 907 2254 oportuit:
939 2173 1147 2255 Evangelinm,
1178 2173 1246 2253 qnia

119 2251 129 2310 i
152 2272 213 2310 sum
240 2271 292 2310 cor
315 2273 348 2309 us
366 2249 497 2322 exhibet,
524 2249 634 2308 firmam
655 2261 897 2342 perpetuamque¹
911 2252 1019 2308 retinet
1048 2247 1246 2309 stabilitatem.

150 2339 215 2386 ocat
234 2273 350 2404 quirlem
371 2325 506 2385 Ieremias
527 2337 556 2383 et
577 2325 654 2406 leges
675 2327 813 2400 morales,
837 2326 983 2385 mlirmum
1003 2347 1037 2385 ac
1057 2324 1160 2406 fragile
1180 2327 1247 2386 loe·

120 2403 188 2463 dus:
207 2403 258 2462 sed
279 2405 330 2462 alia
351 2403 475 2473 ratione,
495 2402 574 2482 quod
594 2401 705 2462 scilicet
723 2403 829 2483 ingrati
849 2424 887 2482 po
911 2404 950 2461 uli
969 2403 1064 2463 subita
1076 2402 1247 2463 delectione

120 2500 187 2539 mor
207 2478 278 2537 abru
303 2492 362 2538 turn
384 2478 486 2537 luerit:
513 2478 562 2537 sea
583 2478 649 2556 quia
677 2480 817 2538 eiusmodi
838 2424 958 2538 violatio
986 2490 1065 2538 esta
1086 2477 1172 2558 culpa
1192 2499 1246 2558 po·

119 2555 199 2636 puli,
224 2557 253 2613 in
274 2501 491 2614 lestameutum
513 2554 631 2633 proprie
651 2577 710 2613 non
733 2555 911 2615 conseretur.
951 2556 1146 2616 Ceremoniae
1167 2575 1245 2629 vero,

121 2631 258 2712 quoniam
278 2654 326 2691 sua
347 2632 472 2723 ipsarum
492 2630 656 2690 infirmitate
670 2632 778 2692 Christi
798 2632 924 2691 adventu
945 2631 1063 2690 luserunt
1081 2631 1247 2706 dissolutae,

120 2729 235 2769 causam
259 2708 433 2768 infirmitatis
458 2708 532 2767 intra
558 2727 602 2766 se·
621 2707 776 2767 habebant.
825 2709 921 2767 Porro
943 2708 1109 2767 disserentis
1129 2707 1178 2766 illa
1197 2707 1247 2767 Li·

120 2796 202 2844 terae
223 2797 252 2844 et
272 2786 397 2864 Spiritus
418 2805 478 2843 non
504 2786 545 2844 sic
568 2785 735 2864 accipienda
763 2797 822 2858 est,
854 2785 911 2844 acsi
943 2784 1024 2843 nullo
1058 2806 1122 2843 cum
1150 2784 1249 2847 lruetta

120 2862 231 2942 Legem
251 2885 329 2923 suam
345 2862 457 2920 ludaeis
469 2859 614 2919 Dominus
626 2861 746 2934 tulisset,
767 2862 846 2921 nullo
863 2880 964 2920 eorum
985 2861 1020 2918 ad
1040 2881 1070 2920 se
1086 2880 1248 2921 converso:

120 2940 171 3000 sed
193 2960 245 3018 per
265 2939 512 3017 comparationem
533 2938 624 3016 posita
646 2950 705 3011 est,
731 2939 765 2996 ad
794 2937 1053 2998 commendandam
1074 2936 1184 3018 gratiae
1204 2938 1252 2998 al-

120 3016 290 3089 fluentiam,
322 3037 378 3093 qua
404 3013 555 3094 Evangelii
582 3015 829 3092 praedicationem
860 3015 937 3073 idem
958 3013 1136 3093 Legislator,
1167 3017 1251 3092 quasi

120 3112 226 3151 noram
247 3112 399 3170 personam
420 3091 552 3164 induens,
574 3089 738 3150 bonoravit.
776 3092 850 3150 Nam
869 3092 893 3151 si
914 3109 1014 3149 eorrrm
1032 3090 1250 3152 multitudinem

120 3186 315 3240 recensemus,
336 3188 409 3245 quos
430 3188 462 3225 er
481 3166 597 3246 populis
616 3168 751 3226 omnibus
771 3166 983 3247 perllvangelii
1000 3167 1250 3256 praedicationem

123 3243 236 3322 Spiritu
262 3264 315 3301 suo
339 3255 527 3322 regeneratos
553 3243 582 3300 in
608 3244 748 3303 ecclesiae
772 3265 839 3303 suae
860 3262 1097 3303 communionem
1117 3243 1252 3326 collegit,

143 3319 307 3381 aucissimos
327 3340 360 3377 ac
382 3339 474 3397 paene
495 3318 589 3377 nullos
603 3319 738 3392 dicemus,
759 3321 808 3398 qni
828 3320 897 3379 olim
918 3320 947 3377 in
960 3319 1068 3378 israele
1088 3321 1185 3379 cotdis
1205 3320 1251 3380 al·
1278 3341 1288 3353 “

89 3448 91 3455 ,
120 3339 202 3454 lectu
232 3406 319 3472 atque
352 3414 384 3453 er
413 3397 510 3454 animo
545 3394 647 3454 foedus
671 3396 792 3454 Domini
817 3396 939 3475 amplexi
964 3396 1038 3455 sint:
1069 3396 1118 3476 qui
1150 3409 1251 3477 tapneu

121 3469 205 3530 multi
227 3470 354 3542 luerunt,
374 3470 397 3529 si
417 3481 522 3549 suopte
543 3491 665 3529 numero
685 3472 747 3531 sine
768 3476 987 3550 comparatione
1008 3485 1191 3532 censeantur.

197 3554 225 3611 9.
264 3546 306 3604 Ex
325 3548 414 3605 tertio
435 3546 600 3605 discrimine
620 3560 753 3625 quartum
774 3550 905 3627 emergit.
946 3549 1038 3607 Vetus
1051 3550 1128 3607 enirn
1144 3551 1252 3610 Testa-

122 3635 252 3683 mentum
274 3623 425 3700 Scriptura
446 3635 530 3682 rocat
549 3623 711 3699 servitutis,
731 3625 809 3704 quod
830 3627 964 3683 timorem
986 3626 1015 3682 in
1036 3626 1138 3685 animis
1157 3629 1251 3707 gene-

122 3713 184 3760 ret:
204 3699 318 3759 Novum
335 3710 430 3758 autem
452 3698 603 3771 libertatis,
644 3701 700 3759 uod
721 3701 749 3758 in
771 3701 903 3760 fiduciam
924 3722 957 3760 ac
976 3703 1161 3760 securitatem
1184 3723 1254 3762 eos-

124 3778 191 3836 dem
217 3777 317 3857 erigat.
367 3775 417 3834 Sic
437 3774 543 3836 Paulus
570 3777 605 3834 ad
653 3798 774 3836 omanus
794 3781 842 3853 (8,
863 3779 938 3852 15.):
973 3779 1062 3848 „Non
1088 3779 1252 3858 accepistis,

122 3853 228 3932 inquit,
248 3852 377 3931 spiritum
389 3851 534 3911 servitutis
554 3853 707 3910 iterumad
727 3854 878 3912 timorem:
899 3853 947 3912 sed
960 3854 1100 3944 Spiritum
1112 3854 1254 3934 adoptio-

123 3931 178 4002 nis,
199 3948 353 4008 perquem
375 3926 536 4000 clamamus,
556 3928 651 4000 abba,
672 3930 790 3987 Pater.“
828 3931 893 3988 Huc
913 3942 1043 4008 pertinet
1061 3931 1140 4008 quod
1162 3930 1254 3990 habe·

123 4005 582 4081 tur'adHebraeos(12,18.),
614 4024 673 4062 non
694 4006 844 4064 accessisse
865 4028 942 4065 nunc
967 4006 1065 4064 lideles
1085 4007 1120 4065 ad
1142 4027 1254 4087 corpo-

122 4102 205 4141 reum
224 4094 371 4153 montem,
398 4094 426 4139 et
446 4082 594 4140 incensum
614 4079 729 4160 ignem,
749 4104 780 4141 ac
800 4082 961 4156 turbinem,
982 4095 1012 4141 et
1032 4083 1201 4162 caliginem,
1222 4095 1255 4142 et

122 4158 293 4237 procellam,
313 4158 363 4217 ubi
383 4156 456 4215 nibil
467 4157 609 4231 audiatur,
628 4169 677 4216 aut
695 4157 838 4232 videatur,
859 4158 913 4217 nisi
934 4158 1012 4236 quod
1032 4170 1148 4217 terrore
1168 4180 1254 4218 men-

123 4247 167 4293 tes
209 4234 342 4296 ercellat:
364 4234 448 4308 adeo,
468 4246 501 4293 ut
520 4233 582 4312 ipse
602 4234 830 4314 quoquellloses
850 4246 1026 4312 expavescat,
1046 4235 1096 4293 ubi
1116 4256 1171 4295 vox
1192 4248 1255 4295 ter·

183 4257 218 4372 lis
237 4312 370 4386 insonat,
389 4330 475 4390 quam
494 4311 596 4372 andire
616 4329 718 4374 omnes
738 4310 948 4390 deprecentur:
973 4311 1025 4373 sed
1044 4312 1196 4374 accessisse
1215 4312 1254 4373 ad
