2700 4732
153 152 194 271 ds
563 194 686 261 lliij
726 192 882 299 citu-*tii

158 355 260 409 nostre
277 344 386 422 rel'ert,
404 345 486 438 quod
505 345 578 405 utile
597 346 692 409 est-in
712 347 775 408 eius
795 338 942 429 gloriam,
958 346 1040 428 quod
1050 346 1190 427 'denique
1209 364 1297 428 expe·

158 424 212 486 dit
249 422 356 503 Neque
375 442 453 482 emm
469 422 720 506 Deum,·proprie
739 423 903 504 loquendo,
921 424 1064 507 edgnosei
1085 424 1226 498 dicemus,
1245 424 1297 483 ubi

159 500 241 563 nulle
260 511 308 561 est
324 498 430 581 religio
451 502 629 636 mrim
659 500 849 580 'Atque'bic
867 501 1001 561 nondtiiii
1021 501 1137 580 attingo
1157 518 1220 560 eani
1241 521 1298 560 no-

159 576 247 640 titiae
262 577 406 658 speciem,
454 596 488 637 iia
531 579 645 637 omines
669 578 701 637 in
726 594 759 639 se
776 577 887 657 perditi
912 598 946 637 ac
960 578 1112 639 'maledicti
1131 578 1227 636 Deum
1248 596 1297 635 re-

160 654 346 735 demptorem
373 653 404 714 in
432 598 553 714 dhristo
579 654 741 715 mediatore
766 654 1008 735 apprehendunt:
1039 656 1089 715 sed
1121 666 1234 713 tantum
1259 654 1297 711 de

161 731 254 812 prima
280 731 330 790 illa
351 741 381 790 et
406 730 531 810 simplici
555 729 681 811 loquor,
710 731 853 811 adquam
883 752 937 790 nos
969 731 1129 792 deduceret
1152 730 1298 811 germinus

161 819 284 869 naturae
302 807 395 881 ordo,
420 812 444 867 si
473 808 590 900 integer
614 808 742 869 stetisset
760 809 865 868 Adam.
890 808 979 868 llam
1006 808 1060 868 etsi
1080 830 1167 868 nemo
1189 807 1245 865 iani
1267 807 1297 864 in

161 883 217 944 bae
237 883 354 945 humaui
372 884 490 965 generis
510 905 594 944 ruina
613 885 710 943 Deum
728 884 776 944 vel
795 897 926 964 patrem,
953 884 998 944 vel
1017 884 1116 945 salutis
1137 894 1299 957 auctorem,

161 960 281 1023 relullo
301 961 392 1021 modo
410 961 574 1040 propitium
590 961 711 1034 sentiet,
722 961 818 1022 donec
838 961 874 1020 ad
895 966 961 1021 euni
982 961 1068 1021 nobis
1088 960 1298 1042 pacificandum

162 1037 276 1098 medius
296 1048 433 1098 occurret
452 1038 603 1098 Christus:
629 1038 706 1098 aliud
731 1051 828 1099 tamen
849 1050 894 1097 est
917 1039 1027 1099 sentire
1047 1039 1144 1097 Deum
1164 1037 1298 1095 fictorem

162 1125 297 1176 nostrum
316 1134 368 1174 sua
387 1133 443 1173 nos
463 1116 595 1195 putentia
615 1115 734 1188 fulcire·
749 1114 934 1196 providentia
955 1135 987 1174 re
1010 1134 1076 1187 ere,
1097 1114 1230 1174 bonitate
1252 1111 1299 1172 l'o-

161 1211 243 1265 vere,
262 1190 404 1270 omnique
423 1190 664 1251 benedictionum
677 1212 787 1272 genere
807 1192 961 1273 prosequi:
983 1136 1059 1250 aiiud
1074 1210 1156 1264 vero,
1177 1189 1300 1282 gratiam

163 1267 412 1328 reconciliationis
433 1268 464 1326 iu
485 1267 607 1328 Christo
628 1269 713 1329 nobis
732 1270 912 1349 propositam
933 1268 1080 1349 amplecti.
1106 1268 1205 1342 ‘Quia
1226 1286 1299 1347 ergo

162 1344 310 1405 Dominus
351 1344 454 1405 rimum
474 1344 645 1424 simpliciter
665 1345 792 1406 Creator
810 1358 868 1405 tani
888 1346 919 1404 in
940 1346 1042 1404 mundi
1062 1345 1192 1424 opificio,
1212 1364 1300 1420 quam

164 1420 197 1481 iii
217 1364 349 1501 generaii
369 1421 539 1503 scripturae
559 1422 694 1482 doctriua
714 1422 762 1499 (ca
786 1429 832 1488 .6.
853 1423 991 1499 sect.1.),
1011 1421 1118 1480 deinde
1138 1421 1168 1480 iii
1189 1418 1301 1482 Christi

165 1497 240 1559 lacie
259 1498 444 1579 Redemptor
463 1508 595 1578 apparet:
616 1499 684 1560 liiuc
705 1444 811 1578 dupicx
830 1500 956 1581 emergit
975 1499 1036 1558 eius
1056 1498 1209 1579 cognitio,
1230 1518 1301 1575 qua·

165 1594 230 1635 rum
251 1596 330 1635 nunc
350 1575 434 1656 prior
452 1575 604 1643 tractanda
625 1588 683 1650 est,
708 1576 800 1636 altera
821 1577 927 1636 deinde
953 1596 1006 1635 suo
1027 1574 1132 1634 ordine
1151 1586 1301 1654 sequetur.

167 1652 256 1727 Quasi
279 1672 345 1711 uani
371 1664 468 1712 autem
493 1651 591 1711 Deum
618 1652 842 1733 apprehendere
871 1673 953 1711 meus
979 1663 1080 1712 nostra
1104 1671 1166 1710 nori
1191 1661 1303 1731 potest,

165 1732 237 1867 quiri
256 1672 298 1788 iili
319 1729 431 1790 cultum
444 1729 569 1808 aliquem
588 1731 716 1790 tribuat:
735 1740 916 1790 non-tamen
928 1728 1100 1807 simpliciter
1118 1739 1227 1788 tenere·
1240 1727 1302 1787 sul-

187 1806 245 1867 ciet
263 1805 344 1865 illum
365 1826 428 1867 csse
447 1827 549 1882 unuin,
569 1828 657 1885 quem
677 1807 713 1866 ab
735 1806 1021 1885 omnibusoporteat
1040 1805 1097 1864 culi
1118 1816 1148 1864 et
1168 1803 1299 1866 adorari:

166 1882 224 1943 nisi
243 1883 331 1942 etiam
350 1884 478 1963 persuasi
498 1882 587 1959 simut
611 1883 724 1944 iontem
745 1883 875 1942 omnium
897 1883 1044 1942 bonorum
1066 1901 1145 1957 csse,
1170 1880 1301 1960 nequid

167 1958 238 2021 alibi
258 1978 344 2040 quam
363 1963 393 2019 iii
413 1961 478 2042 ipso
499 1968 680 2039 quaeramus.
720 1961 788 2021 lloc
807 1962 847 2020 ita
868 1959 996 2039 accipio,
1020 1979 1082 2017 iinn
1104 1959 1198 2018 solum
1219 1958 1302 2036 quod

167 2036 310 2099 muudum
330 2036 423 2110 linae,
442 2048 476 2095 ut
494 2037 584 2096 semel
606 2036 754 2111 condidit,
778 2036 819 2097 sic
839 2038 978 2096 immensa
999 2037 1130 2117 potentia
1150 2036 1304 2109 sustineat,

167 2112 310 2194 sapientia
328 2114 511 2189 moderetur,
531 2113 663 2173 bonitate
675 2125 839 2188 conservet,
859 2113 1015 2172 burrianum
1028 2132 1119 2195 genus
1131 2112 1302 2193 praesertim

168 2191 281 2251 iustitia¹
297 2189 465 2270 iudicioque
486 2211 517 2248 re
540 2202 584 2264 at,
613 2191 813 2250 misericordia
840 2188 966 2263 toleret,
996 2190 1142 2268 praesidio
1168 2200 1302 2248 tueatur:

168 2266 220 2327 sed
241 2266 309 2345 quia
329 2288 469 2345 nusquam
489 2210 539 2328 vei
554 2287 583 2326 ia
607 2267 715 2325 lentiae
736 2288 768 2326 ac
789 2267 875 2337 lucis,
898 2265 944 2325 iiel
965 2266 1107 2339 iustitiae,
1126 2264 1172 2324 rel
1193 2277 1303 2345 poten-

167 2343 238 2417 tiae,
256 2342 304 2401 vel
323 2343 522 2420 rectitudinis,
546 2288 747 2404 veisincerue
764 2344 892 2403 veritatis
913 2356 996 2426 gutta
1015 2344 1197 2422 reperietur,
1226 2360 1304 2477 quae

169 2436 231 2481 tion
253 2418 374 2500 abipso
393 2420 481 2495 lluat,
513 2433 542 2480 et
562 2420 642 2480 cuius
667 2421 729 2501 ipse
753 2441 814 2481 nou
840 2421 878 2480 sit
897 2441 998 2480 causa:
1034 2434 1065 2479 ut
1096 2420 1167 2478 haec
1191 2419 1305 2478 scilcet

169 2496 270 2557 omnia
290 2494 327 2565 ab
349 2496 412 2576 ipso
422 2509 591 2578 exspectare
612 2509 642 2555 et
661 2509 763 2578 petere
783 2497 934 2570 discamus,
954 2497 1040 2576 eique
1061 2516 1125 2556 cum
1145 2495 1304 2576 gratiarum

170 2573 290 2633 uctione
308 2585 427 2654 accepta
446 2575 569 2634 referre.
607 2572 683 2633 Nam
704 2575 750 2635 liic
768 2574 912 2633 virtutum
932 2574 990 2632 Dei
1010 2593 1110 2633 sensus
1129 2570 1216 2631 nobis
1235 2573 1303 2631 ido·

170 2660 309 2709 neus'ett
327 2648 445 2730 pietatis
464 2650 611 2733 magister,
632 2672 665 2709 eii
685 2672 740 2731 qua
761 2650 867 2733 religio
888 2651 1024 2711 nascitur.
1065 2650 1205 2708 Pietatem
1227 2667 1303 2708 voco

171 2726 362 2787 contanciam-
379 2748 444 2786 eum
465 2746 566 2787 amore
584 2728 642 2786 Dei
660 2730 876 2802 reverentiam,
901 2749 987 2807 quam
1009 2724 1220 2786 beliesiciorum
1240 2725 1304 2786 eins

169 2802 278 2881 dpittta
292 2803 444 2877 ¹conciliat
475 2805 581 2866 Donec
603 2804 679 2865 enini
700 2803 828 2865 sentiant
847 2804 991 2879 homines,
1013 2804 1080 2862 Deo
1095 2823 1126 2862 se
1140 2802 1238 2860 omnia
1251 2800 1304 2860 de-

171 2877 255 2953 bere,
272 2891 394 2958 paterna
412 2900 444 2941 se
465 2881 527 2941 eius
547 2876 613 2942 iura
634 2882 739 2955 inseri,
759 2904 824 2942 euni
844 2882 899 2940 sibi
921 2881 1053 2941 omnium
1073 2881 1221 2939 bonorum
1241 2895 1305 2937 esse

171 2966 387 3031 auctoramus
406 2956 480 3016 nibil
499 2968 578 3018 extra
598 2959 690 3038 ipsum
706 2959 903 3039 quaerendum
923 2958 971 3029 sit,
992 2978 1138 3035 nunquam
1160 2956 1238 3013 ei'se
1250 2975 1305 3014 vo-

172 3030 298 3092 luut'aria
320 3032 512 3094 'observantia
536 3035 706 3095 subiicient:
732 3036 791 3095 inin
812 3035 866 3095 nisi
885 3034 1007 3093 solidam
1027 3035 1056 3090 in
1078 3052 1114 3092 eo
1137 3031 1305 3091 felicitatem

171 3108 228 3169 sibi
248 3113 445 3187 constituant,
465 3132 613 3204 nimquam
633 3135 664 3171 se
684 3112 725 3171 illi
746 3131 814 3173 vere
837 3123 866 3170 et
887 3112 1038 3170 exanimo
1059 3121 1138 3168 tutos
1159 3110 1305 3168 addicent.

247 3192 275 3249 2.
314 3186 418 3266 ltaque
443 3188 556 3282 frigidis
579 3201 692 3250 tantum
719 3187 967 3268 speculationibus
988 3186 1109 3261 ludunt,
1136 3186 1242 3266 quibus
1274 3186 1306 3244 in

172 3260 227 3321 bac
247 3264 419 3342 quaestione
438 3266 571 3326 insistere
591 3266 775 3346 propositum
798 3277 855 3336 est,
881 3264 949 3343 quid
970 3265 1007 3323 sit
1026 3264 1122 3323 Deus:
1149 3284 1237 3341 quum
1259 3261 1306 3320 in-

172 3339 258 3399 tersit
283 3353 385 3401 nostra
410 3343 523 3421 potius,
555 3343 648 3422 qualis
673 3345 724 3413 sit,
755 3354 784 3401 et
810 3342 878 3420 qnid
906 3342 967 3400 eius
993 3352 1114 3399 naturae
1139 3341 1308 3412 conveniat,

171 3416 257 3476 scire.
297 3417 448 3492 Quorsum
469 3421 546 3479 enim
565 3420 686 3490 attinet,
707 3420 802 3477 Deum
823 3418 950 3497 aliquem
971 3439 1036 3477 curn
1058 3417 1188 3495 Epicuro
1209 3415 1309 3489 lateri,

174 3492 359 3571 qniabieicta
380 3497 480 3555 mundi
502 3516 570 3556 cura
595 3516 626 3554 se
653 3496 722 3554 odio
749 3508 862 3553 tantum
883 3493 1034 3552 oblectet?
1075 3494 1157 3564 Quid
1179 3492 1308 3570 denique

173 3569 362 3629 iui'atlleum
373 3592 566 3653 cognoscere,
578 3571 797 3650 quoeumnibil
816 3571 853 3630 sit
873 3571 958 3641 nobis
979 3583 1103 3650 negotiis
1149 3569 1231 3642 Quin
1252 3590 1309 3647 po-

172 3649 229 3707 tius
250 3646 306 3706 buc
324 3647 423 3708 valere
443 3649 532 3708 debet
551 3650 613 3707 eius
633 3647 754 3721 notitia,
779 3649 904 3727 primum
932 3660 965 3705 iit
985 3648 1019 3705 ail
1046 3649 1184 3705 timorem
1205 3667 1238 3704 ae
1259 3668 1309 3705 re-

173 3724 335 3782 verentiam
355 3745 409 3783 iios
429 3725 561 3783 instituat
580 3727 659 3804 (cap.
679 3731 706 3789 5.
726 3737 797 3784 sect.
817 3729 845 3787 8.
866 3737 896 3782 et
914 3727 974 3799 9.):
997 3723 1104 3781 deinde
1125 3735 1157 3780 ut
1179 3741 1211 3779 ea
1233 3722 1309 3781 duce

173 3821 207 3858 ac
233 3804 367 3881 magistra
393 3820 482 3860 omne
508 3801 618 3861 bonum
644 3800 680 3860 ab
707 3799 757 3861 illo
782 3814 900 3879 petere,
930 3812 960 3859 et
984 3800 1025 3858 illi
1051 3810 1204 3877 acceptum
1229 3799 1310 3859 serre

176 3876 329 3949 diseamus.
374 3874 538 3949 Quomodo
565 3878 644 3951 eiiiiii
668 3890 798 3938 mentem
820 3889 896 3937 tuam
917 3877 1016 3936 subire
1038 3889 1125 3954 queat
1144 3875 1202 3935 liei
1224 3876 1309 3967 cogi·

169 3952 265 4022 -telio,
284 3953 356 4031 quin
375 3952 461 4012 simul
485 3949 632 4033 extemplo
652 3954 765 4035 cogites
786 3965 830 4029 te,
852 3976 941 4033 quuui
962 3954 1135 4033 figmentum
1157 3950 1233 4011 illius
1259 3975 1310 4024 sis,

174 4028 305 4088 eiusdem
323 4029 449 4107 imperio
463 4050 524 4090 esse
544 4029 608 4151 ipso
630 4031 786 4091 creationis
805 4031 869 4090 iure
889 4031 1034 4090 addictum
1052 4043 1081 4089 et
1093 4029 1310 4107 mancipatum?

175 4104 262 4163 vitani
283 4116 362 4164 tuam
383 4105 426 4164 illi
447 4106 562 4169 deberi.
593 4107 831 4199 quicquidagis,
859 4107 895 4167 ed
919 4108 1001 4166 illum
1022 4107 1126 4168 relerri
1147 4108 1310 4184 oportere?

175 4180 210 4240 ld
230 4180 255 4242 si
275 4193 336 4258 est,
362 4182 419 4243 iam
439 4184 575 4275 prolecto
595 4197 727 4275 sequitur
748 4186 834 4245 vitam
855 4196 933 4245 tuam
960 4204 1048 4265 prave
1069 4182 1233 4262 corrumpi,
1253 4182 1310 4241 nisi

174 4256 210 4319 u'd
231 4254 406 4339 obsequium
426 4280 488 4321 eius
509 4264 713 4341 componitur:
734 4260 853 4341 quando
874 4262 960 4321 nobis
975 4260 1088 4320 vivendi
1110 4259 1154 4320 lex
1175 4279 1237 4318 esse
1257 4258 1310 4316 de·

152 4330 226 4401 ,bet
246 4334 308 4397 cius
328 4336 470 4399 uoluntas.
508 4337 635 4401 Rursum
654 4354 715 4402 nec'
729 4339 766 4401 ad
784 4337 926 4420 liquidum
947 4338 1112 4420 perspicere
1138 4337 1232 4416 iq'isuiii
1252 4346 1313 4416 p0-'
