2700 4732
136 180 197 241 1't'll
533 170 608 232 tte.
629 174 670 233 ll.
709 174 797 235 CAP.
818 175 843 233 l.

136 328 189 378 tet.
228 317 304 377 Nant
322 317 452 395 spiritus,
471 316 523 397 qui
542 318 634 378 veteri
655 317 766 377 lromini
779 330 810 379 ut
824 320 906 379 sarni
915 318 1089 411 opponitur,
1108 338 1171 379 non
1185 320 1279 381 modo

136 394 260 475 gratiam
286 406 385 469 notat,
415 414 474 485 qua
498 394 657 477 corrigitur
680 395 804 455 inferior
830 416 894 474 pars
920 416 1036 455 animae
1059 394 1106 475 ¹uel
1124 392 1280 491 sensualip,

135 470 187 530 sed
208 470 324 550 plenam
345 492 477 531 omnium
497 472 623 551 partium
648 471 889 531 reformationem
915 471 1131 551 complectitur.
1175 472 1218 531 At
1240 488 1280 531 ue

136 548 205 607 ideo
225 546 333 607 Paulus
364 545 456 627 (Eph.
476 553 506 622 4,
524 549 587 623 23)
616 568 677 607 non
701 559 813 607 tantum
837 570 947 608 crassos
969 550 1117 638 appetitus
1140 548 1171 607 in
1198 550 1230 607 ni
1253 550 1279 607 i-

137 623 196 681 lurn
218 623 322 703 redigi,
342 624 469 683 aeduos
489 625 590 703 spiritu
604 624 710 684 mentis
731 628 865 684 renovari
884 624 981 683 iubet:
1001 636 1077 685 sicut
1096 623 1183 684 etiarn
1204 624 1280 685 alibi

134 700 239 777 (llum.
258 706 306 775 1⁶2,
325 701 372 778 2.)
391 699 595 759 uarrsl'orruari
614 722 670 761 nes
689 700 772 760 iubet
791 700 821 760 in
853 703 983 759 navitate
1011 702 1127 760 ruentis.
1185 701 1281 761 Unde

134 776 283 856 sequitur,
335 788 428 837 artem
455 774 551 851 illam,
574 777 604 835 iu
625 798 682 856 qua
700 778 824 837 maxime
844 777 972 857 refulget
990 778 1102 837 animae
1122 788 1279 857 praestan·

97 886 106 915 ,·
135 854 175 913 tia
195 864 226 911 et
245 797 401 926 nobilitas,
419 872 480 912 non
502 852 592 913 modo
611 852 792 915 vulneratam
812 874 890 928 esse,
910 854 961 912 sed
981 855 1020 913 ita
1039 866 1224 935 corruptam,
1243 864 1281 913 ut

134 950 198 987 nnn
218 930 310 989 modo
329 928 435 999 sanari,
453 929 506 990 sed
525 949 631 990 novam
650 951 745 1010 prope
765 941 899 989 naturam
920 930 1042 988 induere
1061 950 1136 1009 opus
1157 929 1279 989 habeat.

136 1006 292 1079 Quatenus
313 1017 343 1065 et
362 1017 492 1064 mentem
526 1018 556 1067 et
585 1027 639 1066 eor
667 1018 794 1084 occupet
821 1018 987 1086 peccatum,
1019 1025 1087 1065 mox
1110 1004 1281 1067 videbimus

134 1086 214 1161 (cap.
233 1082 288 1173 2.).
337 1082 395 1141 llic
419 1093 532 1142 tantum
557 1080 686 1142 breviter
708 1086 854 1173 attingere
877 1082 974 1156 volui,
1004 1094 1099 1142 totum
1123 1082 1280 1143 bominem

134 1158 216 1237 qnasi
238 1157 349 1217 diluvio
369 1180 386 1218 a
406 1160 502 1236 capite
522 1158 557 1218 ad
577 1158 666 1238 pedes
686 1159 726 1220 sic
748 1160 835 1220 luisse
859 1160 1015 1233 obrutum,
1047 1171 1079 1219 ut
1105 1157 1186 1219 nulla
1207 1178 1280 1239 para

132 1256 149 1295 a
169 1245 291 1315 peccato
311 1237 349 1293 sit
367 1234 514 1307 immunis,
533 1256 566 1295 ae
586 1237 712 1326 proinde
732 1235 870 1315 quiequid
890 1235 927 1295 ab
948 1256 985 1295 eo
1007 1234 1141 1315 procedit
1159 1235 1190 1293 in
1205 1256 1277 1313 pec·

62 1376 66 1383 ,
134 1324 232 1371 catum
251 1310 404 1390 imputari:
435 1312 512 1372 sicut
537 1312 608 1371 dicrt
633 1312 739 1372 Paulus
771 1312 922 1390 (Rom8,
949 1314 993 1387 7.)
1025 1330 1128 1371 omnes
1148 1310 1277 1373 affectus

134 1388 246 1463 carnis,
277 1386 324 1446 vel
348 1387 546 1469 cogitationes
573 1408 635 1449 esse
659 1388 823 1449 inimicitias
849 1388 985 1449 adsersus
1003 1387 1117 1464 Deum,
1150 1400 1181 1447 et
1204 1387 1276 1448 idco

134 1474 271 1524 mortem.

209 1546 256 1605 tlt.
294 1539 375 1599 Eant
394 1560 473 1601 nunc
493 1540 544 1620 qui
563 1540 660 1601 Deum
678 1541 737 1601 suis
756 1538 832 1599 viliis
858 1539 1018 1601 inscribere
1049 1538 1176 1612 aurient,
1206 1536 1272 1619 quia

132 1616 255 1676 dicimus
275 1616 449 1677 naturaliter
462 1618 592 1679 vitiosos
612 1637 674 1685 esse
695 1616 838 1677 homines.
883 1620 967 1696 Opus
986 1617 1044 1675 Dei
1065 1635 1223 1695 perperam
1241 1614 1269 1675 itt

102 1715 181 1773 ,sua
213 1692 381 1775 pollutione
413 1707 597 1767 scrutantur,
625 1694 706 1773 quod
725 1695 756 1752 iu
788 1694 837 1755 illa
861 1697 976 1775 integra
1001 1693 1096 1752 adbrrc
1122 1705 1153 1752 et
1172 1693 1268 1752 iocor·

132 1781 219 1829 rurta
238 1771 321 1829 Adae
341 1781 447 1830 natura
466 1770 618 1851 requirere
637 1770 807 1830 debuerant.
864 1771 892 1829 A
923 1771 1017 1831 earnis
1048 1788 1120 1849 ergo
1154 1782 1269 1828 nostrae

132 1793 235 1937 culpa,
264 1867 328 1907 ιιοιι
351 1849 455 1907 alteo
481 1860 581 1908 nostra
608 1847 735 1926 perditio
762 1860 822 1921 est,
853 1848 971 1926 quando
997 1865 1058 1905 non
1079 1846 1134 1905 alia
1155 1845 1268 1905 ratione

134 1924 284 2002 periimus,
303 1924 358 1983 nisi
378 1926 446 2003 quia
466 1924 706 2006 degeneravimus
725 1945 742 1983 a
762 1925 854 2004 prima
873 1934 972 1984 nostra
989 1924 1174 1981 conditione.
1212 1920 1268 1979 lie·

134 2020 193 2080 qne
213 2000 260 2059 laic
280 1998 433 2079 obstrepat
454 2001 614 2080 quispiam,
645 2001 775 2079 potuisse
800 2001 894 2059 Deum
921 2011 1037 2060 nostrae
1061 1999 1148 2059 saluti
1170 1995 1267 2059 mettas

133 2076 324 2157 prospicere,
343 2078 367 2137 si
377 2078 461 2137 Adae
481 2077 574 2157 lapsui
593 2078 766 2145 occurrisset
787 2076 831 2156 ll).
870 2078 945 2135 Nam
965 2075 1097 2136 obiectio
1118 2074 1185 2150 ista,
1204 2092 1267 2133 cun

134 2156 174 2213 ob
206 2153 291 2211 nimis
324 2153 464 2212 audacem
497 2154 695 2213 curiositatem
722 2155 777 2233 piis
811 2154 961 2214 mentibus
991 2152 1189 2211 abominanda
1216 2160 1270 2223 eal,

132 2242 195 2288 tum
215 2230 251 2287 ad
271 2230 547 2308 praedestinationis
567 2251 705 2289 arcanum
725 2232 845 2303 attinet,
879 2228 958 2308 quod
989 2250 1044 2287 arro
1070 2228 1139 2288 loco
1167 2239 1266 2307 postea

131 2304 315 2369 tractabitur.
355 2305 458 2378 Quare
477 2306 592 2365 ruinam
612 2318 743 2367 nostram
766 2320 885 2367 naturae
906 2304 1102 2385 depravationi
1123 2306 1267 2383 imputau-

132 2384 199 2441 dam
220 2382 455 2459 meminerimus,
484 2401 523 2442 ne
547 2383 578 2441 in
598 2382 695 2441 Deum
720 2383 813 2462 ipsum
836 2394 955 2442 naturae
975 2392 1125 2441 auctorem
1145 2380 1267 2461 stringa-

131 2481 195 2518 rnns
214 2460 438 2518 accusationem.
477 2460 609 2518 llaerere
628 2459 745 2539 quidem
766 2459 880 2518 exitiale
901 2457 971 2516 illud
992 2456 1095 2517 vulnus
1115 2458 1146 2515 in
1167 2468 1265 2516 natura

131 2556 233 2595 verum
253 2547 311 2593 est:
332 2535 383 2594 sed
403 2534 526 2595 multum
547 2536 639 2596 resera
657 2538 850 2595 accesseritne
870 2535 1006 2609 aliunde,
1038 2555 1074 2592 an
1094 2534 1132 2593 ab
1153 2532 1266 2613 origine

133 2611 284 2671 insederit.
325 2611 454 2671 Constat
473 2624 569 2671 autem
591 2634 644 2701 per
686 2623 817 2673 eccatum
838 2614 979 2671 inllictum
1000 2611 1096 2671 t'uisse.
1135 2609 1206 2669 Non
1226 2617 1282 2667 eat.

132 2689 222 2767 igitur
241 2708 295 2747 cur
314 2708 545 2768 conqueramur,
570 2691 625 2749 msi
671 2711 686 2747 e
707 2689 792 2748 nouis
813 2690 897 2767 ipsis,
928 2689 1008 2766 quod
1035 2687 1195 2765 diligenter
1217 2686 1286 2745 arr-''

133 2767 245 2823 notavit
279 2764 442 2835 Seritura.
508 2765 588 2825 llicit
624 2767 703 2824 euim
742 2764 930 2824 lli-‚clesiastes
965 2772 1014 2843 (7,
1038 2770 1116 2841 3tt.):
1175 2762 1267 2837 „llus

131 2842 211 2915 scio,
259 2840 319 2900 uod
348 2786 453 2901 benerit
471 2840 554 2901 Deus
575 2842 722 2901 bominem
745 2854 871 2900 rer-tum:
892 2840 945 2919 ipsi
966 2854 1062 2899 autem
1084 2838 1267 2917 quaesierunt

130 2918 188 2978 silai
220 2863 446 2978 adinventiones
470 2918 605 2977 multas.“
664 2919 786 2977 llumini
813 2930 925 2978 tanturn
944 2938 1027 2975 sarum
1049 2916 1166 2975 exitium
1182 2914 1266 2977 aseri·

131 2993 261 3057 lrenrlnm
282 3007 420 3073 apparet,
444 3017 533 3073 quum
554 2994 612 3053 Dei
632 2996 816 3075 benignitate
838 2994 1044 3054 rectitudinem
1065 2994 1199 3072 adeptus,
1216 3010 1264 3053 aut

132 3076 192 3151 ipse
212 3071 358 3130 dementia
379 3074 408 3129 iu
430 3072 586 3131 vanitatem
608 3070 740 3153 delapsus
760 3072 806 3130 sit.

206 3154 254 3210 ll·
294 3148 427 3207 llicimus
447 3168 480 3207 er
503 3170 521 3217 o
541 3148 665 3207 naturali
687 3149 834 3208 bominem
848 3146 1005 3206 vitiositate
1017 3159 1199 3227 corruptum,
1217 3142 1269 3207 ted

130 3244 207 3301 quae
225 3244 242 3282 a
262 3235 366 3283 natura
386 3245 448 3283 non
469 3170 594 3283 llirxerit.
633 3226 660 3282 A
681 3236 781 3284 natura
801 3225 916 3283 linxisse
937 3244 1095 3303 negamus,
1125 3238 1158 3283 ut
1176 3224 1287 3305 sigui-¹¹

130 3304 250 3359 litemus
270 3300 461 3359 adventitiam
480 3302 573 3381 magis
593 3320 656 3361 esse
676 3301 861 3381 qualitatem,
893 3321 968 3378 quae
989 3302 1101 3359 homini
1121 3300 1269 3373 acciderit,

130 3398 216 3455 quam
236 3375 457 3437 substantialem
493 3378 692 3458 roprietatem,
712 3399 787 3456 qnae
806 3378 842 3436 ab
864 3378 946 3435 initio
962 3376 1054 3435 indita
1070 3377 1166 3437 luerit.
1206 3376 1265 3437 Vu-

130 3475 228 3513 eamus
247 3464 346 3511 tamen
367 3400 544 3525 naturalem,
565 3476 602 3513 ne
615 3456 678 3531 quis
689 3454 725 3512 ab
747 3474 928 3533 rrrroqnoque
949 3474 1036 3532 prava
1055 3454 1286 3531 cousuetudine-

131 3530 296 3608 euruparari
318 3543 419 3609 putet,
449 3552 539 3610 quuru
566 3531 759 3590 haereditario
786 3534 848 3588 inre
870 3533 1019 3591 universos
1039 3531 1267 3609 comprehensos

129 3610 238 3666 teneat.
289 3608 395 3686 Neque
415 3609 444 3665 id
465 3610 528 3665 sine
547 3620 669 3666 arrctore
684 3606 822 3683 larionis:
858 3607 959 3664 rudem
987 3606 1064 3665 enim
1098 3629 1184 3667 rausa
1214 3626 1288 3667 not·

131 3704 235 3743 omnes
255 3702 319 3743 esse
339 3696 442 3743 natura
463 3684 541 3742 lilios
559 3685 621 3743 irae
641 3685 729 3743 doret
748 3686 909 3765 Apostolus
928 3681 1020 3761 (lipb.
1039 3689 1069 3754 2,
1088 3688 1142 3761 a).
1182 3684 1266 3761 Quo·

131 3760 220 3819 arrodn
242 3772 396 3823 creaturae
416 3760 547 3819 onrrrlunr
569 3760 766 3819 nobilissimae
786 3762 916 3819 inl'rnsus
936 3772 1012 3818 esset
1033 3760 1125 3833 Deras,
1144 3762 1192 3821 eui
1207 3760 1272 3841 pla·-

130 3849 200 3895 ceot
218 3836 317 3896 inlima
337 3855 472 3915 quaeque
497 3857 588 3914 opera
613 3837 684 3895 sira?
708 3840 768 3895 b'ed
786 3838 883 3916 operis
903 3837 947 3894 sui
971 3838 1158 3917 corruptioni
1178 3834 1267 3918 mag'n

132 3915 264 3974 intensus
276 3925 330 3986 est,
351 3936 438 4005 quarn
453 3915 538 3991 operi
558 3935 620 3972 suo.
661 3914 741 3993 Ergo
762 3915 785 3973 si
806 3915 845 3973 nb
868 3916 995 3973 vitiatam
1017 3906 1172 3975 hilarianam
1185 3920 1285 3973 natu·'

131 4012 192 4049 ram
212 4012 273 4049 uon
294 3991 398 4051 inserte
419 3990 527 4049 dieitur·
545 3990 635 4067 homo
667 3991 839 4050 naturaliter
871 4012 932 4050 esse
954 3991 1019 4048 Deo
1053 3990 1266 4061 abominabilis,

138 4146 727 4160 nu-m--n--n-m-
1094 4142 1257 4155 ——n-——ss

199 4234 305 4304 ⁸*)l·'i‹l.
330 4234 442 4287 Tertull.
466 4238 498 4287 tle
524 4236 671 4306 praescript
699 4248 723 4287 et
742 4234 811 4289 Cale.
840 4236 884 4289 lib.
902 4237 935 4288 ‹le
952 4235 1081 4287 Pracdeat.
1098 4264 1131 4275 -
1165 4234 1209 4287 Ad
1225 4232 1267 4285 fin·

128 4314 190 4357 sem.
209 4305 241 4355 cl.
256 4304 381 4359 urbanas.
399 4304 429 4357 iu
447 4308 520 4357 Orat.
540 4319 629 4355 contra
646 4304 730 4357 ldola.
