2596 4726
51 142 143 229 'm
478 162 1046 233 mmmm..

85 304 155 367 Deo
174 306 398 381 commendent,
423 308 552 371 orationi
575 306 715 369 ieiunium
739 308 938 393 coniungunt.
987 308 1042 373 ste
1061 308 1148 373 ambo
1168 308 1214 391 ipn'

109 394 191 442 ostea
211 404 301 463 quum
320 386 469 447 ministros
510 386 683 446 raesrcerent
701 386 847 460 ecclesiis,
866 386 949 447 soliti
969 398 1043 455 sut
1062 406 1145 449 orare
1160 406 1214 447 ιιιι
1257 434 1259 455 ,

87 402 199 549 leisrnio
219 460 304 537 (ibid.
315 464 441 540 14,‘23.).
480 408 515 521 lb
536 482 646 555 genere
665 459 723 523 boc
741 463 844 522 ieiunii
864 484 929 523 non
949 461 1031 524 aliud
1051 472 1213 545 spectarunt,
1256 460 1259 483 ¹

88 533 146 597 uui
174 547 209 595 ut
239 537 433 597 redderentur
462 538 618 601 alacriores
649 550 680 599 et
711 540 801 619 tnagis
827 540 957 621 expediti
982 538 1023 600 ad
1044 538 1214 620 precandam.

89 610 157 674 lloe
177 624 259 672 certe
278 614 452 693 experimur,
470 630 574 675 ventre
594 616 684 696 pleno
704 628 832 675 mentem
852 636 915 676 non
935 617 978 677 ita
998 636 1068 677 esse
1087 616 1118 675 in
1133 616 1213 675 llam

89 698 236 761 erectam,
260 702 294 748 ut
313 701 344 749 et
362 692 439 751 serio
458 693 632 771 ardentique
650 692 759 751 assecta
780 692 851 752 ierri
870 692 901 751 in
922 694 1133 773 precationem
1149 690 1212 753 etia

89 782 124 823 ea
144 782 332 842 perseverare
351 770 453 859 possit.
491 770 540 829 Sic
561 768 784 861 intellipendum
804 770 952 847 estquod
972 770 1169 829 relertbucas
1184 768 1214 827 ds

88 840 187 913 Anna,
207 860 270 901 eam
289 862 409 903 servisse
421 845 552 905 Domino
572 845 687 905 ieiunus
707 856 737 903 et
756 843 1014 906 obsecrationibus
1027 844 1213 923 (Lucem-t

89 916 196 993 Neque
217 917 295 977 enim
315 918 424 979 cultum
441 920 498 979 Dei
523 922 643 1000 reponit
662 922 693 981 in
713 921 840 981 ieiunio:
859 921 912 981 sed
931 921 1085 1003 significat
1103 932 1213 981 ιιιιιιιι

88 993 242 1052 mulierem
262 1013 294 1054 se
314 994 371 1054 boc
396 997 485 1055 modo
506 997 668 1058 exercuisse
687 996 723 1057 ad
748 997 886 1078 precandi
905 998 1122 1059 assiduitatem.
1155 994 1213 1057 Tute

88 1066 148 1128 tuit
166 1069 306 1128 ieiunium
327 1072 487 1131 Nebemiae
505 1078 548 1149 (1,
567 1076 626 1152 4.),
646 1096 736 1154 quum
756 1075 917 1134 intentiore
935 1074 1040 1136 studio
1057 1074 1154 1133 Deum
1169 1088 1213 1153 pm

90 1142 271 1205 liberatione
296 1147 399 1226 populi
424 1150 468 1207 sui
493 1163 672 1229 precaretur.
720 1152 805 1210 Hanc
824 1150 865 1209 ob
891 1170 1009 1211 eausam
1031 1150 1108 1211 dicit
1124 1148 1214 1209 Parias
1255 1182 1257 1199 ι

88 1220 132 1299 (Ι.
154 1220 227 1281 Cor.
248 1227 277 1291 t.
295 1228 356 1355 op,
386 1224 487 1285 fideles
519 1237 600 1286 recte
630 1228 743 1297 iacere,
771 1226 795 1286 si
814 1225 849 1285 ad
874 1237 993 1307 tempus
1017 1226 1213 1287 abstineanta

88 1296 180 1355 tboro
200 1296 326 1377 coniuge
340 1299 358 1373 i,
378 1312 410 1360 ut
429 1300 548 1363 liberius
559 1314 663 1362 vacent
673 1303 800 1363 orationi
815 1314 845 1363 et
864 1302 995 1363 ieiunius
1015 1300 1072 1361 ubi
1089 1301 1213 1361 ieiunia·
1255 1334 1257 1381 :

88 1372 255 1455 precationi
268 1376 329 1433 vice
349 1377 517 1437 adminiculi
538 1379 730 1461 coniungens,
748 1378 855 1440 nullius
873 1398 929 1459 per
947 1399 980 1439 ae
999 1378 1147 1438 momenti
1163 1394 1214 1437 esst

87 1446 240 1523 admonet,
258 1450 312 1509 nisi
326 1455 608 1530 quatenusrel'ertur
626 1456 655 1514 in
677 1456 754 1517 bunc
773 1455 870 1513 finem.
908 1453 1030 1515 Deinde
1043 1474 1134 1533 quum
1145 1470 1214 1533 prat·

88 1522 178 1601 tipiat
197 1541 235 1585 eo
255 1524 324 1587 loco
343 1529 430 1605 (ibid.
450 1554 476 1591 ι.
494 1533 543 1609 3.)
562 1532 753 1613 coniugibus,
776 1543 809 1591 nt
827 1530 875 1591 alii
895 1530 960 1592 aliis
971 1541 1116 1591 mutuam
1135 1530 1213 1589 bess-
1253 1540 1257 1603 ξ

88 1598 250 1661 volentiam
281 1604 423 1680 reddant,
452 1607 560 1667 clarum
587 1618 631 1667 est
662 1628 722 1668 non
743 1608 781 1667 dc
800 1608 978 1688 quotidianis
1002 1608 1213 1691 precibuseu
1254 1618 1256 1631 '

50 1674 56 1687 '
88 1672 183 1756 loqui,
203 1678 253 1737 sed
274 1700 350 1759 quae
368 1684 560 1743 attentionem
580 1684 796 1778 magisteriam
816 1686 945 1765 erigunt.

167 1760 214 1819 l‘l·
252 1754 379 1817 Rursum
399 1760 423 1819 ai
442 1760 563 1841 grassari
583 1761 687 1840 incipit
705 1760 751 1821 vcl
772 1760 953 1841 pestilentia,
979 1758 1028 1821 vel
1050 1758 1155 1835 sames,
1174 1754 1212 1817 acl

88 1824 211 1905 bellum,
230 1844 280 1891 aut
299 1835 391 1915 siqua
411 1836 508 1896 clades
527 1839 680 1898 imminere
700 1836 769 1897 alias
788 1836 904 1918 regioni
923 1856 958 1896 ac
979 1836 1095 1916 populo
1112 1836 1213 1895 videtur
1251 1891 1256 1915 ,Α

89 1904 145 1981 (cl.
166 1906 272 1967 Esther
291 1912 471 1991 cap.4‚16.):
492 1912 646 1974 Pastorum
665 1925 736 1974 tune
755 1934 875 1993 quoque
894 1912 1027 1972 officium
1049 1924 1095 1973 est
1113 1910 1211 1972 hortati
1249 1954 1256 1975 ι

88 1982 128 2039 ad
157 1984 298 2045 ieiunium
328 1988 496 2065 ecclesiam,
514 2010 575 2069 quo
594 1989 865 2071 suppliciter-iram
890 1988 1015 2049 Domini
1041 1988 1213 2070 deprecetur·
1251 1982 1256 2059 i

91 2056 133 2117 Se
153 2061 230 2119 enirn
251 2061 286 2121 ad
312 2064 456 2124 ultionem
480 2069 614 2144 apparari
634 2080 665 2125 et
704 2064 901 2125 aodammodo
926 2064 1036 2125 armari
1062 2064 1213 2139 denuntiet,
1252 2066 1256 2133 l

88 2133 141 2197 ubi
160 2138 357 2215 periculatus
380 2160 482 2219 parere
502 2142 579 2201 iacit.
620 2086 757 2218 Qualiter
775 2143 784 2199 i
807 2144 865 2201 itur
883 2142 1026 2221 promissa
1046 2140 1151 2215 barba,
1166 2142 1212 2201 i·-

87 2231 165 2293 pexo
186 2215 303 2307 capillo,
322 2160 401 2297 pulla
417 2230 506 2291 veste,
525 2219 695 2297 suppliciter
713 2238 745 2278 se
764 2162 834 2279 adn
847 2219 1002 2277 demittere
1022 2218 1068 2278 rei
1087 2215 1212 2279 sotebant

88 2289 125 2351 ed
145 2292 356 2352 conciliandam
377 2294 480 2354 iudicis
499 2294 743 2356 misericordiam:
775 2297 812 2354 ita
834 2315 906 2368 nos,
930 2314 1022 2374 quam
1048 2296 1093 2355 rei
1112 2294 1211 2377 agi-u

87 2388 188 2438 eoram
199 2370 258 2427 Dei
275 2370 428 2445 tribunali,
447 2371 507 2433 eius
518 2372 670 2432 veritatem
689 2372 846 2431 miserabili
865 2370 964 2431 babitu
977 2370 1144 2451 deprecari,
1160 2380 1212 2437 tn,

87 2442 150 2503 ciui
169 2444 283 2525 gloriae
303 2446 426 2506 interest
445 2468 478 2506 ac
499 2447 632 2527 publicae
651 2447 877 2523 aedificationis,
907 2460 969 2507 tum
994 2448 1085 2509 nobis
1103 2460 1211 2528 ιιιιοιμ

87 2519 158 2601 lpsis
179 2520 249 2581 utile
269 2534 312 2581 est
332 2541 365 2580 ac
385 2523 516 2582 salutare.
555 2528 654 2602 Atque
674 2526 702 2583 id
716 2526 833 2603 quidem
850 2524 986 2583 usitatum
1007 2524 1099 2583 inisse
1118 2526 1148 2583 in
1167 2540 1211 2603 po·

86 2596 158 2732 pplo
179 2590 357 2675 Israblitico,
391 2620 423 2659 ex
443 2602 538 2659 verbis
558 2602 646 2660 loelis
666 2606 710 2680 (2,
730 2604 792 2679 15.)
817 2602 956 2681 colligere
977 2612 1150 2680 promptum
1168 2608 1210 2659 cat.

117 2694 162 2734 am
183 2695 271 2755 quum
292 2676 374 2736 iubet
394 2678 457 2737 cani
479 2678 557 2753 tuba,
578 2678 734 2737 convocari
755 2692 884 2751 coetum,
904 2678 993 2737 indici
1012 2677 1170 2751 ieiunium,
1185 2684 1210 2733 et

86 2769 216 2832 eaquae
241 2765 418 2833 sequuntur:
451 2754 581 2833 loquitur
605 2766 638 2814 ut
663 2756 699 2814 de
727 2755 813 2815 rebm
839 2756 986 2815 camurani
1006 2752 1210 2814 consuetudine

86 2830 222 2910 receptis.
260 2830 354 2891 Paulo
374 2843 441 2890 ante
461 2833 585 2905 dixerat,
616 2832 653 2891 de
676 2832 793 2921 flagitiis
821 2832 921 2910 populi
948 2832 1139 2890 constitutam
1158 2844 1209 2889 ests

86 2909 304 2985 quaestionem,
337 2928 371 2966 ac
390 2914 445 2967 iam
471 2910 623 2969 imminere
648 2909 746 2968 indicti
768 2908 842 2966 diem
865 2908 1066 2984 nuntiaverat,
1096 2920 1210 2985 reosque

85 2983 224 3042 citaverat
243 2985 279 3045 ad
300 2983 450 3043 dicendam
471 3006 598 3045 causamr
626 2985 731 3044 deinde
751 2985 929 3044 vociferatur
949 2994 981 3042 ut
1000 2996 1165 3063 properent
1178 2978 1208 3039 ad

85 3078 201 3119 saccum
223 3061 414 3133 etcinerem,
446 3063 481 3120 nd
506 3064 606 3123 ilctum
628 3073 657 3121 et
683 3062 837 3121 ieiunium:
868 3061 925 3119 boc
945 3071 1005 3130 est,
1036 3056 1207 3119 atestensis

108 3155 206 3215 uoque
226 3136 478 3196 testificationibus
497 3158 527 3197 se
548 3159 646 3197 coram
660 3137 791 3197 Domino
813 3148 1008 3216 prosternant.
1051 3136 1135 3198 Cinis
1153 3133 1207 3215 qai·

85 3155 153 3269 dena
174 3223 204 3270 ot
223 3232 322 3272 saccus
342 3212 397 3273 iilia
418 3214 494 3271 forte
516 3215 697 3293 temporibus
718 3215 807 3293 magis
819 3214 1052 3274 conveniebant:
1073 3214 1124 3273 sed
1145 3230 1206 3271 tsn-

82 3288 202 3347 vocatio
222 3299 251 3345 et
270 3290 355 3347 iletus
376 3302 405 3348 et
425 3290 574 3363 ieiunium,
596 3304 625 3350 et
645 3310 719 3369 quae
739 3303 806 3349 sunt
828 3291 869 3350 bis
889 3288 1001 3363 similia,
1022 3310 1085 3348 aon
1098 3288 1206 3347 dubiu-

83 3362 156 3444 quin
176 3364 211 3423 ad
233 3377 362 3424 nostram
383 3388 441 3444 quo
465 3389 500 3425 ue
520 3380 643 3427 aetatem
664 3367 796 3426 similiter
821 3368 1004 3447 pertineant,
1036 3366 1152 3446 quotics
1173 3364 1205 3425 its

82 3460 182 3501 rerum
202 3452 366 3501 nostrarum
387 3388 521 3503 conditio
541 3445 676 3525 postulat.
723 3445 797 3502 Nam
819 3465 906 3522 quum
926 3455 1059 3501 sanctum
1078 3443 1117 3502 sit
1136 3458 1205 3499 eset·

83 3517 194 3595 citium,
214 3540 279 3577 cum
299 3520 335 3581 ad
355 3518 549 3579 humiliandos
570 3520 711 3591 bomines,
732 3532 791 3578 tuna
807 3523 841 3578 ad
864 3520 1058 3578 bumilitatem
1072 3517 1204 3579 confiter-

83 3594 164 3655 damt
196 3615 249 3655 cur
274 3613 311 3653 eo
343 3598 437 3655 minus
462 3608 577 3656 utamur
602 3619 686 3676 quam
711 3608 823 3656 veteres
853 3598 883 3655 in
913 3596 999 3655 simili
1026 3588 1204 3657 necessitattl

81 3671 221 3751 Legimus
241 3671 382 3733 ieiunasse
393 3675 422 3732 in
434 3674 548 3753 signum
562 3674 724 3733 moestitiae
737 3694 797 3731 noo
818 3674 908 3732 niodo
921 3672 1111 3733 israeliticam
1123 3668 1204 3731 ecclc·

80 3746 163 3820 siam,
183 3748 275 3808 verbo
287 3748 345 3807 Dei
366 3751 519 3809 formatam
540 3772 572 3809 ac
585 3751 783 3823 constitutam,
801 3751 851 3809 sed
863 3750 1004 3808 Ninivitas
1018 3767 1147 3827 quoque,
1163 3740 1202 3825 qd

78 3822 653 3907 ttibildoctrinaepraetertunicamlonae
665 3827 910 3904 praedicationem
922 3824 1118 3903 trabebant).
1134 3816 1202 3897 Quid

79 3918 184 3961 caune
202 3912 246 3961 est
265 3902 355 3982 igitur
372 3924 425 3963 cur
444 3922 498 3962 nos
518 3924 579 3962 non
600 3904 678 3963 idern
696 3904 832 3981 agamus?
869 3904 911 3963 At
929 3914 1051 3961 externa
1072 3913 1116 3963 est
1133 3916 1201 3959 cerev

79 3976 196 4050 monia,
225 3998 300 4057 quae
320 3978 407 4038 finem
429 3980 458 4039 in
480 3980 598 4039 (ibristo
617 3999 673 4038 una
694 4001 759 4039 cnm
781 3979 842 4038 aliis
862 3982 984 4057 accepit.
1025 3979 1091 4039 lma
1111 3976 1200 4036 bodie·

81 4071 139 4130 que
167 4053 309 4143 optimum
341 4056 475 4116 fidelibus
499 4055 704 4115 adminiculum
731 4067 774 4116 est
794 4061 841 4132 (ut
861 4077 976 4135 semper
997 4056 1067 4133 init)
1087 4065 1118 4115 et
1135 4048 1200 4113 utilit

76 4129 257 4207 admonitio,
288 4130 324 4191 ad
344 4152 376 4192 se
394 4133 474 4213 ipsos
495 4132 677 4206 excitandos,
697 4152 736 4191 ue
760 4154 813 4193 aaa
832 4131 918 4193 nimia
938 4132 1095 4194 securitate
1114 4142 1144 4193 et
1159 4146 1199 4189 so·

79 4242 136 4261 ..ι-ι.

142 4294 172 4362 ⁸)
188 4295 208 4351 1.
226 4296 296 4350 Sam.
314 4298 338 4361 7,
355 4299 379 4353 θ.
399 4312 423 4352 et
439 4300 481 4361 bt.
500 4300 540 4353 ld.
557 4311 608 4367 atq.
626 4297 657 4352 ll.
676 4297 737 4364 lieg-
755 4300 779 4361 l,
797 4300 840 4354 12.
872 4298 928 4355 lon.
945 4301 971 4364 3,
986 4302 1013 4354 b.
