2700 4732
159 182 218 279 aas
257 228 260 233 ·
553 206 631 271 nm.
650 192 692 271 ιι.Ι
730 208 821 271 car.
839 206 881 269 ιι
917 228 920 241 ·

159 352 335 434 „Quoniam
354 349 435 413 bona
453 362 485 413 et
503 350 578 413 mala
597 352 628 412 in
647 363 749 413 nostra
766 352 849 415 Deus
867 362 1015 433 potestate
1033 352 1150 433 posuit,
1172 348 1248 413 elect

159 434 225 508 „uis
243 430 370 491 liberum
389 429 510 491 donavit
528 429 695 491 arbitrium:
720 442 752 489 et
770 429 876 491 invitos
896 450 958 491 non
978 430 1103 503 retinet,
1121 426 1174 489 sed
1193 426 1248 489 vol

159 519 225 587 „tes
243 506 461 585 amplectitur.“
499 508 591 565 Item:
610 506 730 585 „Saepe
749 506 800 585 qui
818 506 910 567 malus
929 518 984 580 est,
1003 506 1027 568 si
1038 504 1179 579 voluerit,
1197 504 1248 563 inl

159 606 249 664 „num
270 594 413 642 mutatur:
440 594 470 643 et
489 583 540 663 qui
559 582 672 656 bonus,
696 603 751 662 per
768 582 915 663 ignaviam
935 572 1056 655 excidit,
1086 582 1170 641 etti:
1189 580 1248 641 mal

158 663 248 741 „quia
268 660 354 719 liberi
373 657 487 719 arbitrii
505 678 568 720 esse
588 671 717 719 nostram
738 672 870 718 naturam
890 660 961 720 lecit
979 657 1139 719 Dominus:
1163 676 1223 717 nee
1240 658 1249 717 i

158 737 267 833 „ponit
286 736 503 811 necessitatem,
536 735 588 795 sed
607 736 747 817 congruis
767 736 901 795 remediis
921 734 1062 816 appositis
1080 744 1179 794 tutum
1200 734 1248 795 ian

158 837 210 892 „rn
235 812 414 895 aegrotantis
438 812 583 871 sententia
610 812 714 871 sinit“
750 812 842 872 Item:
879 812 993 885 „Sicut
1023 810 1079 871 nisi
1109 810 1205 891 gratia
1237 809 1248 868 l

158 890 284 970 „adiuti
303 888 374 947 nihil
395 909 523 969 uuquam
542 907 693 967 possumus
713 901 793 948 recte
805 908 905 971 agere:
925 889 976 963 ita,¹
995 888 1051 947 nisi
1067 887 1148 965 quod
1161 896 1248 947 nostr

159 964 544 1120 stl.:t‘:¹ltl.t⁰,3:.t⁰'¹
567 963 921 1100 ttttlttttt‘tttt
937 965 1103 1099 Silili?
1129 962 1248 1099 filiii

158 1118 289 1197 „aliquid
309 1116 418 1176 allerre
438 1083 594 1197 oportdi.“
632 1116 778 1196 Adeoque
798 1116 919 1176 verbum
940 1117 996 1177 boc
1024 1116 1066 1175 illi
1086 1082 1192 1197 passim
1212 1116 1248 1175 iai

160 1198 231 1257 liare
251 1206 309 1254 est:
339 1192 528 1265 „Alleramus
568 1192 627 1252 uod
648 1206 693 1252 est
712 1204 860 1266 nostrum,
883 1193 994 1271 reliqua
1013 1192 1094 1253 Deus
1113 1189 1249 1283 supplebi

159 1272 218 1334 cut
237 1281 467 1330 cousentaneum
487 1214 568 1348 qnod
587 1269 628 1328 ait
647 1270 862 1346 Hieronymus:
887 1270 1048 1344 „Nostrum
1070 1288 1132 1328 esse
1150 1270 1248 1349 incipe

159 1347 237 1424 „Dei
257 1359 354 1406 autem
375 1346 531 1425 perticere:
560 1358 694 1405 nostrum
714 1345 826 1405 ollerre
845 1345 925 1425 quod
949 1342 1224 1437 possumus,1illins
1241 1344 1249 1403 i

158 1468 179 1500 „
202 1423 262 1482 lere
281 1422 361 1501 quod
382 1443 444 1482 non
464 1428 649 1501 possumus.“
706 1422 797 1481 Vides
828 1435 910 1482 certe
939 1423 974 1482 irs
997 1420 1151 1483 sententiis
1182 1420 1248 1483 bon

145 1446 224 1583 'pius
245 1520 331 1578 quam
351 1520 404 1579 par
423 1510 488 1558 erat
505 1499 541 1559 ad
560 1498 674 1558 uirtutis
693 1498 820 1559 studium
841 1498 907 1557 illos
928 1518 991 1558 esse
1002 1498 1137 1579 largitos:
1157 1498 1248 1579 qnia}

158 1576 272 1647 tabant,
291 1593 323 1635 se
342 1596 405 1635 non
424 1574 511 1635 aliter
529 1587 682 1654 torporem
702 1574 788 1633 nobis
808 1575 973 1655 ingenitum
1026 1594 1091 1634 osse
1124 1592 1248 1657 experge

159 1672 238 1725 cere,
257 1673 343 1743 guam
363 1652 387 1710 si
407 1652 473 1711 solo
495 1652 559 1731 ipso
581 1671 634 1711 uos
654 1670 774 1731 peccare
792 1662 960 1731 arguerent.
1004 1595 1043 1709 ld
1068 1662 1166 1710 autem
1188 1671 1245 1729 qua

159 1732 331 1789 dexteritate
351 1726 387 1787 ab
408 1727 464 1788 illis
484 1727 591 1788 facturn
610 1728 658 1800 sit,
678 1740 781 1806 postea
800 1728 970 1786 videbimus.
1029 1728 1137 1801 Certe,
1156 1747 1230 1807 quas

158 1805 277 1866 tulimus
295 1805 468 1879 sententias,
499 1822 561 1864 ease
582 1804 759 1876 falsissimas,
790 1804 877 1883 paulo
897 1814 964 1883 post
983 1803 1139 1864 constabit.
1198 1804 1248 1863 Por

158 1881 272 1942 tametsi
305 1878 414 1940 Graeci
434 1901 505 1959 prae
524 1880 601 1953 aliis,
632 1893 720 1961 atquo
740 1881 818 1939 inter
837 1900 889 1940 eos
908 1880 1096 1959 singulariter
1116 1878 1247 1961 Chrysus

158 1980 239 2033 urus,
272 1957 302 2015 in
329 1956 493 2017 extollenda
518 1956 661 2017 humanae
687 1955 845 2018 voluntatis
865 1956 1006 2016 facultate
1024 1956 1145 2016 modurn
1165 1976 1248 2025 exces

157 2046 243 2106 runt,
271 2046 385 2094 veteres
405 2045 503 2093 tamen
524 2054 636 2106 omnes,
656 2047 780 2113 excepto
800 2034 985 2116 Augustino,
1004 2034 1047 2093 sic
1067 2035 1098 2092 in
1119 2033 1174 2092 bac
1194 2052 1248 2091 re.

157 2110 280 2183 uariam,
299 2121 350 2167 aut
368 2109 513 2183 vacillant,
533 2122 584 2169 aut
602 2110 740 2190 perplexe
760 2110 932 2191 loquuntur,
953 2123 984 2169 ut
1004 2112 1078 2170 certi
1098 2108 1161 2169 t'ere
1177 2108 1248 2168 nibil

157 2206 262 2246 eornm
282 2186 396 2265 scriptis
415 2186 528 2245 referre
547 2186 644 2245 liceat.
683 2186 787 2265 Itaque
808 2187 1014 2247 enumerandis
1032 2185 1217 2267 singulorum
1228 2204 1248 2247 et

156 2264 256 2321 tentiis
277 2262 402 2321 exactius
422 2282 483 2322 non
504 2263 683 2322 insistemus:
712 2263 765 2322 sed
785 2265 906 2343 carptim
928 2282 962 2321 ex
980 2282 1163 2341 unoquoque
1182 2274 1248 2323 tant

157 2338 359 2411 delibabimus,
379 2350 518 2430 quantum
538 2337 705 2418 argumenti
723 2337 877 2418 explicatio
890 2340 933 2399 exi
956 2359 1006 2399 ere
1024 2339 1195 2400 visafuerit.
1235 2336 1248 2401 l

179 2426 260 2473 ostea
279 2425 397 2492 sequuti
416 2427 484 2474 sunt
502 2414 587 2493 (dum
607 2435 663 2494 pro
683 2435 715 2475 se
735 2417 858 2495 quisque
883 2417 915 2475 in
935 2359 1081 2479 bumauae
1101 2426 1248 2476 naturaei

156 2434 293 2550 iensione
312 2490 445 2570 argutiae
464 2490 578 2551 laudem
600 2492 712 2571 captat)
731 2495 837 2552 sensim
863 2493 910 2553 alii
930 2506 998 2572 post
1018 2493 1090 2552 alios
1115 2490 1146 2550 in
1167 2492 1248 2553 detes

71 2566 74 2571 ’
157 2568 301 2627 contiuuo
323 2567 432 2645 delapsi
451 2579 535 2627 sunt:
568 2568 665 2627 donec
698 2588 735 2628 eo
756 2582 875 2629 ventum
896 2583 956 2642 est,
982 2581 1014 2628 ut
1033 2568 1122 2650 vulgo
1142 2580 1247 2648 putare

156 2642 259 2717 bomo,
278 2645 403 2703 sensuali
423 2656 536 2704 tautum
557 2656 641 2724 parte
661 2656 832 2725 corruptus,
853 2646 960 2706 babere
980 2665 1099 2726 prorsus
1118 2643 1248 2707 incolum

157 2722 315 2793 rationem,
334 2720 516 2781 voluntatem
536 2721 622 2780 etiam
643 2722 747 2782 :naiori
769 2743 802 2780 ex
822 2736 914 2802 parte.
952 2723 1071 2782 interea
1082 2722 1215 2781 volitavit
1224 2720 1248 2781 ill

156 2797 188 2855 in
209 2816 262 2855 ore
282 2797 431 2870 omnium,
456 2798 598 2857 naturalia
619 2797 697 2857 dona
718 2798 748 2857 in
770 2797 889 2859 bomine
903 2820 991 2859 eorru
1014 2811 1042 2858 ta
1059 2818 1132 2872 esse,
1151 2816 1248 2877 supen

156 2871 264 2933 turalia
283 2894 353 2933 vero
374 2874 471 2934 ablata
489 2874 545 2953 (cl.
563 2894 626 2953 cap.
651 2873 710 2933 bui.
730 2896 753 2935 a.
772 2882 812 2939 12
832 2888 862 2935 et
881 2877 952 2952 to).
992 2820 1051 2933 bet
1072 2895 1215 2954 quorsum
1228 2885 1248 2935 ti

157 2950 253 3023 deret,
272 2951 320 3009 vix
338 2951 512 3011 centesimus
532 2951 655 3029 quisque
674 2950 777 3010 leviter
795 2956 930 3034 gustavit.
979 2952 1045 3031 Ego
1066 2962 1157 3023 certe,
1177 2951 1202 3011 si
1221 2950 1249 3009 di

157 3026 222 3086 cide
240 3026 359 3086 tradere
378 3026 475 3098 velim,
516 3027 587 3088 ualis
606 3029 644 3087 sit
663 3039 783 3087 naturae
808 3027 991 3109 corruptela,
1022 3029 1065 3088 bis
1093 3028 1192 3087 verbis
1211 3027 1248 3087 ias

156 3102 211 3163 sim
238 3114 406 3163 contentus.
458 3048 517 3163 sed
547 3123 729 3185 magnopere
759 3105 892 3179 interest,
923 3117 1037 3165 attente
1068 3103 1195 3183 expendi
1223 3124 1248 3183 qt

156 3178 248 3238 bomo
269 3190 299 3238 et
317 3182 349 3238 in
369 3181 482 3241 cunctis
501 3192 622 3240 naturae
641 3200 711 3240 suae
730 3181 862 3262 partibus
883 3183 1012 3252 vitiatus,
1037 3193 1067 3240 et
1088 3182 1173 3239 donis
1191 3201 1246 3260 sup

157 3255 338 3316 naturalibus
358 3268 459 3317 exutus
479 3257 583 3316 ualeat.
630 3257 722 3317 Nimis
748 3279 820 3339 ergo
841 3257 1045 3337 philosophice
1065 3257 1119 3316 bac
1139 3256 1230 3316 dere

157 3330 241 3410 qunti
261 3344 340 3405 suut,
360 3332 410 3412 qui
429 3354 461 3393 se
472 3330 583 3394 Christi
602 3331 750 3394 iactabant
770 3354 833 3394 esse
854 3334 1018 3414 discipulos.
1056 3334 1132 3393 Nam
1151 3334 1248 3425 quasit

156 3407 215 3467 bue
234 3408 351 3501 integer
368 3420 460 3469 staret
478 3410 584 3485 bomo,
618 3429 736 3490 semper
756 3410 834 3490 apud
858 3411 979 3471 Latinos
999 3409 1087 3470 liberi
1105 3409 1222 3470 arbitrii
1240 3430 1249 3469 ι

156 3503 225 3543 meu
246 3485 365 3545 exstitit.
391 3485 523 3548 Graecos
540 3506 612 3548 vero
633 3506 694 3546 non
715 3488 819 3565 puduit
837 3486 931 3547 multo
951 3486 1135 3567 arrogantius
1155 3507 1248 3566 usurp¹

156 3559 351 3621 vocabulum:
381 3561 525 3641 siquidem
551 3562 728 3626 αὐτεξούσιον
746 3565 896 3637 dixerunt,
917 3564 974 3624 acsi
993 3574 1124 3642 potestas
1144 3562 1191 3623 sui
1209 3562 1248 3643 ips

156 3655 250 3717 penes
269 3637 419 3699 bominem
439 3638 551 3700 luisset.
592 3644 743 3716 Quoniam
763 3662 853 3723 ergo,
882 3640 917 3699 ad
943 3640 1046 3722 vulgus
1071 3640 1158 3699 etiam
1191 3640 1248 3699 ist

156 3733 260 3775 omnes
290 3713 346 3775 boc
371 3715 517 3807 principio
543 3717 647 3777 imbuti
673 3733 757 3791 suut,
787 3716 951 3795 praeditum
972 3736 1034 3776 esse
1054 3714 1150 3775 libero
1171 3737 1204 3777 ar
1226 3715 1248 3773 it

156 3789 323 3864 bominem,
342 3792 480 3852 nonnulli
499 3806 595 3854 autem
617 3815 720 3855 eorum
741 3796 791 3874 qui
811 3792 905 3853 eximii
926 3793 1030 3853 volunt
1049 3792 1160 3865 videri,
1186 3810 1248 3871 quo¹

156 3886 216 3945 que
235 3868 265 3926 id
285 3868 467 3941 extendatur,
487 3872 636 3931 nesciunt:
668 3894 724 3931 nos
744 3872 802 3931 vim
820 3872 901 3931 voris
921 3870 1002 3950 prius
1021 3870 1215 3943 excutiamus,
1232 3878 1248 3927 t

156 3963 192 4001 ex
211 3942 379 4023 Scripturas
398 3946 583 4026 simplicitate
604 3969 807 4027 exsequamur,
828 3946 898 4026 quid
918 3958 1021 4025 suapte
1041 3956 1145 4005 natura
1160 3945 1248 4006 borno

157 4018 269 4079 bonum
288 4032 340 4081 aut
358 4022 466 4081 malum
487 4024 605 4103 polleat.
663 4025 804 4086 Liberum
823 4023 979 4084 arbitrium
998 4022 1068 4102 quid
1089 4034 1175 4095 esset,
1227 4042 1248 4079 ut

158 4094 190 4153 iu
210 4097 342 4156 omnium
361 4100 476 4179 scriptis
496 4102 656 4161 identidem
676 4113 823 4175 occurrat,
842 4100 927 4180 pauci
947 4098 1134 4158 definierunt.
1172 4042 1248 4157 vile

156 4180 255 4231 tamen
278 4172 424 4256 Origenes
445 4176 486 4252 id,
507 4179 543 4237 de
564 4200 623 4257 quo
643 4179 747 4257 passim
769 4180 913 4240 intereos
927 4174 1134 4249 conveniebat,
1157 4174 1248 4255 posuis

156 4268 248 4327 quum
268 4249 348 4325 dixit,
367 4252 548 4315 Facultatem
569 4274 631 4315 esse
650 4256 770 4317 rationis
789 4255 825 4314 ad
839 4254 951 4315 bonnm
965 4252 1110 4313 malumve
1126 4252 1248 4313 discerne
