2700 4732
405 232 412 241 ,
495 198 572 261 LIB.
592 198 649 259 111.
688 198 780 263 cite.
798 198 853 260 iv.
1189 204 1250 267 Μ

105 354 180 425 post
197 342 302 423 cnlpae
320 344 409 404 etiam
430 343 632 405 remissionem
658 343 838 423 infligendae
857 352 971 417 essent,
1001 342 1251 406 satisfactionibus

104 419 256 482 redimere
285 419 437 482 docemur.
488 420 673 481 llortabatur
693 425 772 481 enim
792 419 900 480 Daniel
918 420 1189 495 Nebucbadnosor,
1216 433 1252 484 ut

106 496 305 578 eleemosynis
323 509 445 589 peccata
464 499 624 591 redimeret
643 498 740 589 (Dan.
754 503 790 569 4,
808 498 896 587 24..)
931 496 972 555 Et
997 496 1119 557 Salomo
1138 498 1252 573 scribit,

103 574 1252 731 tttt‘tttttttltttttrttttt,stilti'titttittlltttiliziil}

109 727 211 803 Quam
230 728 407 787 sententiam
436 728 591 787 confirmat
617 740 647 787 et
666 728 773 787 Petrus
796 672 836 805 (ll
857 745 903 806 ep.
922 734 958 801 i,
976 728 1029 803 8.).
1074 728 1151 787 ltem
1174 728 1252 809 apud

107 804 221 865 Lucam
241 808 286 882 (7,
304 806 367 882 47.)
393 804 540 865 Dominus
567 807 604 864 de
627 804 753 863 muliere
776 804 942 884 peccatrice
966 805 1022 877 ait,
1046 804 1163 865 remissa
1188 825 1252 866 esse

107 880 155 941 illi
173 892 294 961 peccata
312 880 422 957 inulta,
448 883 517 959 quia
537 879 670 942 dilexerit
688 879 823 940 multum.
869 880 911 938 Ut
929 900 1066 961 perverse
1084 900 1202 961 semper
1221 894 1253 943 et

108 968 304 1039 praepostere
325 957 399 1017 lacta
418 957 476 1017 Dei
501 958 715 1035 aestiment*)!
756 957 795 1016 bt
814 956 838 1016 si
858 956 1062 1017 observassent
1079 958 1179 1037 (quod
1194 958 1251 1018 mi-

110 1033 192 1123 nime
217 1034 464 1125 praetereundum
491 1037 569 1110 erat)
594 1034 653 1124 ἅμα
679 1033 856 1125 essedirini
883 1032 983 1093 iudicii
1029 1052 1131 1096 encra:
1159 1034 1251 1118 longe

113 1108 198 1266 tlt?
215 1130 254 1247 ll
271 1109 1254 1277 lit-lttl'trittttttttltf'lttttt‘i“tttttt'tt

112 1262 247 1323 omnium
278 1284 340 1323 non
368 1263 557 1322 mediocriter
576 1264 669 1323 relect
699 1262 881 1345 intelligere,
912 1285 1052 1342 quorsum
1085 1266 1254 1344 pertineant

110 1338 173 1401 Dei
192 1339 415 1421 castigationes,
456 1340 543 1399 uibus
562 1340 593 1398 in
612 1351 732 1416 peccata
751 1352 851 1400 nostra
870 1340 1089 1413 animadvertit,
1109 1353 1140 1401 et
1158 1363 1253 1431 quaii-

109 1426 176 1477 tuin
196 1413 233 1475 ab
245 1415 383 1495 exemplis
396 1360 671 1505 dilierant,·quibus
691 1416 795 1506 impios
815 1428 847 1476 et
863 1415 1011 1494 reprobos
1031 1437 1096 1476 crim
1116 1419 1252 1499 indigne·
1327 1494 1330 1499 ι

108 1492 198 1553 lione
208 1497 410 1573 persequitur:
429 1503 592 1554 summatim
604 1505 802 1574 perstringere
813 1513 874 1552 nou
888 1494 939 1552 alis
951 1511 994 1569 re,
1004 1490 1144 1569 arbitror,
1156 1494 1253 1555 luerit.

99 1568 260 1629 ·1udicium
279 1590 387 1645 unum,
407 1569 535 1628 docendi
553 1590 655 1643 causa,
674 1590 812 1630 vocemus
829 1567 989 1630 vindictae:
1007 1568 1146 1646 alterum,
1165 1576 1254 1630 costi·
1327 1630 1330 1635 .

108 1648 249 1723 gationis.
286 1646 384 1705 Porro
404 1645 514 1706 iudicio
535 1646 679 1705 vindictae
697 1646 740 1705 sic
763 1644 971 1727 intelligendus
992 1658 1036 1706 est
1054 1647 1136 1708 Deus
1156 1649 1256 1707 inimi-

112 1742 167 1785 cos
187 1742 256 1781 suos
274 1720 394 1796 ulcisci,
417 1735 451 1781 ut
473 1722 545 1781 iram
566 1724 701 1783 adversus
720 1721 787 1783 illos
806 1744 885 1783 susm
906 1734 1056 1794 exerceat,
1080 1724 1254 1799 confundat,

112 1798 255 1877 dissipet,
282 1797 314 1857 iii
340 1798 462 1858 nibilum
489 1798 611 1890 redigat.
659 1800 693 1858 ld
714 1818 788 1877 ergo
808 1800 845 1858 sit
864 1798 951 1859 nobis
971 1800 1094 1879 proprie
1111 1801 1171 1860 Dei
1181 1801 1255 1860 ¹iin-

113 1874 212 1965 dictp,
234 1874 429 1965 ubipunitio
453 1897 518 1965 cuin
542 1896 604 1964 eius
627 1875 831 1957 indignatione
857 1876 1015 1936 coniuncta
1035 1886 1088 1937 est.
1122 1876 1255 1938 iudicio

113 1961 622 2089 titlttlttttttrtti⁸³ttttss
641 1952 1017 2089 littt‘zt¹‘ttll⁵⁶²¹
1037 1953 1256 2091 ”llili‘iil

115 2104 212 2180 dicta,
234 2103 287 2165 sed
306 2106 454 2167 correctio
476 2118 506 2163 et
530 2105 702 2165 admonitio.
751 2050 885 2167 tirello
910 2050 1099 2181 iudicliilist,
1129 2090 1255 2167 alterum

113 2181 226 2263 patris..
258 2180 350 2240 ludex
370 2181 448 2241 enim
491 2203 559 2241 uuni
580 2181 779 2243 facinorosum
805 2182 907 2261 punit,
936 2182 967 2241 iu
993 2182 1087 2263 ipsum
1104 2182 1256 2243 delictum

113 2256 336 2331 animaduertit,
362 2270 392 2318 et
416 2259 454 2348 de
469 2204 610 2348 iocinore
635 2258 699 2339 ipso
716 2270 866 2349 poenam'
883 2259 1005 2349 expetit.
1051 2260 1153 2349 Bata·
1165 2264 1258 2339 spirim

113 2333 210 2395 lilium
228 2334 357 2395 severius
377 2346 515 2414 corrigit,
535 2356 595 2395 non
617 2334 673 2397 lioc
693 2347 754 2417 agit
779 2348 812 2396 iit
830 2335 960 2395 vindicet
978 2348 1028 2396 aut
1046 2336 1185 2411 mulctet,
1202 2334 1256 2398 sed

186 2410 210 2471 is
233 2422 268 2470 ut
286 2410 393 2471 doceat
412 2423 444 2471 et
462 2412 624 2473 cautiorem
648 2413 678 2471 in
704 2424 855 2493 posterum
874 2412 987 2473 reddat.
1006 2420 1010 2427 “
1030 2413 1124 2474 llaulo
1134 2410 1259 2475 disesia

113 2486 309 2551 similitudine
335 2487 621 2568 chrysostomus
650 2488 757 2549 alicubi
781 2490 889 2562 utitur,
918 2510 995 2569 quae
1011 2495 1123 2550 tamen
1142 2490 1257 2561 -eode'iri

114 2565 235 2627 recidit.
273 2564 616 2644 „Verberatur(inquit)
635 2564 725 2625 iiliusr
745 2565 917 2626 verberator
933 2578 965 2625 et
978 2566 1116 2627 famulus:
1136 2567 1190 2627 s'ed
1210 2565 1259 2627 bic

113 2654 173 2720 „ut
191 2659 302 2714 servus,
321 2642 389 2719 quia
409 2642 548 2721 peccavit,
568 2641 701 2720 punitur:
722 2641 772 2702 ille
784 2662 866 2715 vero,
884 2654 919 2702 ut
938 2642 1014 2701 liber
1033 2655 1065 2702 et
1082 2642 1258 2704 filiusdisciq

116 2718 220 2801 „plina
243 2717 394 2798 indigens,
420 2720 608 2799 castigatur.“
656 2719 734 2779 Huic
757 2720 908 2798 correptio
934 2720 966 2778 in
991 2719 1201 2798 probationem
1217 2730 1259 2779 et

119 2795 358 2855 emendationem
379 2796 467 2869 cedit,
485 2795 527 2856 illi
547 2795 576 2855 in
598 2794 635 2854 fla
657 2795 713 2856 ella
733 2807 763 2854 et
783 2816 902 2874 poenas.

195 2878 246 2937 ῃ.
286 2870 329 2930 Ut
353 2872 482 2931 breviter
508 2883 539 2931 et
563 2814 695 2952 expedite
719 2893 781 2931 rein
810 2883 905 2931 totam
936 2882 1103 2947 teneamus,-
1132 2872 1202 2931 baec
1220 2892 1258 2932 ex

116 2946 233 3009 duabus
252 2958 397 3007 statuatur
416 2951 509 3039 prima
529 2949 693 3009 distinctio:
719 2948 888 3026 ubicunque
913 2966 1009 3027 poena
1033 2960 1079 3008 est
1104 2948 1140 3009 ad
1166 2950 1258 3010 ultio..

115 3046 201 3097 irem,
219 3024 261 3084 ibi
282 3023 448 3085 maledictio
468 3038 498 3084 et
518 3025 561 3084 ira
580 3026 638 3083 llei
657 3045 689 3085 se
709 3026 825 3098 exserit,
845 3044 931 3103 quam
948 3043 1069 3105 semper
1087 3045 1105 3084 a
1123 3024 1258 3087 fidelibus

115 3102 265 3165 continet.
307 3100 469 3183 Castigatio
490 3114 592 3162 contra
612 3114 643 3161 et
660 3102 718 3161 Dei
739 3101 908 3163 benedictio
928 3112 1023 3161 esest
1037 3102 1149 3162 amoris
1169 3102 1260 3163 babet

114 3177 340 3253 testimouium,
373 3190 407 3236 ut
431 3178 519 3239 docet
544 3178 771 3257 scriptumst).
820 3179 889 3237 lloc
918 3177 1076 3238 discrimen
1100 3179 1175 3239 isatis
1199 3179 1260 3241 tiit

114 3254 214 3317 verbo
239 3256 345 3333 passim
374 3267 503 3314 notatur.
549 3255 628 3330 Quic
652 3255 701 3314 uid
726 3256 804 3315 enim
830 3254 1024 3315 afflictionum
1053 3246 1260 3335 inpraesenti

115 3334 181 3395 vita
208 3331 354 3391 sustinent
383 3331 481 3411 impii,
512 3332 598 3392 nubis
629 3277 798 3411 depingitur
829 3352 884 3392 ceri
914 3330 1075 3411 quoddam,
1093 3332 1260 3395 inferciunt

115 3408 242 3480 atrium,
260 3407 338 3467 uude
357 3421 506 3468 aeternam
526 3430 606 3469 suarii
625 3409 842 3469 damnationem
856 3408 969 3469 eminus
988 3409 1044 3468 iam
1056 3409 1260 3489 conspicienti
1288 3426 1294 3437 ·

116 3496 297 3563 tantumque
317 3484 400 3543 abest
420 3497 452 3543 ut
472 3485 540 3543 inde
560 3485 770 3559 emendentur,
794 3497 846 3545 aut
872 3487 998 3545 fructum
1019 3484 1145 3566 aliquem
1165 3486 1261 3568 perci-

117 3562 277 3642 piant„ut
316 3561 394 3619 otius
413 3560 518 3622 talibus
538 3560 694 3640 praeludiis
713 3562 750 3620 ad
770 3561 955 3635 dirissimam,
975 3582 1052 3640 quae
1068 3564 1189 3624 ‘tandem
1208 3582 1261 3625 eos

118 3650 232 3709 manet,
252 3582 417 3719 geliennam
431 3650 619 3717 apparentur.
660 3637 811 3718 Castigaus
822 3650 920 3697 autem
941 3639 1063 3721 castigat
1081 3658 1180 3699 servos
1192 3660 1262 3701 suos

117 3713 284 3785 Dominus,
303 3714 354 3773 sed
375 3716 464 3773 uiorti
484 3734 546 3773 noii
566 3712 655 3773 tradit
675 3733 726 3774 eos
746 3715 1196 3793 (Ps.118,18):-quareeius
1216 3716 1261 3777 ie-

119 3789 187 3851 rula
212 3791 377 3864 verberati,
403 3790 514 3850 bonum
538 3791 568 3849 id
592 3789 649 3850 sibi
675 3790 761 3851 luisse
788 3790 918 3851 fatentur
942 3791 980 3851 ad
999 3811 1101 3869 ueram,
1117 3792 1261 3873 eruditio-¹

119 3886 191 3929 nem
213 3867 276 3942 (Ps.
296 3874 363 3940 119,
383 3871 455 3943 il).
502 3867 542 3924 Ut
566 3878 664 3926 autem
683 3879 801 3927 sanctos
820 3867 931 3947 ubique
951 3866 1076 3948 legimus
1093 3869 1169 3929 tales
1187 3890 1262 3950 poe·

119 3965 175 4005 nas
194 3944 313 4024 placido
331 3945 431 4003 aiiiiiio
450 3944 621 4023 suscepisse,
641 3945 680 4003 ita
699 3945 859 4023 superioris
875 3946 993 4025 generis
1011 3945 1127 4027 llagella
1146 3966 1263 4027 semper

193 4196 222 4264 ⁸)
239 4197 349 4249 Plenam
373 4198 467 4250 borum
491 4198 641 4268 Scripturac
663 4197 787 4249 locorum
804 4198 992 4269 expositionem
1010 4211 1035 4252 et
1050 4198 1210 4253 solutionem
1227 4200 1264 4252 le*

124 4264 208 4329 cimus
221 4279 283 4319 sect.
297 4268 420 4324 :ti-37.

179 4332 221 4402 ⁴⁴)
236 4335 294 4387 tob.
310 4336 336 4397 5,
352 4335 394 4390 17.
428 4333 506 4386 l'rov.
522 4334 548 4395 3,
565 4334 605 4388 11.
640 4330 721 4385 tlcbr.
738 4332 822 4396 1Ἁῦ-
