2700 4732
490 198 859 304 mmmm
979 188 1243 309 'sm

105 405 181 447 men
200 384 352 446 doctrinae
371 404 482 446 summa
502 384 600 446 locum
617 372 648 451 li
668 385 729 446 dari
746 406 864 446 neeesse
883 396 942 459 est,
973 394 1079 466 utpote
1104 404 1180 467 quae
1198 385 1244 447 rei

105 462 250 522 maximae
273 462 345 522 utile
364 482 398 522 ac
423 462 542 523 minime
566 463 764 543 spernendum
788 462 958 543 mysterium
983 463 1126 522 continet
1166 463 1244 523 Sunt

129 539 229 598 uidem
250 550 279 597 et
299 559 332 598 er
351 539 499 598 veteribus
518 537 670 612 nonnulli,
700 539 749 618 qui
776 559 839 599 eam
866 538 1182 618 non'praetermittant
1199 542 1242 618 ⁶).

105 560 200 675 itate
219 615 365 675 coniicere
383 616 465 689 licet,
484 627 552 695 post
570 615 749 694 aliquantum
770 615 912 694 temporis
931 615 1078 689 insertam,
1096 636 1158 676 non
1173 636 1244 695 pro-

105 692 205 767 tinus,
235 692 286 751 sed
311 692 417 752 sensim
445 692 573 752 ecclesiis
592 693 761 752 insuevisse,
816 692 850 751 ld
871 704 952 752 certe
971 702 1049 751 nstra
1067 704 1244 752 controver-

79 768 84 779 '
107 769 183 829 siam
208 779 267 841 est,
297 788 330 826 ex
359 769 508 828 communi
531 768 647 849 piorum
673 769 805 829 omnium
830 789 916 829 sensu
937 768 1025 829 luisse
1045 769 1241 847 desumptam:

131 844 231 904 nando
257 864 345 904 nemo
372 854 416 904 est
440 844 579 918 Patrum,
613 845 748 924 quinon
773 846 804 904 in
830 846 888 905 suis
910 845 1039 923 scriptis,
1072 845 1242 906 descensum

141 921 224 980 laristi
262 921 299 979 ad
338 921 451 982 iuleros
491 932 719 993 commemoret,
758 921 873 981 umetsi
912 920 1157 1001 interpretatione
1197 921 1242 983 di-

107 1017 202 1058 versa.
261 998 372 1056 Verum
409 1009 513 1057 aut-a
551 998 671 1077 quibus,
706 1008 757 1067 aut
788 1018 848 1077 quo
880 1000 1004 1133 primum
1034 1008 1168 1077 tempore
1196 998 1244 1058 in·

107 1086 188 1135 serta
208 1072 306 1146 luerit,
325 1094 427 1154 parum
447 1074 484 1133 ad
505 1093 567 1133 rem
586 1073 701 1136 attinet.
757 1074 860 1134 Potius
906 1095 942 1134 oc
962 1076 992 1134 in
1012 1074 1158 1155 symbolo
1178 1074 1243 1133 aui·

107 1150 360 1224 madvertendum,
379 1161 412 1209 nt
431 1150 518 1229 plena
538 1162 569 1210 et
588 1150 715 1209 numeris
735 1150 871 1211 omnibus
891 1150 1023 1212 absoluta
1044 1150 1111 1210 fidei
1131 1172 1242 1213 summa

107 1227 198 1288 nobis
216 1238 342 1301 constet,
362 1227 392 1286 in
412 1247 498 1306 quam
519 1227 592 1285 nihil
611 1228 762 1320 ingeratur
781 1227 836 1287 nisi
857 1248 891 1287 er
910 1227 1065 1307 purissimo
1079 1226 1136 1286 Dei
1146 1227 1242 1289 verbo

107 1303 245 1384 petitum.
284 1302 317 1362 Si
336 1324 411 1382 quos
430 1324 521 1384 porro
541 1304 663 1382 impedit
682 1303 852 1373 morositas,
881 1324 919 1363 ne
939 1304 969 1363 in
996 1302 1169 1384 Symbolum
1190 1304 1244 1364 ad-

105 1382 244 1454 mittant,
273 1400 340 1440 mox
368 1391 467 1440 umen
492 1380 611 1460 planum
630 1380 691 1453 fiet,
714 1382 788 1439 tanti
813 1381 954 1441 interesse
977 1379 1012 1440 ad
1032 1381 1243 1459 redemptionis
1329 1404 1332 1411 ·

108 1467 232 1517 nostrae
251 1476 403 1530 summam,
435 1467 468 1515 ut
493 1478 527 1516 es
557 1458 714 1536 praeterita
733 1454 856 1516 multum
877 1477 910 1517 ex
930 1459 1033 1517 mortis
1054 1456 1162 1519 Christi
1182 1457 1243 1519 lrn·

106 1545 162 1594 etu
182 1533 329 1622 depereat
367 1533 445 1592 Sunt
465 1534 550 1594 etiam
570 1554 683 1592 rursum
705 1536 754 1624 qui
774 1535 950 1614 opinentur,
975 1554 1036 1593 uon
1056 1534 1164 1612 aliquid
1185 1555 1242 1594 no·

106 1631 178 1671 vum
200 1609 245 1668 luc
265 1610 338 1685 diei,
368 1611 417 1669 sed
438 1609 499 1670 aliis
519 1609 614 1670 verbis
634 1622 742 1688 repeti,
775 1611 854 1689 quod
875 1611 954 1690 prius
974 1611 1011 1670 de
1030 1613 1178 1693 sepultura
1198 1612 1244 1670 di·

107 1699 190 1747 ctum
220 1686 329 1746 luerat:
388 1687 605 1765 uaudoquidem
634 1686 748 1745 Inlerni
776 1687 949 1747 vocabulum
973 1688 1087 1764 saepius
1111 1689 1141 1745 in
1162 1687 1243 1747 Seri·

106 1765 204 1844 pturis
224 1782 277 1843 pro
307 1708 444 1842 repellero
476 1775 609 1843 ponatur.
668 1761 759 1836 Quod
784 1762 821 1821 de
845 1763 927 1824 verbi
952 1762 1167 1845 significatione
1187 1763 1244 1831 ob-

107 1839 248 1915 tendunt,
266 1859 367 1899 verum
387 1860 449 1901 ease
469 1840 613 1912 concedo,
633 1859 694 1897 non
714 1858 781 1898 raro
802 1860 857 1919 pro
877 1840 1012 1919 sepulcro
1038 1840 1132 1919 accipi
1152 1842 1244 1900 inler-

106 1937 197 1977 num:
215 1916 267 1976 sed
287 1934 390 1976 eorum
410 1916 546 1995 opinioni
565 1916 692 1976 rationes
712 1916 786 1974 duae
806 1927 982 1997 repugnant,
1000 1917 1107 1995 quibus
1127 1937 1184 1997 ego
1198 1917 1257 1981 stt-0

107 1993 167 2054 cile
186 1993 327 2067 adducor,
346 2006 379 2053 ut
398 1993 435 2053 ab
456 1992 512 2052 illis
532 1993 705 2053 dissentiam.
746 1994 882 2067 Quantae
902 1993 980 2052 enim
994 1993 1163 2053 oscitantiae
1174 1993 1245 2054 luris·

107 2081 167 2143 set,
187 2090 248 2128 rem
267 2069 389 2128 minime
409 2070 556 2129 difficilem
575 2069 670 2129 verbis
691 2070 829 2147 expeditis
850 2081 880 2128 et
900 2068 985 2130 claris
1005 2071 1244 2146 demonstratam,

106 2146 283 2207 obscuriore
303 2147 411 2206 deinde
429 2147 585 2206 verborum
606 2146 760 2224 complexu
771 2147 907 2206 intricare
927 2146 1018 2228 magis
1038 2166 1125 2227 quam
1145 2145 1243 2207 decla·

108 2222 198 2283 rare?
220 2222 295 2281 Nam
316 2224 431 2301 quoties
452 2223 639 2301 loquutiones
660 2224 734 2282 duae
754 2243 815 2282 rem
837 2223 958 2283 eandem
984 2224 1190 2304 exprimentes,
1203 2222 1244 2282 si·

107 2300 170 2359 mul
190 2310 419 2373 connectuntur,
440 2300 634 2380 posteriorem
654 2318 715 2358 esse
736 2299 841 2378 prioris
861 2299 997 2382 exegesin
1017 2303 1164 2361 convenit.
1202 2300 1244 2359 tte

108 2396 181 2436 vero
201 2375 295 2455 qualis
315 2378 370 2435 erit
389 2379 442 2436 ista
463 2378 601 2457 exegesis,
621 2375 644 2436 si
666 2376 729 2454 quis
750 2377 789 2435 ita
809 2375 963 2454 loquetur,
991 2376 1083 2451 Quod
1110 2376 1243 2437 Christus

107 2453 240 2534 sepultus
261 2473 323 2511 esse
343 2453 458 2527 dicitur,
477 2453 620 2534 significat
640 2454 674 2512 ad
696 2452 807 2511 inlesos
828 2453 1027 2513 descendisse?
1046 2453 1164 2512 Deinde
1180 2471 1244 2512 uon

109 2543 156 2591 est
180 2528 353 2601 verisimile,
385 2530 514 2608 irrepere
539 2531 669 2608 potuisse
692 2529 867 2609 superfluam
888 2530 1029 2589 eiusmodi
1050 2528 1243 2609 battologiam

109 2607 141 2666 in
161 2605 369 2685 compendium
391 2606 463 2677 lsoc,
484 2605 534 2664 ubi
554 2606 733 2678 summatim,
759 2627 844 2685 quam
865 2606 927 2664 lieri
949 2619 1046 2685 potest
1067 2606 1244 2684 paucissimis

109 2683 217 2757 verbis,
235 2684 394 2762 praecipua
413 2682 480 2740 fidei
501 2684 595 2762 capita
614 2694 764 2742 notantur.
813 2684 876 2741 Nec
896 2681 999 2741 dubito
1019 2684 1088 2760 quin
1109 2681 1178 2739 mihi
1200 2683 1244 2740 la·

112 2761 169 2894 pile
199 2760 401 2832 assentiantur,
433 2761 600 2838 quicunque
629 2779 693 2819 rem
724 2760 816 2841 ipsam
836 2757 923 2839 paulo
948 2759 1115 2840 diligentius
1134 2776 1244 2837 espen·

136 2835 222 2894 crint.

188 2917 216 2977 9.
253 2909 313 2970 Alii
333 2929 415 2969 secus
438 2912 682 2992 interpretantur,
717 2911 796 2991 quod
830 2910 963 2970 Christus
994 2909 1177 2969 descenderit
1206 2910 1243 2971 ad

114 2989 218 3048 animas
237 2988 368 3057 Patruus,
410 2988 438 3046 ui
457 2989 510 3047 sub
531 2991 612 3070 Lege
632 2990 742 3047 mortui
762 2999 862 3061 erant,
889 2999 922 3046 ut
947 2987 1081 3045 nuntium
1107 2998 1245 3064 peractae

110 3064 322 3144 redemptionis
342 3010 501 3143 pell'erret,
521 3086 553 3124 ac
575 3078 692 3124 erueret
711 3087 758 3124 eas
778 3085 811 3123 er
831 3083 964 3136 earcere,
984 3063 1034 3122 ubi
1053 3062 1179 3123 inclusae
1198 3075 1245 3123 te-

108 3141 273 3201 nebantur:
306 3153 335 3200 et
357 3141 412 3199 huc
434 3163 585 3221 perperam
607 3143 726 3201 trahunt
750 3141 915 3200 testimonia
942 3160 975 3198 ex
1001 3140 1132 3212 Psalmo,
1163 3141 1244 3220 quod
1290 3192 1294 3205 .

130 3232 210 3278 ortas
229 3238 329 3278 aereas
349 3229 378 3275 et
399 3230 493 3277 vectes
515 3219 626 3278 ferreos
648 3220 769 3300 fregerit
788 3218 878 3293 (Psal.
898 3223 966 3290 tut,
986 3219 1056 3293 to).
1113 3217 1189 3274 ltem
1210 3237 1244 3276 ex

108 3241 266 3370 lacuaria,
288 3294 367 3374 quod
388 3294 546 3352 redemerit
565 3296 679 3353 vinctos
700 3316 716 3352 e
736 3306 845 3374 puteo,
875 3295 904 3352 in
947 3314 985 3352 uo
1007 3313 1068 3351 non
1089 3305 1150 3352 erat
1169 3314 1244 3373 aqua

110 3372 214 3449 (Zaclt.
233 3379 264 3444 9,
284 3373 355 3447 11.).
405 3372 516 3429 Verum
538 3393 625 3449 qtsrrm
647 3371 775 3431 Psalmus
795 3391 897 3430 eorum
917 3369 935 3428 li
960 3370 1107 3429 crationes
1128 3371 1244 3460 praedi·

111 3460 176 3519 cet,
205 3448 255 3527 qui
286 3449 315 3506 in
350 3447 450 3528 longiu
474 3449 516 3506 uis
547 3447 716 3528 regionibus
743 3448 819 3526 capti
844 3448 873 3506 in
894 3446 1010 3507 vincula
1029 3446 1244 3508 coniiciuntur:

111 3523 261 3584 Zacharias
282 3536 378 3582 autem
400 3470 549 3602 prolundo
571 3537 600 3582 et
619 3525 701 3583 arido
721 3537 812 3605 puteo
833 3523 878 3583 vel
900 3524 1004 3603 abysso
1025 3544 1089 3582 com
1113 3535 1176 3583 aret
1186 3522 1244 3583 ela·

110 3602 176 3660 dem
197 3600 406 3680 Babylonicaut
438 3601 467 3659 in
489 3621 545 3679 qua
566 3601 713 3659 demersus
734 3611 797 3658 erat
817 3599 953 3678 pupulus,
973 3612 1003 3659 et
1021 3545 1111 3658 simul
1126 3599 1243 3675 doceat,

108 3678 199 3737 totius
220 3677 360 3737 ecclesiae
380 3699 409 3736 sa
424 3688 501 3735 utem
524 3697 585 3736 esse
606 3679 712 3735 exitum
733 3697 749 3735 a
770 3677 923 3754 profundis
943 3675 1057 3736 inseris:
1081 3676 1243 3756 nescioqui

110 3754 220 3814 lactum
240 3755 288 3826 sit,
310 3766 342 3812 ut
383 3754 515 3812 osteritas
536 3753 632 3813 locum
653 3764 770 3832 putaret
789 3771 851 3812 esse
870 3752 1107 3824 subterraneum,
1132 3752 1178 3810 cui
1198 3753 1244 3812 sl·

107 3831 191 3890 finxit
211 3851 321 3889 nomen
378 3828 449 3887 'mhi
488 3829 548 3888 Sed
569 3830 640 3890 haec
661 3829 758 3889 sabula
777 3831 892 3888 tametsi
912 3848 1034 3909 magnos
1048 3837 1181 3888 auctores
1192 3827 1244 3890 lta·

109 3909 176 3981 bet,
206 3918 237 3966 et
257 3906 345 3965 lindie
365 3926 484 3985 quoque
504 3927 520 3966 a
541 3907 638 3967 multis
667 3907 744 3967 serio
771 3926 824 3984 pro
846 3906 968 3966 veritate
990 3904 1157 3963 defenditur
1177 3906 1243 3984 lt⁴),

178 4178 191 4206 't
223 4172 283 4221 Non
304 4171 401 4234 attingit
419 4173 573 4290 Αυὶυςίῐηυε
590 4172 635 4222 lib.
652 4174 674 4223 1.
693 4174 724 4224 de
743 4173 875 4243 Symbolo
894 4172 927 4223 ad
945 4168 1158 4221 catechumenos.

158 4248 187 4278 ⁴*
221 4239 282 4290 Vid.
303 4239 434 4301 lustinum,
477 4240 631 4300 mbrosium,
651 4240 849 4312 Hieronymum.
872 4239 1003 4299 Veterum,
1020 4249 1046 4287 et
1060 4234 1242 4288 llabhiuorum

107 4308 245 4359 sententias
262 4309 296 4358 de
313 4305 403 4359 luteris
421 4321 445 4358 et
462 4307 555 4358 limbo
575 4307 676 4371 collegit
693 4306 793 4379 Martyr
808 4309 892 4362 loeor.
916 4323 1048 4360 commun
1074 4302 1121 4365 lib,
1141 4305 1168 4371 β.
1190 4303 1244 4357 loc.

109 4376 148 4430 16.
164 4370 228 4430 sect.
247 4375 272 4429 8.
292 4405 324 4416 -
360 4374 400 4426 Cl.
416 4375 549 4442 Auguetln.
567 4395 608 4446 ep.
623 4377 665 4431 99.
