2700 4732
530 186 607 247 arn.
626 186 650 247 1.
690 187 780 249 car.
800 190 836 249 r.
1217 200 1254 261 71

181 334 213 395 8.
253 328 351 404 Quod
368 348 442 391 vero
466 328 573 390 literae
598 332 747 421 occidenti
770 353 826 396 nos
849 334 991 425 incubare
1010 334 1196 405 cavillantur,
1219 336 1250 397 in

109 404 1250 574 tmbtttltttb‘ttttbtbttt'titt„³5:5¹2tt'tstft‘tbf’tti

109 560 234 649 quidem·
254 560 369 637 Legem
394 560 467 621 citra
488 558 642 622 Cbrrstum
667 563 907 623 commendantes
928 584 944 623 a
963 564 1040 623 Novi
1059 564 1245 625 Testamenti

109 635 257 697 beaelicro
278 636 424 773 populum
443 635 621 711 avocabant,
650 658 712 717 quo
739 640 894 720 paciscitur
913 641 1061 700 Dominus
1080 662 1112 701 se
1131 641 1244 722 Legem

108 732 190 773 suan
208 712 240 773 io
261 712 320 773 bdc
334 712 395 773 iuras
413 712 526 774 viscera
550 714 782 794 insculptarum,
812 728 843 775 et
867 716 1007 777 cordibus
1028 717 1244 795 inscriptorum.

108 790 253 849 Emortna
271 802 318 849 eat
337 790 430 871 igitur
448 790 549 861 litera,
569 802 599 849 ct
617 813 687 851 suos
706 791 833 853 lectores
854 807 941 852 necat
960 792 1020 851 lies
1040 792 1174 867 Domini,
1194 792 1246 852 ubi

111 878 145 925 et
161 886 179 925 a
198 864 308 927 Cbristi
328 866 425 947 gratia
445 865 603 943 divellitur,
623 880 655 927 et
673 869 787 929 intacto
808 870 909 941 eorde,
928 867 1048 930 auribus
1066 881 1180 929 tanturn
1199 870 1246 930 in-

110 952 206 1001 sonat.
245 942 357 1001 Verum
377 942 402 1001 ai
421 962 476 1023 per
495 942 636 1024 Spiritum
658 944 818 1005 efficaciter
838 947 978 1005 cordibus
1002 945 1196 1025 imprimitur,
1220 944 1245 1005 si

112 1018 260 1081 Christarta
280 1018 414 1079 exbibet:
434 1019 555 1079 verbum
573 1032 617 1081 est
630 1023 717 1096 sitae,
736 1035 910 1082 convertens
930 1023 1052 1097 animas,
1071 1021 1245 1101 sapientiam

111 1106 261 1175 praestans
286 1094 432 1175 parvulis,
451 1108 508 1156 ete.
558 1096 750 1171 Quinetiam
777 1100 881 1159 eodem
907 1099 975 1157 loco
995 1098 1246 1178 praedicationem

109 1192 186 1231 atram
207 1171 373 1261 ‚Apostolus
392 1172 586 1263 ministerium
606 1174 733 1266 Spiritus
752 1175 915 1267 rocat·(ll.
937 1176 1012 1265 tzor,
1027 1182 1058 1247 3,
1076 1178 1136 1263 til:
1158 1175 1245 1265 niani-

110 1248 387 1402 tts't't'btt‘a
401 1252 1245 1407 bsttttftttttlt‘ttt‘tt‘ttt'tstittttqtz

111 1412 231 1474 encrat,
251 1400 305 1460 ubi
324 1422 377 1462 sua
393 1414 508 1462 constat
520 1402 620 1463 Verbo
640 1407 804 1464 reuerentia
823 1428 856 1463 ar
878 1405 1012 1485 dignitas.
1049 1405 1112 1463 Nec
1132 1401 1176 1461 his
1195 1424 1244 1461 re.-

112 1489 221 1557 pagnat
240 1476 324 1557 quod
345 1498 441 1557 nuper
459 1479 568 1539 dictum
589 1492 632 1539 est
651 1484 791 1561 (cap.7.),
813 1481 944 1540 Verbum
964 1480 1058 1560 ipsum
1079 1500 1139 1539 uon
1160 1478 1244 1537 valde

111 1568 222 1613 eertum
254 1552 344 1613 nobis
374 1574 438 1613 ease
462 1555 518 1615 nisi
538 1556 664 1635 Spiritus
690 1560 862 1617 testimonio
888 1558 1087 1618 confirmetur.
1137 1556 1244 1615 lllutuo

111 1630 185 1689 eain
209 1629 342 1711 quodam
373 1650 449 1690 nexta
467 1632 613 1692 Dominus
635 1634 726 1694 Verbi
746 1635 931 1725 spiritusque
961 1634 1005 1694 sui
1037 1631 1244 1694 certitudinem

111 1704 228 1767 interae
240 1704 405 1786 copularit:
425 1721 458 1767 ut
476 1708 569 1770 solida
581 1710 674 1769 Verbi
693 1708 798 1792 religio
810 1712 913 1770 aoinris
934 1710 1041 1770 nostris
1059 1709 1175 1781 insidat,
1193 1706 1244 1767 ubi

111 1781 232 1877 allalqet
252 1783 384 1863 Spiritus
425 1786 453 1843 ui
473 1806 528 1845 nos
553 1786 614 1846 illic
633 1787 693 1846 llei
727 1787 830 1847 iaciens
855 1786 1050 1865 contemplari
1076 1785 1177 1843 iaciat:
1209 1795 1244 1842 ut

109 1860 227 1921 neissrm
263 1860 348 1920 outto
376 1806 611 1921 billoclnationis
642 1865 751 1922 timore
776 1864 920 1943 Spiritorn
949 1864 1162 1941 arrrpleaenrtar,
1191 1858 1242 1918 ulti

110 1935 186 1997 itm
204 1939 237 1998 in
258 1956 313 1997 sua
334 1938 475 2017 imagine,
507 1938 564 1997 boc
589 1952 633 1999 est
651 1940 682 1999 in
704 1940 822 2012 Verbo,
844 1940 1094 2019 recognoscimus.
1131 1935 1178 1995 lta
1199 1946 1244 1993 est

111 2032 185 2072 sane.
221 2016 294 2073 Non
321 2014 450 2073 Verbum
470 2015 638 2075 bominibus
657 2017 772 2075 subitae
791 2016 1000 2077 ostentationis
1020 2036 1103 2075 causa
1129 2013 1159 2071 io
1180 2032 1243 2071 me-

113 2088 187 2147 rliu·
204 2090 334 2170 protulit
352 2089 449 2165 Deus,
467 2090 547 2170 quorl
569 2093 695 2171 Spiritus
715 2094 758 2151 sui
778 2094 907 2153 arlveotu
928 2090 1074 2170 extemplo
1095 2086 1243 2163 aboleret,

111 2164 161 2224 sed
180 2168 306 2227 eundern
329 2166 483 2245 Spiritum,
501 2169 582 2229 cuius
602 2169 708 2227 virtute
729 2170 859 2228 Verlrorn
880 2168 1146 2239 administraverat,
1174 2165 1244 2225 sub·

110 2241 200 2315 misit,
218 2246 269 2324 qui
293 2264 380 2303 soum
405 2266 479 2334 opus
498 2245 609 2304 esliraci
629 2246 722 2305 Verbi
747 2248 972 2305 confirmatione
991 2244 1165 2304 absolveret.
1201 2242 1242 2300 ln

111 2318 337 2382 bunc'rraodum
358 2319 492 2379 (ibrrstus
516 2321 662 2400 discipulis
691 2322 806 2382 duobos
837 2342 953 2382 sensum
979 2320 1128 2401 aperiebat
1155 2318 1242 2395 (Luc.

107 2400 242 2475 2l‚Yi.):
264 2418 329 2455 non
349 2408 383 2454 ut
397 2395 517 2457 abiectis
530 2396 689 2477 Scripturis
707 2420 761 2480 per
779 2418 812 2459 se
830 2412 978 2477 saperent,
995 2398 1047 2456 s'ed
1065 2409 1097 2456 ut
1109 2396 1243 2475 Scriptu-

106 2494 149 2534 ras
165 2473 385 2555 intelligerent
423 2472 566 2533 Similiter
585 2476 703 2547 l’aolus,
722 2476 790 2534 dum
811 2475 949 2535 bortatur.
965 2474 1243 2533 'Thessalonicenses

104 2568 140 2609 oc
153 2551 304 2631 Spiritum
326 2549 520 2631 exstinguant,
539 2572 600 2610 non
620 2552 783 2611 sublimiter
802 2574 854 2611 eos
872 2553 977 2630 arripit
997 2551 1033 2611 ad
1053 2552 1154 2609 inanes
1178 2547 1243 2607 sine

106 2626 203 2689 l'erbo
223 2626 463 2707 speculationes:
494 2628 544 2686 sed
565 2630 708 2688 continuo
727 2629 861 2701 subiicit,
893 2651 954 2687 non
974 2626 1152 2707 spernendas
1174 2644 1243 2702 pro·

105 2704 213 2839 pb‘ctias
233 2704 276 2781 (l.
289 2704 397 2763 'l'ltest-t
408 2710 437 2773 5,
457 2707 587 2780 illm).
627 2706 698 2779 Quo
719 2705 823 2785 procul
843 2704 934 2763 dubio
954 2704 1095 2776 innuitur,
1116 2704 1137 2759 S
1161 2700 1243 2759 irilus

150 2802 194 2841 em
218 2780 393 2861 praefocari
417 2779 590 2870 simulatque
622 2782 651 2839 io
677 2794 877 2862 contemptum
904 2783 1027 2840 verrioot
1058 2724 1241 2858 proplietiac.

111 2856 184 2929 Quid
209 2859 248 2917 ad
276 2858 353 2915 baec
379 2857 481 2915 tumidi
508 2857 555 2915 ists
583 2862 792 2925 dsdoooroorui,
825 2858 874 2935 qui
900 2857 975 2915 lraor.
996 2878 1082 2913 ortam
1104 2864 1243 2931 reputant

111 2932 230 2993 eaira‘nro
256 2932 523 3007 illuminationem,
553 2933 602 2992 ubi
632 2954 733 2994 secure
764 2934 872 2994 onrisso
896 2955 929 2993 ac
959 2934 1055 2991 valere
1080 2932 1159 2989 iusso
1184 2928 1243 2985 Dei

110 3011 210 3083 serbo,
243 3009 388 3089 quicquid
418 3010 571 3068 stertendo
601 3011 810 3089 conceperint,
842 3030 904 3069 nou
937 3010 1032 3067 rninos
1057 3006 1243 3065 confidenter

109 3110 184 3165 quana
200 3102 327 3149 temere
346 3084 510 3174 arripiunt?
548 3086 640 3146 Filios
660 3099 741 3147 certe
760 3086 819 3145 lsei
838 3087 929 3176 longe
948 3088 1003 3143 alia
1024 3086 1109 3142 decet
1128 3082 1243 3141 sobrie-

111 3178 157 3224 tas:
189 3166 244 3244 qui
266 3175 301 3222 ut
325 3182 407 3222 omos
426 3163 555 3222 veritatis
576 3162 656 3234 luce,
683 3164 747 3223 sine
766 3163 824 3221 Dei
845 3164 976 3241 Spiritu,
1006 3161 1126 3221 orbatos·
1146 3178 1177 3217 se
1197 3157 1242 3215 vi-

111 3244 185 3313 dent,
213 3242 256 3301 ita
279 3260 345 3298 non
367 3240 523 3317 ignorant,
554 3240 684 3299 Verbum
707 3262 768 3298 esse
788 3260 950 3319 organum,
970 3258 1030 3316 quo
1051 3236 1179 3315 Spiritus
1199 3234 1243 3291 sui

112 3317 351 3377 illuminationem
372 3314 506 3373 srdelibos
522 3315 667 3375 Dominus
687 3317 843 3406 dispensat.
883 3314 980 3373 sllioro
1002 3313 1079 3372 torius
1102 3312 1243 3391 Spiritum

114 3398 234 3455 acseiont
253 3413 347 3474 quant
370 3392 421 3471 qui
448 3392 478 3449 io
499 3392 649 3483 Apostolis
676 3392 814 3450 habitavit
840 3404 870 3449 ct
903 3392 1041 3469 loquutus
1071 3402 1129 3449 est:
1160 3387 1243 3448 cuius¹

115 3475 226 3533 osculis
244 3472 367 3531 assidue
387 3468 424 3529 ad
445 3468 537 3527 t'erbr
555 3470 731 3529 audientiam
750 3481 936 3529 revocantur.

501 3714 758 3783 CAPUT
808 3716 848 3782 X.

114 3894 353 3973 Scriptorum,
373 3903 413 3950 ot
433 3909 571 3949 ornnem
591 3892 894 3970 superstitionem
916 3890 1096 3963 corrigat,
1123 3904 1246 3939 vcrurn

164 3990 279 4047 lleuao
302 3984 490 4044 exclusive
510 4005 705 4065 opponere
725 3984 798 4044 diis
818 3981 985 4041 omuibus
1007 3978 1188 4035 (lentium.

180 4158 209 4211 1.
248 4145 311 4205 Sed
332 4146 411 4204 eniro
434 4146 573 4223 quoniam
593 4144 651 4203 Dei
672 4140 822 4215 notitiam,
847 4142 972 4220 quaein
993 4135 1097 4222 mrrrrdi
1115 4132 1249 4222 irracbina

116 4224 309 4299 universisque
329 4222 473 4283 creaturis
492 4244 554 4281 non
575 4221 700 4281 obscure
721 4220 831 4298 alioqui
856 4217 1052 4302 proponitur,
1068 4210 1252 4303 ’laoolrarros

117 4310 206 4359 tarsen
227 4304 391 4360 etiamnum
412 4310 445 4358 et
468 4298 572 4360 elarius
595 4299 697 4358 Verbo
718 4297 872 4359 docuimus
893 4294 1045 4375 explicari:
1066 4309 1123 4349 rans
1144 4304 1254 4363 operae
