2700 4732
595 214 672 277 un
692 217 719 279 r.
742 186 849 285 'can
870 219 909 282 v.

302 362 498 441 „Tereusque
517 370 687 443 tractusque
704 362 804 439 maris,
823 363 999 447 coelumque
1014 366 1209 445 profundum.

300 440 405 513 „lline
424 438 564 519 pecudes,
582 452 726 515 armenta,
744 440 834 515 viror,
854 462 948 523 genus
967 462 1058 502 omne
1078 442 1217 521 ferarum,
1242 502 1245 507 .

301 518 487 595 „Quemque
506 513 563 575 sibi
582 526 687 576 tenues
707 530 878 578 nascentem
898 538 1046 578 arcessere
1064 520 1146 581 vitas.

301 591 448 666 „Scilicet
468 592 525 651 bue
544 591 628 651 reddi
648 592 766 667 deinde,
785 613 820 654 ac
839 593 968 655 resoluta
988 594 1095 655 referri

278 668 448 742 „,(lmnia,
468 687 523 727 nec
543 667 632 727 morti
651 688 715 729 esse
735 668 844 743 locum,
863 670 915 730 sed
934 671 1000 730 viva
1020 671 1122 732 volare

300 745 438 817 „Sideris
457 745 488 803 in
509 763 679 820 numerum,
698 757 787 826 atque
806 747 867 808 alto
886 747 1046 808 succedere
1066 748 1164 810 coelo.
1172 753 1194 789 “

261 853 307 914 En
328 854 399 935 quid
423 854 459 915 ad
485 853 661 937 gignendam
688 854 904 938 fovendamque
935 858 964 917 in
998 858 1136 919 cordibus
1167 857 1321 921 bominum

185 930 323 1009 pietatem
336 930 428 993 valeat
445 931 542 991 ieiuna
562 928 610 990 illa
630 931 790 1010 speculatio
810 933 847 993 de
866 934 999 995 universa
1010 947 1120 1011 mente,
1140 954 1214 1015 quae
1233 958 1323 995 nsun-

185 1010 254 1069 dnm
274 1009 384 1069 animat
402 1028 436 1068 ac
455 1019 583 1089 vegetat.
623 1007 715 1082 Quod
737 1009 824 1069 etiarn
845 1030 879 1070 ex
898 1010 1046 1092 sacrilegis
1067 1010 1174 1091 impuri
1194 1012 1335 1089 carris*)''

184 1085 317 1144 Lucretii
328 1083 449 1146 vocibus
468 1082 571 1144 melius
591 1081 697 1163 liquet,
716 1107 791 1165 quae
811 1107 828 1146 a
849 1086 995 1167 principio
1016 1086 1068 1147 illo
1082 1085 1224 1148 deductae
1241 1100 1321 1149 sunt.

185 1162 253 1221 Hoc
272 1181 345 1222 vero
371 1172 431 1233 est,
457 1172 491 1221 ut
514 1160 619 1240 procul
645 1159 769 1222 facessat
788 1182 873 1223 verus
892 1163 990 1236 Deus,
1012 1183 1098 1243 quem
1118 1164 1269 1223 timeamus
1289 1174 1323 1225 et

185 1237 330 1313 colamus,
352 1237 507 1297 umbratile
527 1257 637 1295 numen
662 1237 769 1298 facere.
819 1240 929 1299 Fateor
948 1240 1067 1320 quidem
1088 1239 1136 1319 pie
1157 1240 1213 1300 boc
1232 1260 1323 1322 posse

185 1314 258 1385 dici,
287 1314 376 1375 modo
397 1335 413 1374 a
437 1316 488 1395 pio
509 1313 607 1373 auimo
633 1314 850 1393 proficiscatur,
881 1318 1021 1376 Naturam
1042 1336 1105 1377 esse
1123 1316 1237 1378 Deum:
1266 1316 1321 1377 sed

184 1390 253 1471 quia
274 1391 344 1450 dura
364 1402 409 1451 est
428 1401 459 1450 et
477 1389 635 1482 impropria
655 1388 807 1470 loquutio,
848 1414 916 1452 uum
936 1394 1035 1474 potius
1054 1394 1165 1453 Natura
1184 1393 1222 1452 sit
1242 1392 1320 1453 ordo

183 1468 278 1528 aDeo
298 1465 502 1548 praescriptus,
521 1487 551 1525 ιιι
572 1464 659 1525 rebus
678 1467 752 1525 tanti
772 1413 921 1547 ponberis,
941 1481 972 1529 et
990 1468 1095 1549 quibus
1115 1468 1240 1529 debetur
1258 1470 1322 1530 sin·

184 1544 292 1626 gularis
313 1544 428 1626 religio,
444 1540 600 1634 involvere
611 1542 734 1604 confuse
746 1544 844 1605 Deum
863 1566 930 1607 cum
949 1545 1091 1607 inferiore
1111 1565 1235 1627 operum
1248 1564 1322 1609 suo·

183 1643 247 1681 runt
269 1644 365 1692 cursu,
384 1642 502 1681 nonum
523 1630 576 1679 est.

259 1702 288 1760 6.
328 1697 547 1757 Meminerimus
567 1715 640 1778 ergo
647 1739 657 1788 2
683 1696 799 1789 quoties
819 1698 943 1780 quisque
963 1711 1100 1759 naturam
1118 1718 1199 1760 suam
1218 1696 1321 1759 conai-

183 1772 276 1847 dcrat,
297 1795 386 1833 nnum
407 1792 469 1833 esse
488 1773 585 1833 Deum
605 1795 656 1853 qut
674 1794 715 1834 stc
735 1774 882 1857 gubernat
901 1796 1005 1837 omnes
1031 1784 1166 1849 naturas,
1191 1786 1225 1835 ut
1246 1772 1320 1837 velit

183 1872 238 1911 nos
259 1850 288 1909 in
308 1871 340 1910 se
361 1851 519 1929 respicere,
538 1846 625 1908 fidem
646 1862 775 1911 nostram
796 1852 883 1913 adse
903 1852 1000 1935 dirigi,
1020 1852 1079 1913 coli
1100 1863 1130 1912 et
1149 1852 1282 1913 invocari
1299 1870 1320 1915 a

183 1926 285 1987 nobis:
305 1928 373 2006 quia
394 1926 466 1986 nibil
487 1924 577 2007 plagis
593 1938 819 2017 praeposterum
831 1950 919 2009 quam
939 1929 1074 1989 fruitam
1094 1927 1250 2009 praeclaris
1262 1926 1321 1989 do-

181 2004 272 2077 tibus,
293 2026 367 2083 quae
387 2006 416 2063 in
437 2002 524 2064 nobis
544 2003 725 2064 divinitatem
744 2006 868 2085 spirant,
888 2018 919 2065 et
937 2017 1087 2066 auctorem
1103 2004 1255 2089 negligere
1266 2000 1320 2085 qui

153 2122 157 2137 .
181 2080 318 2161 precario
339 2080 425 2140 nobis
445 2099 493 2141 eas
513 2078 645 2169 largitur.
689 2081 752 2140 lam
776 2082 910 2161 potentia
929 2104 1016 2163 quam
1063 2080 1196 2143 raeclaris
1220 2078 1320 2163 speci-

181 2157 309 2218 minibus
335 2178 389 2217 nos
421 2155 452 2215 in
477 2155 742 2217 considerationem
762 2158 807 2218 sui
837 2156 933 2239 rapit?
960 2158 1016 2219 nisi
1041 2104 1120 2219 lbrte
1145 2156 1236 2218 latere
1261 2176 1320 2219 noa

181 2246 296 2315 potest,
328 2232 410 2293 cuius
434 2242 472 2292 srt
491 2242 621 2306 virtutes,
652 2232 794 2293 infinitam
820 2232 897 2294 lianc
923 2234 1007 2321 coel’q
1025 2256 1059 2297 ac
1084 2246 1181 2295 terrae
1205 2232 1319 2295 molent

181 2332 236 2371 suo
255 2308 347 2369 verbo
368 2319 547 2369 srrstcntare:
573 2308 639 2369 solo
660 2321 750 2383 nutu,
773 2326 853 2371 nuuc
873 2311 993 2392 fragore
1017 2311 1180 2372 tonitruum
1200 2308 1320 2373 coetum

181 2400 355 2459 concutere,
375 2384 544 2445 fulminibus
556 2384 703 2465 quidlibet
721 2406 843 2446 exurere
874 2386 1010 2469 fulgetris
1029 2386 1317 2449 airemacceuderea

181 2485 261 2524 nune
281 2463 365 2523 variis
385 2474 590 2543 tempestatum
615 2461 715 2522 formis
735 2429 932 2539 conturbare,
957 2463 1083 2524 eundem
1103 2464 1198 2544 ipsum
1217 2462 1319 2545 statiua

180 2540 233 2600 ubi
252 2540 348 2615 libuit,
368 2560 428 2599 uno
438 2550 591 2598 momento
612 2558 764 2599 serenare:
784 2558 877 2617 mare,
896 2540 978 2621 quod
998 2540 1140 2601 assiduam
1159 2553 1319 2601 terraeve-

179 2616 338 2680 stationem
357 2616 462 2676 minari
482 2636 533 2676 sua
557 2614 711 2675 altitudine
730 2615 863 2693 videtur,
893 2618 974 2696 quasi
994 2617 1024 2677 in
1044 2621 1115 2677 ab're
1132 2634 1319 2697 suspensum,

180 2713 332 2766 coercere,
352 2703 383 2752 et
403 2714 481 2753 nune
499 2691 681 2752 horrendum
701 2688 730 2751 in
747 2693 867 2753 modum
887 2693 1071 2755 tumultuoso
1084 2704 1240 2755 ventorum
1259 2690 1319 2753 iut-

179 2783 252 2852 petn
271 2770 438 2843 concitare,
457 2790 537 2829 nunc
556 2768 662 2829 sedatis
681 2770 767 2830 undis
792 2782 924 2851 pacatum
949 2770 1085 2831 reddere.
1128 2770 1196 2831 Huc
1219 2770 1318 2849 perti·

180 2859 253 2907 nent
273 2866 348 2927 quae
369 2846 472 2926 passim
493 2858 655 2905 occurrunt
671 2847 824 2937 potentiae
843 2847 903 2906 Dei
922 2844 1018 2983 eloglia
1038 2867 1073 2907 ex
1091 2858 1213 2907 naturae
1232 2842 1318 2907 testi?-

180 2923 306 2998 moniis,
326 2923 496 3004 praesertim
515 2942 587 2983 vero
607 2923 637 2981 in
658 2920 738 2982 lrbro
759 2923 815 2983 lob
836 2936 867 2984 et
887 2944 902 2983 a
924 2924 963 2984 ud
1001 2924 1118 2984 esaiam:
1140 2942 1215 3003 quae
1235 2940 1317 2983 nune

180 3000 317 3063 consulto
339 3011 504 3081 praetereo,
524 2999 590 3078 quia
612 3000 844 3061 commodiorem
866 2945 935 3060 alibi
956 3000 1055 3061 locum
1073 2999 1240 3081 reperient,
1264 2996 1318 3060 ubi

180 3100 214 3137 ex
244 3078 403 3157 Scripturis
434 3075 471 3135 de
502 3074 604 3135 mundi
634 3076 786 3136 creatione
812 3077 951 3138 disseram
975 3076 1317 3157 (lnsracap.1d·s.1.

178 3162 207 3218 2.
226 3160 267 3219 20
285 3154 353 3233 sq).
405 3152 535 3212 Tantum
562 3174 641 3212 nunc
665 3153 813 3235 attingere
836 3153 935 3226 volui,
966 3153 1071 3215 exteris
1096 3165 1129 3213 et
1147 3150 1317 3215 domestici·

180 3250 367 3289 communem
386 3228 463 3288 banc
484 3248 547 3288 esse
559 3228 634 3288 viam
655 3230 817 3308 quaerendi
828 3231 896 3301 Dei,
914 3230 940 3291 ri
959 3230 1137 3290 lineamenta
1156 3240 1339 3309 sequantur,

180 3326 256 3388 quae
276 3328 389 3367 auraurn
406 3324 440 3365 ac
452 3305 590 3365 deorsum
610 3307 702 3366 viram
723 3308 784 3367 eius
805 3306 933 3399 effigiem
953 3306 1137 3367 adumbrant.
1176 3304 1239 3366 lam
1253 3306 1316 3387 ipra
1349 3305 1350 3312 '

178 3384 313 3464 potentia
332 3403 388 3442 nos
407 3382 443 3441 ad
464 3381 650 3475 cogitandam
671 3384 732 3443 eius
751 3395 955 3443 aeternitatem
976 3383 1109 3444 deducit:
1131 3382 1199 3463 qnia
1219 3393 1316 3442 aeter·
1343 3444 1348 3455 ,

179 3482 249 3520 num
272 3478 343 3533 esse,
364 3470 395 3518 et
412 3478 429 3518 a
448 3479 479 3519 se
499 3479 563 3537 rpso
585 3459 759 3539 principium
780 3460 891 3520 babere
911 3479 1030 3521 neeesse
1050 3471 1104 3534 est,
1123 3459 1202 3519 unde
1214 3457 1316 3519 omnia

178 3538 300 3597 trabunt
324 3534 481 3617 originem.
520 3536 617 3595 Porro
647 3537 671 3596 si
701 3556 785 3597 causa
810 3536 977 3617 quaeritur,
997 3556 1053 3617 qua
1079 3535 1166 3595 etad
1187 3534 1315 3595 creanda

178 3615 251 3674 baec
271 3610 361 3675 semel
381 3612 480 3673 omnia
498 3612 635 3672 inductus
654 3612 702 3686 sit,
722 3624 753 3673 et
771 3634 851 3674 nunc
870 3613 907 3674 ad
927 3612 1128 3675 conservanda
1147 3621 1317 3689 moveatur,
1341 3664 1347 3681 ,

177 3692 270 3753 solam
290 3687 333 3749 illi
351 3710 432 3748 suam
452 3688 616 3749 bonitatem
628 3690 842 3768 comperiemus
862 3711 917 3770 pro
937 3712 1021 3751 eausa
1034 3708 1105 3749 esse.
1131 3686 1215 3762 Quin
1227 3688 1316 3749 etiarn¹

177 3769 252 3827 baec
269 3765 293 3826 si
314 3786 372 3825 una
391 3765 440 3841 sit,
459 3766 525 3847 plus
544 3764 613 3827 satis
632 3777 732 3825 tamen
751 3766 887 3827 sufficere
898 3765 987 3827 debet
1005 3766 1042 3825 ad
1062 3785 1117 3824 nos
1137 3764 1167 3823 in
1183 3778 1316 3825 amorem
1341 3822 1348 3849 ·.

177 3846 241 3904 eins
254 3842 440 3903 alliciendos:
463 3843 581 3923 quando
603 3842 681 3902 nulla
693 3853 737 3902 est
751 3856 896 3916 creatura,
915 3854 948 3902 ut
959 3841 1110 3924 Propbeta
1128 3840 1317 3921 (Ps.145,9.>
1345 3862 1348 3867 ·

177 3932 292 3996 monet,
313 3920 343 3978 in
363 3939 449 3999 quam
470 3938 532 3981 non
552 3918 647 3979 effusa
665 3919 705 3981 sit
723 3920 784 3981 cius
803 3918 1013 3981 misericordia.

245 4147 274 4217 ἱ)
291 4147 414 4217 Disputat
430 4147 475 4199 ille
492 4146 566 4200 initio
584 4149 628 4200 lib.
645 4149 668 4200 1.
685 4148 784 4200 nullam
810 4166 865 4199 rem
891 4146 990 4212 gignis
1014 4146 1112 4209 nihilo,
1136 4146 1182 4199 aad
1204 4164 1220 4197 e
1241 4144 1317 4201 certic

177 4216 267 4269 onnia
285 4214 419 4286 principiis
436 4215 507 4276 ficri,
532 4230 557 4266 ct
573 4214 769 4287 propagationis
786 4214 939 4285 quotidiano
963 4229 989 4267 et
1009 4213 1121 4269 naturali
1139 4214 1233 4267 urdine
1249 4214 1316 4267 abn-

175 4284 246 4363 titqr.
264 4298 293 4335 ut
311 4283 469 4337 creationem
486 4298 577 4351 neget:
595 4286 689 4336 farnur
706 4282 813 4353 quidem
830 4284 875 4335 lib.
892 4284 917 4337 5.
934 4284 1065 4338 muudum
1083 4298 1109 4337 et
1124 4296 1216 4336 uatum
1231 4282 1260 4336 'et
1275 4283 1317 4337 in·
1332 4340 1339 4347 ,

174 4364 311 4404 feretratum
328 4370 390 4410 esso.
