2700 4732
453 188 856 277 mmmm
1172 206 1232 271 m

89 374 182 435 nere,
205 354 259 423 ted
285 352 374 419 etiam
396 355 524 451 probra,
547 357 615 439 quia
638 376 789 440 speramus
806 356 838 417 in
856 354 955 417 Deum
972 340 1071 417 sirum
1090 350 1130 433 (l.
1149 351 1230 413 Tim.

89 434 205 515 Mil).
242 433 328 497 Sicut
344 432 417 495 alib:
434 455 490 495 suo
504 434 638 515 exemplo
657 433 809 496 ambulare
827 454 883 494 nos
902 430 987 492 iubet
1004 450 1060 512 per
1078 430 1229 491 infamiam

89 524 123 573 et
148 512 258 573 bonam
282 510 389 573 famam
413 510 468 591 (11.
489 511 562 573 Cor.
581 518 616 587 6,
639 514 692 589 8).
739 511 844 592 Neque
867 528 939 570 vcro
965 526 1001 569 ea
1027 508 1187 587 requiritur
1211 527 1229 567 a

92 588 183 651 nobis
201 587 348 665 hilaritas,
367 607 442 669 quae
467 608 586 649 omnem
610 587 777 649 acerbitatis
796 586 967 678 dolorisque
990 605 1106 646 sensum
1126 580 1229 645 tollat:

89 664 205 747 alioqui
223 664 331 727 nullam
350 664 382 725 in
402 685 490 726 cruce
510 678 588 726 esset
609 674 779 756 sancto-tum
796 665 961 801 pptientra,
990 662 1056 753 nisi⁸
1068 672 1099 721 ct
1123 660 1234 721 dolore·

89 742 747 901 ppqqpqpptqqqlucyipnqpppquqrpcqqqqpp
763 739 1077 899 nullslbuigibiiinli
1094 748 1232 905 dissiliit?

89 894 191 987 npllua
209 896 240 955 in
259 906 358 955 morte
376 893 498 955 borror:
518 895 605 985 cuius·
618 895 700 956 loret
717 894 763 953 sel
784 892 963 955 fortitudinis
982 891 1028 953 vel
1047 890 1231 983 moderatio·

89 968 1236 1135 :22:52'ttt”iml‡tlll5¹’:5:l,.litt?,ttltql‘zlttttt't'lss

90 1124 170 1199 dcet,
188 1124 219 1183 iu
241 1143 278 1184 eo
296 1143 329 1185 se
348 1125 465 1203 proicrt
482 1124 575 1185 fidelis
595 1124 722 1185 bominis
742 1122 897 1196 fortitudo,
916 1123 940 1182 si
959 1120 1104 1182 eiusnodr
1123 1141 1230 1181 amam-

89 1200 202 1261 tudinis
221 1220 308 1261 sensu
326 1211 473 1273 tentatus,
500 1213 651 1281 utcunque
673 1200 803 1283 graviter
820 1198 955 1273 laboret,
985 1198 1105 1258 torrites
1128 1210 1230 1258 tamen

90 1276 265 1338 obsistendo
286 1277 443 1337 eluctatur:
463 1278 493 1336 in
515 1297 551 1336 eo
571 1297 603 1337 se
623 1277 729 1338 exserit
746 1276 904 1357 patientia,
923 1277 947 1336 si
967 1275 1075 1336 acriter
1093 1276 1232 1335 exstimu-

91 1350 183 1427 latus,
215 1354 323 1415 timore
349 1364 448 1413 tarnen
469 1353 527 1413 Dei
557 1353 741 1427 refrenatur,
772 1373 810 1413 ne
830 1353 860 1412 in
880 1350 1006 1433 aliquam
1024 1351 1229 1433 intemperiem

93 1440 242 1518 erumpat:
264 1429 293 1488 in
314 1448 350 1487 co
373 1427 469 1488 elucet
493 1429 641 1503 alacritas,
666 1430 689 1490 si
707 1429 824 1489 tristitia
843 1440 874 1489 et
893 1448 1033 1490 moerore
1051 1427 1231 1504 vulneratus,

91 1502 287 1584 inspirituali
307 1503 365 1562 Dei
385 1504 588 1566 consolatione
607 1505 775 1586 acquiescit.

167 1586 198 1647 9.
236 1580 326 1641 Hunc
345 1582 534 1656 conflictum,
560 1602 648 1662 quem
676 1581 812 1643 aduersus
835 1580 1000 1641 naturalem
1024 1580 1137 1643 doloris
1161 1600 1232 1644 sen·

92 1676 157 1719 tutu
177 1657 325 1718 sustinent
344 1657 443 1718 fideles
481 1658 549 1717 durn
570 1659 729 1739 patientiae
748 1678 783 1718 ac
802 1657 1000 1718 moderationi
1019 1659 1149 1734 student,
1169 1658 1232 1718 elc-

91 1744 200 1817 gauter
218 1733 370 1813 descripsit
388 1702 496 1795 Paulus
516 1734 572 1814 (ΙΙ.
593 1734 665 1795 Cor.
685 1742 720 1808 l,
737 1736 782 1809 8.)
806 1733 850 1793 bis
874 1734 986 1795 verbis:
1015 1736 1072 1809 „ln
1092 1735 1237 1796 omnibus·

90 1810 286 1891 „premimun
305 1821 336 1869 at
355 1831 415 1871 non
437 1811 511 1870 anxii
532 1811 698 1871 reddimur:
719 1809 895 1885 laboramus,
914 1822 946 1871 at
960 1829 1021 1870 non
1033 1811 1232 1873 destituimur:

90 1886 372 1969 „persequutionem
386 1887 525 1966 patimur,
544 1887 615 1947 atio
628 1907 661 1949 ea
674 1908 734 1948 noo
748 1887 922 1947 deserimur:
943 1886 1108 1961 deiicimur,
1126 1901 1156 1948 at
1167 1909 1231 1949 non

90 1962 275 2043 „perimus.“
325 1963 416 2023 Vides
435 1975 468 2023 ut
487 1965 637 2044 patienter
656 1965 733 2023 lerrc
753 1984 870 2025 crucem
889 1984 953 2023 non
973 1964 1012 2024 sit
1033 1984 1153 2045 prorsus
1173 1964 1232 2029 ob-

90 2048 277 2119 stupescere,
300 2050 332 2099 et
355 2041 436 2100 omui
461 2041 572 2101 doloris
597 2062 684 2102 sensu
728 2040 830 2101 riseri:
861 2041 1107 2121 quemadmodum
1135 2042 1232 2103 Stoici

90 2115 310 2197 magnanimum
330 2115 480 2177 bominem
500 2117 589 2177 stulte
610 2117 679 2177 olirn
700 2062 929 2197 descripserunt,
951 2123 1001 2208 qui
1021 2130 1106 2178 exuta
1126 2116 1231 2178 burna-

90 2192 201 2266 nitate,
230 2192 318 2253 rebus
344 2193 470 2254 adversis
494 2194 617 2275 perinde
637 2216 671 2255 ac
695 2194 860 2287 prosperis,
889 2194 1022 2256 tristibus
1047 2195 1172 2276 perinde
1196 2215 1232 2256 ac

91 2265 380 2404 ¹²⁸·¹,i⁸·⁸ffi⁰⁰‘{i·'¹'·'
405 2271 466 2361 imo
491 2271 543 2361 qui
566 2272 659 2405 inspar
685 2271 787 2390 lapiqss
812 2269 894 2331 nulla
913 2291 946 2362 re
967 2272 1143 2408 apiceretur.
1166 2273 1232 2365 ,Et

89 2364 149 2481 tt:
166 2357 374 2501 aiiiniiniiss
391 2359 759 2515 {ltdltqlzttssitll
778 2360 1231 2504 lilliliibli‘eiil'iiid]

89 2516 191 2579 neque
210 2510 322 2558 crstarc
342 2512 448 2579 potest.
500 2501 583 2574 Quin
604 2502 702 2583 potius
722 2501 791 2562 durn
811 2502 897 2561 nimis
916 2514 1043 2564 cssctsm
1063 2522 1097 2563 ac
1116 2505 1237 2584 praeci-'

90 2594 152 2634 sam
172 2574 345 2654 patientiam
367 2576 475 2636 habere
493 2576 609 2653 volunt,
629 2578 759 2639 ciusrim
777 2578 959 2640 sustulerunt
979 2598 996 2639 c
1014 2580 1074 2641 rita
1094 2579 1229 2641 bumana.

89 2648 181 2711 Nunc
200 2672 320 2731 quoque
339 2664 408 2712 sunt
426 2655 504 2712 inter
519 2654 701 2716 Christianos
721 2656 792 2716 nori
804 2654 910 2729 Stoici,
929 2656 1037 2734 quibus
1057 2677 1118 2716 non
1137 2657 1229 2717 modo

130 2747 214 2787 mere
232 2748 266 2787 ac
285 2729 369 2799 flere,
388 2729 438 2789 sed
458 2731 566 2790 tristari
578 2753 697 2811 quoque
718 2744 747 2791 et
766 2732 922 2792 sollicitum
943 2752 1005 2792 esse
1019 2733 1154 2793 uitiosum
1176 2745 1229 2793 est.

89 2746 193 2884 bique
212 2803 285 2865 baec
325 2806 421 2864 uidem
441 2807 586 2886 paradoxa
606 2808 669 2867 iere
689 2808 725 2869 ab
744 2809 845 2870 otiosis
865 2806 1033 2868 bominibus
1051 2808 1231 2889 procedunt,

89 2880 175 2963 quis
198 2826 342 2942 crolando
362 2883 454 2973 magis
472 2904 557 2962 quarn
578 2885 694 2966 agendo
712 2896 943 2975 secxcrcentes,
962 2882 1035 2943 nibil
1054 2906 1141 2976 quarn
1159 2883 1230 2975 talia

103 2977 365 3115 :stilibi
383 2960 600 3117 tigilli·
615 2959 771 3097 cliiii
785 2958 1230 3113 :titf't‘tdttttst'tdtss

91 3110 145 3172 sed
164 3110 299 3192 exemplo
324 3112 411 3171 ctiam
436 3133 489 3172 suo
516 3112 669 3173 damnavit
718 3114 793 3174 Nam
820 3125 851 3173 et
869 3113 927 3172 suis
947 3124 979 3172 ct
1002 3113 1127 3174 aliorum
1147 3115 1229 3175 malis

89 3186 123 3249 in
147 3187 240 3247 cmuit
276 3199 308 3248 et
347 3188 552 3271 illacrymavit:
591 3210 647 3250 nec
682 3189 769 3251 aliter
802 3190 874 3251 disci
897 3188 962 3250 ulos
994 3210 1063 3251 suos
1092 3191 1229 3251 instituit.

89 3305 112 3341 „
148 3263 258 3339 undus,
288 3265 399 3345 inquit,
431 3266 586 3346 gaudebit:
616 3280 787 3327 vosautem
807 3210 946 3350 lugebitis
966 3266 1228 3345 acllebitis“(lo.

89 3346 142 3416 to,
160 3341 236 3417 Ἅι).
283 3342 345 3415 Ac,
374 3363 411 3402 ne
432 3343 496 3422 quis
515 3343 587 3402 vitio
608 3343 638 3402 id
657 3356 801 3419 verteret,
824 3345 981 3426 proposito
1002 3344 1099 3406 edicto
1126 3345 1230 3406 beatos

113 3418 296 3477 ronuntiavit
316 3420 365 3498 qui
386 3418 488 3499 lugent
507 3418 624 3494 (Mattb.
636 3424 728 3495 5,d.):
750 3442 805 3480 nec
824 3422 939 3481 mirum.
978 3422 1053 3482 Nam
1072 3424 1097 3483 si
1117 3422 1230 3502 impro-

89 3440 201 3556 bantur
220 3514 323 3554 omnes
348 3496 508 3576 lacrymae,
533 3497 602 3575 quid
627 3497 664 3556 dc
683 3499 815 3557 Domino
836 3498 899 3578 ipso
919 3497 1128 3573 iudicabimus,
1148 3500 1230 3559 cuius

89 3590 109 3631 e
136 3591 265 3649 corpore
290 3574 467 3653 sanguineae
499 3574 643 3654 lacrymae
669 3575 846 3634 distillarunt
869 3576 958 3655 (L'uc.
977 3581 1027 3651 22,
1045 3583 1093 3639 44.
1125 3577 1230 3636 Mattb.

89 3653 140 3715 26.
160 3647 245 3725 38.)?
285 3649 317 3706 Si
337 3649 486 3728 quaelibet
507 3650 635 3710 formido
655 3651 832 3712 infidelitatis
851 3662 989 3724 notatur,
1008 3672 1068 3731 quo
1089 3652 1157 3713 loco
1178 3653 1235 3711 ba-·

89 3723 227 3784 bebimus
247 3723 402 3786 horrorem
421 3725 514 3802 illurn,
533 3748 592 3806 quo
605 3749 667 3788 nou
687 3728 791 3789 leviter
809 3739 1030 3788 consternatum
1049 3728 1136 3789 luisse
1155 3728 1231 3812 legl-

90 3798 176 3861 mus?
207 3801 230 3860 si
251 3806 345 3862 omnis
366 3804 480 3864 tristitia
501 3803 649 3883 displicet,
680 3805 832 3885 quomodo
858 3804 986 3885 placebit
1005 3805 1085 3886 quod
1105 3804 1230 3867 animam

91 3898 173 3939 suam
195 3876 303 3936 latetur
323 3899 385 3939 csse
405 3879 516 3939 tristem
535 3902 628 3958 usque
648 3881 683 3941 ad
704 3882 852 3942 mortem?

170 3959 219 4018 10.
259 3955 341 4014 Haec
361 3975 397 4046 cp
419 3955 516 4049 dicere
535 3959 625 4050 yoluj,
645 3971 678 4018 ut
702 3959 767 4049 pios
787 3958 900 4020 animos
920 3978 937 4018 a
956 3957 1163 4051 desperatione
1182 3978 1231 4021 re·

90 4031 1028 4198 mittatis}‘tllssstzl‘ltif'l‘30:¹⁰32't:„35⁰'¹¹t{'.53l
1043 4035 1233 4173 illidit}

93 4202 215 4243 evenire
233 4206 280 4258 sss,
300 4186 348 4264 qui
361 4205 393 4244 cx
413 4189 550 4263 patientia
570 4200 732 4268 stuporem,
752 4210 786 4248 ex
805 4190 926 4251 bomine
944 4189 1067 4251 forti-et
1084 4189 1236 4263 constanti

90 4260 221 4342 stipitem
242 4261 361 4322 iaciunt
400 4264 516 4328 Sanctis
529 4266 607 4326 enirn
626 4266 804 4328 tolerantiae
822 4266 939 4329 laudem
958 4264 1057 4329 delent
1068 4266 1258 4357 Scriptura,-
