2596 4726
135 206 197 271 m
547 198 625 261 utu.
643 200 699 263 tv.
738 200 829 265 Chi).
847 200 887 263 V.

160 356 221 407 ent.
259 342 360 409 Taceo
381 344 451 425 quid
471 364 522 405 sua
545 345 688 427 portione
711 346 807 407 iacere
833 346 951 421 cleriei,
979 356 1011 409 et
1051 366 1121 409 uem
1144 346 1176 409 in
1193 370 1268 411 usam

135 368 216 485 iiiam
238 424 376 483 conferre
396 422 566 483 debuerint:
598 444 667 482 narn
690 424 836 504 reliquum
857 424 937 503 quod
963 368 1100 504 tempilis,
1130 426 1268 503 aedificiis,

137 513 169 561 et
188 498 251 559 aliis
270 500 434 636 sumptibus
455 500 626 578 deputatur,
651 499 761 560 debere
782 500 958 580 pauperibus
977 502 1009 559 in
1030 504 1205 563 necessitate
1221 524 1267 583 pa·

136 590 218 652 tere,
237 578 303 637 satis
344 588 554 636 emonstratum
574 588 627 635 est.
678 576 816 651 Quaeso,
835 578 859 637 si
878 576 1033 637 scintillam
1053 599 1146 639 unam
1164 578 1266 641 timoris

134 654 195 713 Dei
215 654 246 712 in
259 654 349 713 corde
370 654 522 723 haberent,
541 654 758 713 sustinerentne
771 653 845 713 hanc
857 654 1080 723 conscientiam,
1099 656 1264 735 quodquie·

158 729 209 789 uid
230 730 389 790 comeduut
402 751 435 791 ac
448 730 622 803 vestiuntur,
643 749 676 787 ex
696 729 786 803 surto,
808 730 866 790 imo
888 750 920 789 ex
940 728 1098 811 sacrilegio
1120 730 1264 811 provenit?

136 752 198 869 Sed
218 808 287 886 quia
305 806 365 867 Dei
384 805 494 865 iudicio
515 826 616 884 parum
636 818 875 880 commoventur,
901 806 1003 865 saltem
1030 807 1200 887 cogitarent
1217 808 1264 867 ho·

134 884 229 944 mines
250 903 329 955 esse,
349 902 435 943 sensu
457 893 488 939 ct
507 882 621 941 ratione
641 882 807 960 praeditos,
837 882 942 962 quibus
968 884 1148 963 persuadere
1171 884 1263 945 volunt

135 982 167 1023 se
187 958 297 1020 habere
316 972 375 1019 tam
394 958 512 1037 pulcros
533 969 564 1016 et
588 958 747 1037 dispositos
772 959 802 1017 in
829 958 950 1019 ecclesia
974 980 1025 1019 sua
1047 960 1169 1020 ordines
1189 980 1262 1039 quam

133 1039 242 1099 iactare
261 1034 368 1097 solent.
407 1033 619 1113 Respondeant
638 1034 710 1093 mihi
730 1032 872 1110 breviter,
892 1056 928 1094 an
947 1034 1082 1097 diaconia
1102 1036 1141 1097 sit
1160 1034 1264 1097 iurandi

134 1135 168 1175 ac
200 1110 394 1172 latrocinandi
425 1110 553 1169 licentia.
604 1110 673 1170 Hoc
691 1110 715 1170 si
735 1123 862 1191 negant,
893 1110 979 1171 sateri
1000 1111 1089 1171 etiam
1117 1118 1285 1195 cogentur,'

134 1189 245 1249 nullam
264 1209 295 1248 se
315 1185 479 1247 diaconiam
501 1187 642 1266 reliquam
662 1186 787 1248 habere:
807 1188 925 1267 quando
945 1186 1022 1266 apud
1035 1207 1087 1249 eos
1108 1198 1172 1249 tota
1184 1209 1265 1270 opum

135 1265 395 1325 ecclesiasticarum
422 1262 636 1353 administratio
656 1264 688 1324 in
707 1264 876 1347 sacrilegam
896 1262 1158 1345 depraedationem
1177 1264 1265 1347 palan

134 1362 276 1403 conversa
296 1352 348 1401 est.

209 1424 257 1483 17.
296 1416 357 1489 Sed
376 1416 426 1479 hic
444 1429 568 1478 utuntur
586 1418 763 1500 pulcerrimo
782 1416 898 1480 colore:
919 1416 1111 1479 dicuntenim
1132 1417 1266 1481 ecciesiae

133 1494 305 1577 dignitatem
326 1515 387 1554 non
406 1496 580 1555 indecenter
601 1496 653 1557 hac
672 1496 889 1577 magnificentia
907 1494 1052 1557 sustineri.
1097 1498 1137 1555 Et
1163 1494 1266 1556 habent

133 1594 169 1633 ex
188 1582 329 1632 suasecta
342 1572 482 1650 quosdam
503 1573 542 1631 ita
561 1573 757 1663 impudentes,
776 1584 809 1633 ut
828 1571 956 1633 audeant
974 1572 1069 1651 palam
1088 1570 1211 1647 iactare,
1228 1570 1265 1633 sic

133 1648 251 1708 demum
281 1648 434 1727 adimpleri
454 1648 590 1709 vaticinia
609 1648 675 1725 alla,
699 1650 803 1742 quibus
834 1648 1023 1728 splendorem
1053 1650 1141 1733 regni
1161 1646 1265 1711 Christi

134 1725 304 1786 describunt
322 1738 436 1785 veteres
456 1725 515 1786 Pro
540 1724 640 1799 hetae,
664 1726 715 1787 ubr
735 1726 833 1808 regius
857 1724 906 1785 ille
932 1737 1090 1804 apparatus
1115 1726 1145 1785 in
1166 1726 1264 1785 ordine

132 1801 308 1863 sacerdotali
335 1801 444 1863 visitur.
495 1748 566 1863 tion
591 1801 713 1878 srustra,
742 1802 894 1881 inquiunt,
925 1800 997 1861 haec
1022 1800 1107 1861 Deus
1131 1802 1264 1863 ecclesiae

132 1900 202 1941 suae
221 1878 357 1957 promisit
376 1878 438 1958 (Ps.
458 1884 507 1953 72,
526 1886 573 1944 10.
592 1879 648 1939 les.
668 1886 717 1951 52,
736 1888 764 1944 1.
785 1890 816 1937 et
834 1886 883 1953 60,
901 1880 960 1953 6.):
992 1876 1149 1953 „Venient
1174 1898 1263 1959 reges,

132 1955 320 2033 „adorabunt
343 1956 375 2013 in
402 1976 473 2015 cons
497 1968 563 2016 ectu
582 1968 652 2029 tuo,
681 1957 737 2015 tibi
767 1954 896 2015 ailerent
919 1974 1051 2013 munera.
1103 1954 1261 2047 Consurge,

131 2053 310 2113 „consurge,
330 2031 453 2091 induere
474 1977 645 2092 iortitudine
665 2044 713 2092 tua
728 2032 812 2107 Sion,
832 2030 1260 2113 induererestimentisglonae

131 2121 221 2185 „tuae
241 2107 409 2167 Ierusalem.
450 2108 561 2167 Omnes
582 2109 618 2168 de
639 2108 717 2169 Saba
727 2110 855 2179 venient,
875 2130 977 2167 aurum
998 2118 1030 2165 et
1047 2106 1116 2167 thus
1133 2106 1258 2169 deleren-

131 2197 216 2263 ‚,tes,
240 2197 270 2243 et
296 2185 410 2244 laudem
431 2184 562 2245 Domino
582 2186 796 2245 annuntiantes.
842 2184 939 2244 Omne
965 2204 1054 2264 pecus
1076 2182 1177 2243 Cedat
1194 2204 1257 2245 cou-

130 2260 325 2341 „gregabitur
347 2261 434 2321 tibi.“
479 2260 515 2319 In
543 2260 596 2321 hac
622 2262 811 2341 improbitate
831 2260 1010 2321 contutanda
1029 2260 1054 2319 si
1079 2260 1202 2321 multum
1219 2259 1255 2319 iu·

130 2340 245 2407 sistam,
271 2356 377 2395 vereor
396 2357 435 2395 ne
460 2336 577 2417 ineptus
597 2339 706 2399 videar.
747 2338 877 2399 Proinde
897 2336 985 2396 rerba
1009 2348 1125 2397 temere
1143 2335 1255 2419 perdere

130 2434 194 2473 non
214 2411 295 2471 libet.
336 2414 459 2486 Quaero
482 2426 588 2488 tamen,
609 2416 641 2474 Si
662 2414 725 2494 quis
743 2415 868 2474 Iudaeus
888 2414 948 2475 istis
967 2412 1144 2474 testimoniis
1163 2414 1253 2475 abute-

130 2502 223 2562 retur,
244 2510 330 2566 quam
350 2489 529 2548 solutionem
544 2491 638 2549 daturi
652 2492 766 2550 essent?
806 2493 919 2570 Nempe
940 2490 1193 2569 reprehenderent
1203 2490 1251 2547 eius

131 2578 301 2643 stuporem,
323 2564 403 2643 quod
424 2586 498 2644 quae
520 2566 555 2623 de
575 2567 716 2644 spirituali
738 2568 847 2626 Christi
868 2588 961 2647 regno
980 2566 1170 2645 spiritualiter
1188 2566 1250 2623 dicta

130 2654 215 2713 sunt,
235 2642 269 2700 ad
291 2662 408 2700 carnem
430 2642 618 2702 otmundum
639 2642 821 2701 transferret.
866 2645 980 2703 Scimus
1001 2643 1080 2700 enim
1102 2642 1247 2719 Prophetas

129 2719 185 2781 sub
206 2718 331 2799 imagine
352 2740 450 2779 rerum
467 2721 659 2793 terrestrium,
679 2718 835 2779 coelestem
848 2720 903 2778 Dei
917 2718 1051 2799 gloriam,
1072 2739 1148 2797 quae
1167 2722 1247 2777 lucere

129 2797 163 2856 in
184 2796 306 2856 ecclesia
321 2796 421 2872 debet,
441 2796 705 2857 nobisdelineasse.
744 2795 798 2856 His
812 2797 888 2855 enim
909 2794 1175 2870 benedictionibus,
1191 2809 1246 2873 quat

130 2894 164 2933 cx
188 2875 297 2932 rimunt
317 2894 421 2933 eorum
441 2873 541 2949 verba,
561 2895 708 2954 nunquam
730 2875 823 2932 minus
843 2872 1001 2932 abundavit
1020 2871 1159 2943 ecclesia,
1177 2886 1244 2949 quam

128 2895 184 3011 sub
203 2950 369 3030 Apostolis:
392 2963 538 3010 ettamen
559 2952 614 3011 vim
634 2950 719 3030 regni
740 2949 848 3011 Christi
868 2961 938 3008 tunc
959 2951 1081 3006 maxime
1103 2946 1245 3030 effloruisse

130 3047 234 3085 omnes
254 3026 393 3086 latentur.
435 3027 516 3099 Quid
538 3048 609 3106 ergo
629 3026 884 3087 sibivoluntillae
904 3024 1089 3085 sententiae?
1116 3014 1244 3099 Quicquid
1292 3032 1294 3047 ¹

129 3125 162 3161 us
187 3104 239 3161 iam
262 3116 306 3162 cst
327 3104 505 3182 pretiosum,
529 3104 668 3176 sublime,
694 3102 891 3183 praeclarum,
917 3102 945 3159 id
972 3111 1115 3180 oportere
1134 3096 1244 3159 Domino

129 3124 243 3237 suhiiri.
284 3179 376 3250 Quod
402 3190 498 3238 autem
523 3178 695 3238 nominatim
722 3180 757 3237 de
778 3178 907 3259 Regibus
934 3178 1055 3252 dicitur,
1083 3177 1172 3237 fasces
1188 3170 1244 3233 sult-
1292 3210 1294 3234 r

128 3254 267 3313 missuros
289 3254 427 3330 Christo,
460 3254 622 3313 diademata
643 3278 693 3314 sua
714 3256 897 3335 proiecturus
918 3254 954 3312 ad
975 3254 1036 3312 eius
1058 3256 1161 3333 pedes,
1189 3262 1245 3328 epil
1292 3300 1294 3317 ,

129 3351 193 3389 suas
215 3342 438 3389 consecraturos
464 3329 618 3401 ecelesiae,
644 3332 761 3411 quando
786 3333 881 3391 verius
906 3352 939 3389 ac
964 3329 1078 3407 plenius
1107 3328 1245 3389 exhibitura
1292 3332 1294 3347 '

129 3405 217 3464 luisse
239 3405 348 3479 dicent,
369 3428 455 3485 quam
472 3429 560 3486 quum
575 3408 770 3479 Theodosius,
790 3408 902 3467 abiecta
923 3428 1059 3485 purpura,
1081 3406 1187 3466 relictis
1204 3402 1246 3461 im·

129 3481 203 3562 perii
230 3481 410 3563 insignibus,
440 3495 577 3561 tanquam
604 3506 678 3543 unus
703 3484 826 3562 quilibet
857 3504 890 3541 er
919 3481 1006 3559 plebe
1027 3504 1127 3543 coram
1147 3482 1247 3540 neret

128 3558 251 3617 ecclesia
271 3580 302 3617 se
322 3558 358 3616 ad
377 3556 541 3618 sollennem
561 3561 771 3640 poenitentiam
792 3560 941 3619 submisit}¹
962 3581 1048 3638 quma
1060 3582 1149 3639 quum
1162 3560 1215 3637 ipse
1224 3560 1247 3611 et

126 3635 176 3695 alii
196 3634 301 3695 similes
322 3634 362 3725 pii
388 3634 535 3714 principes
555 3660 605 3696 sua
625 3638 719 3697 studia
740 3648 770 3694 et
789 3658 851 3696 suas
873 3657 955 3695 curas
975 3636 1010 3695 ad
1037 3658 1139 3715 puram
1164 3637 1191 3695 io
1209 3648 1247 3689 et·

128 3712 215 3771 clesia
237 3712 399 3771 doctrinam
420 3715 662 3788 conservandam,
686 3714 721 3773 ad
743 3713 885 3774 fovendos
906 3724 936 3771 et
956 3714 1159 3794 protegendos
1176 3722 1247 3771 saum

126 3788 276 3849 Doctores
296 3788 504 3847 contulerunt?
541 3790 670 3849 Atvero
715 3812 779 3847 uam
800 3810 861 3849 non
883 3789 1053 3847 luxuriarint
1073 3801 1248 3867 tuocsuper·

126 3866 224 3927 vacuis
251 3865 357 3944 opibus
383 3865 574 3941 Sacerdotes,
606 3888 662 3925 una
687 3813 736 3925 iila
762 3887 816 3924 vox
838 3866 951 3943 Synodi
971 3864 1185 3943 Aquileiensis,
1211 3854 1248 3919 tui

125 3952 262 4020 praeerat
286 3941 474 4013 Ambrosius,
499 3945 566 4002 satis
588 3942 730 4003 declarat:
760 3942 898 4001 Glorioso
928 3945 960 3999 in
983 3938 1176 4001 sacerdotibus
1193 3936 1247 3997 Do·

125 4020 198 4075 mini
211 4031 382 4091 paupertas.
421 4018 580 4080 Habebunt
590 4030 670 4078 certe
689 4030 789 4078 tunce
812 4018 903 4096 iscopi
924 4018 1081 4078 nonnullas
1101 4016 1248 4081 facultates.

148 4093 232 4153 uibus
253 4093 444 4174 conspicuum
465 4094 604 4155 ecciesiae
624 4094 711 4155 decus
731 4041 856 4154 reddere
876 4104 1033 4173 poteraut,
1063 4094 1088 4153 si
1134 4094 1248 4152 orassent

124 4114 198 4228 iiaec
218 4189 280 4229 esse
304 4190 372 4231 vera
392 4168 531 4231 ecciesiae
552 4183 734 4231 ornamenta.
774 4171 835 4231 Sed
862 4192 952 4250 quum
976 4170 1089 4231 scirent
1106 4116 1247 4229 datorum

125 4246 225 4305 oliicio
246 4246 321 4305 nihii
334 4267 396 4308 esse
416 4248 508 4328 magis
528 4248 692 4320 adversum,
713 4269 799 4338 quam
819 4268 985 4307 mensarum
999 4246 1120 4316 deliciis,
1137 4244 1246 4307 vestium

123 4321 242 4400 nitore,
265 4343 376 4407 magno
401 4324 564 4402 famulitio,
587 4324 750 4407 magnificus
777 4322 891 4405 palatiis
916 4322 1075 4405 splendere
1100 4344 1133 4387 ac
1156 4334 1245 4399 supe·
