2700 4732
478 231 552 292 urs.
571 230 626 291 1v.
669 198 757 296 cur.
776 230 859 292 xv1.
1181 235 1239 299 aas

114 377 169 434 rite
188 375 304 435 demum
325 374 480 448 edebatur,
511 378 562 456 qui
586 376 622 436 de
647 377 709 437 eins
726 375 941 457 significatione
961 393 1066 467 rogare
1085 393 1139 455 per
1156 384 1238 435 aeta-

114 465 173 511 tem
215 463 315 511 ossent
332 451 439 527 (Euod.
458 457 506 527 12,
525 454 601 526 26.).
652 453 684 512 si
710 454 784 512 mica
809 454 872 512 sani
891 451 1004 512 cerebri
1024 451 1085 512 istis
1104 462 1240 529 restaret,

112 550 149 587 an
169 473 212 586 ad
227 549 287 587 rem
307 527 492 606 usqueadeo
513 529 694 607 perspicuam
714 540 745 589 et
764 527 880 589 obviam
900 525 1099 588 coecutirent?

188 611 235 668 31.
274 604 402 664 Tametsi
422 625 561 683 nugarum
583 604 722 687 congerie
743 605 867 665 lectores
892 625 1016 665 onerare
1062 605 1137 697 iget,
1167 626 1236 684 quas

113 695 211 741 tamen
232 681 369 739 Servetus
388 700 449 738 non
469 681 604 740 minimus
623 683 701 740 iuter
720 679 1018 760 hnabaptistas,imo
1040 626 1122 740 huius
1142 693 1237 740 cater-

111 777 164 818 vae
183 777 320 837 magnum
341 757 444 827 decus,
475 756 510 816 ad
530 756 676 834 proelium
696 776 727 817 se
747 758 917 838 accingens,
946 757 1089 836 speciosas
1110 757 1237 819 rationes

112 834 258 892 adducere
286 832 344 892 sibi
373 833 448 892 uisus
479 845 535 907 est,
568 832 696 893 breviter
726 831 839 893 diluere
866 852 972 912 operae
997 834 1145 913 praetium,
1172 832 1237 893 erit.

114 909 270 983 Ohtendit,
290 907 400 968 Christi
419 909 571 985 symbola,
592 921 625 969 ut
642 921 711 970 sunt
729 909 871 1002 perlecta,
899 909 1014 991 exigere
1034 909 1118 970 etiam
1140 909 1238 990 perle-

113 999 187 1058 ctos,
208 984 254 1044 vel
275 984 464 1064 perfectionis
483 1006 612 1064 capaces.
649 986 741 1064 Atqui
759 985 867 1046 solutio
883 997 927 1046 est
939 984 1080 1066 expedita,
1098 984 1238 1066 Baptismi

115 1062 348 1143 perfectionem,
374 1081 447 1140 quae
466 1060 503 1122 ad
528 1073 654 1122 mortem
677 1082 769 1142 usque
794 1062 975 1137 extenditur,
1006 1081 1160 1140 perperam
1191 1081 1241 1131 re,-

112 1137 217 1219 striugi
236 1138 272 1197 ad
292 1159 381 1197 unum
400 1137 540 1217 temporis
560 1137 729 1199 articulum:
750 1137 950 1212 addoletiam,
968 1138 1057 1197 stulte
1077 1137 1171 1216 primo
1192 1138 1241 1199 die

112 1217 143 1274 in
155 1213 272 1274 bomine
283 1214 383 1293 quarei
394 1214 618 1294 perfectionem,
627 1215 754 1306 adquam
761 1215 995 1292 Baptismustpota
1010 1214 1065 1274 uita
1078 1232 1132 1293 per
1144 1215 1241 1274 couti-

113 1312 188 1351 nuos
208 1291 312 1370 gradus
332 1312 386 1351 nos
405 1291 517 1351 invitat.
536 1325 575 1339 -
613 1289 729 1351 Obireit
748 1288 857 1352 Christi
875 1289 1009 1371 symbola
1023 1290 1242 1355 admemoriam

112 1367 242 1427 instituta
263 1387 339 1441 esse,
369 1379 402 1426 ut
420 1366 554 1447 'quisque
581 1367 694 1427 recolat
716 1387 748 1427 se
769 1366 888 1427 Christo
914 1365 1000 1427 luisse
1028 1366 1241 1447 consepultum.

113 1444 309 1524 Respondeo,
339 1445 418 1522 quod
439 1464 473 1502 ex
492 1443 586 1523 capite
605 1465 659 1505 suo
680 1442 1035 1518 confinxit,·relutatione
1056 1463 1116 1502 uon
1137 1462 1240 1525 egere:

113 1523 173 1580 imo
226 1519 283 1579 uod
316 1521 351 1579 ad
384 1518 560 1598 Baptismum
590 1519 695 1594 trahit,
726 1539 826 1581 sacrae
850 1518 971 1579 Coenae
1000 1521 1151 1598 proprium
1179 1538 1241 1579 esse

116 1542 274 1657 ostendunt
303 1596 386 1655 Pauli
417 1596 520 1667 verba,
553 1597 595 1656 Ut
620 1617 651 1656 se
682 1597 806 1676 quisque
830 1595 986 1657 examinet:
1018 1594 1055 1654 de
1087 1595 1238 1674 Baptismo

114 1693 254 1751 nusquum
275 1671 382 1750 aliquid
403 1672 470 1731 tale.
512 1673 598 1731 Unde
616 1672 782 1754 colligimus
802 1671 856 1733 rite
877 1671 913 1731 ba
937 1670 1029 1744 linari,
1050 1671 1241 1749 quinondum

114 1769 170 1885 pro
190 1746 292 1807 aetatis
312 1747 433 1809 modulo
455 1749 590 1809 examinis
609 1762 677 1811 suut
697 1768 824 1884 capaces.
843 1782 881 1793 -
913 1694 941 1822 ὃ

946 1747 1003 1807 uod
1016 1748 1103 1808 tertio
1115 1747 1243 1817 adducit,

133 1828 234 1884 lanere
254 1826 283 1883 iu
303 1837 401 1884 morte
421 1845 539 1900 omues,
559 1825 609 1904 qui
628 1824 704 1887 Filio
756 1824 783 1884 ei
803 1831 863 1884 n'ou
884 1824 1023 1897 credunt,
1043 1835 1073 1883 et
1093 1823 1164 1882 iram
1184 1822 1242 1882 Dei
1267 1868 1271 1885 .

114 1920 234 1960 manere
254 1920 342 1980 super
362 1922 412 1962 eos
431 1902 491 1980 (lo.
510 1908 540 1975 3,
558 1904 638 1978 36.):
665 1902 793 1979 ideoque
813 1900 956 1976 infantes,
978 1900 1027 1979 qui
1047 1900 1168 1959 credere
1188 1919 1242 1958 ne-

116 1987 238 2050 uueunt,
257 1979 352 2037 iacere
372 1978 404 2036 iu
423 1999 474 2038 sua
494 1978 690 2039 damnatione.
732 1977 920 2056 despondeo,
939 1975 1088 2038 Christum
1107 1976 1167 2037 illic
1180 1995 1242 2036 non

113 2045 150 2113 cle
170 2052 300 2133 generali
319 2067 401 2113 reatu
420 2054 513 2132 loqui,
532 2074 592 2135 quo
606 2054 736 2134 impliciti
754 2065 822 2114 sunt
841 2072 943 2113 omnes
954 2053 1065 2132 posteri
1075 2052 1171 2119 Adae:
1190 2046 1242 2112 sed

113 2142 224 2190 tantum
246 2129 351 2188 minari
367 2131 518 2211 Euangelii
537 2129 808 2209 contemptoribus,
829 2130 878 2209 qui
898 2129 1025 2190 oblatam
1044 2129 1100 2190 sibi
1118 2129 1242 2211 gratiam

112 2206 238 2284 superbe
270 2216 299 2263 et
328 2209 542 2266 contumaciter.
571 2219 720 2287 respuunt.
771 2207 838 2267 Hoc
865 2226 937 2278 vero
958 2204 1031 2275 nihil
1048 2205 1084 2267 ad
1104 2204 1241 2265 infantes.

114 2282 207 2343 Simul
227 2282 403 2342 contrariam
424 2283 567 2343 rationem
587 2304 727 2363 oppono,
748 2282 965 2362 Quemcunque
984 2281 1134 2343 benedicit
1153 2280 1240 2345 Chri·

111 2371 183 2432 stus,
203 2380 268 2418 eum
289 2357 324 2418 ab
345 2360 426 2419 Adae
447 2359 651 2420 maledictione
675 2371 706 2420 et
724 2362 768 2421 ira
786 2359 845 2433 Dei
865 2357 957 2419 exitui.
998 2359 1097 2432 Quum
1110 2379 1181 2441 ergo
1195 2359 1243 2418 in,

113 2435 206 2495 lantes
226 2435 262 2493 ab
284 2455 320 2494 co
343 2435 512 2497 benedictos
540 2456 601 2497 esse
626 2448 729 2505 uotum
753 2437 805 2511 sit,
836 2436 969 2515 sequitur
992 2455 1010 2495 a
1029 2447 1125 2495 morte
1144 2453 1242 2495 exem·

112 2525 181 2592 ptos
201 2532 272 2571 esse.
312 2511 398 2573 Falso
420 2508 526 2573 deiude
545 2514 616 2573 citat
634 2513 714 2605 quod
734 2534 874 2592 nusquam
893 2512 1012 2593 legitur,
1032 2512 1171 2590 Quisquis
1191 2532 1241 2572 na·
1320 2556 1324 2561 -

111 2602 157 2648 tus
178 2600 273 2648 estex
294 2587 314 2647 S
339 2590 421 2661 iritu,
446 2609 547 2649 vocem
568 2590 693 2669 Spiritus
713 2589 823 2651 audire.
874 2587 964 2663 Quod
986 2589 1041 2648 etsi
1060 2586 1159 2647 demus
1180 2606 1242 2647 esse

111 2665 262 2743 scriptum,
283 2610 354 2723 nillil
375 2678 470 2725 tamen
492 2666 568 2729 aliud
590 2666 686 2726 eliciet
706 2687 790 2745 quam
812 2665 926 2738 fideles,
946 2677 1035 2742 prout
1054 2675 1194 2742 operatur
1211 2665 1241 2723 in

112 2740 169 2798 illis
182 2740 317 2817 Spiritus,
336 2740 370 2800 ad
392 2742 563 2821 obsequium
585 2741 713 2802 formari.
750 2742 840 2820 Atqui
862 2739 941 2818 quod
962 2738 998 2798 de
1018 2752 1103 2805 certo¹
1117 2759 1241 2799 numero

114 2816 224 2873 dictum
257 2829 315 2887 est,
346 2815 382 2874 ad
414 2837 514 2877 omues
545 2838 638 2894 acque
670 2816 786 2877 trahere
818 2817 955 2875 vitiosum
980 2826 1031 2874 cst·
1050 2848 1089 2863 ··-
1128 2812 1243 2883 Obiicit

115 2902 230 2968 quarto,
252 2890 333 2963 Quia
353 2893 502 2969 praecedit
522 2896 601 2971 quod
620 2892 742 2953 animale
764 2905 807 2953 est
824 2892 865 2970 (l.
886 2890 958 2950 Cor.
976 2897 1025 2962 15,
1044 2892 1118 2965 tu),
1138 2911 1240 2983 exspe-

113 2966 250 3026 ctandum
271 2986 332 3026 esse
353 2979 466 3046 tempus
492 2981 635 3027 maturum
655 2968 816 3048 baptismo,
836 2969 886 3047 qui
906 2980 950 3028 est
968 2967 1135 3046 spiritualis.
1174 2969 1240 3050 hgo

113 3055 221 3118 autem,
241 3047 294 3103 etsi
317 3043 409 3101 fateor
429 3063 530 3103 omnes
557 3059 691 3122 posteros
716 3046 797 3105 Adae
823 3066 855 3105 ex
876 3064 963 3105 carne
982 3045 1099 3125 genitos
1119 3042 1155 3104 ab
1176 3045 1239 3125 ipso
1253 3058 1267 3070 ¹

112 3133 199 3180 utero
219 3133 333 3200 gestare
353 3140 433 3179 suam
455 3119 686 3195 damnationem,
715 3122 743 3179 id
770 3134 867 3181 tamen
890 3121 1007 3181 obstare
1028 3141 1106 3202 negq
1146 3120 1241 3182 nomi·

111 3219 165 3257 nus
185 3197 281 3255 statim
301 3196 462 3255 remedium
483 3197 562 3256 Deus
582 3198 696 3256 al'serat.
733 3200 836 3276 Neque
866 3196 942 3257 enim
967 3199 1104 3257 ostendet
1126 3141 1240 3257 berve-

110 3287 168 3347 tus,
189 3273 284 3352 plures
296 3293 389 3332 annos
409 3272 546 3332 divinitus
567 3274 652 3333 luisse
665 3277 864 3352 praescriptos,
884 3294 943 3352 quo
964 3275 1088 3353 incipiat
1105 3274 1240 3353 spiritua·

112 3350 147 3408 lis
167 3356 243 3409 vitae
265 3349 385 3409 novitas.
435 3348 529 3408 Paulo
551 3349 668 3428 quidem
688 3361 762 3411 teste
799 3349 822 3407 l.
844 3350 1061 3427 Cor.7,1d.),
1094 3348 1162 3409 licet
1188 3371 1240 3410 oa·

112 3437 176 3483 tura
198 3425 303 3504 perditi
324 3427 396 3498 sint,
417 3426 467 3505 qui
494 3438 651 3486 nascuntur
677 3445 709 3483 ex
728 3425 783 3485 fide
797 3426 875 3499 ibus,
909 3425 1121 3505 supernaturali
1140 3436 1240 3485 tamen

111 3502 203 3582 gratia
222 3501 313 3560 sancti
332 3515 464 3561 sunt—
504 3502 570 3560 ,tlte
593 3503 685 3562 osiam
706 3502 813 3561 deiude
833 3500 964 3582 profert,
992 3502 1072 3580 quod
1092 3501 1187 3562 David
1208 3503 1239 3561 in
1282 3530 1285 3534 ·

110 3597 207 3636 arcem
227 3577 301 3636 Sion
323 3578 522 3638 conscendens
542 3522 597 3657 (ll.
619 3578 696 3637 Sam.
715 3585 744 3654 5,
763 3580 891 3655 8.),·nec
911 3597 1026 3654 coecos,
1046 3599 1101 3638 nec
1121 3576 1240 3638 claudos

109 3673 208 3712 secum
229 3653 354 3727 duxerit,
374 3655 424 3714 sed
444 3667 578 3714 strenuos
597 3655 711 3715 milites.
738 3654 819 3729 Quid
839 3666 934 3715 autem
954 3654 978 3714 si
999 3654 1164 3733 parabolam
1184 3650 1274 3733 opt-'⁴
1301 3710 1305 3717 ,

110 3749 208 3807 pono,
239 3729 268 3787 in
300 3750 355 3807 qua
381 3730 460 3790 Deus
481 3732 516 3790 ad
538 3729 664 3791 coeleste
687 3732 804 3811 epulum
824 3726 927 3791 invitat
945 3750 1051 3791 coecos
1072 3742 1102 3790 et
1120 3729 1239 3791 claudos

110 3805 197 3882 (Luc.
217 3811 264 3878 ll,
284 3808 355 3882 et),
375 3805 432 3866 hoc
452 3826 483 3865 se
504 3807 584 3868 nodo
627 3810 754 3868 uomodo
776 3808 908 3886 expediet
928 3807 1086 3866 Servetur?
1116 3806 1238 3881 Quaero

110 3881 198 3939 etiam
223 3902 322 3940 annon
348 3883 427 3961 prius
447 3904 512 3942 cum
532 3828 646 3943 Daviil'e
665 3885 835 3945 militassent
854 3883 949 3944 claudi
969 3896 998 3943 et
1017 3881 1119 3943 mutili.
1158 3883 1240 3941 Lon,

107 3957 174 4093 gius
194 3968 291 4016 tamen
312 3957 342 4015 in
364 3958 416 4018 bac
436 3959 549 4021 ratione
569 3961 702 4021 insistere
719 3981 927 4040 supervacuum
941 3971 995 4032 est,
1014 3980 1099 4038 quam
1113 3979 1146 4018 ex
1159 3979 1240 4021 mera

120 4033 232 4093 alsitate
254 4034 420 4109 conflatam,
441 4056 474 4095 cx
492 4058 571 4096 sacra
592 4037 711 4097 historia
734 4037 956 4116 deprehendent
976 4035 1112 4096 lectores.
1127 4069 1160 4081 -
1184 4035 1239 4094 Se·

108 4109 207 4188 quitur
227 4109 317 4170 altera
336 4110 491 4192 allegoria,
510 4113 672 4193 Apostolos
693 4114 851 4193 piscatores
871 4111 1024 4172 hominum
1045 4112 1147 4184 luisse,
1176 4130 1239 4171 non

108 4185 304 4263 parvulorum.
345 4187 409 4268 Ego
431 4201 527 4247 autem
549 4210 674 4268 quaero,
695 4190 763 4270 quid
783 4189 838 4250 sibi
860 4188 930 4249 velit
948 4188 1020 4248 illud
1043 4187 1170 4261 Christi,
1201 4187 1237 4247 ln

106 4273 172 4319 rete
191 4262 345 4344 Evangelii
366 4263 433 4323 colli
457 4264 464 4322 i
485 4286 573 4325 omne
592 4266 713 4346 piscium
732 4264 1054 4348 genus(lllattb.4,19·
1066 4277 1095 4324 et
1107 4269 1154 4337 13,
1166 4265 1238 4336 dh).

109 4335 170 4396 Sed
190 4339 255 4417 qnia
275 4338 423 4421 allegoriis
436 4285 544 4403 ludere
565 4362 625 4405 non
645 4342 756 4423 placet,
775 4341 960 4424 respondeo,
977 4363 1068 4424 quum
1087 4337 1238 4421 Apostolis
