2700 4732
112 212 155 275 ou
473 200 551 267 ιιιι.
569 202 629 268 ιιι.
669 204 760 269 can.
778 202 893 266 ιιιιι
946 160 950 167 ’

191 354 221 417 1.
258 347 454 410 Transeamus
473 368 554 411 nnuc
573 348 609 411 ad
629 368 678 413 eas
694 348 872 426 sententias,
896 368 973 431 quae
991 348 1144 412 affirmant
1160 346 1260 415 Deum

116 427 276 507 unicuique
306 425 489 487 redditurum
519 426 681 488 secundum
713 446 805 508 opera
834 448 901 489 sna:
932 427 1096 497 cuiusmodi
1122 428 1259 509 summa

116 503 288 584 „Unusquis
311 524 349 563 ue
367 502 478 564 referet
489 502 570 583 quod
589 504 679 587 gessit
696 504 882 584 incorpore,
900 503 961 564 sive
981 504 1093 565 bonum
1112 505 1177 567 sive
1195 526 1259 567 rna·

116 582 231 659 ‚,lum.“
268 621 291 657 ‚,
325 580 399 641 loria
423 592 454 641 et
479 580 578 641 lronor
598 581 734 661 operanti
754 580 877 656 bonurn,
899 579 1052 641 tribulatio
1073 593 1104 641 et
1123 580 1258 665 angustia

116 658 171 737 „in
191 677 310 720 omnem
330 657 454 717 animam
475 658 625 737 operantis
644 657 783 717 malum.“
810 658 864 718 Et:
884 658 998 732 „lbunt
1017 658 1067 737 qui
1087 656 1169 720 bona
1188 678 1258 742 ege·

116 736 199 813 „rint
217 734 248 794 in
269 736 516 795 resurrectionem
535 733 625 793 vitae:
649 734 698 813 qui
710 733 786 793 male
803 734 937 809 fecerint,
956 735 988 793 in
1008 736 1256 797 resurrectionem

116 810 269 891 „insistet
306 811 437 887 „Venite
457 809 604 871 benedicti
629 813 718 891 patris
742 811 817 870 mei:
849 811 970 887 esurivi,
996 821 1027 870 et
1046 811 1168 873 dedistis
1186 810 1256 873 mibi

116 889 257 967 „cibums
284 887 375 960 sitivi,
396 898 427 946 et
452 898 556 965 potum
579 887 742 948 tribuistis“
768 899 824 947 ete.
865 890 964 967 Atque
988 886 1045 947 illis
1066 906 1189 968 quoque
1207 906 1256 950 eas

116 966 347 1047 coniungam,
373 983 448 1042 quae
471 962 638 1024 mercedem
659 983 783 1043 operum
803 965 953 1045 appellunt
975 966 1063 1025 vitam
1089 976 1254 1025 aeternatus

116 1062 179 1124 quo
199 1040 230 1101 in
249 1059 361 1124 genere
379 1051 464 1099 sunta
489 1038 679 1114 „Retributio
704 1061 841 1100 munuum
863 1041 987 1100 bominis
1007 1041 1181 1105 restituetur
1198 1042 1257 1103 ei.“

116 1117 203 1197 „Qui
227 1118 315 1177 timet
337 1115 522 1193 mandatum,
551 1116 818 1177 remunerabimus
860 1117 1019 1193 „Gaudete
1045 1129 1076 1177 et
1102 1116 1256 1179 exaultates

117 1213 213 1273 „ecce
232 1212 345 1254 merces
363 1204 458 1253 vestra
479 1193 598 1275 eopiosa
618 1204 663 1254 est
681 1194 713 1253 in
733 1193 857 1254 coelis.“
894 1193 1127 1285 „Unusquisque
1142 1212 1256 1255 merce·

116 1270 206 1347 „dem
225 1269 352 1350 accipiet
361 1270 532 1330 ‘secundum
551 1270 715 1330 laborem.“
741 1270 833 1344 Quod
853 1270 1141 1350 unicuique-dicitur
1160 1268 1257 1331 reddi·

116 1360 201 1408 turus
220 1346 302 1407 Deus
320 1345 483 1407 seeundum
502 1366 594 1427 opera
613 1347 716 1425 (Rom.
735 1352 764 1421 2,
783 1349 843 1425 6.),
868 1368 958 1427 paruo
980 1346 1104 1429 negotio
1124 1344 1257 1409 dissolvi·

116 1436 177 1486 tur.
218 1422 363 1484 Ordinem
383 1423 462 1482 enim
482 1425 710 1503 consequentiae
729 1426 821 1517 magis
842 1444 928 1503 quam
945 1444 1061 1511 causam
1080 1421 1194 1485 indicat
1211 1421 1258 1485 lo·

118 1500 235 1583 quutio.
274 1500 362 1560 Extra
376 1499 497 1560 dubium
518 1512 615 1561 autem
629 1512 682 1574 est,
702 1500 864 1560 Dominum
885 1501 928 1561 bis
947 1499 1170 1561 misericordiae
1187 1518 1259 1561 suae

117 1577 258 1661 gradibus
276 1575 398 1637 salutem
419 1589 549 1637 nostram
575 1597 795 1650 consummare,
820 1577 889 1637 dum
915 1578 1026 1638 electos
1049 1576 1087 1636 ad
1110 1595 1145 1636 se
1162 1586 1259 1651 vocat,

117 1664 238 1716 vocatos
256 1653 402 1730 iustificat,
421 1652 591 1715 iustificatos
612 1652 758 1735 glorificat
769 1654 871 1730 (Rom.
881 1659 911 1730 8,
922 1655 996 1731 ab).
1036 1651 1170 1715 Tametsi
1183 1670 1259 1736 ergo

117 1730 180 1794 sola
201 1731 399 1792 misericordia
418 1751 486 1791 suos
506 1730 538 1789 in
558 1731 646 1789 vitam
666 1729 818 1810 suscipiat:
843 1732 910 1810 quia
934 1744 1034 1791 tamen
1054 1727 1167 1803 ineius
1187 1744 1259 1809 pot·

115 1809 277 1870 sessionem
296 1809 306 1866 i
328 1829 376 1869 sos
396 1806 515 1868 deducit
534 1826 588 1887 per
607 1807 755 1868 bonorum
776 1827 899 1886 operum
919 1808 1055 1883 stadium,
1076 1817 1109 1866 ut
1129 1827 1192 1887 quo
1205 1806 1257 1867 tle-

115 1886 236 1947 stiuavit
259 1904 295 1944 or
315 1904 364 1944 sne
389 1905 474 1944 suum
499 1884 530 1945 in
554 1883 611 1943 illis
632 1904 706 1963 opus
724 1885 763 1943 im
788 1884 859 1943 leat:
889 1883 961 1943 nibil
981 1885 1087 1944 mirum
1106 1886 1132 1945 si
1151 1902 1257 1945 seeun-

117 1961 186 2023 dum
207 1981 370 2041 operosus
391 1961 529 2020 dicuntur
548 1961 702 2042 coronari:
723 1904 828 2040 quibus
848 1960 925 2020 hand
945 1960 1034 2020 dubie
1053 1961 1090 2020 ad
1110 1960 1256 2043 reeipien-

117 2038 185 2100 dam
204 2037 429 2097 immortalitatis
449 2057 589 2098 coronam
614 2047 834 2116 praeparantur.
885 2037 969 2111 Quin
990 2036 1044 2096 bac
1069 2039 1187 2098 ratione
1205 2058 1257 2117 ap-

40 2194 44 2201 ,
116 2115 215 2205 posite
240 2114 378 2205 dicpntur
401 2113 523 2172 salutem
546 2134 630 2205 sunm
654 2118 773 2188 operosi
796 2114 941 2204 (Phila,
961 2117 1040 2190 12),
1073 2113 1144 2174 dum
1171 2112 1256 2206 bottis

115 2190 491 2346 titilttettttltll?
510 2202 616 2327 litt
629 2191 1257 2347 qii“liimpe¹iid(¹ii¹?¹l‘‚'siiTlisl'ii

117 2343 444 2435 Christum-credendo
463 2342 524 2434 'sibi
549 2344 636 2404 vitam
663 2344 832 2457 acquirunp‘:
865 2356 895 2403 et
920 2356 1018 2403 tamen
1039 2364 1107 2405 moa
1129 2343 1256 2415 additur.
1287 2380 1300 2423 ¹·

115 2419 823 2577 usitatius?ttttjlu
849 2415 954 2556 r{tlt
972 2442 1007 2557 ι
1031 2418 1258 2559 stim-⁸
1290 2569 1293 2575 ,

113 2574 242 2655 proinde
262 2593 323 2632 non
343 2573 489 2653 sequitur,
515 2573 562 2633 vel
586 2516 687 2634 fideles
710 2573 788 2652 ipsos
817 2594 878 2633 esse
903 2573 1002 2635 salutis
1022 2594 1091 2635 suae
1111 2586 1256 2650 auctuum

114 2650 161 2713 vel
187 2651 223 2711 ab
252 2651 384 2728 ipsorum
410 2649 550 2744 operibus
570 2669 634 2710 eam
660 2670 805 2713 emanare.
856 2651 938 2725 Quid
958 2652 1051 2734 ergo?
1079 2650 1256 2731 simulatque

113 2726 695 2867 titllttttllttlttmuil{altit
708 2727 1169 2866 tltllltssltttt‘mdtffi
1189 2738 1256 2865 'iii

114 2882 146 2942 in
165 2881 222 2941 illis
241 2880 354 2941 bouum
367 2902 386 2941 o
411 2904 442 2941 us
462 2848 611 2944 inchoavit
621 2882 714 2955 Deus,
735 2892 765 2940 et
780 2881 880 2959 perfici
892 2895 1012 2962 oportet
1022 2902 1116 2961 usque
1132 2847 1175 2941 iri’
1201 2880 1256 2953 'em

113 2958 237 3019 Domini
247 2957 336 3018 Ιιιιιιιι
355 2902 447 3038 (Plrtt.
459 2965 486 3024 1.
498 2962 550 3035 6.).
574 2959 731 3019 Perlicitur
759 2979 842 3047 'orro
860 2980 949 3048 quum
969 2960 1077 3019 iustitia
1098 2971 1129 3019 et
1147 2958 1256 3019 sandi-

112 3035 306 3171 tatehl’utrem
327 3035 485 3096 coelestem
506 3035 679 3113 reserentes,
697 3055 729 3096 se
748 2980 825 3097 ilios
845 3055 906 3096 erus
926 3058 988 3096 non
1009 3035 1174 3119 degeneres
1192 3051 1256 3095 esse

136 3133 169 3172 ro
194 3123 253 3171 ant.
1191 3148 1194 3153 ·
1222 3142 1227 3155 ·

113 3133 134 3194 P
191 3196 219 3253 2.
258 3186 301 3245 Ex
319 3184 458 3246 mercedis
483 3188 605 3249 nomine
630 3210 691 3249 non
717 3200 762 3249 cst
787 3211 839 3249 cur
859 3210 950 3268 opera
970 3200 1071 3249 nostra
1092 3189 1256 3251 ratiocine-

113 3286 181 3325 mur
199 3284 313 3325 causam
332 3283 395 3324 esse
414 3263 521 3325 salutis.
560 3266 713 3345 Principio
739 3266 816 3324 istud
841 3267 983 3325 sancitum
1003 3267 1041 3326 sit
1060 3267 1090 3325 iu
1112 3265 1255 3326 cordibus

112 3345 238 3415 uostris,
257 3360 289 3399 re
311 3361 380 3399 num
401 3340 553 3401 coelorum
573 3364 635 3401 nou
655 3362 806 3402 servorum
826 3342 1023 3422 stipendium,
1047 3342 1100 3402 sed
1124 3342 1255 3404 filiorum

113 3438 176 3479 esse
196 3359 406 3476 haereditatem
427 3418 518 3496 (pr.
537 3425 573 3494 1,
593 3419 670 3496 18),
700 3441 756 3499 qna
787 3418 842 3478 soli
874 3421 1027 3497 potientur
1059 3419 1110 3497 qui
1139 3440 1157 3479 a
1188 3420 1255 3480 Do·

112 3497 195 3555 mino
215 3494 245 3552 in
267 3493 343 3552 filios
363 3495 495 3572 cooptati
516 3494 640 3554 suerint:
661 3515 759 3573 neque
780 3495 865 3554 ullam
887 3495 970 3553 aliam
985 3494 1024 3554 ob
1037 3516 1153 3554 causam
1165 3516 1254 3577 qnam

112 3570 152 3630 ob
174 3571 249 3629 banc
269 3568 468 3647 adoptionem.
517 3574 609 3646 „Non
632 3571 708 3629 enirn
731 3572 786 3630 crit
808 3572 909 3631 haeres
937 3571 1011 3630 lilius
1032 3571 1171 3647 ancillae,
1201 3571 1254 3633 sed

109 3647 186 3708 filius
207 3647 337 3706 liberae“
357 3644 441 3723 (Gal.
452 3652 482 3721 4,
495 3649 568 3725 30.).
605 3647 752 3727 Adeoque
772 3648 800 3706 in
822 3649 855 3708 iis
875 3649 945 3727 ipsis
965 3646 1047 3722 locis,
1068 3648 1175 3727 quibus
1187 3648 1254 3731 glo·

110 3725 184 3783 riam
205 3734 353 3784 aeternam
374 3723 539 3782 mercedem
561 3723 701 3803 operibus
722 3725 786 3784 lore
806 3723 966 3804 pollicetur
979 3725 1105 3804 Spiritus
1123 3738 1253 3801 sanctus,

110 3798 321 3859 baereditalcm
342 3800 517 3858 nominatim
538 3800 742 3879 exprimendo,
771 3800 888 3861 aliunde
908 3801 996 3860 nobis
1016 3801 1179 3880 provenire
1198 3802 1252 3861 de·

109 3887 263 3937 monstrat.
302 3875 354 3935 Sic
375 3875 509 3937 Christus
530 3897 620 3957 opera
642 3891 790 3949 recenset,
818 3898 892 3957 quae
913 3878 989 3937 coeli
1010 3880 1252 3940 remuneratione

79 3976 90 3993 ⁶
111 3963 291 4046 compensat,
312 3952 380 4011 dum
400 3953 431 4011 in
453 3955 513 4020 eius
534 3955 747 4033 possessiouem
769 3954 878 4015 clectos
899 3967 999 4014 vocat:
1020 3954 1071 4014 sed
1091 3955 1178 4015 simul
1200 3954 1252 4017 ad-

109 4030 214 4112 iungit,
234 4029 421 4090 baereditatis
440 4030 504 4089 inre
523 4031 732 4110 possidendum
752 4030 870 4111 (lllatth.
889 4038 938 4105 ⁶25,
956 4034 1029 4109 at).
1070 4031 1120 4092 Sic
1139 4030 1251 4093 Paulus

171 4281 199 4350 ⁸)
216 4282 308 4336 Mattb.
327 4284 371 4345 16,
387 4285 430 4339 27.
463 4284 495 4334 ll.
513 4284 575 4338 Cor.
592 4286 623 4347 5,
640 4287 680 4340 10.
714 4284 792 4339 Rom.
807 4289 839 4350 2,
855 4288 879 4340 6.
922 4286 1012 4338 loann·
1029 4286 1058 4349 5,
1074 4284 1118 4340 29.
1154 4284 1249 4339 Mattb'

102 4350 196 4413 dib-bd.
215 4381 246 4390 —
270 4350 347 4405 Prot.
360 4352 401 4417 1².
418 4352 457 4407 ld.
468 4368 493 4404 et
511 4356 553 4419 13,
570 4354 611 4409 13
646 4352 736 4406 Maus.
754 4356 779 4415 b,
797 4355 836 4407 12.
872 4355 1032 4418 tusus&
1066 4352 1084 4405 l.
1102 4352 1168 4407 Cor.
1184 4354 1248 4417 ³.st
