2700 4732
359 274 370 291 „
461 194 540 257 uu.
560 194 601 255 11.
640 196 730 257 cte.
750 196 790 256 11.
1149 208 1207 269 t'i'i

134 346 176 409 8..
241 338 329 402 uodsi
348 359 405 401 uos
423 340 544 401 Pstrrrm
564 340 721 401 auctoritas
741 353 858 412 moret,
888 340 932 401 ittt
950 342 1068 421 quidem
1087 344 1202 405 assidue

108 440 166 481 ure
184 418 223 479 ba
245 428 300 477 ent
317 416 510 490 rotabulum,
529 418 581 477 sed
600 418 685 477 simut
707 418 859 477 declarant
876 420 977 496 quanti
996 420 1103 481 iaciant
1122 422 1201 481 ttttus

89 518 161 557 tutu:
186 494 330 575 imprimis
348 493 396 553 Au
420 494 549 567 ustinus,
575 494 626 573 qui
645 514 706 553 :son
728 493 844 554 dubitat
861 516 973 553 seruum
991 496 1138 587 appetiere
1157 500 1199 571 Ψ).

89 570 181 633 iieubi
198 582 355 631 succenset
372 514 509 629 adsersus
530 571 651 649 eosqui
671 570 793 630 liberum
816 584 926 649 negant
949 570 1116 645 arbitrium,
1146 574 1199 637 sed

89 648 247 729 rseeipusu
266 648 414 707 rationem
434 646 572 717 destant,
591 668 680 725 quum
701 648 755 707 ait:
773 648 924 717 „Tantum
945 669 983 709 ne
1002 650 1200 729 audeatquis·

89 724 221 805 quamsit
232 742 344 803 negare
352 722 511 783 voluntatis
522 722 684 795 arbitrium,
695 735 726 782 nt
737 724 806 783 vetit
815 744 950 783 exenssre
960 734 1140 803 peecatum.u
1159 726 1200 787 At

89 812 148 861 erte
160 798 228 859 aiibi
240 798 360 871 fatetur,
373 800 436 859 sine
449 798 561 879 Spiritu
577 820 637 857 non
656 820 718 859 esse
732 798 851 859 liberam
865 800 992 860 bominis
1008 802 1200 877 voluntatem,

90 896 160 935 uustt
168 874 370 955 cupiditatibus
381 876 575 935 vincientibus
592 896 626 935 sc
642 876 824 935 vincentibus
836 876 951 936 subdita
964 878 1011 937 sit.
1023 877 1108 949 Item,
1121 880 1197 940 vieta

90 950 377 1031 itiuinquudeeeidit
387 952 549 1024 voluntate,
558 952 690 1032 coepisse
700 952 1088 1013 carereiibertstenntursm.
1109 954 1197 1029 ltens,

89 1028 212 1087 unissesu
224 1028 317 1087 libero
329 1027 453 1087 arbitrio
467 1028 543 1087 maie
554 1050 647 1100 usum,
655 1040 759 1087 etseet
768 1029 918 1087 arbitrium
931 1051 1014 1087 suurn
1023 1030 1196 1119 perdidisse.

91 1116 159 1173 ten.
176 1102 456 1166 liberumsrbitrium
463 1106 649 1183 captivatum,
661 1125 699 1163 ne
711 1105 779 1182 qnid
812 1106 882 1163 ossit
892 1106 927 1163 ud
939 1106 1086 1165 iustitiam.
1107 1106 1195 1182 Item,

89 1178 190 1239 iberum
209 1178 371 1253 nonime,
399 1182 479 1259 quod
501 1202 561 1242 nun
583 1182 641 1240 Dei
659 1182 751 1257 gratis
772 1127 946 1241 liberaverit.
987 1182 1077 1256 Item,
1110 1184 1194 1241 iusti-

88 1254 137 1317 ἰ-
154 1252 212 1315 Dei
230 1276 290 1315 non
311 1256 442 1335 impleri,
466 1280 555 1336 quum
580 1258 639 1315 Lex
664 1258 761 1327 iubet,
793 1270 824 1317 et
848 1256 938 1317 bomo
961 1259 1041 1337 qnasi
1065 1260 1124 1319 suis
1150 1260 1194 1317 vi·

89 1330 150 1391 Usu
164 1330 247 1393 istit:
270 1332 322 1391 sed
341 1355 430 1411 quum
446 1334 573 1413 Spiritus
589 1334 718 1405 adiuvat,
739 1346 769 1393 et
790 1333 915 1393 bominis
935 1356 995 1393 non
1014 1333 1121 1406 libers,
1140 1334 1193 1395 sed

89 1404 169 1467 tlteo
187 1408 310 1469 liberata
329 1408 464 1469 voluntas
483 1410 664 1487 obsequitur.
706 1412 804 1485 Atque
826 1411 929 1469 boruru
951 1410 1082 1469 omnium
1104 1410 1193 1470 ratiu-

89 1502 137 1541 te!
154 1482 280 1543 breviter
298 1484 405 1559 reddit,
425 1508 513 1564 quum
534 1487 603 1545 alibi
622 1486 734 1558 scribit,
755 1488 903 1561 bominem
916 1507 1033 1565 maguus
1050 1486 1134 1545 tiberi
1147 1510 1193 1547 sr-

89 1554 150 1619 ttutt
167 1559 255 1629 vires,
285 1582 375 1641 quum
395 1564 587 1633 conderetur,
617 1562 779 1643 accepisse,
807 1564 856 1623 sed
887 1563 1037 1655 peccando
1056 1564 1192 1623 arrsisisse.

89 1630 169 1713 tuque
190 1636 279 1709 alibi,
309 1648 463 1717 postquam
490 1639 619 1699 ostendit
643 1638 767 1699 liberum
795 1639 947 1699 arbitrrum
974 1641 1113 1698 constitui
1139 1659 1193 1717 per

89 1710 201 1787 pastam.
227 1714 335 1773 acriter
353 1716 383 1772 in
403 1734 454 1773 eos
474 1714 631 1788 inuehitur,
650 1716 700 1793 qui
718 1717 774 1775 sibi
796 1717 865 1775 iilud
886 1727 1026 1791 arrogant
1044 1716 1107 1773 siue
1127 1736 1193 1793 grs-

89 1790 123 1849 b't·
170 1789 302 1869 „thuid
324 1810 407 1871 ergo,
426 1790 654 1869 inquit‚,miseri
676 1792 807 1851 homines
827 1806 878 1850 aut
897 1793 933 1848 de
955 1790 1048 1849 tibero
1067 1792 1190 1850 arbitrio

89 1862 192 1933 „ntem
208 1866 372 1944 superbire,
392 1879 543 1947 antequam
565 1868 740 1927 liberentur:
762 1882 811 1927 aut
831 1870 867 1925 de
887 1867 944 1927 suis
962 1866 1079 1933 viribus,
1100 1868 1123 1925 si
1134 1868 1189 1925 iam

89 1936 198 2009 „flenti
215 1942 325 2001 sunt?“
362 1942 426 2003 Nee
444 1945 600 2003 attendunt
619 1945 648 2003 in
670 1947 734 2024 ipso
756 1945 875 2001 nomine
896 1944 981 2001 tiberi
1001 1940 1112 2003 arbitrii
1133 1944 1190 2001 nti·

145 2016 304 2079 tttertssem
323 2040 439 2078 sonare.
498 2020 556 2079 Ubi
576 2034 671 2079 autem
692 2020 810 2101 spiritus
831 2022 969 2092 Domini,
998 2020 1039 2077 ibi
1068 2018 1187 2079 tibertus

89 2034 348 2223 &Cenasti
388 2095 420 2153 Si
440 2116 513 2179 ergo
532 2096 607 2155 servi
627 2108 696 2155 sunt
713 2098 843 2187 precati,
896 2097 944 2154 uid
974 2116 1005 2155 se
1025 2097 1134 2154 iactant
1152 2096 1189 2153 de

95 2166 164 2229 ibero
180 2170 323 2231 arbitrio?
348 2172 375 2230 A
395 2192 454 2251 quo
475 2172 551 2231 euim
572 2172 636 2253 quis
656 2174 786 2231 ‹iuvit-tus
806 2185 859 2239 est.
874 2117 949 2231 bnic
970 2184 1000 2231 et
1020 2192 1119 2231 sersus
1138 2172 1190 2231 sd-

89 2238 165 2305 istus
180 2258 228 2305 est.
267 2247 300 2306 st
320 2260 416 2307 autem
437 2248 552 2309 liberati
572 2262 655 2321 sunt,
675 2251 743 2327 quid
763 2270 795 2308 se
815 2252 923 2307 ist-tant
944 2249 1023 2307 reiut
1041 2250 1077 2307 de
1098 2268 1190 2308 orere

89 2320 206 2403 propriu?
223 2326 269 2382 An
290 2325 330 2385 its
350 2324 435 2383 liberi
453 2337 531 2399 sunt,
551 2338 582 2385 ut
601 2346 656 2387 nec
676 2325 753 2384 servi
774 2326 835 2384 eius
855 2346 917 2384 esse
929 2325 1030 2398 veiint,
1049 2326 1098 2402 qui
1118 2270 1190 2383 butt

89 2394 139 2529 pls·
153 2404 194 2471 15,
209 2402 265 2475 b),
284 2401 357 2460 Siue
378 2422 424 2459 me
443 2402 515 2461 nihii
534 2403 655 2481 potestis
676 2404 788 2461 t'ucere'?
810 2402 901 2475 Quid,
921 2404 1000 2480 quod
1020 2402 1080 2460 aiio
1101 2402 1188 2459 etism

100 2490 146 2533 utu
161 2475 268 2535 ridetur
291 2478 392 2537 iocose
422 2478 542 2537 eludere
562 2501 642 2537 usum
664 2480 725 2537 eins
744 2482 840 2545 vocis.
872 2501 960 2556 quum
981 2478 1052 2536 dicit
1070 2478 1134 2549 Μ),
1155 2478 1188 2533 tt-

90 2542 173 2609 berrur
189 2554 303 2631 quidem
325 2574 387 2613 esse
406 2553 568 2627 arbitrium,
587 2555 635 2613 sed
658 2576 716 2613 non
730 2554 898 2613 liberatum:
919 2555 1042 2614 biberunt
1055 2554 1191 2625 iustitiae,

90 2642 181 2685 terrum
199 2630 328 2707 peceati?
349 2630 445 2704 Quam
465 2631 637 2689 senteutiam
658 2632 726 2690 alibi
747 2652 865 2709 qnoque
884 2632 991 2709 repetit
1010 2643 1040 2688 et
1060 2630 1192 2707 explieat,

93 2696 131 2759 sbi
147 2702 225 2763 docet
242 2704 365 2765 liberum
386 2727 402 2764 a
423 2707 527 2765 iustitia
548 2728 607 2766 non
629 2728 689 2765 esse
716 2708 881 2777 bominem,
906 2707 959 2765 nisi
991 2706 1111 2764 arbitrio
1138 2728 1190 2763 vo-

94 2770 201 2839 lutatis:
226 2801 241 2840 a
262 2795 384 2859 peceato
404 2796 500 2841 antem
527 2804 587 2841 non
609 2783 671 2840 steri
691 2782 815 2841 liberum
838 2785 890 2842 nisi
910 2783 1003 2859 gratia
1023 2782 1190 2839 Satvaturis.

98 2848 145 2923 Qut
159 2854 310 2917 libertatem
332 2858 456 2917 bominis
477 2859 548 2917 nibil
568 2860 645 2918 aliud
667 2880 728 2919 esse
748 2860 804 2918 sibi
824 2872 946 2918 test-stur
964 2880 1050 2937 quam
1064 2857 1191 2914 errsunri-

100 2927 230 3005 petionem,
249 2932 295 2993 ret
316 2935 570 2993 manumissionem
591 2956 606 2993 a
626 2936 746 3010 iustitia,
780 2935 855 2994 itlius
876 2937 962 2995 inane
984 2954 1091 2991 nomen
1112 2934 1191 2991 vide-

100 3008 139 3059 iflt
150 3004 215 3067 belle
230 3010 359 3069 irridere.
399 3011 502 3089 ltaque
522 3012 545 3071 si
562 3012 626 3091 quis
646 3012 725 3071 vocis
746 3011 830 3070 buius
856 3034 936 3071 usum
964 3032 1024 3069 nun
1044 3031 1128 3087 prava
1149 3009 1192 3067 in·

102 3072 229 3159 ffiqmtis
252 3086 306 3145 sibi
331 3088 495 3167 permittat,
519 3108 572 3167 per
596 3108 642 3147 me
666 3087 783 3166 quidem
809 3109 869 3146 uon
890 3087 1038 3145 vexabitur
1063 3085 1102 3143 ob
1129 3105 1191 3143 earn

105 3168 166 3214 ¹²¹2
189 3162 232 3219 sed
259 3166 324 3241 quia
355 3164 419 3222 sine
443 3164 557 3244 ingenti
586 3162 718 3243 periculo
743 3184 804 3223 non
830 3187 914 3242 posse
935 3163 1055 3221 retineri
1076 3182 1194 3233 censeo,

107 3244 192 3309 ΙΨ
211 3250 301 3299 eontra
328 3230 467 3299 ecciesiae
491 3241 572 3298 bono
594 3240 738 3313 futurum,
762 3240 785 3301 si
806 3241 972 3299 aboleaturs
1006 3260 1103 3315 neque
1132 3238 1193 3317 ipse

108 3314 319 3387 nuptorum,
339 3328 369 3375 et
389 3316 473 3389 aiios,
492 3318 515 3375 si
535 3335 582 3374 me
602 3315 766 3387 consulant,
786 3316 934 3375 abstinere
954 3315 1089 3394 optarim.

146 3390 193 3469 οἱ
221 3388 347 3472 lisgnum
378 3392 447 3451 mibi
478 3392 687 3471 praeiudicium
714 3392 842 3451 attulisse
870 3392 967 3451 forsan
998 3391 1112 3463 videar,
1143 3389 1192 3469 qui

106 3470 233 3549 mptum
247 3488 343 3527 ousnes
363 3467 583 3541 ecciesiasticos‚
604 3480 725 3547 excepto
745 3469 923 3549 Augustino,
941 3471 980 3528 ita
997 3468 1131 3546 ambigue
1144 3478 1196 3523 ant

104 3548 169 3595 ’Μ
183 3536 208 3597 it
224 3540 269 3605 bre
285 3567 319 3606 re
339 3546 478 3625 loquutus
498 3565 560 3605 esse
579 3544 729 3605 confessus
749 3564 827 3620 sum,
856 3557 889 3603 ut
914 3557 1026 3605 eertum
1046 3543 1194 3622 quippiam

100 3708 1194 3742 w

149 3830 223 3901 ⁷)Ci.
238 3838 341 3905 August.
359 3838 403 3891 iib.
421 3844 444 3895 1.
462 3854 531 3893 cont.
549 3832 640 3891 Iulian.
658 3864 690 3879 ··-
709 3840 747 3890 An
761 3838 895 3907 deinceps:
911 3833 1058 3890 tinnitus.
1069 3831 1197 3886 inloann.

102 3900 170 3954 *Ad
185 3908 290 3963 Anastas.
308 3909 379 3978 epist.
396 3908 453 3965 1dd.
472 3938 504 3947 -
540 3906 582 3957 De
600 3910 703 3976 perfert.
728 3904 803 3957 iustit.
822 3937 854 3947 —
898 3905 1030 3955 Enrbirid.
1053 3902 1094 3955 ad.
1118 3902 1196 3980 baur.

104 3968 198 4019 ²⁸·—
230 3974 302 4027 ldem
317 3979 354 4028 ud
372 3974 491 4027 Bonitas.
510 3976 554 4027 lib.
570 3978 595 4028 3.
614 3976 678 4027 c.8.
695 3974 807 4027 -ibid,
826 3995 847 4025 c.
865 3974 888 4026 7.
904 4003 936 4012 -
960 3969 1198 4022 Adeund.lrh.1.

104 4036 190 4089 ²2·-
206 4041 264 4095 ibid.
281 4044 326 4095 tib.
341 4045 367 4098 ἃ
386 4060 441 4113 esp.
465 4046 491 4098 7.
513 4068 546 4083 —
581 4041 653 4093 idem
678 4043 724 4094 tib.
747 4044 780 4092 de
802 4043 891 4093 serbis.
915 4044 1005 4108 Apost.
1026 4056 1101 4090 serm.
1122 4037 1148 4089 ³.
1164 4065 1200 4080 -

100 4090 141 4151 u
154 4106 203 4161 des
220 4110 249 4163 ir.
267 4127 291 4163 et
314 4113 349 4165 lit.
368 4112 483 4181 cupiit).
1139 4169 1145 4182 Ι

137 4170 171 4239 ””)
185 4130 221 4229 Cb
236 4182 339 4243 August.
357 4180 391 4231 de
408 4198 482 4230 torre
502 4192 520 4230 t.
535 4192 560 4229 ot
577 4188 637 4241 grat.
655 4195 711 4244 cap.
730 4176 769 4230 13
791 4207 818 4216 -
845 4177 909 4226 Adv.
926 4173 1038 4251 liberum
1057 4169 1200 4221 arbitrrnm

103 4224 290 4318 QatAugust.
309 4247 380 4316 epist.
398 4246 457 4301 107.
483 4200 549 4299 item
572 4244 657 4316 prima
679 4258 705 4296 et
728 4244 819 4297 ultima
840 4242 969 4296 Bernurds
991 4260 1019 4292 m
1042 4250 1152 4291 tracum
1170 4237 1204 4287 ds

102 4314 161 4361 tram
174 4326 195 4362 et
209 4315 287 4367 bibero
306 4313 424 4369 arbitrio.

123 4392 190 4445 tatus
202 4404 315 4449 nmium
329 4406 351 4451 s.
500 4404 505 4411 ·
961 4378 1002 4441 12
