2700 4732
506 216 585 277 uu
602 216 630 276 1.
670 216 759 279 CAP.
778 216 876 281 xvtt.
1195 224 1254 283 tto

110 370 240 419 nentem
261 356 322 419 illis
342 360 499 435 concedit,
518 348 558 421 it'a
578 359 724 421 absterret
743 370 773 420 et
792 360 949 435 exanimat,
967 380 1006 421 ne
1024 360 1054 421 id
1074 360 1154 439 quod
1173 380 1248 421 con-

111 446 272 517 ceperunt,
304 436 398 495 velint
424 448 475 497 aut
498 437 712 496 machinentur.
761 436 915 495 Interdum
939 440 1043 511 etiam,
1071 436 1124 496 ubi
1143 439 1246 498 conari

112 512 242 593 permisit
263 514 347 591 quod
369 514 462 571 libido
482 524 513 572 et
532 514 628 572 rabies
647 512 798 587 suadebat,
817 514 944 592 impetos
961 534 1064 573 eorum
1076 526 1246 594 opportune

114 588 275 668 abrumpit,
307 610 365 650 nec
395 590 465 649 sinit
494 589 531 649 ad
561 590 649 649 linem
675 610 767 669 usque
792 590 956 669 procedere
976 591 1056 669 quod
1079 590 1245 649 instituunt.

117 664 160 725 Sic
176 664 338 725 consilium
360 664 554 747 llcbitoplrel,
573 665 653 744 quod
674 666 787 725 exitiale
806 665 910 725 Davidi
930 666 1060 725 loturum
1081 678 1157 741 erat,
1176 678 1245 725 ante

117 752 224 821 tenpus
244 740 397 821 dissipas-it
416 742 456 821 (1.
476 744 556 801 Satn.
576 749 630 813 17,
648 748 675 807 7.
694 744 767 817 11).
805 742 855 801 Sic
876 754 906 801 et
925 754 1072 803 creaturas
1091 761 1194 801 omnes
1213 744 1245 801 in

120 838 231 877 morum
255 816 372 877 bonurn
393 838 428 879 ae
446 817 569 879 salutem
597 818 765 889 moderari,
793 820 820 876 ei
845 838 932 877 curae
952 830 1010 879 esta
1040 838 1075 879 ac
1095 817 1244 878 diabolum

123 892 201 952 etiam
217 894 328 971 ipsum,
349 914 438 974 quern
457 894 670 973 conspicimus,
690 894 764 953 nibil
782 914 882 953 ausum
903 895 991 953 fuisse
1009 906 1125 953 tentare
1144 894 1245 954 adver-

124 990 177 1029 tam
189 968 253 1043 lob,
270 970 337 1029 aine
356 970 499 1051 permissu
518 972 581 1030 eius
596 992 630 1031 ac
644 970 790 1030 mandato.
829 972 914 1031 lianc
933 972 1068 1030 notitiam
1078 970 1245 1031 necessario

126 1046 241 1123 requitur
259 1058 324 1105 tum
345 1048 433 1106 animi
452 1048 602 1127 gratitudo
622 1048 652 1106 in
672 1068 817 1127 prospero
836 1068 934 1106 rerum
954 1068 1104 1119 successu,
1132 1058 1195 1105 tum
1214 1045 1244 1105 iu

127 1120 286 1181 alxersitate
306 1125 464 1204 patientia,
488 1136 551 1183 tum
571 1124 708 1193 etiamin
728 1136 878 1203 posterum
898 1121 1078 1182 incredibilis
1096 1122 1245 1183 securitas.

130 1198 262 1277 Quicquid
284 1218 358 1281 ergo
387 1220 529 1279 prospere
547 1212 637 1280 atque
662 1220 696 1259 ex
722 1200 810 1259 animi
829 1200 975 1259 sententia
995 1200 1127 1273 eveniet,
1146 1198 1176 1256 id
1197 1209 1244 1257 to-

128 1284 176 1331 tam
193 1286 348 1355 acceptum
358 1276 426 1335 Deo
447 1276 567 1347 reseret,
586 1278 646 1337 sive
664 1296 719 1356 per
738 1276 888 1335 hominum
909 1276 1101 1335 ministerium
1120 1276 1246 1335 senserit

130 1349 176 1409 einx
194 1350 429 1426 beneficentiam,
449 1354 509 1411 sive
529 1354 566 1411 ab
586 1353 748 1413 inanimatis
768 1353 907 1413 creaturis
926 1353 1040 1412 adiutus
1061 1352 1159 1411 luerit.
1191 1350 1243 1411 Sic

132 1426 194 1485 enim
216 1428 368 1505 reputabit
394 1450 460 1489 cum
485 1430 583 1489 animo
608 1450 681 1506 suo,
714 1430 805 1490 Certe
824 1429 969 1488 llominns
994 1429 1109 1507 estqui
1131 1428 1168 1487 ad
1195 1448 1243 1487 me

132 1498 234 1562 btorum
253 1503 368 1564 animos
387 1505 552 1575 inclinavit,
571 1508 622 1584 qni
642 1505 714 1565 mibi
733 1504 945 1587 adglutinavit,
966 1516 998 1563 ut
1017 1524 1087 1563 strae
1107 1524 1177 1594 erga
1196 1524 1244 1562 me

134 1574 303 1669 benignitatis
321 1584 514 1640 instrumenta
536 1585 643 1643 forant.
692 1582 729 1641 In
756 1582 872 1661 lrugoxn
895 1581 1070 1640 abundantia
1091 1580 1244 1661 cogitabit,

135 1650 274 1715 bominum
295 1676 357 1715 esse
370 1659 420 1737 qni
439 1656 554 1717 cnelmn
567 1659 691 1732 exaudit,
710 1671 744 1717 ut
762 1660 877 1717 coelum
895 1658 1028 1716 exaudiat
1045 1670 1165 1729 terrram,
1183 1656 1244 1733 ipsa

136 1748 233 1865 potsque
253 1734 390 1793 exaudiat
407 1755 475 1794 suos
496 1735 608 1794 loetus:
628 1736 657 1794 in
677 1735 740 1795 aliis
758 1756 819 1795 non
840 1734 986 1793 dubitabit
1005 1733 1243 1791 benedictionem

153 1810 235 1895 'nini
249 1808 342 1870 solam
363 1830 436 1883 esse,
456 1832 511 1889 qua
531 1814 629 1871 omnia
649 1823 873 1893 prosperentur:
894 1830 949 1869 nec
968 1821 1016 1869 tot
1034 1810 1125 1869 causis
1142 1808 1244 1867 admo·

138 1894 204 1955 latua
219 1888 351 1965 ingratus
370 1906 434 1945 esse
451 1888 616 1947 sustinebit.

192 1966 218 2025 8
254 1965 291 2023 Si
308 1963 422 2023 adversi
441 1964 512 2043 quid
532 1964 705 2043 contigerit,
730 1964 877 2044 extempio
902 1973 1030 2023 mentem
1055 1958 1104 2020 bic
1122 1978 1243 2051 qnoque

139 2036 233 2098 tttollet
251 2038 416 2113 in'Deum,
445 2042 526 2100 cuins
550 2062 651 2099 manos
677 2042 714 2099 ad
738 2042 908 2121 patientiam
934 2040 1074 2118 placidam
1098 2058 1134 2096 ue
1153 2036 1241 2095 anxnxi

139 2114 347 2179 nederatiooem
372 2116 460 2177 nobis
485 2116 706 2196 imprimendam
726 2117 803 2178 valet
823 2118 990 2198 plurimum.
1029 2116 1062 2173 Si
1076 2060 1191 2193 loseph
1211 2114 1240 2171 in

139 2194 352 2271 stupescenda
370 2194 492 2252 fratrum
513 2194 633 2277 pertidia
659 2196 827 2254 immoratus
848 2204 940 2265 esset,
966 2212 1116 2270 nunquam
1135 2190 1242 2249 irater-

93 2340 96 2345 ·
140 2271 345 2347 nopotuisset
364 2271 394 2328 in
415 2290 466 2331 eos
485 2272 612 2329 animum
634 2272 774 2351 recipere.
819 2270 1037 2349 sedquoniam
1058 2266 1241 2326 mentemad

89 2366 98 2435 p
142 2334 272 2428 ¹ltltitttatn
291 2347 421 2421 rellexit,
446 2346 555 2407 oblitos
575 2347 713 2422 iniuriae,
732 2348 768 2408 ad
788 2346 1039 2405 mansuetudinem
1059 2365 1093 2403 oc
1112 2341 1242 2402 cluanen-

94 2437 97 2443 ’
141 2424 194 2479 lon
207 2422 357 2483 inclinatus
378 2436 436 2497 est,
461 2434 494 2483 ut
513 2424 616 2483 iratres
642 2426 727 2483 etiam
747 2424 826 2483 ultro
846 2424 972 2492 soletur,
997 2442 1031 2479 ac
1051 2422 1129 2479 dicat
1147 2420 1242 2497 (Gen.

94 2534 98 2541 ·
141 2494 178 2569 ll,
191 2502 217 2561 d·
234 2506 286 2573 oo,
305 2504 382 2573 too:
413 2501 501 2572 „Non
521 2522 573 2559 vos
599 2501 665 2560 estis
687 2502 737 2579 qui
760 2519 807 2559 me
826 2499 994 2560 vendidistis
1013 2499 1043 2556 in
1063 2498 1242 2575 Aegyptum,

139 2572 195 2642 „ted
209 2574 264 2635 llei
280 2577 435 2635 voluntate
455 2577 625 2655 praemissus
645 2599 707 2637 sum
727 2589 795 2636 ante
814 2598 882 2649 vos,
903 2587 936 2634 ut
954 2575 1043 2633 sitam
1064 2575 1147 2634 tobis
1168 2592 1241 2632 con-

90 2696 95 2715 .
140 2666 254 2717 mrtem.
294 2654 356 2713 Vos
375 2654 491 2731 quidem
512 2654 661 2733 cogitastis
682 2654 718 2712 de
738 2675 784 2712 me
806 2654 922 2724 malum,
941 2652 1148 2709 sedl)0minns
1168 2670 1241 2707 con-

91 2753 95 2787 t
141 2727 225 2791 „ttxtit
242 2728 310 2788 illud
331 2731 364 2788 in
383 2734 527 2789 bonum.“
569 2730 678 2789 Silob
699 2730 733 2789 ad
756 2730 919 2789 Chaldaeos
944 2748 975 2785 se
999 2731 1241 2797 cont·ertisset,n

92 2832 97 2840 ·
126 2800 223 2873 nitus
243 2806 414 2879 vexabatur,
442 2808 538 2866 statim
569 2828 706 2866 accensus
736 2820 811 2865 esset
836 2808 871 2864 nd
896 2804 1066 2863 vindictam:
1100 2804 1150 2862 sed
1176 2803 1241 2879 quin

92 2869 111 2937 ἶ.
145 2890 197 2951 ψ
217 2879 334 2941 llomini
358 2883 441 2941 simul
467 2884 670 2959 recognoscit,
700 2896 793 2943 semet
841 2881 996 2941 ulcerrima
1027 2880 1076 2937 illa
1100 2880 1243 2938 sententia

96 2994 100 3005 .
147 2955 283 3015 mantano
300 2958 371 3035 (tob
383 2968 413 3029 1,
431 2964 503 3034 21),
522 2961 688 3031 „Dominus
708 2961 797 3026 dedit,
816 2904 961 3017 lltrnxinus
980 2956 1112 3015 abstulit:
1132 2955 1169 3014 sit
1189 2976 1243 3011 xxix·

149 3030 311 3111 ytnllomini
332 3036 552 3095 beneslictuxn.“
571 3038 621 3095 Sic
632 3037 725 3095 David
746 3036 884 3095 conviciis
905 3047 935 3092 et
953 3031 1098 3112 lapidibus
1118 3052 1134 3091 a
1152 3031 1243 3089 Simei

97 3114 100 3121 '
150 3108 271 3182 tapetias,
288 3113 311 3170 si
331 3113 362 3170 in
383 3112 532 3171 bominem
553 3113 694 3173 defixisset
710 3113 823 3186 oculos,
843 3113 877 3170 ad
899 3110 1087 3169 retaliandam
1108 3107 1243 3167 iniuriam

154 3194 200 3265 {ms
216 3188 376 3247 animasset:
405 3209 505 3247 xerunt
530 3191 597 3268 quia
623 3211 683 3249 non
708 3190 771 3247 sine
791 3188 913 3247 Domini
939 3199 1023 3245 motu
1047 3184 1127 3244 illum
1155 3204 1243 3275 agere

155 3256 266 3341 ltltl'tgit,
289 3264 358 3324 illos
377 3267 475 3345 potins
494 3267 618 3347 mitigat.
656 3266 774 3337 „Sinite
795 3286 871 3335 eum,
891 3264 996 3342 inquit,
1015 3263 1083 3341 qnia
1095 3264 1242 3321 Dominus

286 3342 294 3355 ⁰
481 3344 488 3357 '
537 3350 557 3378 tt

158 3352 310 3477 ,diiii
327 3342 537 3476 ttttlttt
554 3342 913 3497 ,lllxlttlltfldt
933 3338 1243 3489 ‚iii-xiii‘o'ldiili

426 3472 435 3508 l

97 3447 101 3503 i
428 3495 643 3553 nstitutus-atet
665 3495 697 3553 Si
718 3494 829 3553 nullom
845 3494 991 3552 ellicacins
1011 3504 1055 3552 est
1074 3492 1134 3549 irae
1154 3504 1243 3568 atque

158 3476 232 3571 ξ’ῗΰῖῐ,
246 3496 303 3571 quia
324 3508 359 3553 tu
379 3494 425 3552 let

91 3600 94 3609 ·
156 3566 310 3695 thtitntiae
340 3571 519 3645 remedium,
547 3594 607 3631 raon
639 3594 739 3650 parum
763 3582 844 3629 certe
867 3570 994 3649 proiecit
1019 3570 1069 3647 qui
1091 3566 1147 3626 llei
1171 3586 1244 3644 pro-

91 3664 94 3693 :
155 3649 175 3691 tt
190 3644 272 3705 entiam
283 3647 387 3705 didicit
407 3648 435 3705 in
458 3648 510 3706 bac
531 3662 612 3726 parte
631 3649 778 3721 meditari,
799 3660 831 3705 ut
851 3648 942 3725 possit
961 3666 997 3705 eo
1017 3658 1145 3701 mentem
1165 3664 1243 3701 senr-

91 3764 94 3771 ·
151 3728 334 3797 t‘rnrnesre,
356 3724 501 3782 Dominus
519 3726 623 3797 voluit,
642 3725 709 3782 ideo
728 3724 884 3782 ferendum
905 3736 962 3781 est:
983 3742 1044 3780 non
1064 3720 1153 3779 uredo
1175 3718 1241 3795 qnia

91 3824 95 3833 ·
150 3788 249 3855 ttluttari
269 3821 330 3859 non
352 3800 437 3875 licet,
460 3800 510 3858 sed
531 3801 598 3878 qnia
624 3801 695 3858 nibil
715 3802 777 3858 vult
802 3801 856 3859 nisi
876 3801 956 3878 qnod
977 3810 1008 3856 et
1030 3798 1137 3855 iustum
1157 3798 1194 3853 sit
1214 3804 1244 3851 et

149 3872 256 3945 tapetias.
293 3878 414 3934 Summa
435 3876 490 3935 buc
511 3877 600 3947 redit,
620 3888 653 3935 ut
672 3877 777 3936 iniuste
796 3876 833 3935 ab
854 3874 1020 3935 bominibus
1040 3872 1119 3943 laesi,
1140 3869 1244 3929 omissa

91 3966 96 4031 ξ
149 3954 221 4007 titum
240 3952 427 4031 improbitate
447 3956 537 4086 (puae
558 3953 630 4011 nibil
650 3975 735 4031 quam
749 3952 883 4012 dolorem
903 3963 1037 4010 nostrum
1053 3958 1242 4024 exasperaret,

91 4042 94 4077 2
148 4020 284 4105 ltimosque
303 4040 424 4087 acueret
442 4048 457 4087 a
499 4030 671 4107 vindictam)
694 4029 909 4089 meminerimus
928 4028 963 4086 ad
983 4026 1080 4083 lteum
1102 4042 1244 4081 conscen-

91 4172 95 4178 .
147 4090 202 4171 dere,
218 4125 249 4163 ac
269 4125 323 4183 pro
344 4115 428 4163 certo
448 4118 575 4163 statuere
587 4107 739 4176 (locamus,
761 4108 834 4163 insta
855 4107 915 4163 eins
929 4098 1244 4179 dispensationelnisso

147 4178 335 4255 ‘lptrmissum
357 4193 386 4239 et
407 4182 573 4252 immissum,
593 4183 733 4261 ‹pricqoid
753 4183 844 4239 bostis
864 4180 1006 4239 scelerate
1026 4177 1056 4233 in
1077 4195 1131 4232 nos
1152 4174 1245 4232 admi·

92 4300 94 4305 -
147 4258 176 4303 “l
206 4254 316 4327 l'aulns,
335 4269 368 4313 nt
388 4279 404 4314 a
424 4257 590 4316 retaliamlis
610 4258 722 4318 iniuriis
742 4280 796 4317 nos
816 4266 993 4334 compescat,
1012 4250 1175 4344 prudenter
1193 4247 1246 4305 ad-

145 4336 234 4407 noret,
257 4334 344 4392 nobis
363 4354 425 4393 non
446 4352 507 4394 esse
534 4333 638 4395 luctam
665 4357 730 4394 cum
756 4353 844 4395 carne
868 4344 899 4391 et
922 4348 1081 4411 sanguiue,
1109 4326 1247 4386 sedtum
