2700 4732
72 172 131 241 m
342 144 350 157 “
470 162 836 233 mmmm

76 320 112 371 nt
129 306 261 370 omnium
280 317 395 370 inentes
413 317 445 369 et
463 309 555 371 eorde
573 308 756 372 'voluntariae
776 310 839 371 eius
861 307 1051 373 obedientiae
1068 304 1213 370 subiiciat.

77 386 182 460 Quod·
202 384 237 445 iit
268 384 319 445 ubi
348 406 457 446 arcano
477 386 605 467 Spiritus
634 389 679 449 sui
708 387 849 448 instinctu
883 386 1045 447 eilicaciain
1064 384 1150 445 verbi
1172 383 1214 445 nii

81 462 198 535 exserit,
218 473 251 521 ut
271 461 398 523 emineat
417 462 447 521 in
468 484 527 553 quo
547 476 678 524 meretur
690 464 783 546 gradu
802 463 935 524 honoris.
976 463 1084 523 Postea
1106 458 1145 521 ad
1162 460 1214 521 ii'n-

79 540 145 631 pios
165 537 344 599 descendere
362 552 513 613 convenit,
533 540 582 620 qui
604 540 793 619 pervicaciter
812 551 842 599 et
854 540 1009 620 desperato
1031 538 1137 598 l'urore
1156 538 1214 597 eiiu

80 614 205 695 imperio
227 614 376 675 resistunt.
414 614 549 709 Regnum
572 637 643 699 ergo
663 639 747 677 suum
760 617 847 695 erigit
856 618 936 676 Deus
956 627 1053 675 totum
1074 614 1213 675 mundun

79 689 273 763 humiliando,
293 692 344 751 sed
364 691 481 752 diversis
502 693 610 753 niodis:
631 694 696 785 qnia
717 694 841 752 aliorum
863 694 991 753 lascivias
1010 692 1126 766 domat,
1144 690 1214 751 alio·

82 790 148 828 runi
169 768 341 828 indomitam
360 770 526 847 superbiam
548 770 665 851 frangit.
704 768 738 828 ld
760 770 892 849 quotidie
911 768 975 828 fieri
988 767 1152 847 optandum
1164 776 1214 841 est,

82 856 116 905 ut
134 843 190 904 sibi
209 845 291 905 licus
311 844 446 927 ecclesias
466 845 586 927 colligat
606 866 639 905 ei
664 844 801 906 omnibus
825 845 925 905 mnndi
952 843 997 925 pla
1019 844 1062 904 is:
1090 862 1140 905 eas
1162 864 1214 903 nn-

81 940 167 981 mero
188 932 333 1003 propaget
353 933 383 980 at
406 941 442 981 ue
461 934 582 1005 augeat,
613 922 699 984 donis
718 923 775 983 suis
795 922 973 1002 locupletet,
999 864 1169 1003 iegitinium
1185 918 1213 977 in

81 996 141 1057 illis
161 998 294 1056 ordinem
313 942 456 1071 stabiiiat,
476 1019 509 1058 eii
530 999 668 1090 opposito
687 1010 854 1079 prosternat
872 1018 975 1058 omnes
992 1015 1087 1079 purae
1108 994 1215 1055 doetri-

82 1093 140 1133 nae
160 1085 191 1133 et
210 1072 360 1154 religionis
380 1072 495 1146 hostes,
515 1074 582 1135 dissi
606 1087 635 1134 et
661 1094 763 1135 eorum
784 1074 922 1150 consilia,
950 1085 1072 1135 conatus
1093 1072 1217 1135 deiiciat.

82 1149 174 1209 Unde
193 1162 316 1230 apparet
335 1170 395 1209 non
416 1149 522 1211 irustra
546 1096 632 1212 uobis
656 1151 787 1232 praecipi
809 1151 937 1211 studium
958 1148 1125 1230 quotidiani
1149 1168 1216 1228 pio·

106 1246 213 1285 sessus:
238 1226 307 1305 quia
332 1247 480 1306 nunquam
500 1239 559 1287 tam
580 1227 657 1287 bene
680 1229 776 1308 agitur
800 1249 864 1288 cuni
892 1226 980 1287 rebus
1006 1225 1159 1299 humanis,
1185 1234 1218 1285 ut

83 1246 218 1365 discussis
236 1303 427 1384 purgatisque
446 1304 584 1364 vitiorum
604 1304 739 1363 sordibus
758 1304 844 1383 plena
870 1304 977 1363 lloreat
1001 1322 1035 1362 ae
1055 1301 1156 1383 vigeat
1173 1298 1218 1361 iii·

84 1378 215 1460 tegritas.
253 1379 413 1440 Plenitudo
433 1393 528 1440 autem
550 1382 612 1441 eins
632 1380 819 1440 adnitimum
838 1380 948 1440 Christi
968 1378 1128 1438 adventum
1148 1396 1219 1516 pro·

84 1454 232 1515 tenditur:
253 1477 311 1534 quo
331 1455 438 1517 Paulus
457 1457 555 1516 Deum
575 1457 673 1517 omnia
692 1457 721 1515 iii
743 1457 878 1517 omnibus
898 1456 963 1516 lore
984 1456 1073 1516 docet
1093 1454 1133 1533 (L
1176 1473 1219 1513 or.

84 1537 134 1603 15,
153 1533 226 1605 28).
245 1565 283 1580 ·-
307 1532 406 1611 Atque
426 1534 465 1593 ita
485 1533 557 1593 haec
577 1534 707 1614 precatio
728 1533 878 1592 retrahere
898 1553 952 1592 nos
972 1532 1062 1591 debet
1083 1552 1100 1590 a
1119 1527 1221 1589 mundi

86 1606 272 1685 corruptelis,
293 1629 367 1699 quae
387 1630 477 1669 noso
497 1611 564 1670 Deo
584 1621 720 1688 separant
739 1609 895 1688 quominus
915 1629 1038 1690 regnum
1060 1607 1124 1667 eius
1144 1608 1221 1667 intra

84 1702 140 1743 nus
152 1684 264 1764 vigeat:
285 1684 368 1745 siniui
381 1687 542 1748 accendere
553 1688 677 1747 studium
699 1685 917 1746 mortificandae
938 1684 1046 1746 carnis:
1068 1696 1222 1763 postremo

85 1758 122 1819 ad
143 1761 236 1821 crucis
256 1760 443 1822 tolerantiam
465 1783 519 1822 nus
539 1763 707 1823 instituere:
726 1762 843 1841 quando
870 1761 926 1822 hoc
947 1760 1036 1820 modo
1056 1758 1121 1819 vult
1140 1760 1222 1819 Deris

85 1854 211 1917 regnum
237 1859 320 1895 suum
344 1842 511 1918 propagari.
554 1840 618 1898 Nec
637 1858 707 1899 vero
728 1840 828 1917 inique
855 1839 1008 1897 serendum
1029 1847 1074 1896 est
1094 1835 1221 1896 exterio-

85 1932 148 1970 rem
175 1913 324 1972 hominem
348 1916 513 1996 corrumpi,
544 1915 632 1975 modo
662 1915 787 1974 interior
813 1926 982 1974 renovetur.
1032 1914 1117 1974 Haec
1143 1914 1221 1973 enini

84 1989 171 2069 regni
183 1990 241 2048 Dei
261 1990 392 2050 conditio
405 2004 459 2068 est,
477 2003 511 2051 iit
530 1991 597 2051 duni
619 2012 673 2051 nos
692 1991 928 2051 subiicimuseins
948 1988 1088 2063 iustitiae,
1107 1988 1221 2071 gloriae

86 2084 156 2124 suae
169 2078 321 2126 consortes
334 2068 445 2128 reddat.
486 2069 552 2128 lioc
572 2068 604 2127 ht
624 2069 691 2127 dum
705 2069 799 2128 lucem
820 2069 1018 2128 severitatem
1038 2086 1121 2125 suain
1141 2064 1221 2125 noris

85 2161 202 2221 semper
213 2142 401 2203 incrementis
421 2144 576 2217 illustrans,
596 2144 700 2224 quibus
713 2145 838 2204 Satanae
851 2144 992 2227 regnique
1004 2142 1066 2202 eins
1079 2142 1221 2202 tenebrae

85 2236 121 2277 ac
141 2219 290 2279 mendacia
302 2234 486 2296 evanescant,
508 2222 737 2301 exstinguantur,
757 2233 889 2300 pereant,
908 2242 975 2281 suos
987 2220 1135 2300 protegit,
1156 2216 1222 2298 Spi-

85 2292 160 2353 ritus
180 2295 223 2355 sui
242 2295 346 2355 auxilio
367 2296 399 2355 in
417 2298 623 2357 rectitudinem
642 2298 756 2377 dirigit,
777 2298 861 2357 etad
883 2296 1129 2376 perseverantiam
1150 2298 1222 2355 e'oii-

86 2368 199 2431 firmat:
219 2372 322 2449 impias
335 2391 405 2432 vero
426 2371 552 2433 bostium
572 2375 805 2452 conspirationes
825 2373 934 2445 deiicit,
952 2371 1072 2433 insidias
1092 2384 1124 2433 et
1145 2372 1222 2433 lraii·

88 2443 139 2505 des
159 2446 286 2520 discutit,
305 2448 435 2508 occurrit
452 2450 588 2523 malitiae,
608 2451 798 2529 pervicaciam
818 2450 966 2523 retundit,
987 2448 1085 2508 donec
1104 2448 1221 2510 tandein

86 2518 299 2584 Antichristum
320 2523 432 2614 Spiritu
452 2527 512 2586 uris
531 2526 576 2585 sui
594 2526 730 2585 conficiat
749 2526 805 2604 (ll.
817 2526 921 2585 Thess.
932 2531 961 2598 2,
972 2530 999 2589 S
1012 2536 1042 2585 et
1058 2524 1101 2586 ibi
1114 2524 1221 2604 Cale),

88 2616 266 2680 omnemque
286 2602 463 2681 impietatem
484 2601 678 2662 illustratione
699 2603 841 2662 adrentus
859 2603 904 2662 sui
924 2602 1030 2662 deleat.

165 2682 212 2740 43.
238 2678 340 2737 Tertia
353 2679 457 2758 petitio
470 2690 522 2751 est,
535 2678 927 2753 ut„iiatvolnntasllei
947 2681 982 2738 iii
1000 2678 1222 2739 terrasieuti

89 2750 124 2809 in
138 2754 277 2815 coeio.“
297 2755 389 2829 Quod
400 2756 513 2815 tametsi
524 2776 539 2813 a
552 2775 644 2837 regno
657 2756 717 2815 eius
730 2756 888 2833 dependct,
908 2774 1003 2832 neque
1015 2754 1051 2814 ab
1066 2776 1104 2816 eo
1125 2767 1222 2839 potest

90 2826 235 2911 disiungi,
259 2852 320 2891 non
346 2831 451 2892 frustra
477 2844 572 2891 tamen
593 2852 723 2892 seorsum
744 2833 860 2892 additur
878 2844 1002 2921 propter
1021 2844 1155 2893 nostram
1175 2854 1222 2893 rn-

92 2903 223 2982 ditatem,
244 2928 318 2987 quae
338 2929 399 2968 nnn
422 2907 505 2968 lacile
524 2909 570 2968 vel
590 2909 686 2969 statim
709 2908 912 2988 apprehendit,
933 2907 1001 2986 quid
1022 2907 1173 2970 sitDeum
1192 2910 1222 2970 in

90 2984 202 3042 mundo
222 3004 357 3065 regnare.
407 2986 474 3044 lloc
494 3004 566 3064 crgo
587 2986 735 3065 exegetice
754 3005 868 3043 sumere
887 2983 1042 3044 absurdum
1069 3007 1134 3047 non
1154 2986 1221 3047 erit:

90 3071 162 3120 tunc
188 3059 284 3119 Deum
312 3064 377 3122 sore
402 3081 502 3142 regem
528 3064 557 3120 in
585 3062 711 3133 mundo,
738 3060 788 3121 ubi
811 3083 842 3123 se
863 3082 965 3120 omnes
989 3061 1050 3121 eius
1077 3062 1222 3125 voluntati

89 3135 257 3197 subiicient.
276 3138 374 3198 Porro
387 3158 447 3198 iioii
462 3139 559 3217 agitur
579 3137 625 3197 hic
638 3138 673 3197 de
685 3159 787 3198 arcana
800 3141 859 3198 eius
872 3139 1035 3211 voluntate,
1055 3159 1113 3216 qua
1126 3142 1224 3201 omnia

90 3214 262 3273 moderatur
272 3226 302 3273 et
312 3216 341 3273 in
352 3236 434 3274 suuni
446 3213 544 3272 ,liiiciii
566 3213 690 3273 destinat
704 3214 756 3294 [cl.
767 3216 947 3293 c.‘td.s.1'i'.j.
980 3214 1127 3288 Quamvis
1148 3217 1223 3277 enini

89 3289 271 3349 tumultuose
291 3292 379 3350 Satan
400 3303 430 3350 et
456 3290 587 3350 homines
608 3296 710 3351 contra
731 3293 738 3350 i
762 3313 822 3349 suin
845 3291 989 3365 serantur,
1014 3292 1099 3351 novit
1126 3304 1224 3353 tamen

90 3367 382 3445 incomprehensibili
406 3388 460 3427 suo
481 3366 606 3427 consilio
628 3388 689 3427 noii
708 3313 801 3427 suibm
821 3368 942 3426 ilectere
963 3388 1065 3427 eorum
1086 3368 1225 3449 impetus,

90 3443 142 3503 sed
162 3442 192 3501 in
214 3444 347 3502 ordinem
368 3462 456 3523 agere
481 3455 514 3503 ut
537 3464 591 3523 per
616 3465 666 3503 cos
694 3443 779 3503 iaciat
799 3445 878 3522 qnod
906 3444 1041 3504 decrevit.
1094 3445 1159 3506 Sed
1180 3446 1225 3507 bic

21 3526 24 3531 '
90 3530 211 3579 notatur
229 3519 282 3580 alia
303 3518 359 3578 Dei
381 3517 529 3592 voluntas,
550 3540 655 3599 nempe
676 3522 721 3579 cni
742 3521 902 3599 respondet
920 3520 1117 3581 voluntarium
1139 3522 1226 3584 obse·

91 3596 210 3676 quium,
237 3597 364 3675 ideoque
384 3596 557 3655 nominatim
578 3596 731 3655 confertur
750 3596 863 3655 coelum
886 3610 997 3655 terrae:
1030 3598 1096 3675 quia
1118 3599 1228 3690 angeli,

90 3685 125 3733 ut
145 3673 174 3730 in
195 3670 311 3731 Psalmo
332 3671 439 3732 dicitnr
458 3675 540 3751 (tw,
560 3674 639 3749 tu),
672 3685 778 3750 sponte
800 3672 945 3731 obediunt
964 3672 1046 3745 Deo,
1066 3687 1097 3734 et
1116 3674 1227 3737 intenti

90 3759 160 3809 sunt
179 3747 213 3808 ad
234 3749 414 3827 exsequenda
427 3749 488 3808 eius
503 3748 587 3808 iussa.
626 3747 848 3829 Iubemnrergn
860 3760 973 3827 optare,
991 3750 1066 3809 sicut
1085 3752 1115 3811 in
1139 3751 1227 3814 coelo

92 3823 165 3884 nihil
179 3823 298 3905 geritur
319 3824 371 3883 nisi
393 3845 426 3883 ex
446 3824 503 3883 Dei
523 3836 614 3898 nutu,
635 3823 805 3903 placideque
825 3824 921 3905 angeli
941 3827 976 3884 ad
997 3846 1117 3887 omnem
1139 3830 1228 3891 recti·

91 3899 223 3960 tudinem
244 3901 399 3979 compositi
419 3912 502 3975 sunt,
527 3901 569 3960 sic
589 3912 695 3959 terram
717 3903 797 3960 omni
818 3904 1000 3962 contumacia
1025 3913 1054 3960 et
1082 3906 1229 3984 pravitate

91 3978 249 4049 exstincta,
274 3974 416 4036 eiusmodi
436 3977 559 4055 imperio
580 3976 685 4059 subigi.
724 3979 823 4056 Atque
843 3978 872 4036 id
893 3978 1009 4057 quidem
1052 3981 1230 4057 ostulantee,

91 4052 187 4113 carnis
206 4062 324 4112 nostrae
344 4053 493 4113 desideriis
513 4055 725 4113 renuntiamus:
751 4056 817 4133 quia
841 4055 895 4114 nisi
916 4057 980 4132 quis
1005 3998 1134 4118 adiectus
1159 4080 1228 4121 suos

4 4167 11 4181 ·
88 4127 159 4190 Deo
177 4128 309 4211 resignet
326 4149 359 4189 ac
378 4129 545 4208 permittat,
565 4129 626 4190 eius
645 4130 806 4206 voluntati,
833 4143 972 4221 quantum
996 4131 1027 4191 iii
1051 4152 1086 4193 se
1110 4147 1176 4212 est,
1197 4154 1229 4197 se

89 4205 229 4285 opponit,
248 4205 365 4297 quando
384 4205 458 4267 nihil
478 4226 513 4266 ex
531 4205 618 4267 nobis
638 4208 738 4287 prodit
756 4206 967 4267 nisivitiosum.
996 4207 1097 4288 Atque
1116 4210 1229 4275 iteruin

28 4276 146 4440 ἡ
168 4294 341 4365 precatione
363 4282 401 4343 ad
429 4282 524 4347 nostri
551 4283 780 4366 abnegationem
804 4282 983 4362 formamur,
1013 4296 1049 4347 ut
1066 4286 1155 4353 Deus
1173 4308 1228 4372 pro
