2700 4732
88 200 149 266 ddi
445 192 524 255 tte.
541 190 601 255 ill.
639 190 729 255 CAP.
748 186 860 251 xxttt.

92 335 315 421 questurum,
346 334 411 396 Nec
428 334 585 397 absurdum
603 333 697 401 rideri
715 332 805 394 debet
822 330 904 413 quod
923 324 1010 407 dico,
1039 326 1137 389 Deum
1153 344 1212 417 trop

95 413 188 476 modo
215 411 302 493 primi
323 409 451 472 bominis
476 434 574 475 casum
597 425 629 473 et
653 413 685 471 in
703 428 741 471 eo
764 421 952 490 posterorum
970 408 1090 467 ruinam
1107 420 1213 495 praen-

98 491 190 552 disse:
212 488 265 548 sed
288 486 411 548 arbitrio
431 508 550 568 quoque
568 510 621 550 suo
642 488 829 565 dispensasse.
877 484 922 544 Ut
940 482 1020 543 enim
1038 480 1078 541 ad
1096 498 1158 573 erm
1175 498 1214 539 ra·

96 564 236 649 pientiam
254 562 385 645 pertinet
402 564 532 625 omniurn
552 584 627 644 quae
647 564 744 623 futura
762 572 831 622 sunt
848 578 912 621 esse
928 557 1107 640 praescium,
1122 574 1166 615 ere
1180 552 1215 613 ad

96 641 272 725 potentiam,
291 638 390 701 omnia
407 660 493 701 mauu
512 663 562 702 sua
583 658 686 723 regere
705 659 739 699 ac
759 636 914 697 moderari.
952 636 992 695 Et
1010 634 1088 695 barre
1103 646 1216 712 qnoque

96 717 299 797 quaestionem
317 715 554 799 Augustinus,
573 729 606 777 ut
624 716 703 789 alias,
722 712 794 775 scite
813 712 930 793 expedit
948 706 1216 791 [nummatus.

97 794 205 874 rent]:
224 791 446 869 „saluberrime
465 793 639 853 confitemur
658 790 739 873 quod
758 789 916 849 rectissime
935 784 1099 861 credimur,
1126 780 1217 841 Deam

96 870 339 947 „Dominamque
358 887 455 926 rerum
474 870 619 944 omnium,
647 865 698 948 qui
721 866 830 927 creant
849 864 948 925 omnia
970 862 1052 923 bona
1071 857 1172 933 valde,
1191 866 1219 917 et

98 946 194 1021 „mala
214 962 248 1005 ex
267 944 352 1004 bonis
371 942 516 1003 exoritura
535 944 702 1024 praescivit,
719 953 751 1003 et
768 941 851 1003 seivit
869 940 959 1021 magis
978 937 1015 998 ad
1035 956 1120 997 suam
1129 954 1218 995 οιιιιι-

98 1020 350 1103 „potentissimam
381 1019 543 1080 bonitatem
572 1021 722 1101 pertinere
751 1016 838 1077 etiam
870 1016 906 1074 de
935 1014 1016 1074 malis
1036 1010 1219 1083 benefacere,
1264 1050 1266 1090 ;

98 1117 206 1176 „qnam
236 1096 310 1154 mala
341 1113 403 1156 esse
431 1116 494 1155 non
523 1095 636 1157 sinere:
667 1094 709 1156 sic
738 1094 886 1154 ordinasse
917 1088 1093 1171 angelorum
1114 1098 1150 1178 et
1171 1082 1220 1145 bo·

100 1174 231 1247 „minum
256 1170 362 1244 vitam,
391 1181 425 1230 ut
455 1172 485 1230 in
512 1192 545 1231 ea
571 1174 649 1252 prius
674 1170 860 1241 ostenderet,
886 1166 955 1246 quid
978 1176 1084 1246 posset
1101 1162 1220 1224 lrbereat

100 1246 291 1381 „arlia-ierim,
305 1245 411 1306 deinde
429 1247 498 1329 quid
517 1261 618 1331 posset
636 1246 744 1331 gratiae
758 1264 826 1309 suae
837 1242 1023 1317 beneficium,
1042 1240 1221 1319 iustitiaeque

122 1344 152 1381 ιι
174 1342 268 1381 rerum.

101 1364 121 1399 ’⁹
176 1402 208 1461 8.
246 1398 304 1457 liic
326 1396 362 1457 ad
387 1397 603 1459 distinctionem
622 1396 789 1458 Voluntatis
814 1406 844 1456 et
869 1390 1076 1454 Permissionis
1100 1386 1221 1473 recurri-

102 1483 167 1544 lura
184 1472 343 1533 secundum
364 1494 447 1553 quam
468 1474 603 1535 obtinere
622 1474 740 1548 volunt,
760 1472 947 1553 permittente
964 1466 1078 1541 modo,
1095 1485 1161 1526 nora
1178 1484 1223 1553 aa:

103 1559 162 1639 tem
182 1548 300 1639 polente
319 1549 385 1609 Deo
405 1550 501 1628 perire
520 1552 643 1642 impios..
671 1549 732 1608 Sed
752 1570 805 1641 cur
823 1547 993 1626 permittere
1011 1542 1158 1613 dicemur,
1174 1539 1224 1599 uisa

4 1770 11 1783 ,
102 1643 172 1761 tlt·
185 1624 547 1779 litiislltt‘tll
560 1616 1224 1761 'litttttttlltttt‘,tttssbdlt‘d’

103 1775 232 1865 teritum.
272 1775 363 1849 Quasi
382 1796 452 1867 vero
472 1798 533 1869 ιιι
554 1777 739 1837 constituerit
756 1776 854 1848 Deus,
873 1794 929 1853 qua
943 1770 1128 1862 ‘conditio-ne
1146 1785 1223 1847 prae·
1264 1772 1266 1786 '

105 1870 284 2007 fibugaumstib
293 1864 615 2008 drseildbliiitseiwiatbsrsit
631 1846 1224 2013 vbiddbrteraldddeidddsldaidrulgtddcermsl·

106 2013 208 2075 tatem,
227 2014 313 2081 atque
332 2003 361 2062 id
382 2004 543 2064 necessario
563 2004 692 2063 loturum
712 2002 873 2081 essequod
893 2000 943 2060 ille
962 1999 1110 2059 volueret:
1132 2014 1223 2077 quem-
1261 2022 1266 2045 ι

107 2077 263 2139 admodum
288 2099 321 2137 ca
345 2100 413 2139 vere
440 2079 534 2140 lutura
556 2091 642 2155 sunt,
662 2099 736 2158 quae
755 2078 929 2159 praeviderit
957 2075 1011 2156 [de
1031 2073 1115 2133 Gen.
1135 2074 1172 2134 ad
1188 2070 1225 2131 lit
1264 2120 1266 2134 .

107 2152 160 2213 lib.
179 2160 207 2215 6.
227 2175 251 2213 c·
271 2153 343 2246 1⁵.].
361 2189 401 2204 -
437 2155 523 2216 Nunc
542 2175 612 2215 vero
630 2157 654 2217 si
674 2175 729 2234 pro
748 2176 797 2214 sua
818 2166 849 2213 ct
867 2153 1024 2233 impiorum
1045 2148 1225 2209 excusatione
1264 2148 1266 2201 Ι

107 2227 155 2290 rel
175 2226 335 2309 Pelagianr,
354 2230 400 2291 vel
420 2231 596 2305 Manichaei,
615 2230 661 2292 rel
680 2231 903 2311 Anabaptistae,
921 2225 970 2287 vel
990 2226 1136 2307 Epicurei
1154 2228 1226 2305 (ιιι

110 2324 177 2365 curn
196 2303 256 2364 istis
276 2317 401 2385 quatuor
419 2308 504 2367 sectis
530 2306 615 2368 nobis
643 2308 673 2366 in
705 2307 761 2367 boc
789 2316 963 2387 argumento
995 2300 1157 2383 negotium
1178 2298 1227 2375 eat)

109 2380 322 2456 necessitatem,
341 2402 438 2462 quaer
453 2383 510 2441 Dei
530 2383 794 2463 praedestinatione
806 2383 1060 2461 constringuntur,
1079 2376 1227 2439 obiiciant:

109 2453 184 2513 nibil
204 2453 333 2515 abierunt
356 2457 391 2516 ad
416 2478 527 2518 causam
556 2458 703 2518 idoneum.
753 2460 785 2518 Si
805 2458 883 2518 enim
906 2454 1144 2537 praedestinatio
1166 2448 1228 2513 unt

111 2528 190 2589 aliud
211 2541 254 2589 est
273 2550 358 2610 quam
379 2533 492 2594 divinae
512 2534 649 2608 iustitiae,
675 2534 808 2595 occultae
828 2533 961 2614 quidem,
985 2529 1038 2591 sed
1059 2528 1229 2611 inculpatae,

113 2604 305 2687 dispensatio:
331 2608 398 2686 quia
418 2629 478 2668 non
496 2610 633 2702 indignos
654 2610 739 2671 luisse
759 2622 870 2671 certum
889 2620 942 2683 cst,
960 2607 1010 2687 qui
1035 2605 1068 2665 in
1090 2626 1158 2667 eam
1175 2624 1230 2667 sor·
1264 2623 1266 2629 ’

111 2692 174 2741 tem
186 2683 487 2817 praedestinarentur,
508 2698 688 2745 iustissimum
699 2706 817 2766 quoque
828 2706 889 2747 csse
909 2683 1232 2775 interitumpquemet·

112 2777 184 2836 prae
206 2758 378 2820 estinatione
396 2761 537 2837 subeunt,
566 2782 658 2842 acque
678 2775 788 2821 certum
809 2774 860 2823 est.
898 2760 945 2820 Ad
965 2759 1038 2831 hoc,
1065 2780 1110 2819 ιιι
1131 2758 1233 2819 ulte

112 2835 379 2925 praedestinatione
404 2838 513 2918 pendet
536 2857 637 2898 eorum
664 2840 807 2930 perditio,
838 2849 871 2898 ut
895 2856 978 2897 eausa
1003 2844 1035 2893 et
1059 2832 1233 2895 materiaia

113 2910 184 2988 apsis
205 2913 375 2990 reperiatur.
425 2914 534 2993 Lapsus
559 2926 602 2974 est
625 2934 702 2974 enam
735 2915 844 2995 primus
865 2915 970 2985 borno,
1000 2910 1073 2988 qnia
1092 2910 1235 2972 Dominae

113 2986 153 3045 ita
173 3005 205 3044 er
217 2986 309 3046 ›edire
328 3003 492 3049 censuerat:
512 3011 564 3049 cur
583 2991 738 3063 censuerit,
756 3011 810 3050 nos
829 2990 908 3050 latet.
948 2988 1074 3048 Certum
1085 2994 1236 3047 temeret

115 3008 281 3121 munditer
305 3065 463 3135 censuisse,
495 3067 548 3125 nisi
568 3068 633 3143 quis
652 3067 771 3126 videbat
798 3066 924 3125 nominis
946 3063 990 3123 sui
1013 3061 1151 3143 gloriam
1174 3061 1236 3123 inde

115 3137 221 3197 merito
241 3136 384 3199 illustrari.
423 3140 482 3199 Ubi
501 3144 679 3219 mentionem
699 3142 810 3224 gloriae
830 3143 886 3200 Dei
906 3140 999 3212 audis,
1018 3139 1082 3199 illic
1103 3140 1237 3201 iustitiam

117 3212 224 3291 cogita.
274 3213 384 3274 lustum
404 3217 479 3274 enim
501 3237 561 3276 esse
582 3230 711 3297 oportet,
731 3219 809 3296 quod
835 3217 947 3276 laudem
970 3226 1116 3275 meretur.
1159 3214 1238 3279 Cadit

116 3288 207 3421 ilpitur
231 3288 334 3363 borno,
354 3292 411 3350 Dei
430 3293 614 3371 providentia
638 3294 680 3353 sic
705 3295 874 3353 ordinante:
905 3292 955 3352 sed
979 3312 1033 3351 suo
1056 3290 1134 3351 vitio
1160 3290 1239 3353 cadit.

144 3365 362 3425 renuntiaverat
380 3369 467 3445 paulo
487 3380 554 3427 ante
568 3369 721 3441 Dominus,
741 3369 838 3430 omnia
857 3389 931 3448 quae
951 3368 1065 3427 lecerat
1083 3386 1152 3427 esse
1164 3366 1240 3427 valde

117 3437 198 3498 bona
216 3438 309 3517 (Gen.
330 3448 358 3515 1,
377 3446 449 3518 ab).
500 3444 586 3503 Unde
606 3466 677 3527 ergo
709 3446 758 3505 illa
782 3446 891 3507 bomini
915 3443 1061 3525 pravitas,
1085 3454 1123 3503 ut
1142 3464 1161 3506 a
1178 3442 1240 3503 Deo

118 3535 173 3575 auo
194 3514 327 3575 deficiat?
374 3518 419 3576 Ne
440 3522 640 3580 excreatione
661 3541 721 3581 esse
741 3534 907 3600 putaretur,
938 3519 1038 3601 elogio
1059 3540 1118 3581 suo
1140 3538 1242 3601 appro-

118 3589 239 3651 baverat
255 3591 351 3666 llcus,
371 3595 450 3673 quod
469 3595 633 3673 proiectum
654 3609 716 3656 erat
738 3619 754 3658 a
773 3617 804 3658 se
823 3598 896 3675 ipso.
945 3594 1071 3686 Propria
1091 3613 1171 3679 ergo
1188 3616 1243 3657 ma·

120 3666 193 3741 litia,
212 3688 297 3747 quam
309 3683 459 3748 acceperat
472 3672 628 3732 aDomino
638 3695 739 3753 puram
752 3686 881 3733 naturam
892 3684 1034 3750 corrupit,
1057 3683 1089 3732 et
1097 3692 1155 3734 sua
1166 3672 1243 3733 ruina

118 3753 215 3804 totam
256 3745 434 3805 osteritatem
455 3748 485 3805 in
505 3748 620 3808 exitium
639 3769 736 3809 secum
756 3751 878 3809 attraxit.
928 3750 1029 3821 Quare
1050 3747 1083 3807 in
1104 3758 1243 3829 corrupta

120 3821 219 3908 potius
234 3764 356 3880 bomani
375 3824 489 3915 generis
509 3836 610 3883 natura
630 3826 793 3886 evidentem
809 3823 999 3884 damnationis
1021 3843 1157 3901 causam,

121 3893 209 3954 nobrs
228 3896 421 3976 propinquior
441 3911 493 3972 est,
513 3902 754 3980 contemplemur,
773 3923 857 3980 quarn
870 3898 1071 3959 absconditam
1082 3920 1119 3962 ac
1131 3912 1243 3983 penetus

120 3968 444 4050 incomprehensibilem
471 3977 645 4055 inquiramus
670 3977 699 4035 in
725 3978 781 4036 Dei
811 3976 1088 4057 praedestinatione.
1144 3978 1243 4057 Neque

120 4045 280 4139 immensae
297 4048 356 4108 Dei
374 4052 531 4130 sapientiae
549 4052 719 4113 submittere
739 4054 885 4132 bucusque
903 4052 1055 4145 ingenium
1077 4052 1199 4136 pigeat,
1213 4062 1242 4111 ut

120 4141 154 4181 ru
182 4120 280 4185 multas
310 4123 371 4186 eius
395 4128 507 4188 arcanis
536 4129 712 4189 succumbat.
761 4130 872 4189 Eorum
898 4148 974 4188 enrm
995 4148 1072 4208 quae
1096 4131 1180 4191 seire
1195 4148 1242 4190 uec

121 4194 207 4287 datur
224 4217 281 4261 nec
299 4199 341 4293 las
361 4214 419 4281 cst,
448 4204 534 4267 docta
557 4217 602 4269 eat
626 4204 805 4289 igntuantia:
834 4205 972 4269 scientiae
991 4208 1187 4287 appetentia,
1202 4206 1241 4268 iu·

118 4290 217 4335 antae
234 4294 355 4359 species.
