2700 4732
514 214 592 276 tto.
611 217 636 276 1.
675 216 765 281 ent.
785 218 869 279 1111.

490 504 754 579 CAPUT
804 508 898 580 xltt.

138 697 269 759 b'nieam
289 696 362 757 Dei
384 697 582 758 essentiam
605 697 647 759 ab
672 699 750 780 lpsa
775 702 971 763 creatione
992 702 1087 763 tradi
1107 702 1140 761 iu
1160 656 1256 765 spri-

255 790 396 871 ptoris,
421 810 513 871 qnae
532 802 609 853 tres
628 793 723 854 inse
742 815 920 874 personas
939 796 1120 859 continet.

89 970 94 1075 Ι
189 970 292 1025 comt
315 968 370 1023 boe
389 968 479 1039 Caput
501 970 603 1023 duabus
619 970 745 1025 Partibus.
786 974 817 1043 t)
835 972 1017 1025 Ortbodoxam
1035 972 1068 1025 de
1085 974 1112 1027 S.
1130 964 1257 1027 Trinitate

136 1052 261 1107 &minans
277 1054 376 1116 tradit,
401 1073 469 1124 quae
486 1073 501 1106 a
518 1054 605 1122 prima
625 1055 836 1127 sectionemque
856 1060 889 1111 ad
908 1058 1052 1121 tigesimam
1069 1057 1195 1128 prienam,
1220 1060 1255 1111 ad

135 1152 228 1207 prenae
242 1138 389 1207 particulas
407 1139 525 1190 revocari
542 1152 634 1208 potest.
678 1138 796 1193 Primum
822 1144 890 1195 enim
916 1142 999 1206 agitur
1021 1146 1054 1195 de
1069 1142 1258 1208 significatione

134 1218 252 1283 lenone,
267 1234 327 1273 tum
345 1219 490 1273 sociatum
508 1222 546 1273 rei
561 1222 640 1292 ipsius
657 1240 782 1293 respectu,
797 1234 859 1279 secti
872 1227 960 1281 2-n
994 1226 1118 1281 Secundo
1136 1230 1257 1283 deitatem

134 1304 177 1357 lili
192 1306 298 1377 probat,
313 1320 377 1359 sect.
396 1306 499 1361 '1-13
519 1305 624 1359 ·'l'ertio
637 1307 748 1376 Spiritus
765 1310 792 1363 S.
809 1312 931 1363 deitatem
949 1313 1043 1371 asserit,
1058 1326 1119 1364 teet.
1137 1312 1256 1369 ibetle't.

135 1376 226 1458 Quantis,
241 1392 308 1461 quid
327 1393 362 1443 de
379 1390 411 1447 S.
429 1388 557 1443 Trinitate
572 1391 606 1443 sit
620 1392 784 1445 sentiendum
803 1395 920 1464 explicat,
936 1410 994 1447 sect
1013 1396 1131 1450 lss-Wl.

181 1476 213 1544 2)
230 1474 360 1529 Haereses
377 1476 519 1545 quaedam.
541 1476 681 1546 praecipue
702 1496 765 1529 vero
786 1494 876 1531 nostro
898 1480 1003 1533 saeculo
1021 1482 1141 1533 adversus
1160 1481 1254 1533 ortbn-

135 1558 208 1613 han
226 1562 294 1613 bane
311 1558 464 1613 docuinam
480 1574 580 1612 eaortas
596 1562 703 1624 refellit,
719 1581 735 1614 a
751 1578 812 1615 seet.
828 1567 869 1617 tt.
887 1583 968 1635 osque
985 1564 1018 1618 ad
1034 1564 1115 1617 tinent
1132 1565 1230 1636 capitit.

188 1734 218 1792 t.
257 1726 356 1803 Quod
381 1728 420 1790 de
447 1727 588 1789 immensa
610 1739 642 1787 et
670 1730 813 1790 sirituali
831 1730 889 1789 Dei
918 1731 1044 1792 essentia
1073 1730 1198 1791 traditur
1220 1730 1253 1792 in

134 1802 284 1885 septusis,
306 1825 371 1864 non
390 1806 482 1865 ntodo
503 1806 538 1864 ad
558 1751 715 1867 evertenda
735 1807 813 1889 vulgi
833 1809 950 1878 deliria,
968 1807 1020 1867 sed
1040 1808 1126 1867 etiam
1146 1808 1182 1868 ad
1202 1827 1252 1867 re·

133 1878 246 1945 brutas
266 1880 414 1961 profanae
433 1880 643 1961 Philosophiae
667 1886 795 1964 argutias
819 1886 916 1944 valere
941 1882 1039 1943 debet.
1091 1884 1173 1943 Scite
1193 1883 1251 1945 sibi

132 1978 187 2019 teas
204 1978 240 2019 ex
258 1958 414 2018 veteribus
438 1956 536 2019 dicere
560 1958 636 2019 vis'us
656 1975 715 2036 est,
739 1960 837 2019 Deum
865 1980 928 2020 esse
947 1959 1087 2040 quicquid
1106 1960 1252 2037 videmus,

130 2034 301 2115 «quiequid
322 2053 386 2093 non
404 2033 538 2095 ridemus
558 2034 679 2115 [Senec.
699 2038 792 2117 praei.
806 2037 856 2096 lib.
869 2044 896 2101 1.
913 2047 1022 2115 quaest.
1042 2038 1125 2117 nat].
1158 2036 1250 2117 Atqui

129 2107 174 2171 boe
192 2112 281 2171 undo
307 2110 342 2170 in
367 2110 495 2194 singulas
523 2111 624 2171 mundi
655 2126 752 2192 partes
772 2114 955 2173 divinitatem
986 2114 1161 2174 transfusam
1187 2131 1250 2174 esse

125 2186 204 2248 tinnit.
237 2187 304 2249 nest
325 2198 425 2247 autem
444 2188 542 2262 Dens,
561 2201 593 2249 ut
613 2210 667 2251 nos
687 2192 717 2250 in
736 2191 897 2250 sobrietate
916 2189 1081 2261 contineat,
1104 2212 1194 2270 parco
1212 2190 1250 2250 de

123 2286 167 2325 tna
183 2265 308 2327 essentia
330 2264 463 2340 disserit,
483 2265 597 2326 duobos
617 2277 715 2327 tamen
733 2267 805 2341 illis,
835 2286 910 2347 qnae
930 2265 1003 2340 dixi,
1034 2268 1170 2346 epithetis
1188 2278 1250 2327 unt

77 2380 79 2393 ι
122 2362 217 2404 crassas
234 2341 465 2423 imaginationes
485 2342 579 2416 tollit,
602 2364 689 2423 qnam
713 2346 847 2425 reprimit
872 2344 1015 2403 bumanae
1034 2344 1139 2403 mentis
1158 2344 1249 2403 auda-

120 2418 192 2479 tiata.
228 2420 309 2480 Nam
331 2429 413 2477 certe
433 2420 496 2479 eius
514 2418 689 2480 immensitas
708 2434 820 2480 terrere
841 2443 895 2481 nos
908 2418 1008 2493 debet,
1028 2440 1141 2483 neeutn
1161 2440 1250 2480 sensu

116 2508 212 2557 nostro
243 2496 346 2555 metiri
370 2507 531 2555 tentemus:
562 2497 718 2576 spiritualis
741 2518 811 2557 vero
839 2510 942 2557 natura
968 2498 1124 2575 quicquam
1150 2496 1187 2556 de
1208 2516 1246 2556 eo

115 2584 260 2633 tarmen
280 2583 337 2631 aut
354 2574 473 2632 carnale
492 2575 635 2653 speculari
654 2586 744 2634 vetat.
794 2575 908 2633 Eodem
934 2573 1063 2662 pertinet
1083 2573 1163 2652 qnod
1182 2591 1248 2631 sae-

116 2650 172 2729 pius
189 2648 377 2709 domicilium
397 2649 454 2708 sibi
474 2650 503 2707 in
525 2651 611 2710 coelo
631 2652 765 2732 assignat.
815 2652 877 2709 Etsi
898 2670 993 2723 enim,
1017 2660 1050 2708 ut
1070 2662 1115 2709 est
1133 2649 1247 2709 incom-

115 2726 337 2805 prehensibilis,
368 2736 476 2785 terram
497 2747 616 2806 quoqne
647 2727 737 2807 ipsam
767 2728 884 2807 implet:
917 2726 984 2804 qnia
1011 2738 1109 2785 tamen
1134 2736 1248 2785 mentes

116 2816 224 2863 natm
241 2822 300 2895 pro
322 2821 374 2861 sua
394 2801 530 2861 tarditate
549 2803 700 2863 subsidere
720 2805 749 2862 in
769 2817 847 2863 terra
868 2803 947 2863 videt
966 2804 1084 2873 merito,
1102 2814 1135 2861 ut
1155 2802 1248 2891 pigri-

116 2880 182 2939 tie·
200 2890 233 2937 et
249 2880 390 2939 inertiam
406 2878 540 2953 excutiat,
560 2901 646 2959 sopra
665 2882 806 2940 mundum
827 2901 881 2939 nos
901 2877 1021 2939 attollit.
1060 2879 1159 2958 Atque
1179 2878 1248 2937 binc

116 2954 245 3017 concidit
260 2955 503 3014 Manichaeorum
524 2975 618 3029 error,
638 2958 688 3036 qui
709 2959 767 3017 dno
789 2957 930 3038 principia
950 2955 1123 3027 statuendo,
1143 2953 1246 3013 diabo-

113 3032 172 3093 lan
191 3032 256 3092 {ere
272 3032 343 3091 Deo
365 3052 464 3111 parem
491 3030 634 3093 lecerunt.
686 3034 777 3093 Certe
809 3035 865 3094 boc
892 3032 946 3092 luit
971 3042 1001 3091 et
1020 3032 1077 3090 Dei
1103 3031 1247 3090 unitatem

112 3108 302 3189 abrumpere,
322 3121 354 3168 et
373 3109 551 3202 restringere
576 3111 809 3169 immensitatem.
854 3112 928 3169 Nam
950 3108 1031 3188 qnod
1057 3108 1139 3168 abuti
1163 3106 1248 3167 testi-

114 3188 216 3247 nnniis
264 3185 420 3245 uibusdam
441 3207 499 3245 aust
519 3198 598 3258 sunt,
617 3189 709 3265 turpis
729 3187 860 3247 inscitiae
882 3187 951 3245 soit:
973 3185 1057 3244 sicuti
1078 3186 1140 3264 ipse
1162 3202 1248 3243 error

113 3208 294 3325 metandis
315 3262 455 3320 insaniae.
485 3263 809 3343 Anthropomorphitae
831 3264 929 3333 etiam,
950 3262 1001 3341 qui
1020 3260 1118 3319 Deum
1139 3280 1248 3339 corpo-

114 3357 194 3397 nun
210 3358 246 3399 ex
264 3358 305 3398 eo
324 3348 394 3399 sunt
413 3339 570 3418 imaginati,
612 3340 670 3398 uod
692 3361 735 3411 os,
756 3360 850 3413 aures,
871 3337 989 3413 oculos,
1009 3358 1122 3411 manus,
1142 3348 1173 3396 et
1193 3356 1246 3417 pe-

113 3416 165 3475 des
182 3414 338 3495 Scriptura
357 3414 400 3474 illi
417 3436 503 3494 saepe
523 3362 658 3489 ascribit,
679 3417 762 3476 facile
783 3418 958 3475 refutantur.
1007 3412 1082 3487 Quis
1102 3414 1180 3472 enirn
1201 3411 1248 3472 vel

116 3512 215 3570 parurn
235 3492 407 3573 ingeniosus
427 3512 488 3550 non
509 3492 657 3573 intelligit,
676 3494 773 3552 Deum
794 3495 833 3553 ita
854 3492 1020 3563 nobiscum,
1041 3510 1094 3550 ceu
1116 3490 1247 3549 nutrices

113 3567 212 3628 solent
229 3590 294 3627 eum
316 3566 491 3641 infantibus,
512 3570 731 3648 quodammodo
753 3568 918 3630 balbutire?
956 3567 1087 3626 Proinde
1106 3566 1180 3627 tales
1200 3565 1248 3623 lo-

113 3644 222 3724 quendi
241 3644 355 3706 formae
384 3664 443 3702 non
477 3657 533 3704 tam
559 3647 595 3704 ad
620 3646 761 3725 liquidnm
782 3643 1072 3726 exprimunt‚‚qnalis
1097 3642 1135 3701 sit
1154 3642 1250 3725 Deus,

110 3744 200 3801 quara
218 3724 279 3783 eius
299 3721 438 3781 notitiam
456 3723 593 3781 tenuitati
614 3735 731 3781 nostrae
756 3722 995 3783 accommodant:
1020 3718 1101 3799 quod
1126 3728 1160 3777 ut
1186 3717 1248 3791 fiat,

108 3798 203 3879 longe
220 3800 297 3858 inira
318 3799 381 3857 eius
401 3796 583 3857 altitudinem
604 3799 782 3858 descendere
801 3818 919 3859 necesse
940 3809 992 3857 est.

185 3883 213 3941 2.
252 3876 317 3936 Sed
336 3875 392 3932 ulia
409 3893 528 3953 quoque
546 3876 665 3954 speciali
683 3888 765 3948 nota,
781 3896 837 3955 qua
855 3876 977 3955 propius
986 3872 1085 4009 possit
1102 3867 1247 3961 dignosci,

106 3973 137 4015 te
156 3952 302 4031 designat.
340 3953 416 4010 Nam
441 3950 480 4009 its
499 3972 530 4011 se
551 3952 699 4029 praedicet
719 3955 836 4013 unicum
850 3973 923 4023 esse,
942 3964 975 4009 ut
1007 3949 1124 4009 istincte
1143 3966 1173 4004 tn
1193 3957 1249 4004 trt-

107 4032 163 4091 bns
182 4030 319 4110 personis
338 4026 584 4087 considerandum
603 4042 765 4109 proponat,
791 4050 861 4108 quas
887 4030 941 4088 nisi
961 4038 1111 4098 tenemus,
1136 4022 1248 4081 nudum

108 4118 140 4166 et
163 4108 251 4165 inane
276 4108 418 4163 duntaxat
437 4104 495 4164 Dei
525 4127 634 4165 nomen
665 4108 729 4166 sine
747 4128 821 4165 vero
842 4106 908 4165 Deo
934 4106 965 4161 in
990 4101 1117 4163 cerebro
1142 4104 1254 4157 nostro·

108 4184 224 4243 volitat.
262 4184 363 4243 Porro
382 4202 422 4239 ne
442 4182 506 4259 quis
525 4182 671 4263 triplicem
692 4183 788 4250 Deum
809 4185 951 4255 somniet,
982 4190 1033 4240 aut
1052 4186 1137 4257 putet
1154 4173 1254 4263 tribus·

110 4260 245 4339 personis
275 4258 399 4319 lacerari
429 4260 482 4315 sins
504 4259 589 4320 licem
609 4261 668 4319 Dei
693 4261 866 4334 essentiam,
898 4254 1066 4337 quaerenda
1088 4252 1137 4312 bic
1161 4249 1255 4311 nobe

112 4336 171 4396 erit
189 4336 285 4397 brevis
303 4348 337 4397 et
363 4334 459 4396 facilis
479 4280 631 4415 definitio,
651 4358 726 4417 qnae
746 4354 801 4397 uos
820 4336 856 4397 ab
878 4333 961 4396 omni
985 4349 1088 4393 errore
1107 4326 1251 4410 expediat.
