2700 4732
516 239 592 301 tto.
612 240 654 300 Il.
694 240 784 300 CAP.
803 239 868 301 XV.

488 525 879 599 csoorxv.
1044 584 1050 617 ,

104 723 158 784 Ut
177 720 351 794 sciamus,
370 739 540 799 quorsum
562 718 689 780 missus
709 718 825 780 luerit
846 718 1011 780 Christus
1030 739 1047 781 a
1067 720 1191 799 Patre,
1210 734 1248 786 ct

105 815 197 897 quid
223 812 331 875 nohis
357 813 544 886 attulerit,
569 812 641 872 tria
666 813 895 893 potissimum
920 816 1118 894 spectanda
1142 816 1179 877 in
1203 837 1245 879 eo

74 980 78 989 ι
157 925 257 983 csse,
276 927 399 967 munus
420 904 697 986 propheticum,
716 927 867 988 regnum
889 916 925 966 et
942 907 1197 971 sacerdotium.

177 1082 270 1137 Partes
289 1081 398 1152 Capitis:
415 1081 447 1152 1)
463 1080 506 1134 De
523 1082 679 1153 prophetico
698 1082 794 1136 Christi
808 1102 927 1146 munere,
941 1082 1108 1154 eiusdemque
1124 1086 1247 1152 dignituto

110 1190 141 1223 ae
156 1190 218 1231 usu,
232 1182 294 1222 scct.
311 1169 335 1221 1.
353 1182 379 1218 et
393 1170 418 1221 2
434 1196 471 1209 -
509 1168 542 1235 Ἰ)
560 1168 646 1235 Quale
669 1168 702 1221 sit
719 1166 814 1219 Christi
834 1184 956 1231 regnum,
973 1182 999 1220 et
1014 1188 1081 1239 quae
1097 1172 1168 1224 hona
1184 1171 1247 1224 iude

109 1254 301 1326 percipiamus,
324 1265 384 1305 sect.
400 1251 487 1306 3-5.
506 1280 538 1292 -
571 1251 603 1321 3)
619 1251 663 1304 Do
681 1251 775 1306 Christi
794 1252 958 1315 acerdotio,
979 1265 1057 1322 atquc
1077 1257 1191 1311 eiusdem
1209 1258 1248 1311 εἰ.

110 1338 214 1402 Aeaeis,
226 1352 289 1392 sect.
306 1337 331 1392 o.

188 1526 220 1588 1.
257 1518 352 1581 Recte
362 1518 542 1602 Augustinus
552 1520 598 1594 ⁸),
617 1519 745 1600 quamvis
764 1519 905 1581 haeretici
916 1517 1026 1581 Christi
1038 1540 1147 1583 nomeu
1160 1543 1248 1604 prae-

113 1598 233 1672 dicent,
262 1616 417 1659 commune
442 1608 539 1656 umen
568 1597 624 1657 illis
649 1618 714 1657 cum
740 1595 793 1689 piis
815 1596 1037 1657 fundamentum
1062 1618 1124 1659 csse
1149 1613 1248 1683 negat,

112 1675 165 1739 sed
191 1694 312 1735 manere
340 1671 480 1734 eeclesiae
506 1675 672 1753 proprium:
699 1695 767 1753 qura
792 1674 816 1733 si
842 1673 1000 1755 diligenter
1023 1674 1247 1737 considerentur

112 1772 191 1833 quac
212 1750 250 1812 ad
262 1748 412 1811 Christum
431 1752 591 1828 pertinent,
611 1751 730 1809 nomine
750 1762 835 1812 tenus
855 1750 1004 1810 invenitur
1016 1748 1150 1811 Christus
1168 1753 1247 1833 apud
1308 1752 1315 1765 “

113 1849 182 1890 eos:
203 1847 238 1887 re
256 1828 267 1887 i
288 1847 318 1887 sa
338 1848 399 1886 non
421 1837 473 1886 est
512 1826 562 1884 Sic
581 1827 671 1886 hodie
685 1828 829 1906 Papistae‚
848 1826 977 1904 quamvis
996 1826 1026 1885 in
1043 1846 1096 1886 ore
1115 1827 1246 1908 ipsorum

115 1915 239 1966 resonet
282 1903 348 1963 ilius
368 1901 440 1976 Dei,
464 1903 565 1961 mundi
584 1902 781 1982 Redemptor:
806 1901 873 1982 quia
897 1913 994 1960 tamen
1019 1901 1100 1963 inani
1120 1906 1248 1967 nominis

88 1980 245 2044 ¹ohtentu
269 1978 418 2070 contenti,
449 2000 499 2038 sua
518 1979 630 2069 ⁸virtute
657 1992 687 2038 et
707 1978 849 2060 dignitate
873 1999 938 2036 eum
963 1976 1090 2052 nudant,
1122 2001 1191 2075 vere
1216 1983 1248 2043 in

114 2054 732 2220 :timotlutulento:
746 2051 1024 2205 stultit:
1039 2057 1136 2211 tlt:
1155 2058 1247 2195 tr:

115 2212 184 2292 ipso
199 2209 372 2289 acquiescat,
391 2208 575 2268 statuendum
589 2207 644 2267 hoc
665 2207 839 2288 principium
854 2219 909 2281 est,
928 2207 1020 2267 tribur
1033 2208 1164 2288 partibus
1175 2231 1248 2271 con-

113 2301 197 2348 stare
217 2285 295 2366 qnod
315 2286 342 2344 ei
361 2284 525 2344 iniunctum
545 2306 561 2343 a
582 2285 669 2343 Patre
694 2305 799 2343 munus
819 2284 884 2344 suit.
943 2284 1017 2343 Nam
1043 2296 1073 2344 et
1098 2285 1250 2367 Propheta

115 2366 205 2424 datus
225 2373 279 2433 est,
297 2372 327 2421 et
345 2360 407 2420 Rex
427 2372 457 2420 et
477 2361 634 2419 Sacerdos:
655 2381 820 2495 quanquam
840 2357 960 2419 nomina
981 2359 1052 2422 haec
1072 2373 1175 2431 tenere
1194 2385 1245 2446 pa.

114 2463 182 2500 rum
205 2438 371 2520 prodesset,
397 2436 451 2495 nisi
477 2437 631 2496 accederet
676 2438 718 2495 nis
740 2449 770 2494 et
795 2458 861 2496 usus
881 2435 1022 2517 cognitio.
1072 2438 1146 2499 Nam
1167 2444 1249 2500 etin

114 2518 233 2609 Papatu
253 2534 372 2606 quoque
392 2513 635 2591 pronuntiantur,
654 2513 705 2572 sed
727 2512 831 2592 frigide
852 2533 907 2571 nec
926 2532 1034 2592 magno
1055 2536 1121 2575 cum
1141 2516 1250 2593 fructu,

115 2594 167 2654 nh:
188 2603 320 2653 nescitur
340 2590 408 2669 quid
428 2589 459 2647 in
479 2610 509 2648 se
530 2589 760 2669 unumquodque
773 2589 902 2669 elogiurn
923 2590 1081 2650 contineat.
1118 2591 1250 2656 Diximus

118 2683 197 2746 ante,
218 2666 348 2749 quamvis
368 2667 449 2724 Deus
465 2665 623 2744 prophetas
643 2667 783 2726 continua
802 2665 877 2724 serie
897 2665 969 2723 alios
989 2666 1050 2726 aliis
1061 2667 1248 2747 submittens,

122 2769 162 2827 po
184 2745 262 2805 ulum
291 2764 441 2823 nunquam
467 2742 631 2800 destituerit
660 2741 723 2800 utili
748 2741 900 2814 doctrina,
929 2753 959 2799 et
979 2762 1053 2820 quae
1073 2743 1250 2805 adsalutem

122 2767 283 2883 nulle-eret:
313 2820 428 2898 piorum
459 2830 555 2877 tamen
585 2831 698 2878 mentes
731 2817 784 2877 hac
809 2816 998 2897 persuasione
1021 2814 1137 2897 s'emper
1162 2820 1251 2882 luisse

120 2898 258 2972 imbutas,
278 2896 404 2956 adventu
424 2895 547 2954 hlcssiae
567 2894 682 2953 demum
704 2893 818 2984 plenam
839 2893 1050 2973 intelligentiae
1069 2894 1164 2955 lucem
1184 2917 1252 2976 spe·

118 2974 241 3037 randarn
262 2991 334 3032 esse.
355 2973 499 3049 Adeoque
520 2970 580 3030 eius
600 2971 643 3028 rei
664 2969 765 3049 opinio
786 2981 960 3048 pervenerat
980 2991 1070 3060 usquc
1090 2972 1126 3031 ad
1149 2974 1252 3033 Sama·

117 3053 242 3124 titanos,
263 3048 367 3128 quibus
388 3060 485 3106 tamen
507 3069 565 3107 nun
591 3068 653 3105 uam
675 3046 845 3105 innotuerat
865 3065 932 3105 vera
950 3045 1004 3104 reli
1027 3067 1072 3107 ro:
1099 3048 1178 3127 quod
1200 3069 1248 3129 pa⁴

117 3140 164 3188 tet
184 3149 218 3186 ex
238 3144 310 3187 voce
330 3125 378 3184 illa
399 3123 538 3197 mulieris,
557 3069 675 3182 Alessias
697 3144 784 3201 quum
797 3121 919 3193 venerit,
940 3122 1013 3181 doce
1037 3124 1060 3183 it
1078 3143 1133 3185 nos
1153 3126 1253 3187 omnia

117 3205 181 3286 (10.
193 3211 224 3277 4,
235 3204 312 3278 25.)
350 3202 454 3280 Neque
475 3221 544 3258 vero
567 3199 622 3258 hoc
637 3198 735 3257 ludaei
750 3210 859 3258 temere
892 3211 1122 3278 raesumpserant
1135 3201 1252 3263 animis:

117 3281 188 3357 sed,
207 3291 241 3338 ut
261 3289 344 3337 erant
364 3276 450 3336 certis
470 3275 594 3335 oraculis
615 3275 728 3349 edocti,
754 3274 793 3333 ita
813 3219 981 3334 credebant.
1031 3275 1155 3337 illustris
1175 3277 1254 3338 inter

119 3357 193 3418 alias
214 3368 258 3415 est
276 3353 388 3414 Iessiae
407 3353 552 3411 sententia
571 3351 643 3429 (les.
663 3358 717 3425 55,
735 3354 792 3428 4.):
819 3352 916 3423 „Ecce
941 3353 1026 3430 posui
1051 3372 1116 3413 eum
1148 3365 1254 3416 testem

121 3432 250 3525 populis,
271 3430 374 3490 ducem
395 3442 424 3488 ct
443 3429 612 3508 magistrum
633 3427 748 3508 populis
762 3426 829 3485 dedi
842 3433 944 3486 eum:“
965 3448 1071 3508 nempe
1091 3432 1253 3509 quomodo

119 3532 178 3571 ram
204 3507 274 3568 alibi
302 3518 457 3567 vocaverat
475 3505 623 3585 Angelum
643 3506 691 3564 vel
715 3503 913 3582 Interpretem
933 3505 1031 3596 magni
1050 3505 1163 3565 consilii
1181 3506 1255 3581 (les.

119 3595 151 3664 9,
170 3587 224 3662 6.).
262 3584 325 3642 Hac
345 3582 459 3640 ratione
479 3581 640 3661 Apostolus
660 3579 874 3660 perlectionem
895 3579 1047 3641 doetrinae
1063 3581 1256 3662 Evangelicae

121 3661 344 3733 commendans,
363 3657 413 3716 uhi
434 3658 504 3716 dixit
516 3657 623 3733 (llebr.
638 3664 665 3730 l,
676 3659 729 3730 1.),
748 3654 827 3713 varic
848 3653 917 3714 olins
939 3667 968 3715 et
986 3657 1039 3716 sul:
1060 3656 1159 3739 liguris
1179 3659 1256 3717 mul·

120 3737 271 3819 tiplicihus
291 3735 388 3793 Deum
407 3733 560 3812 loquutum
588 3754 648 3792 esse
669 3754 722 3811 per
743 3731 919 3809 Prophetas,
943 3732 1075 3811 adiungit
1099 3733 1256 3794 novissime

124 3815 214 3875 nobis
235 3813 391 3890 loquutum
412 3829 473 3869 csse
493 3829 547 3888 per
568 3809 703 3869 dilectum
723 3806 841 3866 Filium.
882 3807 960 3881 Quia
984 3820 1080 3867 autem
1100 3829 1257 3871 commune

120 3890 281 3971 Prophetis
302 3885 433 3947 osticium
454 3885 522 3969 ipit,
548 3898 649 3944 tenere
669 3904 835 3963 suspensam
855 3884 1021 3957 ecclesiam,
1046 3896 1075 3943 et
1094 3884 1177 3943 simul
1200 3885 1257 3944 lul-

120 3972 184 4029 cire
205 3988 237 4024 us
260 3984 296 4023 ue
317 3962 351 4022 ad
365 3962 535 4022 lllediatoris
554 3962 720 4032 adventum,
739 3960 805 4018 ideo
819 3972 998 4038 conquestos
1018 3959 1048 4018 in
1069 3960 1259 4041 dissipatione

120 4044 227 4106 fideles
240 3986 379 4123 legimus,
398 4039 505 4118 privari
524 4058 555 4097 se
574 4037 724 4120 ordinario¹
745 4035 797 4094 illo
819 4033 900 4095 hono
921 4037 983 4113 (Ps.
1003 4042 1050 4111 74,
1070 4039 1123 4113 9.):
1144 4037 1257 4119 „Signa

120 4131 228 4180 nostra
246 4138 309 4178 non
328 4116 473 4178 videmus:
494 4136 555 4174 oon
576 4126 621 4174 est
639 4113 717 4172 inter
736 4133 790 4171 nos
810 4110 975 4192 Propheta:
996 4132 1058 4172 uon
1079 4123 1123 4173 est
1142 4134 1257 4196 cogno-

198 4371 226 4442 t)
244 4371 282 4427 Cl'.
298 4372 405 4426 Euchir.
423 4361 457 4426 a'd
472 4354 593 4426 hauserit.
610 4390 667 4441 cap.
683 4372 707 4427 5.

151 4463 244 4513 covini
256 4464 376 4531 losu'tutip
387 4462 408 4512 l.
