2596 4726
132 200 194 265 aas
523 194 600 260 cru.
619 195 675 257 ιν.
712 184 891 259 caeru.
1042 226 1047 281 ,

136 359 368 415 consumensque
383 340 424 396 ius
440 342 606 397 convocandi
627 342 756 417 synodos,
780 362 867 413 neque
889 342 930 397 ius
951 341 1143 397 audiendarum
1159 344 1262 413 appdla·

135 427 238 487 dunum
256 428 290 479 ad
307 428 444 496 episcopos
461 425 597 480 Romanos
619 426 774 497 pertineret,
802 442 858 481 eta
877 424 1007 491 Gregorio
1030 426 1144 497 prolana
1165 424 1260 479 hom

135 506 395 583 nolunpuyprdorimp
412 512 593 573 damnaretur,
617 530 632 563 a
656 512 838 567 serub-13.
863 542 896 553 -
929 511 963 581 il)
979 512 1100 583 Sequute
1117 522 1177 565 sunt
1192 520 1259 562 ecsta-

135 594 207 646 ruina
225 608 284 663 post
300 592 462 646 Taurinense
479 595 619 647 concilium
638 596 671 646 do
682 594 948 665 Metropolitanomrn
967 595 1131 655 auctoritate,
1146 608 1171 645 et
1186 606 1260 663 torpa

134 674 197 729 illae
226 678 430 731 conllictationes
458 680 525 733 inter
542 678 860 749 constantinopolitanum
887 694 913 731 et
927 678 1080 732 Romnum
1106 676 1261 735 Patriarrbu,

136 762 230 831 quibus
248 764 306 817 rixis
322 762 439 832 impurus
456 764 522 815 latro
540 764 657 824 Phocea,
678 762 818 816 Bonilscio
841 779 1014 835 procurante,
1039 764 1122 815 linem
1145 757 1260 829 inpuris

135 859 196 899 sect.
209 848 331 903 14-18.
348 880 382 895 -
415 848 447 917 4)
463 846 593 901 Bouilarii
609 847 683 899 malis
700 848 797 901 artibus
813 861 989 901 succurrerunt
1005 847 1155 899 horrendae
1171 843 1259 895 leardo

137 930 356 984 nocentioribus
373 931 535 995 excogitatae,
566 944 592 983 ct
606 952 623 985 a
640 933 776 996 veteribus,
793 932 922 997 Gregorio
940 946 966 983 et
982 930 1137 991 Bernardo.
1153 944 1258 997 ΒΝ

136 1014 220 1069 verbis
238 1017 382 1076 damnatae,
397 1028 457 1067 sect.
476 1015 593 1068 19-21.
611 1042 643 1056 -
677 1018 708 1084 b)
731 1016 851 1069 Tandem
868 1016 982 1069 numeris
998 1014 1195 1069 substratum
1207 1030 1258 1081 μ·

99 1142 105 1161 ,
137 1100 185 1153 diit
200 1098 313 1168 Papatus
329 1098 479 1150 Antichristi
496 1100 584 1160 sedes,
606 1098 678 1150 euius
694 1100 762 1153 sedis
779 1102 910 1169 impietas,
930 1100 1085 1151 exsecranda
1103 1096 1230 1165 tynnnir,
1240 1106 1261 1145 et

135 1183 258 1237 scelerata
276 1181 361 1253 capita
376 1182 438 1235 rivis
456 1182 589 1237 coloribus
605 1183 788 1253 depinguntur,
805 1204 820 1237 a
836 1198 897 1239 scot.
909 1184 951 1240 23
968 1202 1050 1255 usque
1069 1184 1105 1237 ad
1119 1184 1167 1237 lirr-
1184 1200 1236 1251 erp·

213 1339 241 1401 1.
281 1332 433 1410 Quantum
454 1333 489 1395 ad
510 1336 649 1416 primatus
668 1336 746 1398 sedis
765 1336 916 1398 Romanae
934 1342 1107 1395 vetustatem
1146 1330 1218 1392 nibil
1234 1328 1265 1389 ad

137 1430 202 1481 eam
221 1411 424 1472 stabiliendam
451 1412 575 1473 babetur
599 1415 746 1494 antiquius
765 1413 884 1474 decreto
905 1412 956 1472 illo
977 1412 1093 1494 Synodi
1112 1374 1266 1479 hemme,

137 1509 198 1569 quo
218 1500 248 1549 et
267 1489 377 1568 primus
402 1489 481 1549 inter
501 1490 680 1551 Patriarcbas
700 1490 842 1551 tribuitur
861 1489 940 1550 lorus
960 1488 1098 1547 Romano
1119 1485 1265 1577 episcopo,

137 1576 170 1625 et
195 1564 376 1626 suburbanas
400 1566 534 1627 ecclesias
562 1567 682 1626 iubetur
706 1588 817 1628 curare.
867 1566 925 1625 Ubi
950 1563 1109 1626 concilium
1128 1582 1173 1623 stc
1197 1562 1268 1620 inter

136 1642 232 1721 ipsum
252 1654 282 1702 et
301 1642 372 1702 alios
391 1641 575 1703 Patriarchas
595 1644 714 1717 dividit,
746 1656 779 1703 ut
804 1642 926 1724 singulis
944 1662 1013 1701 suos
1037 1640 1111 1699 lines
1130 1638 1266 1731 assignet:

137 1729 219 1778 certc
238 1739 300 1779 nou
326 1738 392 1778 eum
412 1721 565 1780 constituit
584 1721 713 1779 omnium
734 1741 765 1779 ca
788 1732 835 1793 ut,
861 1719 1023 1779 sedunum
1047 1734 1082 1775 er
1130 1713 1266 1793 raecrpuir

136 1794 218 1856 lacit.
259 1794 391 1854 Aderant
410 1796 496 1855 Vitus
516 1809 546 1855 et
565 1797 738 1857 Vincentius
764 1742 831 1855 lutit
857 1794 996 1868 nomine,
1030 1795 1082 1872 qui
1138 1810 1265 1850 omanem

138 1871 291 1931 ecclesiam
322 1884 393 1930 tuuc
412 1872 611 1953 gubernabat:
639 1875 671 1931 iis
695 1873 777 1933 datus
804 1883 846 1932 est
866 1883 985 1950 quartus
1005 1868 1098 1930 locus.
1138 1866 1264 1927 Obsecro

136 1948 162 2008 si
182 1960 270 2027 caput
290 1947 430 2008 eeclesiae
456 1962 666 2039 agnosceretur
686 1950 792 2021 Iulius,
817 1971 852 2008 an
879 1951 908 2006 in
930 1959 1063 2026 quartam
1082 1944 1183 2005 sedere
1202 1942 1264 2002 reii-

136 2038 278 2084 cereutur
296 2025 359 2085 eius
385 2025 494 2108 legati?
530 2028 578 2085 An
605 2026 782 2105 praesideret
801 2025 974 2083 Athanasius
993 2023 1024 2081 in
1044 2022 1194 2093 concilio,
1217 2016 1261 2077 ubi

137 2102 258 2160 maxime
288 2101 405 2161 elucere
436 2102 525 2163 debet
555 2103 668 2183 efligies
698 2102 809 2161 ordinis
840 2100 1031 2160 hierarchici?
1079 2098 1115 2157 ln
1148 2094 1260 2177 Synodo

136 2175 287 2252 Ephesiae
311 2190 433 2269 apparet
458 2179 660 2240 Caelestinum
685 2179 752 2256 (qui
777 2190 848 2237 tunc
872 2176 1005 2256 pontifex
1025 2187 1090 2235 erat
1109 2174 1259 2247 llomaous)

138 2254 262 2333 obliquo
283 2256 407 2314 artrlreio
427 2278 509 2315 usum
530 2276 608 2326 esse,
629 2267 660 2313 ut
685 2257 761 2314 sedis
785 2274 853 2315 suae
873 2254 1007 2334 dignitati
1032 2262 1160 2311 careret.
1196 2248 1257 2309 lltn

138 2351 228 2410 quum
249 2330 379 2389 mitteret
399 2331 467 2391 illuc
486 2354 565 2405 suos,
585 2330 700 2410 llyrillo
719 2330 934 2405 Alexandrino,
954 2331 1003 2407 qui
1023 2328 1134 2407 alioqui
1153 2324 1257 2411 praela:

137 2416 221 2465 turus
240 2417 320 2482 erat,
343 2407 420 2466 vices
440 2429 504 2468 suas
523 2408 680 2467 mandavit.
732 2410 883 2481 Quorsum
909 2406 985 2465 istud
1008 2406 1190 2475 mandatum,
1211 2400 1253 2459 niu

137 2494 172 2541 ut
196 2482 297 2561 quovis
330 2483 419 2541 morlo
450 2505 558 2543 nomeu
586 2506 668 2542 surmu
695 2484 723 2541 iu
752 2482 844 2563 prima
868 2481 936 2542 sede
962 2479 1117 2541 haereret?
1160 2478 1253 2539 Sedent

139 2558 218 2617 euim
245 2559 304 2617 eius
329 2558 417 2638 legati
444 2559 511 2618 luco
537 2560 694 2630 inferiore,
719 2561 894 2619 sententiam
920 2560 997 2616 inter
1022 2557 1095 2616 alius
1119 2566 1252 2637 rogantur,

138 2656 193 2696 suo
217 2634 321 2694 ordine
350 2635 551 2694 subscribunt:
581 2638 695 2695 iuterim
722 2637 936 2694 Alexandrinus
968 2633 1131 2713 patriarcha
1162 2646 1250 2713 nonest

139 2713 203 2774 eius
222 2731 275 2771 suo
297 2713 442 2772 admiscet.
484 2713 564 2787 Quid
586 2714 676 2772 dicam
699 2712 734 2770 sle
750 2706 1197 2784 Curmiliolipdesiuosecendo:
1212 2702 1250 2761 uh

139 2811 229 2871 quum
248 2789 383 2848 adessent
401 2790 511 2850 Leonis
531 2790 637 2871 legati,
666 2788 874 2849 Alexandrinus
895 2801 989 2846 tamen
1011 2786 1173 2866 patriarcha
1191 2782 1250 2839 llio·

139 2888 240 2928 scucos
267 2867 345 2927 velut
371 2888 424 2927 suo
455 2869 518 2927 iure
545 2866 746 2947 praesidebat?
797 2866 949 2944 llaripicut
969 2884 1030 2921 nou
1058 2863 1147 2921 luisse
1166 2858 1249 2919 ortlo-

140 2945 247 3004 doxurn
267 2942 435 3017 concilium,
456 2965 471 3002 a
492 2967 550 3023 quo
572 2956 602 3002 et
620 2956 735 3003 sanctus
755 2942 799 3001 vir
811 2942 966 3001 Flavianus
980 2942 1142 3013 damnatus,
1161 2947 1189 2994 et
1204 2934 1249 2991 Er·

138 3020 241 3100 tyches
261 3021 421 3094 absolutus,
441 3021 561 3100 eiusque
581 3022 712 3097 impietas
732 3018 931 3097 comprobata.
971 3018 1011 3075 ht
1031 3038 1121 3094 quum
1136 3010 1250 3094 Synodus

141 3109 309 3177 cogeretur,
349 3120 415 3155 uum
435 3099 577 3158 sessiones
598 3098 674 3155 inter
693 3116 723 3154 se
737 3096 866 3175 episcopi
876 3094 1100 3152 distribuerent:
1120 3091 1251 3151 itticcree

139 3173 218 3232 iuter
238 3173 309 3234 alios
327 3120 481 3233 llomauae
501 3174 639 3232 ccclesiae
666 3172 754 3251 legati
776 3193 836 3231 non
857 3171 942 3230 aliter
961 3190 1047 3249 quarn
1067 3171 1098 3227 iu
1118 3178 1213 3228 sancto
1228 3169 1252 3218 tl

140 3249 273 3329 legitimo
302 3250 439 3310 Concilio
469 3249 619 3309 sedebant.
672 3249 740 3307 Nou
767 3249 952 3307 contendunt
978 3260 1074 3304 tamen
1108 3245 1144 3303 de
1174 3240 1252 3323 primo

141 3325 227 3398 luco,
250 3325 302 3384 sed
323 3348 389 3385 curn
415 3328 499 3387 alteri
518 3326 641 3385 cedunt:
663 3346 844 3403 nequaquam
869 3324 898 3383 id
920 3322 1039 3396 lacturi,
1058 3323 1082 3381 si
1102 3342 1184 3381 suum
1202 3317 1251 3402 iure

142 3422 204 3461 esse
225 3402 388 3462 crederent.
431 3406 587 3480 Nunquam
610 3404 687 3460 euim
708 3401 811 3492 puduit
831 3402 979 3459 lloumuos
1005 3398 1161 3478 episcopos
1179 3412 1253 3455 matt·

141 3501 202 3538 mas
223 3498 351 3557 quasque
372 3481 578 3538 contentiones
599 3500 651 3556 pro
672 3501 729 3538 stus
758 3478 920 3537 honoribus
945 3478 1108 3553 suscipere,
1141 3487 1171 3533 et
1194 3472 1255 3531 bant

141 3557 233 3618 solam
254 3554 293 3614 ob
315 3576 428 3614 causam
454 3555 552 3615 multis
577 3576 663 3634 saepe
684 3567 714 3613 et
741 3553 910 3633 perniciosis
938 3552 1144 3613 certaminibus
1166 3560 1254 3609 sexam

143 3643 173 3692 et
192 3632 309 3691 turbare
336 3631 501 3690 ecclesiam:
534 3632 585 3691 sed
605 3632 671 3707 quia
692 3631 808 3692 videbat
827 3631 889 3689 Leo
912 3628 994 3687 nimis
1017 3628 1185 3707 improbum
1204 3624 1255 3683 lott

143 3708 331 3789 postulatum,
351 3709 374 3767 si
394 3708 497 3789 legatis
516 3708 573 3766 suis
593 3709 714 3786 primam
735 3710 833 3766 sedem
851 3707 985 3778 ambiret,
1005 3726 1041 3763 eo
1061 3701 1227 3784 supersedit

219 3792 247 3848 2.
287 3788 448 3864 Sequutum
475 3796 518 3844 est
541 3782 765 3843 Gholceduueues
785 3783 967 3854 Concilium,
998 3781 1027 3839 iu
1057 3802 1119 3859 quo
1148 3779 1256 3859 primaru

143 3864 241 3926 sedern
262 3864 305 3922 Im
330 3863 450 3921 cratoris
477 3862 666 3920 coricessionc
693 3871 872 3939 occuparunt
892 3860 1043 3917 llomauue
1068 3856 1208 3917 ecclesiae
1224 3851 1257 3909 le·

143 3941 214 4022 goti.
253 3941 293 3999 Se
335 3937 390 3999 hoc
411 3938 498 3998 luisse
523 3936 780 3997 extraordinarium
808 3935 989 4016 privilegium
1009 3930 1156 4011 Leo'ipse
1176 3926 1258 3991 conli-

143 4030 238 4079 tetur:
270 4038 336 4079 nam
357 4036 445 4093 quoru
471 4014 499 4072 id
526 4013 599 4105 petit
623 4034 639 4071 a
659 4012 809 4071 lllarciauo
834 4012 1032 4090 Imperatore,
1064 4022 1096 4069 et
1115 4002 1259 4067 Pulcherit

143 4094 291 4177 Augusta,
313 4112 373 4151 non
394 4091 549 4150 contendit
567 4088 622 4147 sibl
643 4087 759 4161 deberi,
783 4089 833 4148 sed
855 4100 965 4149 tantum
986 4086 1140 4167 praetexit,
1161 4082 1260 4145 Orien-

143 4170 228 4246 tales,
249 4170 298 4248 qui
320 4166 466 4247 liphesiuo
489 4165 626 4226 Concilio
668 4164 845 4237 raehreraut,
864 4165 994 4223 turbasse
1014 4174 1085 4221 tuuc
1106 4161 1261 4232 omniuo

145 4269 196 4310 sua
216 4256 362 4326 potestate
382 4242 457 4302 male
477 4242 591 4301 abusos.
641 4186 741 4313 herum
762 4243 859 4319 itaque
880 4241 963 4321 gravi
988 4239 1177 4299 moderatore
1196 4251 1261 4315 opus

145 4335 237 4401 esset,
254 4342 311 4385 uec
330 4332 406 4383 esset
424 4317 596 4395 verisimile,
619 4335 671 4378 eos
690 4318 741 4399 qui
759 4329 818 4379 tam
838 4316 917 4379 leves
935 4328 966 4378 et.
982 4314 1163 4378 tumultuarii
1182 4306 1263 4376 semel
