2700 4732
1050 94 1059 123 t

24 168 173 281 sm
413 150 860 269 'mmmm

104 360 187 436 gant
206 349 242 411 ad
267 348 373 432 gratias
397 347 541 431 agendas:
568 349 705 412 ethnae
731 349 787 411 sibi
818 361 931 411 rectum
962 330 1182 412 beneficentiae
1197 350 1249 415 liei

104 450 198 491 unum
219 429 285 489 sore
304 426 491 508 promittunt,
509 436 544 485 ut
563 427 624 488 eius
643 427 703 486 sint
721 447 891 506 praecones.
929 427 980 487 Sic
991 427 1108 489 Hoseae
1125 430 1249 507 (lm),

106 507 153 567 tlte
172 506 268 565 sutura
290 504 428 564 ecclesiae
448 502 654 583 redemptione
675 502 812 582 loquens:
832 502 950 578 „barser
969 505 1012 581 (in
1037 504 1095 581 uit)
1117 505 1248 585 iniquita·

105 595 175 644 tem
197 602 215 641 ο
236 582 327 654 Deus,
348 591 378 640 et
398 576 499 640 attolle
521 580 649 639 bonurn:
672 601 727 639 nos
748 592 845 639 autem
865 580 971 641 vitulos
992 526 1143 642 labiorum
1161 581 1248 643 sulse·
1279 640 1282 647 .

105 662 209 720 mus.“
247 659 310 718 Nec
331 656 420 717 modo
441 655 558 737 linguae
580 657 768 735 praeconium
789 658 843 717 sibi
862 657 1011 717 vindicant
1021 658 1081 718 Dei
1102 656 1248 733 beneficia,

106 736 164 798 sed
186 754 315 795 amorem
335 733 390 794 sibi
411 732 582 791 naturaliter
602 733 770 792 conciliant.
809 733 925 805 „Dileri
946 732 1246 813 (inquitDavidPral.

105 813 255 886 116,1.),
297 811 343 869 uia
365 809 489 869 exaudiit
499 808 644 868 Dominus
665 828 766 868 vocem
788 810 1003 888 deprecationis
1023 816 1159 871 meae.“·
1178 810 1246 872 lte!

105 889 184 950 alibi
210 833 453 968 (Psal.18,1.),
484 904 558 963 quae
589 896 719 944 senserat
744 886 847 945 auxilia
874 888 1013 947 recitans:
1047 885 1133 962 „Dili
1208 898 1247 949 'te

105 966 210 1041 Deus,
242 964 386 1023 fortitudo
412 968 506 1021 mea.“
544 963 608 1021 Nec
627 980 698 1052 vero
725 984 852 1053 unquam
872 963 1032 1054 placebunt
1053 906 1247 1041 Deoiibdea,

105 1040 384 1189 tzittlltlltl‘
397 1036 1247 1196 tili..ltl‘ltili..,llt'tttff'tli'ti'l't

104 1214 225 1256 antncsa
247 1204 290 1253 est
309 1192 467 1273 gratiarum
489 1190 575 1251 aetio.
615 1134 666 1250 dic
687 1192 765 1249 enim
785 1190 1027 1281 loquitur(Pbil.
1047 1201 1083 1267 4,
1102 1196 1165 1271 6.)a
1194 1192 1247 1270 „la

105 1271 195 1333 ornni
215 1269 352 1330 oratione
372 1267 499 1347 (inquit)
520 1278 550 1326 et
568 1266 775 1327 obsecratione
795 1290 861 1327 cum
903 1274 1039 1329 ratiarum
1059 1271 1182 1331 actione
1196 1288 1248 1361 pe·

103 1348 233 1408 titiones
252 1357 364 1405 vestrae
388 1345 575 1404 innotescant
601 1344 678 1423 apud
698 1343 826 1403 Deum.“
860 1288 949 1405 diam
971 1347 1037 1425 quia
1063 1346 1177 1408 multos
1195 1366 1247 1407 tu·

103 1423 197 1505 psallit
220 1422 389 1494 morositas,
416 1421 558 1495 taedium,
578 1419 774 1500 impatientia,
795 1420 904 1482 doloris
925 1422 1084 1499 acerbitas,
1106 1435 1137 1483 et
1156 1436 1247 1483 netu

104 1509 147 1562 utt
165 1494 279 1560 oraddo
306 1497 546 1571 obmurmureot,
572 1496 655 1557 iubet
679 1498 720 1557 ita
744 1499 901 1578 temperari
921 1499 1061 1574 allectus,
1085 1511 1122 1559 ut
1140 1500 1248 1575 fideles,

102 1589 268 1714 {iiiiii
289 1573 891 1730 'bllatlltlltttill’.ilt‘lit
910 1575 1105 1712 tilllit'tt
1128 1575 1248 1713 ltt‘d

104 1730 180 1801 bet,
213 1749 249 1789 eo
279 1729 426 1788 sanctiore
450 1725 566 1787 vinculo
600 1748 654 1787 nos
680 1726 791 1786 obstrin
816 1729 838 1786 it
856 1728 937 1788 Deus
962 1730 996 1788 ad
1018 1673 1169 1791 caoengdaa
1187 1748 1248 1791 auat

104 1808 223 1880 latides,
264 1806 359 1865 uoties
379 1825 434 1863 nos
454 1800 591 1863 istorum
612 1815 764 1883 compotes
786 1747 861 1863 licit.
880 1839 919 1852 -
959 1805 1053 1865 Sicuti
1074 1819 1175 1866 autem
1195 1806 1248 1867 dn·

105 1827 344 1945 enimusdhristi
364 1880 573 1940 intercessione
590 1881 756 1941 consecrari
776 1892 889 1940 nostras
909 1902 1021 1962 preces,
1042 1901 1119 1961 quae
1138 1878 1246 1963 alioqui

128 1961 242 2021 ollutae
270 1970 380 2029 essent,
412 1958 451 2017 ita
470 1957 646 2036 Apostolus,
680 1956 783 2016 iubens
808 1979 861 2017 nos
887 1979 941 2036 per
960 1958 1111 2027 Christum
1136 1958 1247 2021 uilem

105 1982 236 2098 bostiam
256 2036 348 2096 laudis
368 2033 462 2112 (lleb.
482 2040 535 2105 13,
555 2033 633 2109 15.),
667 2032 752 2113 npbis
773 2033 809 2092 ad
829 2033 1038 2094 celebrandum
1057 2033 1119 2095 Dei
1138 2054 1246 2096 nomeu

108 2135 142 2175 os
166 2134 228 2173 nnn
248 2113 315 2172 satis
336 2132 440 2191 purum
461 2129 523 2170 esse
542 2111 697 2182 admonet,
717 2109 772 2168 nisi
792 2110 956 2170 intercedat
976 2111 1089 2172 Christi
1108 2112 1245 2173 sacerdo-

107 2191 194 2251 tium.
233 2188 321 2247 Unde
334 2186 499 2278 colligimus
504 2187 689 2323 prodigiose
710 2185 865 2246 fascinatos
886 2187 973 2247 fuisse
994 2188 1128 2250 homines
1149 2188 1181 2249 in
1194 2188 1245 2249 Pa·

29 2278 34 2285 ’
106 2278 197 2349 patu,
223 2264 273 2324 ubi
299 2285 394 2323 mator
419 2285 483 2342 pars
533 2263 541 2320 l

542 2263 654 2322 tristum
674 2263 773 2323 vocari
793 2264 963 2322 advocatum
985 2266 1115 2324 miratur.
1167 2266 1245 2327 ttaee
1288 2294 1290 2311 ¹

80 2367 83 2371 ·
106 2343 184 2403 ratio
206 2353 259 2415 est,
279 2361 332 2400 cur
351 2339 511 2435 praecipiat
526 2340 633 2398 Paulus
653 2341 716 2399 sine
735 2340 950 2400 intermissione
971 2353 1001 2399 et
1021 2361 1109 2400 orare
1130 2354 1165 2403 et
1182 2362 1244 2425 gra-
1288 2334 1290 2399 i

107 2421 163 2481 tias
184 2438 272 2498 agere
292 2417 331 2495 (1.
358 2417 455 2476 l'bess.
474 2421 595 2494 5,17.):
616 2416 717 2475 volens
737 2416 850 2476 scilicet
869 2430 977 2496 quanta
995 2417 1059 2477 lieri
1081 2430 1186 2497 potest
1202 2439 1243 2479 aa·

60 2557 63 2561 ,
107 2496 272 2567 siduiitate,
299 2493 549 2570 omnitempore,
576 2494 656 2551 ouini
677 2492 762 2565 loco,
783 2494 920 2555 omnibus
941 2498 969 2553 in
989 2493 1079 2555 rebus
1098 2516 1133 2557 ae
1153 2514 1244 2579 nego-

106 2574 156 2634 tiis
178 2583 275 2630 erecta
295 2589 357 2629 esse
381 2569 418 2627 nd
439 2569 536 2627 Deum
556 2570 686 2628 omnium
708 2582 793 2644 vota,
819 2591 892 2649 quae
914 2582 943 2630 et
963 2572 1061 2629 omnia
1083 2570 1120 2631 ab
1142 2591 1182 2633 en
1200 2592 1244 2633 ea·

91 2658 262 2730 spectent,
289 2659 318 2705 et
338 2647 469 2704 omnium
490 2646 516 2703 ei
542 2645 656 2703 laudem
678 2645 821 2721 reserant,
841 2648 926 2707 sicuti
945 2659 1090 2728 perpetua
1110 2646 1242 2710 laudandi

108 2726 272 2804 orandique
292 2735 463 2803 argumenta
483 2721 569 2782 nobis
590 2722 691 2780 olsert.

185 2809 232 2865 29.
272 2802 353 2860 Haec
372 2812 469 2860 autem
489 2800 593 2859 orandi
613 2800 772 2872 assiduitas,
793 2800 846 2858 etsi
866 2801 1034 2878 praesertim
1054 2801 1196 2881 proprias
1212 2820 1243 2863 ae

105 2880 233 2960 privatas
254 2879 395 2957 cuiusque
414 2877 549 2957 respicit,
570 2875 704 2935 nonnihil
727 2889 825 2936 tamen
845 2879 880 2937 ad
902 2878 1032 2958 publicas
1053 2897 1179 2958 quoque
1197 2898 1242 2939 ee·

107 2957 214 3017 elesiae
239 2956 389 3015 orationes
415 2954 552 3034 pertinet.
601 2953 691 3031 Atqui
718 2972 772 3012 nec
798 2956 927 3014 assiduae
948 2976 1010 3014 esse
1029 2966 1169 3034 possunt,
1192 2974 1243 3017 ner

107 3032 193 3094 aliter
225 3033 312 3091 etiam
337 3030 401 3089 fieri
429 3030 555 3104 debent,
582 3051 665 3108 qoam
693 3049 727 3089 ea
757 3030 859 3109 politia
884 3051 959 3165 quae
989 3034 1142 3092 communi
1170 3032 1243 3093 inter

106 3128 213 3169 omines
240 3127 384 3168 consensu
411 3108 592 3167 convenerit.
630 3107 740 3167 Fateor
763 3127 842 3170 sane.
904 3108 960 3166 deo
986 3109 1063 3167 enim
1092 3119 1123 3167 ct
1149 3122 1243 3171 certae

107 3186 200 3245 borae
222 3184 419 3244 condicuntur
438 3203 472 3242 ae
492 3182 738 3262 praestituuntur,
764 3196 796 3242 ot
816 3184 891 3264 apud
912 3185 1007 3242 Deum
1029 3184 1243 3261 indifferenter,

105 3263 146 3323 ita
168 3260 320 3319 bominum
341 3260 439 3320 usibus
459 3260 649 3332 necessariae,
669 3281 728 3338 quo
748 3263 786 3319 sit
805 3261 936 3318 omnium
950 3261 1157 3323 commoditati
1176 3282 1243 3344 pro·

104 3362 118 3401 s
141 3348 255 3410 ectum,
288 3348 318 3394 et
336 3337 437 3397 omnia
457 3336 597 3415 decenter
616 3348 647 3394 et
673 3339 837 3415 composite
866 3338 941 3396 iuxta
963 3337 1243 3401 l'aulisententia·

103 3358 231 3495 (iiior.
251 3419 298 3487 ld,
318 3414 392 3489 to),
412 3414 442 3471 in
463 3411 584 3472 eeclesia
605 3412 851 3473 administrentur.
893 3414 951 3472 Sed
972 3415 1049 3472 enim
1072 3415 1152 3475 istud
1175 3416 1243 3477 nibal

104 3490 215 3562 obstat,
236 3489 393 3567 quominus
406 3508 598 3568 unaquaeque
619 3487 750 3565 ecclesia,
769 3510 834 3549 cum
855 3489 979 3550 subinde
999 3492 1034 3550 ad
1055 3489 1245 3571 frequentio-

104 3732 218 3793 autem,
236 3738 331 3811 ‘quae'
350 3718 469 3778 multam
490 3738 555 3778 eum
576 3718 741 3826 assiduitate
761 3720 932 3779 alfinitatem
954 3721 1058 3812 labet,
1073 3725 1150 3813 ‘erit
1170 3727 1245 3787 eirea

103 3794 904 3965 intestati·traaas·stetisti.tas.
923 3798 1162 3967 tantalo,
1177 3810 1245 3940 a:

104 3971 184 4088 {1¹:2¹¹
183 3950 432 4106 ..lta‘ttqtft
435 3968 458 4084 ἰ
471 3949 1245 4116 ”stetittlt:‘limati*antistitii

104 3588 168 3630 rem
187 3567 390 3645 precationum
410 3587 494 3625 usum
514 3584 545 3625 se
565 3565 762 3640 exstimulare,
787 3579 848 3625 tum
870 3568 979 3626 maiore
999 3566 1097 3647 aliqua
1117 3570 1246 3633 necesti-
1264 3580 1267 3585 ’
1287 3544 1290 3641 l

103 3656 166 3705 tate
186 3643 335 3702 admonita
362 3641 476 3701 acriore
501 3642 597 3703 studio
631 3642 756 3721 flagrare
789 3643 903 3702 debeat.
954 3645 1001 3702 De
1025 3648 1246 3725 persevepantia
1288 3650 1290 3657 '

106 4103 170 4163 rula
190 4102 369 4181 loquacitate
390 4106 451 4163 eius
472 4123 555 4163 aures
568 4102 772 4175 obtundendo,
792 4105 849 4162 acsi
870 4103 997 4164 humano
1014 4127 1099 4166 more
1120 4128 1245 4201 persua·
1288 4112 1290 4131 '

105 4179 218 4239 dendus
237 4179 325 4238 lorct.
364 4179 478 4241 Scimus
490 4180 569 4239 enirn
591 4179 766 4259 hypocritas,
785 4180 853 4259 quia
874 4202 933 4240 raon
955 4194 1094 4262 reputant
1110 4185 1172 4245 sabi
1193 4206 1245 4247 ne·

103 4256 219 4338 gotium
240 4275 305 4347 esse
322 4277 387 4316 cum
408 4256 493 4331 Deo,
523 4278 586 4317 non
610 4274 693 4346 secus
717 4277 839 4337 pompas
858 4279 923 4318 suas
943 4259 972 4318 io
992 4260 1134 4338 precibus
1154 4280 1245 4347 agere

104 4352 190 4413 quam
216 4333 248 4392 in
267 4331 425 4414 triumpho.
463 4336 538 4397 Nam
558 4334 729 4396 Pbansaeus
748 4333 814 4411 ille,
833 4335 900 4416 quia
920 4336 1027 4418 gratias
1044 4336 1115 4401 Deo
1136 4340 1244 4424 agebat
