2700 4732
100 170 190 235 m
495 164 573 227 ιιι.
593 165 651 227 ιιι.
693 164 780 227 cau.
801 163 856 226 ιι.
927 124 933 131 ’

106 331 171 374 non
189 308 269 372 aliud
287 307 500 393 significamus,
519 332 606 391 quam
632 308 803 373 defunctum
829 328 927 390 poena
947 319 978 369 et
996 306 1141 383 vindicta,
1171 327 1249 388 quae

101 382 364 471 peccatisnostris
383 386 557 447 debebatur.
578 420 581 427 ·
608 387 645 446 ld
671 389 765 481 ipsum
789 385 1001 469 significantius
1021 383 1180 445 declaravit
1199 383 1250 443 le·

106 463 195 541 saias,
215 484 304 544 quum
325 462 397 524 dicit
415 467 495 543 (cap.
514 470 566 539 53,
584 466 647 541 lb),
668 466 898 545 Castigationem
919 463 996 543 (sive
1017 461 1251 539 correctionem)

106 541 188 624 pacis
213 553 332 601 nostrae
358 539 447 601 fuisse
476 562 565 620 super
597 561 674 601 eum.
729 541 811 617 Quid
837 559 908 600 vero
939 551 983 598 est
1002 537 1149 599 correctio
1170 539 1252 618 pacis

108 628 246 690 nostrae,
270 618 326 676 nisi
344 636 441 696 poena
462 616 588 697 peccatis
608 616 723 691 debite,
743 631 774 679 et
793 638 808 676 a
829 616 915 675 nobis
935 614 1146 695 persolvenda,
1164 626 1253 675 ante-

131 715 198 753 uam
218 693 285 753 Deo
305 693 495 753 reconciliari
521 713 681 772 possemus,
702 695 757 755 uisi
777 695 854 753 vices
879 704 993 751 nostras
1013 692 1076 782 ipse
1094 689 1254 752 subiisset?

108 715 158 832 Du
178 769 256 830 clare
276 769 372 842 vides,
405 769 554 830 Christum
575 783 764 849 peccatorum
785 790 895 850 poenas
915 770 1100 841 sustinuisse,
1130 779 1164 827 ut
1180 788 1253 828 suos
1275 780 1278 785 “

109 845 148 908 ab
168 845 225 907 illia
245 845 393 906 eximeret.
430 846 470 905 Et
489 847 605 926 quoties
626 847 662 907 de
687 848 892 926 redemptione
918 866 972 924 per
995 865 1062 905 eum
1087 845 1163 904 facta
1187 863 1253 905 me·

109 921 197 983 minit
215 922 324 983 Paulus
335 923 381 998 ll),
399 938 507 983 vocare
526 921 603 983 solet
623 921 831 995 ἀπολύτρωσιν,
851 943 911 1001 quo
932 941 994 981 uon
1014 920 1185 1001 simpliciter
1204 942 1253 981 sae·

111 997 303 1075 demptionem
321 998 449 1074 iudicat,
471 998 596 1078 qualiter
616 999 664 1061 vul
686 1020 705 1059 o
725 997 916 1078 intelligitur:
942 999 993 1057 sed
1008 1001 1137 1073 pretium
1155 998 1253 1077 ipsum

111 1087 145 1137 et
161 1074 390 1137 satisfactionem
409 1074 632 1154 redemptionis.
659 1017 728 1149 Dua
747 1076 863 1135 ratione
884 1086 914 1134 et
935 1075 1086 1135 Christum
1105 1074 1201 1153 ipsum
1222 1094 1256 1133 se

110 1170 168 1233 pro
188 1153 275 1211 nobis
294 1151 458 1223 ἀντίλυτρον
476 1151 589 1211 dedisse
607 1153 719 1213 scribit.
767 1151 877 1226 „Quae
902 1151 977 1229 apud
998 1152 1160 1213 Dominum
1202 1170 1256 1210 ro·

111 1228 252 1308 „pitiatio
274 1225 714 1309 est(inquitllugustinus)
740 1228 795 1287 nisi
815 1226 1009 1288 sacrificium?
1048 1226 1088 1286 Et
1128 1247 1167 1285 uo
1210 1237 1259 1286 est

124 1302 324 1378 sacrificium,
354 1303 409 1361 nisi
429 1304 509 1382 quod
529 1325 584 1383 pro
611 1305 696 1364 nobis
717 1303 848 1364 oblatum
870 1315 914 1362 est
932 1303 962 1361 in
982 1315 1080 1363 morte
1101 1248 1256 1365 Christih‘

111 1345 251 1461 'Validum
272 1390 370 1439 autem
389 1379 531 1459 imprimis
550 1381 672 1439 arietem
693 1381 780 1440 nobis
799 1380 977 1459 suppeditat,
990 1379 1071 1459 quod
1084 1380 1121 1439 de
1134 1380 1257 1458 expiau-

113 1455 159 1516 dis
180 1467 368 1537 peccatorum
390 1457 472 1517 noxis
491 1456 522 1516 in
547 1456 614 1537 lege
634 1456 768 1517 Mosaica
790 1455 1008 1537 praescribitur.
1047 1456 1154 1533 Neque
1173 1456 1258 1515 enim

111 1530 175 1593 illic
193 1532 342 1593 Dominus
360 1531 435 1592 hauc
455 1543 507 1593 aut
524 1532 603 1593 illam
623 1532 817 1593 satisfaciendi
838 1532 982 1592 rationem
1002 1532 1168 1592 constituite
1202 1530 1258 1592 sed

110 1619 209 1671 totam
228 1609 259 1668 in
285 1607 433 1669 sacrificiis
462 1609 733 1688 compensationem
759 1609 893 1689 requirit.
946 1608 1004 1667 Ubi
1024 1619 1123 1667 tamen
1143 1607 1281 1688 alioqui,

114 1684 340 1776 diligentissime
358 1695 449 1764 atque
468 1686 649 1746 exactissimo
674 1685 781 1746 ordine
801 1707 903 1745 omnes
924 1685 1059 1764 expiandi
1079 1685 1151 1755 ritus
1171 1704 1259 1757 exse·

113 1775 224 1843 quitur.
277 1761 338 1835 Qui
365 1759 400 1819 ht
422 1773 521 1821 autem
547 1773 579 1821 ut
599 1760 687 1821 nullis
700 1783 826 1852 prorsus
846 1762 985 1840 operibus
1005 1761 1128 1821 admissa
1148 1760 1260 1831 delicte

112 1857 277 1920 procurare
294 1835 412 1912 iubeat,
442 1836 494 1897 sed
512 1837 576 1898 sola
594 1837 625 1897 in
646 1838 840 1917 expiationem
861 1836 1002 1899 sacrificia
1023 1837 1185 1917 requirat..
1199 1836 1259 1897 nisi

113 1913 196 1996 quod
216 1913 258 1973 ita
277 1913 379 1973 testari
391 1912 452 1975 vult
472 1914 591 1973 unicum
611 1934 673 1974 esse
693 1913 897 1974 satisfactionis
909 1936 1013 1993 genus,
1034 1935 1094 2004 quo
1115 1912 1260 1975 iudicium

113 2010 199 2054 suum
224 1989 376 2070 placatur?
413 1988 489 2049 Nam
514 2010 589 2069 quae
619 2003 683 2050 tum
714 1989 908 2051 immolabant
933 1991 1071 2051 sacrificia
1095 1989 1262 2065 Israelita,

114 2087 178 2128 non
207 2066 362 2125 hominum
395 2085 486 2156 opera
518 2066 732 2128 censebantur:
764 2068 815 2129 sed
840 2088 857 2126 a
882 2088 934 2127 sua
958 2069 1098 2141 veritate,
1118 2066 1176 2140 hoc
1202 2078 1261 2143 est,

114 2144 206 2205 unico
227 2142 339 2204 Christi
356 2141 519 2217 sacrificio,
538 2141 773 2204 aestimabantur.
817 2142 944 2218 Qualem
963 2156 1061 2203 autem
1082 2161 1261 2223 compensa-

115 2221 231 2281 tiouem
251 2241 266 2278 a
287 2217 374 2279 nohis
399 2218 525 2300 recipiat
543 2219 706 2295 Dominus,
730 2220 828 2301 paucis
848 2220 945 2279 verbis
970 2220 1123 2300 eleganter
1141 2222 1261 2291 llosees

114 2294 264 2376 expressit
301 2294 584 2387 „Omnem-(inquit
601 2300 780 2377 ειρ.14,3.)
800 2295 886 2358 tolles
896 2297 1092 2376 iniquitatem,
1104 2317 1123 2356 o
1136 2296 1263 2357 Deusa“

116 2391 155 2432 en
175 2382 364 2451 peccatorum
391 2394 534 2434 remissio.
580 2374 641 2447 „lit
660 2374 768 2434 vitulos
793 2373 937 2434 labiorum
961 2373 1202 2511 persolvemus:“
1217 2366 1262 2439 ,en

115 2447 286 2513 satisfactio.
325 2448 396 2509 Scio
407 2449 525 2527 quidem
544 2449 678 2510 subtilius
697 2451 793 2511 adhue
811 2450 892 2530 ipsos
915 2450 958 2511 ela

115 2535 266 2588 aeternam
286 2544 411 2603 poenam
433 2536 465 2585 et
488 2526 665 2605 temporales
690 2526 887 2608 distinguunt:
911 2527 963 2588 sed
989 2548 1079 2605 quum
1104 2538 1263 2606 tempora-

116 2601 177 2662 lem
196 2619 323 2681 poenam
344 2600 467 2678 quodvis
486 2601 662 2682 supplicium
688 2623 751 2664 esse
775 2603 908 2677 tradant,
957 2605 1018 2664 uod
1044 2615 1101 2663 tam
1127 2603 1165 2663 de
1191 2624 1264 2669 eor-

116 2694 192 2760 pore
213 2697 299 2756 quam
321 2675 358 2735 de
376 2679 473 2738 anima
496 2679 586 2738 sumit
604 2678 704 2754 Deus,
735 2692 855 2758 excepta
886 2625 976 2739 moin
1004 2692 1124 2740 aeterna
1150 2690 1265 2757 monej

117 2774 221 2834 parum
241 2771 293 2814 eos
313 2751 446 2815 sublevat
465 2754 536 2815 haec
556 2754 714 2816 restrictio.
749 2758 825 2816 Nam
844 2758 1011 2835 superiores
1031 2757 1099 2830 loci,
1119 2776 1196 2849 quos
1218 2756 1265 2817 ei-

117 2831 253 2902 tarimus‚
273 2829 331 2891 hoc
351 2830 524 2891 nominatim
545 2829 666 2908 volunt,
699 2833 752 2892 hac
773 2853 826 2893 nos
847 2833 1020 2892 conditione
1036 2834 1134 2912 recipi
1152 2853 1170 2891 a
1191 2832 1264 2895 Deo

117 2908 310 2990 ingratiam,
335 2919 370 2967 ut
394 2907 535 2988 quicquid
559 2928 672 2969 eramus
697 2928 814 2989 poenae
840 2909 938 2968 meriti
967 2911 1114 2985 remittat,
1142 2907 1263 2990 culpam

118 2982 314 3065 ignoscendo.
355 2984 396 3043 Et
414 2985 532 3063 quoties
551 2984 648 3047 David
666 2997 718 3045 aut
735 2984 783 3044 alii
803 2985 972 3064 Prophetae
997 2999 1188 3066 peccatorum
1209 3006 1265 3047 ve·

118 3066 198 3121 niam
218 3071 339 3139 petunt,
363 3060 451 3127 simul
472 3081 598 3141 poenam
618 3060 822 3141 deprecantur.
871 3065 937 3123 lmo
959 3063 1052 3122 divini
1072 3062 1172 3122 iudicii
1190 3081 1266 3123 seu-

118 3159 166 3199 sus
187 3136 244 3197 hue
263 3158 316 3198 eos
333 3136 468 3217 impellit.
506 3138 648 3217 llursum2
664 3160 752 3217 quum
766 3136 925 3199 aDomino
946 3139 1174 3199 misericordiam
1190 3159 1265 3230 pro-

117 3214 255 3287 mittunt,
280 3235 396 3294 semper
415 3213 480 3273 fere
506 3234 539 3274 cx
568 3216 702 3294 professo
723 3215 760 3275 de
785 3216 890 3297 poenis
910 3235 1068 3294 earumque
1089 3212 1266 3276 remissione

119 3292 345 3355 concionantur.
396 3291 487 3352 Certe
518 3312 608 3370 quum
627 3292 773 3352 Dominus
803 3294 880 3372 apud
905 3292 1091 3353 Ezechielem
1121 3296 1265 3369 (tim-,22

120 3377 152 3427 et
169 3368 233 3442 32.)
254 3367 436 3445 pronuntiat,
455 3365 544 3426 linem
564 3388 596 3427 se
615 3366 821 3448 impositurum
834 3368 1018 3449 Babylonico
1039 3368 1149 3443 exsilio,
1165 3368 1266 3448 idque

119 3455 247 3527 propter
273 3464 321 3519 se,
346 3464 408 3503 non
435 3457 559 3524 propter
579 3443 719 3505 ludaeos:
746 3446 906 3526 gratuitum
932 3466 993 3506 esse
1013 3457 1172 3524 utrumque
1193 3445 1265 3507 satis

121 3520 313 3582 demonstrat
352 3518 546 3601 Denique„si
566 3540 582 3579 a
602 3533 685 3581 reatu
704 3520 862 3582 liberamur
881 3542 935 3603 per
957 3522 1266 3601 Christumfpoems,

121 3616 196 3678 quae
215 3596 284 3656 iude
325 3594 496 3673 roveniuut‚
513 3617 627 3659 cessare
647 3610 776 3677 oportet.
1203 3598 1206 3603 ’

198 3678 246 3738 31.
315 3693 396 3732 erum
417 3672 536 3764 quaudo
558 3684 587 3733 et
606 3674 661 3754 ipsi
674 3674 844 3753 Scripturas
864 3673 1042 3735 testimoniis
1052 3694 1116 3736 sese
1135 3685 1266 3751 armant,

123 3748 271 3813 videamus
291 3748 387 3829 qualia
406 3761 483 3824 sunt,
503 3770 577 3828 quae
597 3748 652 3841 ipsi
678 3750 846 3810 obtendunt
865 3764 1046 3832 argumenta.
1084 3749 1179 3811 David
1199 3751 1266 3829 (in-

122 3827 243 3908 quiunt)
268 3825 304 3885 de
325 3826 470 3887 adulterio
492 3838 522 3887 et
542 3826 703 3888 homicidio
728 3849 744 3887 a
764 3827 916 3908 Propheta
936 3828 1050 3887 Nathan
1077 3826 1265 3965 obiurgatus,

121 3903 238 3965 veniam
259 3903 371 3981 peccati
391 3904 452 3963 acci
475 3902 511 3962 it:
544 3913 697 3962 ettamen
722 3917 820 3963 morte
850 3904 918 3978 filii,
969 3925 1035 3963 uem
1062 3923 1095 3962 ex
1114 3904 1170 3963 adu
1184 3909 1264 3965 torio

122 3979 290 4055 sustulerat,
309 3991 412 4059 postea
432 3925 924 4061 plectitur(11.Sam.112,13.1t.).
945 3926 1031 4041 iales
1044 4001 1166 4060 poenas,
1186 4000 1266 4059 quae

982 2450 1068 2527 i**)‚
1090 2450 1158 2509 dum
1180 2450 1264 2523 inter

61 4262 75 4281 ·t
188 4228 410 4369 'pliomibn
444 4230 464 4282 l.
482 4230 545 4285 Cor.
562 4230 587 4294 1,
603 4232 646 4287 30.
679 4229 748 4301 Eph.
765 4233 790 4293 1,
807 4231 831 4285 7.
866 4232 925 4284 Col.
942 4233 968 4295 1,
985 4232 1025 4288 tl.
1058 4230 1249 4294 LTimztt.

79 4380 83 4387 Ι
172 4299 200 4333 f*
231 4298 290 4354 vid
309 4296 381 4353 Cale.
398 4298 433 4354 sd
450 4296 564 4355 Consilii
581 4298 731 4357 Tridentini
744 4319 801 4356 esse.
818 4301 843 4357 6.
861 4320 918 4370 cap.
936 4301 1005 4380 ¹2⁰²
1020 4301 1061 4357 th.
