2700 4732
512 216 589 279 lou.
609 216 663 277 IV.
703 217 792 282 CAP.
811 218 848 278 Χ.
1079 210 1084 223 ’
1187 219 1247 284 293

184 369 213 430 9.
253 362 313 422 Sed
325 361 394 442 quia
414 361 551 443 exemplis
570 381 617 423 res
636 374 700 423 tota
720 361 824 423 melius
843 360 974 443 patefiet,
989 366 1149 442 'autequam
1169 358 1246 423 ultra

107 440 331 522 progredimur,
357 458 467 518 operae
513 439 619 498 retium
640 451 684 499 est
708 439 783 499 banc
809 439 972 499 doctrinam
992 439 1029 502 ad
1047 450 1149 499 nostra
1167 449 1246 517 tem·
1301 446 1303 451 '

130 539 181 577 ora
201 517 433 576 accommodare.
502 515 709 576 oustitutiones
729 537 800 596 quas
817 527 924 577 vocant
942 516 1160 589 ecclesiasticas,
1179 513 1247 594 qui-

106 540 163 655 bus
182 593 262 673 Papa
283 614 349 651 cum
368 595 426 653 suis
447 603 552 652 onerat
572 592 741 668 ecclesiam,
774 591 895 653 dicimus
925 594 1115 673 perniciosas,
1127 602 1245 652 esseet

107 671 225 750 impias:
247 669 404 743 adversarii
423 669 517 729 nostrl
536 680 650 730 sanctas
670 688 732 728 esse
753 680 783 728 et
802 668 940 730 salutares
956 669 1128 730 defendunt.
1167 667 1245 725 Sunt

107 762 206 810 autem
226 746 286 805 duo
304 765 540 827 earumgenera:
561 766 629 804 nam
648 744 721 805 aliae
739 757 809 805 sunt
828 745 865 805 de
885 745 1060 807 ceremoniis
1080 757 1111 804 et
1129 743 1245 817 ritibus,

107 824 182 886 aliae
202 823 237 881 ad
248 821 432 900 disciplinam
452 821 544 903 magis
564 832 706 900 spectant.
744 822 838 882 Estne
858 822 949 914 igitur
968 825 1148 895 iustacausa,
1169 839 1244 898 quae

106 924 164 962 nos
183 900 219 958 ad
240 909 376 976 utrasque
400 897 612 979 impugnandas
638 897 774 959 moveat?
810 898 921 959 Iustior
945 910 1025 958 certe
1046 919 1131 978 quam
1150 894 1244 955 velle-

106 999 181 1039 mus.
211 976 341 1034 Primum
361 993 463 1033 noune
482 985 616 1033 auctores
635 974 691 1054 ipsi
711 974 786 1034 clara
807 995 879 1034 voce
901 974 1054 1048 definiunt,
1072 973 1248 1053 ipsissimum

107 1054 216 1133 (utita
237 1049 355 1130 loquar)
385 1050 444 1109 Dei
471 1049 582 1110 cultum
606 1050 636 1109 in
662 1050 730 1130 ipsis
757 1050 926 1112 contineri?
970 1051 1006 1109 In
1038 1069 1134 1130 quem.
1154 1049 1244 1111 finem

107 1129 269 1191 conferunt
287 1147 351 1187 suas
371 1126 564 1201 ceremonias,
582 1126 638 1188 nisi
657 1140 691 1186 ut
732 1147 763 1186 er
783 1128 845 1186 illas
865 1128 947 1186 Deus
967 1125 1100 1187 colatur?
1137 1127 1244 1204 Neque

106 1207 137 1268 id
157 1206 191 1265 lit
209 1203 274 1265 solo
295 1222 397 1262 errore
415 1203 569 1282 imperitae
588 1148 795 1263 multitudinis:
816 1203 866 1263 sed
888 1224 991 1264 eorum
1016 1200 1245 1284 approbatione,

107 1282 159 1364 qui
179 1281 277 1341 locum
289 1280 416 1340 docendi
435 1279 554 1339 babent.
593 1280 733 1341 Nondum
745 1300 853 1341 crassas
873 1279 1109 1340 abominationes
1119 1278 1245 1358 attingo,

107 1358 216 1438 quibus
234 1368 332 1416 totam·
347 1356 487 1435 pietatem
507 1355 605 1415 moliti
623 1367 693 1416 sunt
711 1357 913 1447 pessumdare:
934 1356 985 1416 sed
1011 1355 1088 1434 apud
1110 1375 1169 1414 eos·
1181 1374 1244 1413 non

105 1449 169 1495 tam
189 1447 272 1493 atrox
291 1433 330 1490 liu
355 1444 454 1491 eretur
473 1433 602 1506 crimen,
625 1435 656 1492 in
682 1432 802 1493 munima
821 1452 937 1522 quaque
956 1431 1245 1493 traditiuncula·esse

107 1512 135 1572 la
157 1533 231 1583 sum,
257 1510 312 1568 uisi
331 1452 391 1567 bei
415 1508 522 1567 cultum
543 1508 602 1568 suis
623 1509 796 1585 commentis
822 1508 1010 1568 subiicerent.
1030 1542 1033 1549 r
1060 1507 1151 1582 Quod
1172 1526 1244 1588 ergo

104 1533 263 1649 tolerabile
283 1606 346 1645 non
367 1604 429 1644 esse
449 1584 551 1644 docuit
570 1584 687 1656 Paulus,
705 1583 866 1666 legitimum
887 1585 1004 1644 colendi
1023 1582 1081 1643 Dei
1100 1583 1188 1643 ritum
1209 1581 1246 1642 ad

105 1664 261 1725 bominum
280 1661 433 1721 arbitrium
453 1660 557 1741 redigi,
577 1661 600 1720 si
620 1662 708 1721 bodie
722 1661 800 1720 ferre
820 1682 881 1721 non
903 1682 1065 1740 possumus,
1085 1660 1154 1738 quid
1175 1678 1247 1740 pec-

107 1739 225 1802 camus?
244 1738 416 1819 praesertim
429 1757 499 1798 vero
513 1759 601 1816 quum
621 1738 781 1798 secundum
802 1737 946 1796 elementa
967 1736 1068 1796 mundi
1088 1736 1172 1795 buius
1193 1756 1247 1795 co·
1333 1813 1336 1816 Δ

107 1817 171 1878 lere
221 1815 401 1894 raecipiunt,
430 1814 509 1892 quod
542 1813 649 1874 Paulus
679 1812 827 1873 adversari
859 1812 979 1875 Christo
1008 1823 1131 1873 testatur
1161 1809 1246 1890 (Cot

105 1902 137 1968 2,
156 1837 245 1969 203..
265 1891 391 1951 Rursum
412 1912 499 1970 quam
519 1893 648 1981 praecisa
673 1890 845 1950 necessitate
868 1889 1032 1971 astringant
1051 1886 1246 1953 conscientias

107 1968 338 2032 aduersandum
358 1966 424 2046 quic
447 1967 497 2026 uid
517 1966 637 2040 rubent,
657 1986 718 2026 non
739 1979 784 2025 est
802 1969 945 2047 ignotum.
986 1966 1042 2025 llic
1062 1965 1130 2025 dum
1150 1963 1246 2024 recla-
1327 2004 1331 2011 ,

106 2067 236 2119 mamus,
257 2064 372 2103 causam
393 1989 532 2102 habemus
553 2041 733 2111 curnPaulo
754 2061 939 2101 communem
959 2039 1043 2132 (Gal.
1062 2048 1096 2117 ὅ,
1115 2042 1174 2132 1.),
1195 2040 1246 2121 qui

107 2123 192 2184 nullo
218 2121 308 2183 modo
335 2120 445 2198 patitur
472 2119 584 2181 fideles
605 2119 800 2181 conscientias
831 2120 862 2179 in
893 2118 1046 2178 bominum
1074 2128 1246 2180 serruutem

106 2199 211 2281 redigi.
1040 2252 1043 2261 .

185 2280 232 2340 10.
272 2272 667 2354 Porro‘i'stud1pessimum
696 2271 825 2347 accedit,
855 2273 935 2352 quod
965 2271 1016 2333 ubi
1041 2271 1145 2333 talibus
1165 2270 1247 2332 vanis

106 2352 256 2435 figmentis
277 2349 392 2411 definiri
411 2348 516 2430 religio
535 2350 626 2410 semel
646 2360 751 2425 coepta
766 2361 819 2424 est,
839 2350 1059 2430 perversitatem
1079 2349 1156 2408 illam
1177 2369 1247 2431 per-

107 2441 201 2509 petuo
222 2427 369 2518 sequitur,
389 2426 528 2486 etaltera
550 2426 731 2493 exsecrabilis
752 2426 891 2506 pravitas,
911 2447 997 2505 quam
1016 2424 1249 2505 Pharisaeisssex·
1329 2432 1333 2440 '

107 2505 234 2586 probrat
254 2503 398 2575 bbristus,
419 2514 451 2562 ut
470 2504 584 2562 irritum
604 2503 655 2563 fiat
674 2517 863 2584 praeceptum
875 2504 932 2563 Dei
951 2516 1075 2585 propter
1094 2503 1248 2562 bominum

107 2576 280 2642 traditiones
300 2580 419 2656 (blattb.
437 2587 486 2656 15,
497 2583 551 2657 3.).
588 2581 668 2640 Nolo
690 2592 793 2640 contra
814 2593 982 2659 praesentes
1000 2591 1120 2640 nostros
1139 2599 1248 2637 nomo·

94 2656 322 2717 ·tlretasverbis
343 2659 414 2716 meis
439 2678 588 2738 pugnare:
620 2656 744 2716 vicerint
767 2678 854 2728 sane,
885 2658 909 2716 si
931 2656 1102 2737 quomodo
1124 2655 1159 2714 ab
1194 2655 1247 2713 bac

110 2733 221 2796 Christi
235 2735 417 2794 accusatione
437 2754 563 2814 purgare
583 2754 614 2793 se
634 2744 784 2812 poterunt.
824 2733 883 2791 Sed
897 2733 1051 2811 quomodo
1069 2741 1249 2807 excusarent,
1279 2792 1282 2799 ,
1321 2762 1330 2786 s

110 2832 202 2891 quum
222 2812 365 2870 immenso
386 2810 462 2889 apud
488 2831 538 2868 cos
563 2809 729 2869 sceleratius
753 2809 800 2881 sit,
820 2809 1010 2868 auricularem
1031 2807 1249 2868 confessionem

109 2897 247 2948 vertente
266 2907 344 2947 anno
365 2886 606 2964 praetermisisse,
649 2908 712 2945 uam
733 2884 939 2963 nequissimam
960 2886 1049 2943 vitam
1068 2885 1098 2942 in
1119 2881 1247 2947 solidum

111 2985 222 3025 anuum
253 2963 439 3043 produxisse?
469 2963 596 3042 linguam
627 2907 673 3021 die
698 2961 823 3019 Veneris
849 2960 984 3022 infecisse
1009 2960 1127 3019 modico
1152 2961 1246 3019 carnis

111 3051 215 3123 gustu,
245 3060 330 3175 guam
354 3051 451 3099 totum
478 3060 585 3119 corpus
611 3038 713 3098 diebus
738 3037 875 3099 omuibus
904 3036 1063 3098 scortando
1095 3033 1248 3097 foedasse?

112 3138 231 3177 manum
272 3116 298 3175 ie
319 3115 456 3176 sanctulis
477 3116 576 3173 nescio
598 3114 703 3194 quibus
728 3110 900 3175 consecrato
933 3104 1104 3174 admovisse
1119 3110 1246 3173 honesto

112 3197 215 3273 operi,
247 3216 331 3272 quam
360 3192 490 3272 pessimis
526 3191 704 3250 facinoribus
736 3191 847 3250 assidue
881 3189 1012 3250 membra
1043 3192 1140 3249 omnia
1165 3210 1247 3249 eser-
1342 3228 1344 3237 ι

112 3270 225 3332 coisse?
256 3269 418 3328 sacrificum
443 3267 574 3349 legitimo
600 3289 661 3327 uno
688 3266 839 3333 connubio
860 3265 1008 3347 copulari,
1029 3287 1115 3346 quem
1135 3264 1248 3348 alligari

112 3345 193 3406 mille
213 3345 380 3405 adulteriis?
399 3345 525 3405 votivam
540 3344 806 3425 peregrinationem
826 3365 887 3403 non
908 3344 1091 3423 persolvisse,
1111 3363 1196 3422 quam
1217 3344 1248 3401 in

113 3422 265 3502 promissis
286 3423 420 3483 omnibus
439 3422 527 3481 fidem
549 3421 667 3481 fallere?
697 3419 728 3479 in
747 3421 833 3501 prodi
858 3421 935 3480 iosos
956 3440 1012 3480 occ
1032 3421 1125 3479 minus
1145 3440 1249 3498 super·
1316 3481 1320 3490 ,

113 3519 223 3558 vacuos
243 3518 275 3555 ac
300 3499 417 3558 inutiles
444 3497 620 3576 templorum
646 3498 726 3557 luxus
746 3516 808 3555 non
830 3441 937 3576 abiquid
958 3495 1136 3575 profudisse,
1161 3517 1248 3562 ouam
1322 3558 1333 3572 χ

116 3573 242 3632 defuisse
272 3573 380 3632 ultimis
413 3595 573 3653 pauperum
604 3572 841 3634 necessitatibus?
890 3572 1008 3633 Idolum
1039 3568 1249 3635 sinemho'nore

114 3648 316 3730 praeteriisse,
340 3670 424 3727 quam
450 3650 601 3709 bominum
627 3669 715 3709 omne
740 3669 833 3731 genus
858 3649 1072 3711 contumeliose
1092 3646 1249 3708 tractasse?

114 3746 178 3785 non
200 3725 429 3784 demurmurasse
450 3727 536 3785 certis
556 3726 636 3786 boris
657 3724 747 3807 longa
767 3725 829 3786 siue
847 3724 936 3799 sensu
951 3725 1154 3814 verbegguam
1175 3722 1250 3805 legi·

114 3804 216 3860 timam
238 3803 403 3861 orationem
430 3804 526 3861 auimo
552 3823 701 3880 nunquam
728 3803 916 3881 concepisse?
939 3835 976 3847 -
1017 3796 1098 3876 Qipd
1120 3813 1163 3861 est
1183 3800 1250 3861 irri-

114 3893 177 3938 tum
201 3878 296 3936 lacere
316 3889 439 3956 propter
457 3900 521 3937 suas
540 3879 713 3938 traditiones
734 3877 791 3936 Dei
811 3890 1015 3970 praeceptum,
1035 3875 1090 3936 nisi
1111 3877 1167 3937 boc
1187 3876 1251 3937 est?

116 3978 206 4035 quum
227 3954 447 4013 observationes
467 3955 667 4015 mandatorum
680 3954 738 4013 Dei
758 3953 862 4037 frigrde
880 3965 993 4014 taratrma
1015 3964 1045 4012 et
1064 3953 1252 4014 defunctorie

117 4031 375 4103 commendantes,
399 4051 519 4090 suorum
545 4028 672 4090 eiacum
692 4029 891 4090 obedientiam
913 4028 1101 4091 nibilominus
1121 4030 1252 4090 studiose

118 4120 149 4166 ct
168 4108 253 4166 anxie
279 4119 402 4188 urgent,
432 4128 517 4186 quarn
542 4109 567 4167 si
591 4119 683 4168 totam
710 4107 836 4187 pietatis¹
852 4107 908 4184 vim
933 4107 1020 4166 inse
1045 4105 1253 4183 continerent?

117 4207 206 4262 quum
228 4183 345 4253 divinae
364 4185 733 4265 Legistransgressionem
753 4176 872 4253 levibus·
885 4166 1116 4257 satisfa'ctionum
1137 4178 1253 4247 mulctis

116 4259 302 4335 ulciscentes,
320 4260 406 4322 unius
425 4259 593 4322 suidecreti
604 4258 649 4321 vel
666 4259 814 4321 minimam
826 4258 1021 4323 offensionem
1041 4257 1122 4325 nulla
1141 4258 1254 4323 leviore

117 4357 217 4421 poena
236 4337 370 4420 plectunt
380 4358 468 4425 quam
487 4356 617 4419 carcere,
636 4337 747 4419 exsilio,
763 4336 917 4427 lucendio,
928 4334 1124 4423 flubgladlffg,
1140 4333 1254 4423 ‘Iu'Dei
