2596 4726
127 240 186 305 386
514 230 590 293 LlB.
612 232 665 291 w.
707 231 795 295 CAP.
815 230 895 291 xvi.

131 350 361 463 colligerentur,
390 377 440 512 spui
465 376 495 437 in
520 377 614 459 gloria
641 373 762 438 coelesti
786 374 998 437 accumberent
1022 396 1092 437 cum
1110 370 1269 449 Abrabam,

129 459 209 519 Isaac
229 467 260 515 et
278 454 394 531 Iacob(
413 453 500 515 lutth.
512 460 542 528 8,
554 456 631 532 11.):
651 451 750 513 multis
770 463 868 512 umen
888 462 960 514 ante
977 450 1105 513 saeculis
1123 462 1207 511 tauta
1222 452 1269 512 illa

129 532 331 594 misericordia
351 530 477 591 ludaeos
497 530 665 610 complexus
686 530 793 589 luerat.
831 530 871 588 Et
890 531 957 609 quia
970 530 1086 591 cunctis
1105 526 1172 589 aliis
1189 549 1269 608 prae·

129 610 223 672 teritis
244 630 330 669 unam
350 608 424 668 banc
443 620 563 686 gentem
582 606 736 689 selegerat,
755 606 854 685 inqua
874 606 998 685 gratiam
1017 626 1099 665 suam
1122 626 1179 685 pro
1199 617 1270 665 tem·

129 708 205 768 pore
225 686 406 746 contineret:
457 684 581 744 eculium
612 705 695 744 suum
722 695 753 743 et
784 704 822 763 po
847 682 926 743 ulum
950 682 1132 761 acquisitum
1159 682 1272 741 dicebat

130 763 240 843 (Exod.
255 768 304 834 19,
326 763 380 838 5.).
430 706 476 819 ld
508 760 669 820 testandam
702 704 846 820 eiusmoii
872 757 1101 819 beneficentiam
1129 757 1196 818 data
1220 757 1270 817 luit

131 838 334 909 circumcisio,
358 836 439 897 cuius
457 837 592 917 symbolo
613 838 792 897 docerentur
809 835 930 911 ludaei,
949 834 1048 894 Deum
1069 833 1129 895 sibi
1148 854 1211 895 esse
1228 854 1268 893 sa·

46 960 53 975 .
132 916 200 977 lutis
220 914 397 995 praesidem:
418 934 475 991 qua
496 913 668 1003 cognitione
687 913 717 973 iu
738 933 819 992 spem
831 914 907 972 vitae
927 923 1068 973 aeternae
1082 910 1268 1005 erigebantur

133 1013 237 1054 eorum
257 990 354 1051 animi.
401 988 482 1062 Quid
504 1008 581 1048 emm
602 989 770 1049 defuturum
791 1002 835 1049 est
855 988 893 1062 ei,
914 1009 1001 1068 quem
1022 987 1118 1048 semel
1139 1010 1170 1048 sa
1191 986 1268 1045 unsa

132 1070 216 1129 Deus
235 1066 403 1145 acceperit?
443 1064 545 1139 Quare
565 1067 741 1146 Apostolus,
766 1065 943 1147 probaturus
964 1062 1105 1124 Gentiles
1132 1084 1192 1125 una
1210 1084 1268 1124 cum

133 1143 250 1204 Indaeis
271 1162 332 1203 esse
346 1140 482 1201 Abrahae
502 1141 588 1215 lilios,
608 1142 638 1201 in
659 1141 732 1203 hanc
753 1141 875 1203 sormam
895 1140 1269 1277 luquitnrglloruddhh

133 1219 314 1297 „Abraham
332 1218 439 1299 inquit,
458 1216 516 1277 fide
535 1218 771 1279 iustificatusluit
790 1218 821 1277 in
843 1238 911 1297 prae
932 1216 1006 1277 utio.
1063 1230 1150 1278 ostes
1161 1218 1269 1298 siguum

134 1296 270 1387 „accepit
300 1293 554 1369 circumcisionis,
587 1294 715 1377 sigilium
745 1294 871 1355 iustitiae
904 1240 990 1368 lbet,
1019 1306 1055 1353 ut
1085 1306 1176 1373 pater
1201 1302 1272 1351 esset

134 1393 288 1449 „omarum
307 1370 436 1430 fidelium
463 1383 494 1430 et
519 1371 663 1451 praeputii
689 1384 718 1431 et
738 1370 985 1444 circumcisionis,
1015 1390 1080 1429 nou
1102 1390 1207 1431 eorum
1226 1365 1270 1447 qui

134 1448 218 1525 „sola
232 1447 455 1508 circumcisione
473 1446 650 1529 gloriantur,
669 1449 720 1507 sed
741 1448 792 1527 qui
810 1459 975 1526 sequuntur.
992 1446 1096 1521 fidem,
1117 1467 1205 1526 quam
1224 1464 1270 1523 pa·

134 1537 204 1599 „ter
238 1536 340 1584 noster
373 1522 520 1583 Abrabam
553 1525 584 1584 in
614 1526 768 1616 praeputio
799 1523 933 1584 habuit.“
998 1522 1115 1583 Annon
1145 1522 1271 1582 videmus

135 1601 277 1694 dignitate
301 1612 443 1680 utrosque
467 1600 640 1679 adaequari?
678 1601 751 1661 Nam
778 1599 814 1659 ad
840 1612 954 1679 tempus
973 1598 1034 1659 Dei
1059 1600 1184 1659 decreto
1204 1616 1271 1657 con·

134 1689 283 1750 stitutum,
331 1688 395 1737 ater
420 1676 475 1736 luit
500 1678 738 1738 circumcisionis.
782 1676 843 1736 Ubi
863 1675 962 1736 diruto
1007 1674 1103 1736 ariete
1122 1672 1270 1755 (quemad-

135 1754 256 1814 modum
278 1698 348 1813 alibi
367 1753 469 1812 scribit
487 1753 649 1831 Apostolus
669 1754 693 1810 E
716 1753 883 1827 lr.‘d,1l.),
904 1772 963 1832 quo
998 1752 1104 1812 'entes
1125 1774 1142 1811 a
1161 1749 1269 1809 Iudaeis

134 1829 382 1903 secernebantur,
407 1828 464 1889 illis
484 1851 603 1909 qnoque
623 1774 784 1909 patelhctns
804 1830 899 1889 aditus
924 1828 980 1888 luit
1003 1828 1033 1887 in
1060 1848 1189 1910 regnum
1207 1824 1270 1893 Dei.

135 1907 230 1968 factus
251 1919 295 1968 cst
314 1906 433 1965 illorum
456 1918 551 1998 pater:
578 1907 665 1986 idque
684 1907 757 1967 citra
778 1906 1018 1967 circumcisionis
1036 1905 1171 1986 signum:
1196 1900 1269 1982 qnod

135 1982 316 2063 Baptismum
347 1983 410 2043 vice
437 1983 667 2043 circumcisionis
694 1983 810 2044 habeut.
862 1982 956 2057 Quod
980 1994 1080 2042 autern
1101 1979 1267 2041 nominatim

135 2060 284 2121 Abrabam
305 2060 339 2119 iis
359 2079 421 2119 esse
441 2070 554 2139 patrem
575 2073 673 2140 negat,
692 2060 742 2138 qui
762 2071 832 2118 suut
851 2080 885 2117 en
905 2059 1133 2119 circumcisione
1151 2068 1267 2127 tantum,

134 2137 163 2196 id
185 2137 313 2217 positum
334 2147 377 2195 est
394 2135 428 2195 ad
450 2135 665 2194 retundendum
685 2136 868 2215 quorundam
884 2134 1086 2215 supercilium,
1108 2132 1266 2213 quiomisst

135 2214 251 2293 pietatis
271 2234 355 2283 cura,
380 2210 448 2273 solis
469 2212 643 2272 ceremoniis
667 2233 698 2271 se
716 2212 916 2271 venditabant.
966 2209 1108 2285 Qualiter
1127 2210 1265 2289 hodieque

134 2289 258 2349 refutari
279 2288 370 2368 possit
390 2308 493 2347 eorum
513 2288 631 2364 vanitas,
651 2288 749 2369 quiin
770 2289 920 2369 Baptismo
941 2286 1013 2346 nihil
1033 2297 1153 2369 praeter
1173 2302 1264 2365 aquen

156 2377 291 2424 uaeruut.

134 2386 153 2445 q
216 2448 263 2505 14.
302 2439 361 2498 Sed
382 2440 456 2498 alter
475 2442 614 2519 Apostoli
634 2442 716 2503 locus
736 2464 769 2502 cr
789 2443 872 2522 epist.
884 2441 969 2501 Rom.
981 2447 1013 2513 9,
1026 2446 1056 2505 7.
1078 2450 1186 2499 contra
1205 2458 1264 2519 pru·

135 2517 242 2589 sertus,
271 2516 322 2573 nbi
343 2538 392 2575 cos
414 2518 462 2594 qui
490 2538 522 2575 cx
543 2540 631 2576 carne
651 2532 734 2594 snut,
760 2540 822 2579 esse
841 2518 978 2577 Abrabae
999 2518 1075 2576 filios
1097 2519 1203 2576 docet:
1223 2512 1264 2574 sel

135 2615 186 2655 eos
206 2592 298 2652 niodo
328 2593 357 2650 in
379 2595 489 2651 sesninc
510 2595 633 2667 reris-eri,
655 2596 703 2673 qui
724 2608 791 2655 sunt
811 2595 860 2653 lilii
880 2594 1093 2675 promissionis.
1145 2594 1264 2651 lnnuert

136 2691 263 2750 namque
284 2670 415 2744 videtur,
447 2670 520 2729 nibil
542 2691 603 2729 esse
624 2671 768 2729 carnalem
789 2671 925 2730 Abrahae
946 2672 1170 2752 cognationem,
1191 2688 1264 2748 quau

135 2770 189 2808 nos
211 2748 312 2826 aliquo
334 2747 426 2883 gradu
452 2749 597 2827 ponimus.
636 2748 677 2807 At
697 2750 773 2807 enim
796 2748 961 2829 diligentius
982 2747 1264 2806 animadvertendus

134 2838 188 2898 est,
210 2846 296 2904 qnam
317 2824 336 2883 il
350 2825 376 2883 ic
396 2846 510 2883 caussam
531 2836 637 2884 tractet
656 2825 825 2902 Apostolus.
866 2827 938 2883 Nam
960 2824 1078 2883 ludaeis
1095 2836 1264 2892 ostensurus,

134 2923 222 2980 qnam
248 2921 309 2959 non
338 2914 414 2961 esset
439 2901 552 2982 alligata
578 2902 682 2960 semini
700 2902 835 2961 Abrahae
855 2901 912 2960 Dei
939 2901 1071 2975 bonitas,
1102 2901 1163 2958 imo
1192 2917 1263 2978 qnau

134 2977 206 3036 nihil
230 2998 332 3056 perse
353 2977 500 3052 conserat,
532 2978 594 3037 eius
620 2978 662 3037 rei
685 2978 862 3039 documento
882 2978 1035 3036 lsmaelem
1055 2989 1086 3037 et
1108 2977 1185 3036 Esau
1203 2993 1263 3065 pro·

133 3054 203 3113 fert:
227 3054 332 3131 quibus
354 3053 467 3113 reiectis
493 3075 553 3113 non
578 3076 661 3114 secns
687 3056 743 3114 acsi
769 3055 898 3113 extranei
924 3054 1062 3127 fuissent,
1093 3066 1211 3112 tametsi
1229 3068 1263 3109 st·

132 3131 261 3190 eundum
290 3150 405 3188 carnem
436 3152 574 3210 germana
606 3144 688 3190 erant
714 3130 850 3190 Abrahae
875 3131 1048 3222 progenies,
1081 3130 1111 3188 ia
1140 3129 1220 3189 lsaae
1241 3138 1263 3183 ct

131 3205 224 3265 Iacob
244 3206 354 3265 residet
375 3206 552 3264 benedictio.
594 3208 680 3265 Unde
701 3210 855 3266 coniicitur
876 3208 904 3266 nl
923 3208 1001 3285 quocl
1024 3219 1128 3285 postea
1141 3205 1262 3273 alfirmal,

132 3284 264 3362 pendere
284 3282 405 3341 salutern
427 3304 442 3340 a
463 3282 520 3339 llei
542 3282 751 3355 misericordia,
772 3307 827 3363 qua
870 3287 1038 3362 roseqnitur
1058 3303 1148 3362 quem
1171 3283 1211 3341 illi
1229 3301 1260 3338 u·

132 3382 195 3419 suna
218 3358 320 3417 luerit:
342 3379 453 3417 cansam
475 3379 545 3417 vcro
567 3382 626 3417 ison
650 3382 710 3419 esse
731 3383 783 3418 cnr
803 3306 903 3419 luisci
924 3358 1053 3419 foederis
1075 3361 1198 3419 nomine
1217 3355 1259 3417 sih

132 3436 266 3513 placeant
287 3446 336 3493 aut
356 3433 537 3515 glorientur,
558 3437 612 3495 nisi
635 3437 760 3496 foederis¹
782 3437 875 3528 legem
897 3449 1031 3509 servent,
1053 3435 1082 3493 id
1104 3448 1162 3507 est,
1179 3434 1258 3493 verbo

131 3512 282 3571 obediant.
327 3511 453 3569 Rursum
480 3512 530 3569 nbi
551 3535 621 3571 vana
647 3514 762 3593 generis
787 3536 830 3573 sus
857 3514 1035 3572 confidentia
1060 3512 1128 3572 illos
1156 3510 1258 3577 ‹leiecit

153 3588 199 3646 uia
231 3600 326 3647 tamen
353 3586 445 3646 altera
473 3610 505 3645 cx
531 3602 612 3668 parte
644 3590 800 3660 cernebat,
831 3590 935 3649 foedus
969 3589 1048 3668 quod
1080 3588 1174 3648 semel
1206 3604 1256 3647 cuu

160 3663 265 3723 brahae
287 3664 457 3742 posteritate
479 3666 580 3724 initum
603 3666 713 3739 suerat,
734 3688 748 3724 a
770 3667 835 3726 Deo
858 3667 970 3726 irritum
992 3663 1074 3724 nullo
1097 3658 1256 3725 modoini

129 3759 226 3817 posse,
246 3748 365 3829 capli-
386 3741 531 3800 carnalem
552 3742 687 3801 Abrahae
708 3744 916 3822 cognationem
937 3763 999 3801 non
1020 3761 1084 3801 esse
1104 3764 1156 3802 sua
1177 3737 1256 3822 digni·

128 3826 189 3873 tate
209 3815 390 3893 spoliandam
412 3818 540 3877 disserit:
574 3820 654 3878 cuius
680 3820 824 3880 benelicio
846 3820 970 3879 ludaeos
990 3819 1080 3878 docet
1105 3820 1215 3899 primos
1230 3832 1254 3872 at

127 3890 242 3950 nativos
269 3914 330 3951 csse
350 3892 500 3975 Evangelii
527 3896 680 3969 haeredes,
710 3898 766 3955 nisi
793 3910 934 3976 qnatenus
966 3918 1016 3955 sua
1047 3894 1253 3976 ingratitudines

128 3986 182 4025 ceu
204 3969 329 4050 indigni,
349 3968 475 4030 abdicati
499 3973 630 4031 fuerunt:
652 3974 692 4033 sic
713 3986 809 4033 tamen
832 3988 864 4032 ut
885 3996 944 4031 sion
967 3973 1085 4052 penitus
1107 3973 1144 4031 ab
1167 3985 1250 4031 cornu

124 4055 217 4124 gente
237 4045 372 4105 coelestis
394 4045 562 4108 benedictio
576 4050 753 4132 dernigrarit.
795 4051 989 4125 eraratione
1011 4048 1087 4119 illos,
1109 4048 1251 4128 quamlibet

126 4134 315 4181 contumaces
336 4144 369 4182 ac
390 4122 589 4207 foedifragos,
619 4141 736 4187 sanctos
763 4126 953 4187 nihilominus
982 4125 1113 4205 appellat
1137 4136 1249 4203 (tantun

126 4193 249 4286 honoris
269 4198 366 4259 defert
385 4213 501 4260 sanctae
522 4204 722 4284 generationi,
756 4226 841 4296 quarn
862 4205 943 4264 Deus
963 4224 1048 4264 sacro
1068 4224 1123 4263 suo
1145 4200 1248 4262 sordere
1291 4266 1294 4281 Ι

126 4269 260 4354 (lignatus
281 4275 403 4349 luerat):
425 4298 478 4338 nos
496 4300 580 4353 vero,
599 4279 622 4337 si
644 4301 709 4338 cum
730 4279 787 4339 illas·
809 4300 1032 4370 componamur,
1052 4276 1247 4359 vetutposthu·
1290 4292 1294 4321 ³

124 4370 204 4427 mos,
234 4364 285 4413 aut
312 4351 397 4413 etiam
424 4353 573 4415 abortivos
598 4354 735 4417 Abrabae
762 4357 849 4418 filios:
882 4356 971 4436 rdque
997 4357 1177 4436 adoptione,
1200 4366 1246 4411 ⁰⁰³
