2700 4732
65 183 126 247 tts
441 178 519 241 ult.
537 179 594 239 tlt.
634 182 724 243 CAP.
745 181 829 243 vt11.

64 322 198 403 ¹dumita
218 322 362 391 malorum
382 322 489 385 duritia
507 324 704 405 afflictantur,
728 338 761 387 ut
781 347 842 387 non
862 327 1039 409 frangantur
1056 348 1116 389 uec
1136 348 1210 397 nna·

66 400 180 463 eidant:
201 400 241 461 ita
260 400 454 463 amaribadine
474 415 657 495 punguntur,
677 416 711 465 ut
728 403 816 465 simul
836 404 1052 485 perfundantur
1062 404 1209 485 spirituali

65 478 192 561 gaudio:
222 477 263 539 ita
271 490 462 613 Ipremuntur
485 491 647 555 anxietate,
677 491 712 541 ut
734 480 792 543 Dei
806 481 1026 564 'consolatione
1055 480 1210 543 exhilarati

64 555 223 635 respirent.
289 556 395 615 nterim
413 555 600 617 versatur-in
625 576 728 617 eorum
752 556 892 619 cordibus
916 558 966 619 illa
997 578 1071 639 repu
1114 558 1210 635 antia,

66 631 148 713 quod
161 643 283 693 naturae
291 652 402 705 seuseu,
423 653 498 711 quae
516 632 573 693 sibi
592 633 690 694 sentit.
701 632 831 709 adversa,
849 634 961 718 refugit
979 646 1069 714 atque
1109 646 1209 701 ιιιιιιι

89 709 185 769 ietatis
205 720 302 769 autem
323 708 447 769 allectus
467 708 502 770 ad
515 708 716 771 obedientiam
737 709 1025 773 divinaevoluntatis
1044 710 1134 771 etiam
1154 730 1212 793 per

9 790 17 806 ‘
86 806 117 847 as
136 784 324 847 difficultates
343 784 506 847 contendit
545 786 630 847 Hanc
644 806 717 867 repu
761 787 868 847 antiam
888 788 1029 869 expressit
1045 786 1212 867 Dominae,

64 883 157 945 quum
176 862 216 922 ita
235 862 410 942 loqueretur
429 861 520 923 Petro
540 862 719 941 (lo-21,18
742 886 749 922 ι
771 860 895 939 „Quum
915 884 992 927 esses
1011 864 1125 941 iunior,
1143 866 1209 935 ein·

48 938 178 1021 ,gebaa
196 951 240 1012 te,
259 949 290 997 et
308 936 476 999 ambulabas
489 958 549 1018 quo
570 938 690 999 libebat
730 940 831 1015 Quum
842 952 939 1001 autem
955 940 1099 1018 senueris,
1119 960 1209 1021 prae-

63 1014 341 1153 till⁸‘i›li.²l”¹'
360 1015 679 1154 tttdttthttttt
699 1016 986 1155 'tltldttt‘
1008 1018 1211 1169 {lilii}

63 1135 187 1230 invitlrm
212 1188 246 1229 ae
273 1113 455 1229 reltllantem
483 1188 520 1227 eo
547 1179 674 1227 tractum
691 1112 778 1230 ges‘se:
809 1168 922 1261 alioqui
954 1116 1055 1250 palum
1082 1170 1209 1241 baberet

64 1244 156 1307 laudis
176 1245 239 1305 eius
259 1245 438 1326 martyrium.
487 1245 599 1305 Verum
624 1256 775 1324 utcunque
801 1246 899 1308 cordas
923 1268 1035 1308 summa
1055 1246 1209 1311 alacritate

64 1322 181 1383 divinae
200 1320 382 1383 ordinationi
401 1332 536 1400 pareret,
557 1320 626 1400 quia
645 1332 743 1381 tamen
764 1321 973 1383 humanitatem
992 1345 1055 1384 non
1075 1336 1210 1401 exuerat,

64 1396 176 1478 duplici
193 1398 346 1458 voluntate
366 1396 606 1479 distringebatur.
648 1398 723 1458 Nam
743 1398 812 1458 dum
838 1411 989 1458 cruentam
1017 1399 1098 1462 illam
1123 1420 1208 1461 mor·

62 1487 124 1535 tem
144 1494 230 1554 quam
251 1486 315 1533 erat
334 1472 470 1534 obiturus
496 1492 549 1553 per
568 1494 599 1535 se
619 1473 794 1555 reputabat,
818 1473 880 1533 eius
901 1473 1026 1534 horrore
1054 1474 1210 1555 perculsus

63 1550 193 1613 libenter
204 1550 371 1632 effugissem
392 1570 508 1609 rursum
521 1549 589 1609 dum
609 1549 867 1610 succurrebatDci
887 1550 1012 1630 imperio
1031 1570 1063 1611 se
1083 1550 1122 1611 ad
1142 1572 1209 1613 eam

63 1628 179 1702 vocari,
203 1628 302 1689 evicto
323 1647 357 1687 ae
376 1625 549 1706 proculcato
568 1625 693 1699 timore,
716 1625 844 1686 libenter
868 1638 957 1705 atque
977 1626 1052 1688 adeo
1071 1626 1209 1695 hilariter

63 1725 128 1767 ειιιι
148 1704 276 1766 subibat.
324 1704 393 1763 Iloe
414 1722 446 1763 er
468 1723 487 1762 o
513 1701 690 1763 studendum
716 1714 760 1763 est
806 1703 830 1763 si
852 1702 877 1765 C
901 1703 962 1763 risti
986 1702 1123 1783 discipuli
1143 1723 1209 1765 esse

62 1782 210 1857 volumus,
231 1794 265 1843 ut
275 1790 356 1841 tantu
367 1778 426 1839 Dei
439 1723 623 1853 §servantia
640 1790 728 1871 atque
741 1746 868 1839 obedien
885 1780 909 1839 ia
930 1778 1101 1839 imbuantur
1117 1778 1210 1849 animi

62 1858 171 1936 nostri,
192 1879 267 1939 quae
286 1855 450 1919 contrarios
461 1877 564 1917 omnes
582 1855 757 1916 attecnones
771 1855 893 1915 domare
912 1876 947 1917 ac
965 1856 1126 1939 subiugare
1145 1858 1207 1919 eius

62 1935 246 1997 ordinationi
265 1946 363 2013 queat.
401 1932 448 1993 Ita
472 1933 524 1993 liet
547 1944 581 1992 ut
603 1953 784 2011 quocunque
804 1952 940 2001 vexemur
963 1932 1059 1993 crucis
1082 1952 1207 2015 genere,

62 2013 94 2073 iu
114 2013 233 2074 summis
257 2011 348 2073 animi
372 2010 513 2092 angustiis
533 2009 705 2091 patientiam
732 2020 903 2069 constanter
921 2009 1109 2071 retineamur.
1148 2010 1205 2073 tta

63 2090 144 2149 enim
163 2090 243 2170 ipsae
268 2087 409 2147 adversae
435 2085 589 2147 habebunt
607 2106 687 2145 suam
707 2086 910 2166 asperitatem,
930 2107 987 2165 qua
1007 2086 1204 2147 mordeamur.

62 2166 115 2227 Sic
134 2165 243 2227 morbo
264 2163 382 2237 afflicti,
412 2175 442 2223 et
460 2162 702 2244 ingemiscemus,
726 2173 758 2221 et
776 2161 1022 2241 inquietabimur,
1046 2174 1077 2223 et
1096 2163 1204 2225 sanita·

62 2253 124 2303 tem
142 2254 326 2322 expetamus:
359 2239 402 2301 sic
423 2251 553 2321 egestate
569 2238 680 2331 pressi,
705 2238 909 2300 sollicitudinis
930 2250 961 2299 et
979 2239 1116 2299 tristitiae
1136 2262 1201 2301 acu-

61 2319 117 2380 leis
135 2319 384 2400 perstringerem:
403 2316 446 2377 sie
464 2317 657 2397 ignominiae,
677 2327 874 2396 contemptus,
895 2314 1017 2376 iniuriae
1034 2314 1143 2383 dolore
1161 2316 1200 2377 le·

62 2396 190 2457 riemur:
215 2395 258 2456 sic
281 2397 313 2457 in
334 2390 488 2453 funeribus
505 2404 678 2453 nostrorum
690 2392 803 2453 debitas
818 2403 939 2453 naturae
959 2390 1100 2471 lacrymas
1110 2394 1199 2453 exsol-

62 2490 178 2537 semus:
208 2472 262 2533 sed
281 2472 353 2535 haee
372 2488 488 2550 semper
509 2470 569 2531 erit
584 2468 729 2544 clausula,
758 2469 850 2548 Atqui
868 2468 1016 2529 Dominus
1035 2467 1075 2529 ita
1095 2469 1197 2535 soluite

64 2562 136 2630 ergo
157 2548 221 2609 eius
240 2547 422 2610 voluntatem
441 2566 607 2624 sequamur.
651 2544 717 2607 lmo
738 2545 816 2605 inter
836 2546 912 2626 ipsas
932 2544 1045 2606 doloris
1066 2546 1196 2623 punctitt·¹
1224 2562 1229 2575 '

64 2644 134 2699 nes,
160 2626 239 2686 inter
258 2623 384 2707 gemitus
409 2636 440 2685 et
467 2621 625 2704 lacrymas,
656 2641 776 2683 necesse
800 2634 845 2682 est
863 2621 1041 2682 interveniat
1060 2620 1137 2693 haec,
1153 2640 1193 2683 eo·
1232 2636 1243 2677 ·.

63 2701 179 2785 gitatin,
199 2723 274 2781 quae
285 2701 414 2763 animum
433 2699 468 2772 nd
490 2719 524 2760 ea
543 2699 614 2779 ipsa,
634 2719 760 2779 quorum
781 2719 865 2760 causa
884 2699 924 2759 sic
945 2698 1083 2775 allicitur,
1103 2698 1194 2761 alacri·
1237 2688 1243 2831 ¹

63 2792 111 2841 ter
131 2778 252 2839 serenda
274 2778 405 2840 inclinet.
486 2832 489 2837 .
1192 2836 1195 2844 ,

141 2863 191 2923 11.
231 2855 385 2932 Quoniam
410 2865 507 2915 autem
533 2853 718 2934 praecipuam
744 2850 837 2913 erucis
863 2851 1032 2911 tolerandae
1058 2852 1197 2913 rationem
1237 2834 1243 2925 l

44 2948 48 2967 ¹
65 2954 82 2995 a
100 2930 217 2995 divinae
236 2930 394 2995 voluntatis
414 2930 654 2993 consideratione
673 2929 861 3009 sumpsimus,
886 2930 985 3007 paucis
1005 2928 1195 2989 deliniendun

65 3022 125 3086 est,
155 3009 225 3090 quid
246 3010 325 3069 iuter
345 3006 578 3100 philosophicam
608 3026 641 3066 ac
663 3005 857 3067 Christianam
883 3005 1054 3085 patientiam
1076 3003 1193 3067 intersit.

63 3087 210 3168 Equidem
231 3086 394 3166 pancissimi
414 3106 448 3146 ex
472 3082 653 3218 philosophis
678 3103 716 3142 eo
742 3082 865 3141 rationis
891 3082 1146 3158 conscenderunt,
1168 3088 1196 3139 at

64 3185 153 3225 manu
172 3163 231 3223 Dei
257 3182 312 3224 nos
338 3162 467 3223 exerceri
491 3181 545 3242 per
565 3159 742 3221 allictiones
767 3157 985 3239 intelligerent,
1013 3170 1044 3219 et
1065 3160 1134 3221 Deo
1152 3156 1196 3217 tsc

65 3242 95 3301 in
116 3250 199 3319 parte
211 3238 478 3318 obtemperandum
497 3247 667 3298 censerent:
688 3236 740 3295 sed
760 3235 803 3295 illi
820 3256 940 3326 quoque
960 3236 1013 3315 ipsi
1035 3257 1098 3297 non
1118 3232 1198 3301 aliaat
1239 3274 1243 3319 ,

64 3316 196 3379 allerunt
216 3316 378 3390 rationem,
399 3314 454 3377 nisi
475 3315 543 3392 quia
561 3316 604 3373 itu
621 3334 734 3373 neeesse
751 3315 796 3371 sit.
843 3311 924 3386 Quid
946 3325 1042 3372 autem
1064 3312 1141 3373 istud
1159 3320 1199 3387 eat
1240 3338 1243 3373 ι

65 3393 163 3454 dicere
182 3393 237 3453 nisi
257 3391 423 3461 cedendum
442 3411 505 3451 esse
526 3390 611 3463 Deo,
641 3391 709 3470 quia
730 3389 836 3449 frustra
856 3389 1018 3450 contendas
1039 3384 1198 3451 obluctari?

64 3470 140 3531 Nam
159 3470 183 3530 si
202 3468 272 3533 Deo
291 3480 402 3529 tantum
429 3489 563 3546 paremus
583 3468 652 3547 quia
676 3487 795 3527 necesse
820 3478 878 3526 est:
912 3466 936 3526 si
960 3466 1084 3527 evadere
1110 3466 1201 3537 liceat,

65 3566 171 3628 parere
191 3544 367 3607 desinemus.
406 3544 559 3624 Scriptura
585 3557 684 3604 nutem
710 3542 800 3624 longe
826 3542 904 3601 aliud
924 3542 954 3601 in
974 3542 1129 3605 voluntate
1147 3540 1202 3607 Dat

65 3622 253 3685 considerare
273 3621 372 3695 iubet,
400 3641 507 3701 nempe
527 3621 664 3681 iustitiam
686 3620 810 3699 primum
831 3630 861 3678 et
879 3620 1074 3698 aequitatem,
1099 3618 1204 3680 deinde

64 3698 164 3761 salutis
185 3710 303 3759 nostrae
324 3719 431 3758 euram.
476 3696 653 3759 Huiusmodi
678 3716 750 3780 ergo
775 3696 811 3755 ad
838 3698 1009 3775 patientiam
1029 3707 1097 3756 suttt
1118 3696 1220 3759 Chri-¹

64 3776 176 3839 stiauae
195 3775 431 3837 exhortationes:
458 3774 530 3835 Sive
558 3787 729 3855 paupertas,
762 3773 821 3834 sive
842 3773 989 3849 exsilium,
1009 3775 1069 3833 sive
1096 3793 1205 3847 carcer,

63 3854 125 3914 sive
144 3851 341 3925 contumelia,
372 3851 433 3912 sive
453 3849 589 3924 morbus,
619 3852 680 3912 sive
700 3850 826 3922 orbitas,
850 3872 902 3910 sen
923 3851 993 3942 quid
1012 3849 1092 3910 aliud
1112 3851 1207 3912 simile

64 3929 262 4005 besemelel,
283 3928 473 4010 cogitandum
494 3927 566 3987 uiltil
586 3926 709 3987 istorum
730 3927 862 3987 accidere
884 3928 938 3987 nist
959 3939 1032 3987 nutu
1052 3948 1086 3985 ac
1106 3928 1207 4007 provi-

65 4006 165 4067 dentia
183 4004 251 4069 Dei.
287 4006 385 4067 Porro
406 4005 499 4085 ipsum
520 4004 592 4065 nihil
608 4004 665 4065 nisi
684 4003 840 4064 iustissimo
861 4004 966 4063 ordine
986 4024 1083 4083 agere.
1122 4004 1208 4079 Quid

66 4083 165 4145 euim?
188 4103 291 4145 aunon
315 4083 469 4151 innumera
495 4103 529 4143 ac
549 4081 719 4161 quotidiana
745 4093 845 4141 nostra
872 4081 978 4140 delicta
998 4093 1207 4161 promerentur

63 4160 194 4223 userius
211 4180 247 4221 ae
265 4158 453 4240 gravioribus
472 4158 574 4221 ferulis
593 4158 740 4241 castigari,
762 4179 848 4236 quam
873 4178 949 4237 quae
974 4158 1060 4219 nobis
1086 4156 1122 4219 ab
1145 4159 1208 4221 eius

64 4235 223 4301 elementia
247 4235 441 4321 infliguntur?
491 4236 603 4301 Annon
625 4235 833 4320 aequissimum
857 4248 903 4299 est
927 4254 1044 4297 carnem
1076 4244 1209 4299 ιιοιιιιιι

28 4344 134 4440 uh.
