2700 4732
517 165 595 225 ΜΒ.
615 166 654 223 tt.
695 165 784 229 cte.
804 168 885 227 titt.
1210 177 1270 242 327

120 323 221 372 mone,
236 308 386 380 sepultura,
405 300 529 361 descensu
548 312 582 362 od
600 309 705 373 inferos,
722 313 924 375 resurrections,
940 314 1089 367 asseruiuuc
1108 316 1134 367 in
1153 318 1266 380 coelunt,

119 394 239 448 sasione
255 396 290 447 ad
306 394 437 446 eleates-aru
456 394 551 457 Patris,
575 409 600 447 ct
620 396 706 448 reditu
724 398 757 447 ad
773 396 907 454 iudicium.
927 429 958 438 -
997 398 1030 467 3)
1049 399 1183 467 Quoniam
1202 421 1263 455 vcro

120 482 225 531 bonam
247 492 347 548 partera
365 478 487 550 Symbuli
511 499 542 531 ea
568 481 707 531 occasione
733 482 874 544 enarravit,
900 482 963 552 quid
981 482 1013 537 sit
1029 484 1064 535 dc
1082 504 1115 535 eo
1134 485 1262 557 Synslrolo

117 566 212 635 (quod
229 563 362 633 Apostolis
379 562 529 631 ascribitur)
544 565 717 628 sentiendum,
736 565 841 634 exponit
857 581 917 619 sect
935 566 975 621 18.
994 596 1026 607 -
1060 567 1092 635 l)
1110 565 1262 632 Conclusio,

118 650 273 703 donuinam
302 660 329 699 et
353 666 429 700 usum
459 648 537 702 totius
561 648 697 701 doctrinae
719 650 753 702 de
774 648 953 721 Redemptore
975 649 1079 704 Christo
1102 673 1262 723 proponens,

119 748 184 788 seca
199 734 246 786 ule

199 924 228 983 1.
267 917 354 993 Quae
374 916 514 979 hactenus
533 917 571 977 de
584 918 704 979 Christo
718 918 849 994 diximus,
871 918 906 977 ad
927 939 1017 979 unum
1036 918 1116 980 laune
1135 941 1257 1001 scopum

117 993 277 1057 reserenda
289 1006 367 1069 sunt,
386 994 468 1053 utin
488 995 575 1055 nobis
595 996 734 1070 damnati,
751 1001 859 1056 mortui
880 1005 911 1054 et
930 995 1048 1076 perditi,
1067 996 1204 1056 iustitiam
1226 999 1256 1057 io

118 1066 129 1135 i
167 1094 202 1148 o,
227 1071 451 1143 liberationem,
475 1072 564 1130 vitam
589 1085 620 1133 et
643 1072 766 1131 salutem
792 1093 979 1150 quaeramus:
1031 1073 1255 1134 uemadmodum

139 1168 264 1211 utemur
283 1147 390 1228 insigni
410 1146 458 1207 illa
478 1146 562 1209 Petri
581 1148 726 1210 sententia
746 1148 828 1227 (net.
847 1156 877 1218 4,
897 1152 974 1225 la),
1005 1094 1075 1209 lion
1096 1170 1158 1210 csse
1177 1150 1255 1211 aliud
1293 1168 1300 1175 ·

117 1244 232 1287 nomen
250 1223 305 1287 sub
326 1222 412 1283 coelo
432 1223 531 1283 datum
552 1224 739 1300 hominibus,
765 1226 796 1283 in
817 1246 877 1304 quo
899 1236 1038 1302 oporteat
1060 1225 1154 1287 salros
1182 1228 1253 1287 sieri.

115 1305 226 1391 Neque
244 1320 315 1359 vero
336 1311 463 1375 temere,
488 1300 534 1360 vel
554 1301 678 1362 fortuito
698 1322 782 1376 casu,
806 1300 851 1360 vel
879 1301 1029 1361 honunum
1054 1302 1177 1362 arbitrio
1198 1304 1253 1363 irn-

115 1390 247 1460 posstum
269 1375 311 1436 illi
331 1374 387 1435 luit
401 1397 512 1436 nomen
532 1377 634 1453 lesu,
653 1377 703 1437 sed
725 1397 741 1437 e
761 1376 850 1437 coelis
870 1378 907 1435 ob
927 1376 1034 1469 angelo
1054 1380 1180 1457 supremi
1201 1380 1252 1440 de·

115 1454 192 1519 creti
211 1472 359 1533 praecone
378 1452 516 1528 allatum,
544 1455 659 1514 ratione
679 1455 768 1515 etiarn
794 1454 904 1513 addita:
937 1474 1004 1534 quta
1024 1454 1059 1515 ad
1079 1456 1252 1516 servandum

114 1552 133 1593 a
153 1528 284 1612 pcccatis
302 1527 443 1610 populum
464 1530 565 1591 missus
586 1542 661 1591 esset
680 1528 799 1610 (Matth.
813 1539 841 1602 1,
860 1538 931 1599 tl).
970 1531 1005 1589 ln
1027 1530 1134 1610 quibus
1156 1531 1252 1593 verbis

116 1606 283 1669 notandum
308 1618 361 1680 est,
382 1605 462 1685 quod
486 1606 556 1667 alibi
580 1608 744 1687 attigimus,
762 1605 969 1686 Redemptor-is
993 1629 1096 1666 munus
1118 1607 1252 1669 siluisse

113 1684 298 1757 iniunctum,
320 1694 353 1742 ut
375 1681 463 1742 nobis
488 1695 566 1743 esset
591 1684 733 1745 Salvator.
776 1683 894 1745 Interea
919 1695 1016 1741 tamen
1048 1684 1149 1743 mutila
1176 1696 1252 1744 esset

114 1758 300 1839 redemptio,
319 1758 374 1818 nisi
393 1779 447 1838 per
467 1760 624 1821 continuos
644 1781 814 1851 progressus
834 1760 869 1818 ad
891 1758 1020 1818 ultimam
1042 1779 1133 1836 usque
1153 1759 1250 1821 salutis

112 1848 225 1897 metam
244 1855 298 1895 nos
317 1835 502 1914 perduceret
552 1837 656 1916 ltaque
684 1836 804 1897 urnulac
831 1836 876 1893 vel
901 1835 1052 1895 minimum
1076 1834 1112 1894 ab
1139 1856 1175 1897 co
1196 1836 1249 1905 de-

112 1915 272 1985 llectimus,
289 1913 397 1972 sensim
421 1913 568 1973 evanescit
587 1914 681 1988 salus,
701 1933 775 1993 quae
794 1908 886 1972 solida
906 1912 937 1970 io
958 1930 995 1973 eo
1016 1910 1139 1971 residet:
1165 1923 1198 1973 ut
1217 1931 1248 1973 se

113 1990 196 2051 ultro
215 1989 334 2069 privent
352 1986 434 2047 omni
453 1990 564 2069 gratia,
583 1991 756 2068 ¹quicunque
781 1989 812 2048 in
833 2007 870 2049 eo
891 2008 953 2047 non
973 1988 1171 2068 acquiescunt.
1209 1988 1249 2048 Et

111 2076 280 2129 memoratu
301 2064 387 2145 digna
409 2077 453 2125 est
476 2065 526 2124 illa
545 2066 724 2126 llernardi
743 2064 920 2137 admonitio,
939 2064 1008 2124 Nou
1029 2063 1118 2124 modo
1139 2065 1247 2141 lucem,

111 2143 167 2207 aed
188 2141 286 2203 mlum
307 2162 425 2220 quoque
446 2162 508 2201 esse.
528 2163 636 2202 nomen
658 2143 753 2202 lesu:
774 2142 873 2201 oleum
897 2141 984 2200 etiam
1005 2160 1083 2215 esse,
1102 2142 1166 2200 sine
1186 2162 1245 2221 quo

110 2221 211 2282 aridus
232 2230 276 2278 est
295 2218 390 2279 omnis
410 2219 522 2277 animae
542 2219 639 2279 cibus:
669 2220 759 2279 salem
789 2239 867 2289 esse,
897 2218 961 2277 sinc
991 2217 1072 2278 cuius
1092 2216 1247 2277 conditura

109 2295 270 2376 insipidum
283 2294 476 2429 estquicquid
496 2299 688 2374 proponitur:
709 2295 836 2374 denique
856 2314 919 2354 esse
937 2294 1036 2353 melin
1051 2313 1114 2369 ore,
1134 2294 1246 2354 inaure
1342 2290 1347 2304 “

110 2374 216 2445 melos,
234 2373 265 2431 in
285 2391 338 2431 cor
361 2370 531 2446 eiubilum‚
551 2384 582 2431 et
600 2372 685 2432 simul
704 2372 892 2433 medicinam:
912 2383 942 2430 et
979 2370 1096 2450 sicquid
1116 2370 1246 2451 disputa-

109 2464 161 2511 tur
178 2446 319 2511 insulsum
344 2466 423 2518 esse,
456 2449 512 2506 nisi
539 2448 588 2508 ubi
607 2462 695 2510 sonat
721 2448 781 2508 lroc
808 2469 915 2507 nomeu
938 2392 1058 2526 [llern.
1077 2448 1108 2506 in
1130 2445 1244 2508 Cantic.

107 2525 293 2606 serm.15.],
332 2523 392 2582 Sed
413 2522 460 2583 hic
480 2524 639 2605 diligenter
657 2525 821 2605 expendere
841 2525 996 2598 contenit,
1016 2523 1167 2603 quomodo
1188 2544 1244 2584 no-

107 2606 157 2666 bis
175 2604 214 2663 ab
233 2605 298 2682 ipso
318 2611 400 2681 parta
419 2601 457 2659 sit
467 2600 556 2660 salus:
578 2615 609 2660 ut
629 2623 690 2662 non
710 2601 801 2661 modo
822 2602 913 2679 ipsum
929 2601 989 2658 eius
1004 2612 1153 2659 auctorem
1174 2620 1243 2691 per-

108 2683 187 2743 suasi
207 2681 309 2753 sunus,
335 2677 385 2735 sed
407 2697 482 2754 quae
503 2678 538 2735 ad
558 2679 690 2739 stabilem
710 2679 777 2737 fidei
797 2689 914 2737 nostrae
937 2676 1074 2735 fulturam
1094 2676 1243 2737 sufficiunt

111 2757 253 2835 amplexi,
275 2753 460 2833 repudiemus
479 2774 670 2835 quaecunque
690 2765 810 2845 possent
830 2754 884 2810 huc
905 2753 950 2811 vel
970 2753 1039 2811 illuc
1058 2772 1113 2811 nos
1132 2751 1243 2811 abstra-

112 2836 198 2894 here.
236 2832 332 2906 Quum
360 2831 437 2888 enim
461 2850 549 2889 nemo
576 2832 668 2911 possit
693 2854 723 2889 :n
742 2850 773 2891 se
798 2830 892 2908 ipsum
913 2828 1091 2887 descendere
1110 2850 1143 2887 ac
1163 2827 1241 2887 serio

113 2919 250 2989 reputare
268 2906 358 2987 qualis
378 2907 431 2979 sit,
456 2909 525 2986 quin
546 2909 641 2966 Deum
667 2907 723 2968 sibi
748 2907 852 2966 iratum
879 2904 1078 2984 infestumque
1103 2903 1242 2978 sentiens,

112 3005 232 3047 necesse
255 2983 361 3043 habeat
385 2985 446 3042 eius
466 2983 599 3063 placandi
620 2985 739 3043 modurn
764 3004 797 3042 ac
818 2985 963 3039 rationem
990 2981 1071 3040 anxie
1092 2991 1240 3058 expetere,

110 3063 192 3144 quod
211 3060 437 3122 satisfactionem
458 3061 562 3141 exigit,
587 3083 647 3120 non
668 3060 792 3141 vulgaris
812 3057 970 3137 requiritur
989 3056 1152 3117 certitudo:
1174 3056 1241 3134 quia

131 3137 332 3209 eccatoribus,
361 3137 493 3196 doneca
519 3151 601 3196 reatu
625 3138 713 3196 soluti
741 3136 866 3209 luerint,
896 3153 1012 3224 semper
1036 3133 1179 3193 incumbit
1197 3133 1241 3191 ira

140 3218 167 3277 ei
188 3227 219 3275 et
236 3213 414 3285 maledictio,
435 3215 484 3290 qui
506 3226 537 3272 ut
558 3225 601 3273 est
621 3216 711 3274 iustus
731 3213 825 3285 iudex,
846 3231 906 3270 non
918 3211 1116 3289 siostimpune
1127 3210 1239 3291 Legem

106 3316 187 3356 suam
206 3289 324 3362 violari,
343 3290 414 3368 quin
434 3289 469 3347 ad
490 3291 646 3349 vindictam
666 3301 790 3350 armatus
810 3290 857 3348 sit.

184 3376 213 3433 2.
252 3369 363 3426 Verum
389 3379 543 3444 antequam
570 3368 687 3458 longius
712 3365 934 3447 progredimur,
959 3362 990 3423 in
1010 3374 1177 3423 transcursu
1196 3362 1239 3422 vi-

105 3448 237 3507 dendum
257 3456 317 3513 est,
336 3445 486 3522 quomodo
506 3455 675 3517 conveniat,
695 3445 806 3515 Deum,
827 3441 875 3519 qui
896 3461 950 3500 nos
969 3439 1168 3499 misericordia
1187 3459 1237 3499 sua

105 3523 268 3604 praevenit,
288 3520 375 3578 luisse
395 3520 555 3591 inimicum,
577 3521 672 3579 donec
692 3542 745 3600 per
759 3519 907 3579 Christum
928 3517 1014 3577 nobis
1033 3515 1238 3576 reconciliatus

106 3613 162 3661 est
200 3600 273 3659 Nam
294 3596 445 3675 quomodo
465 3597 494 3654 in
509 3597 584 3655 Filio
606 3597 655 3656 uui
677 3598 758 3655 cuito
776 3596 924 3675 singulare
943 3592 1050 3652 amoris
1068 3593 1113 3652 sui
1132 3593 1238 3673 pignus

104 3675 196 3736 nobis
219 3674 360 3748 dedisset,
393 3674 448 3733 nisi
477 3673 533 3731 iam
555 3686 622 3733 ante
654 3616 754 3732 iitisset
779 3673 905 3754 gratuito
931 3671 1031 3729 lavore
1055 3668 1239 3748 complexus?

107 3752 260 3827 Quoniam
290 3768 363 3842 ergo
395 3748 441 3809 hic
478 3750 601 3830 emergit
632 3750 728 3828 aliqua
760 3749 970 3829 repugnantiae
1000 3746 1128 3818 sccies,
1160 3744 1237 3804 hunc

105 3830 219 3890 nodum
239 3830 398 3906 expediam.
437 3827 473 3884 ln
495 3826 572 3884 husie
592 3826 654 3885 lere
676 3825 795 3886 niodum
815 3825 941 3902 Spiritus
961 3823 992 3880 in
1013 3768 1171 3899 Scripturis
1191 3820 1237 3878 lo-

103 3907 217 3986 quitur,
235 3905 334 3963 Deum
354 3903 440 3961 luisse
461 3902 627 3962 homiuibus
647 3903 806 3975 inimicum,
826 3903 921 3960 donec
940 3900 971 3957 in
991 3898 1113 3979 gratiam
1127 3896 1237 3957 Christi

102 3993 204 4042 morte
223 3992 292 4043 sunt
310 3980 434 4039 restituti
454 3979 555 4054 (lium.
575 3987 609 4054 5,
629 3982 708 4056 ltl.):
734 3979 819 4039 luisse
840 3976 1026 4048 maledictos,
1045 3973 1140 4034 donec
1160 3973 1237 4032 illius

104 4058 249 4118 sacrificio
280 4057 393 4137 expiata
419 4069 462 4114 cst
486 4074 587 4115 corun:
619 4056 755 4135 iniquitas
779 4055 863 4133 (Gal.
882 4059 916 4126 3,
934 4059 983 4116 1⁰.
1003 4051 1082 4126 13):
1114 4048 1237 4109 luissea

103 4136 175 4195 Deo
194 4146 359 4213 separatos,
389 4133 483 4191 ‹lonec
504 4154 556 4211 per
575 4133 584 4191 i
607 4134 663 4192 sius
684 4152 789 4210 corpus
810 4134 928 4191 luerunt
947 4131 978 4188 in
998 4127 1237 4189 coniunctionem

105 4211 219 4289 recepti
238 4210 321 4288 (Col.
344 4218 373 4282 l,
391 4217 438 4273 21.
458 4213 531 4283 ⁶22).
581 4157 675 4269 lluius
707 4209 822 4289 generis
846 4207 1035 4297 loquutiones
1058 4203 1095 4265 ad
1119 4222 1236 4265 sensum

109 4303 244 4348 nostrum
265 4299 333 4348 suut
351 4286 603 4362 accommodatae,
623 4299 656 4348 ut
679 4286 780 4346 melius
799 4283 1009 4367 intelligamus,
1025 4298 1114 4363 quam
1131 4278 1238 4343 misera
