2596 4726
86 234 145 297 uro
484 220 558 281 trs.
578 220 633 281 tv.
671 218 759 287 cae,
778 204 816 278 v.

164 375 212 434 11.
249 366 381 427 Primum
406 364 555 425 audiamus
574 362 679 444 quibua
701 362 879 445 argumentis
902 363 978 425 banc
1002 362 1149 425 ecclesiae
1172 364 1223 425 da·

91 461 148 508 tarn
168 442 372 532 auctoritatem
391 442 581 501 confirment:
602 440 708 501 deinde
727 439 889 531 videbimus
908 452 1051 531 quantum
1070 460 1125 501 eos
1144 438 1223 501 iuret

91 521 227 668 tttll‘,
241 518 530 675 atltttltfflt
548 516 730 672 ipttlttt
745 514 1222 673 ‘ttltt‘at‘ttttttt‘,¹¹;ltl

92 676 154 734 eius
175 673 287 753 Spiritu
307 672 429 730 rlucatur
448 672 478 729 in
498 690 616 729 ornnem
635 670 796 729 veritatem.
840 674 881 728 ttt
899 689 970 731 vero
995 689 1031 730 ex
1050 668 1221 749 promissio·

92 752 177 810 uibus
197 770 266 827 quas
286 746 413 827 allegare
432 746 530 805 solent
566 746 611 804 lo.
631 745 991 823 16,13.),rnultacuon
1011 746 1110 805 minus
1130 743 1221 803 tideli-

92 828 147 885 bus
166 824 301 906 singulis,
342 844 407 881 uam
427 822 482 880 toti
503 822 643 880 eccesiae
662 822 746 881 datae
764 834 841 881 sunt.
879 822 953 881 Nam
972 821 1090 880 tametsi
1112 820 1221 879 duode-

93 903 149 962 cinr
169 846 513 979 apostotisloquebatur
532 896 687 969 Dominus,
706 918 794 978 quum
815 896 931 957 dicebat
950 896 1074 974 (ttattt.
1087 896 1219 973 mot

93 979 191 1045 „Ecce
221 996 278 1057 ego
309 974 461 1033 vobiscum
491 994 555 1031 sum
587 994 677 1050 usque
705 974 739 1033 ad
771 975 1053 1033 consummationem
1081 974 1219 1032 saeculi.“

92 1052 418 1129 Itenr(lo.1l,16.)=
450 1048 540 1127 „Ego
569 1048 685 1129 rogabo
706 1050 838 1123 Patrem,
870 1060 900 1107 et
923 1048 1011 1109 alium
1037 1047 1219 1108 Paracletum

94 1128 175 1187 dabit
194 1126 306 1199 vobis,“
333 1125 474 1202 Spiritum
494 1124 604 1183 scilicet
622 1125 763 1184 veritatis:
789 1146 850 1184 non
868 1136 981 1184 tanturn
1001 1144 1129 1185 numero
1149 1124 1219 1183 duo

94 1204 214 1263 denario
232 1202 262 1260 id
283 1200 489 1277 promittebat,
512 1200 563 1259 sed
583 1200 638 1260 illis
657 1220 776 1280 quoque
794 1200 931 1281 singulis:
951 1200 1019 1273 {iano
1038 1198 1103 1259 aliis
1121 1198 1218 1261 simili-

93 1293 140 1339 tcr
159 1278 229 1337 disci
249 1276 307 1337 'ulis
326 1276 371 1335 rel
391 1297 465 1355 quos
486 1276 541 1335 iam
562 1288 768 1356 assumpserat,
797 1276 843 1337 rel
868 1277 917 1354 qui
947 1289 1052 1367 postca
1079 1273 1218 1337 accessuri

93 1366 185 1415 erant.
226 1298 327 1424 liuram
347 1364 442 1410 autern
464 1352 606 1412 eiusmodi
627 1354 849 1432 promissiones,
873 1351 990 1411 eximiae
1010 1350 1218 1417 consolationis

96 1431 211 1510 plenas,
230 1432 275 1487 sic
287 1430 535 1506 interpretantur,
565 1430 647 1508 quasi
667 1429 776 1488 nemini
796 1427 1029 1489 Christianorum
1049 1426 1136 1487 datae
1154 1428 1218 1499 siut,

93 1506 144 1566 sed
165 1507 314 1565 universae
333 1504 417 1564 simul
437 1504 590 1563 ecclesiae:
611 1504 678 1583 quid
699 1504 775 1563 aliud
795 1525 880 1583 quam
893 1503 1065 1563 Christianis
1087 1504 1218 1564 omnibus

95 1580 229 1640 fiduciam
260 1580 385 1653 tollunt,
405 1600 478 1658 quae
503 1580 572 1638 iude
600 1582 635 1639 ad
660 1580 739 1659 ipsos
758 1580 926 1639 animandos
944 1579 1044 1637 redire
1063 1578 1220 1639 debuerat?

94 1660 198 1735 Neque
219 1657 264 1716 bic
289 1677 366 1737 nego
387 1656 458 1736 quin
488 1667 549 1715 tota
581 1654 709 1715 bdelium
739 1658 860 1715 societas
891 1654 1044 1735 multiplici
1076 1656 1216 1715 donorum

93 1736 231 1793 uarietate
249 1734 406 1807 instructa,
438 1732 527 1811 longe
553 1732 687 1812 ampliori
708 1744 737 1791 et
756 1732 886 1791 uberiori
905 1732 1041 1791 coelestis
1059 1732 1217 1812 sapientiae

96 1810 232 1869 thesauro
254 1808 384 1887 praedita
404 1807 457 1879 sit,
477 1828 563 1885 quarn
580 1828 713 1868 scorsum
732 1808 854 1889 singuli:
875 1826 970 1887 neque
991 1808 1049 1867 boc
1068 1808 1110 1867 ita
1131 1805 1217 1866 fideli-

96 1886 149 1943 bus
180 1885 373 1943 communiter
402 1884 509 1942 dictum
536 1903 597 1943 esse
621 1885 706 1957 vulo,
732 1884 812 1964 quasi
836 1884 939 1962 spiritu
957 1882 1170 1965 intelligentiae
1190 1892 1217 1941 et

97 1961 307 2020 doctrinaecx
331 1979 363 2018 ae
387 1980 425 2019 no
451 1980 553 2019 omncs
572 1960 717 2039 polleant:
747 1961 798 2019 sed
818 1962 885 2039 quia
911 1959 1134 2019 concedendurn
1158 1978 1214 2017 aon

96 2049 141 2096 est
160 2036 327 2096 adversariis
348 1980 467 2109 cbristi,
487 2047 520 2093 ut
538 2037 575 2095 ad
595 2037 795 2096 defensionem
816 2036 906 2094 malae
925 2054 1029 2095 causae
1041 2036 1214 2115 scripturula

97 2114 126 2170 in
146 2113 271 2171 alienum
290 2132 405 2171 sensum
425 2112 627 2190 detorqueant.
647 2148 685 2160 —
709 2112 819 2171 Verum
841 2112 896 2171 boc
916 2110 1035 2183 omisso,
1054 2110 1215 2191 simpliciter

96 2190 192 2247 lateor
210 2188 239 2245 id
259 2189 340 2267 quod
360 2208 405 2247 res
426 2187 527 2261 babet,
550 2188 711 2247 Dominum
733 2200 875 2268 perpetuo
901 2188 958 2247 suis
977 2187 1096 2263 adesse,
1122 2198 1152 2247 et
1169 2206 1213 2245 eor

97 2264 208 2341 Spiritu
227 2285 281 2323 suo
302 2284 416 2345 regere.
455 2264 543 2323 llunc
564 2263 703 2342 Spiritum
724 2285 785 2324 non
806 2284 867 2323 esce
887 2265 1009 2335 erroris,
1028 2263 1214 2351 ignorantiae,

96 2340 240 2399 mendacii
258 2351 309 2399 aut
329 2340 532 2399 tenebrarum:
552 2343 602 2399 sed
623 2353 719 2400 certae
739 2338 937 2414 revelationis,
958 2340 1129 2475 sapientiae,
1147 2358 1212 2399 ren·

96 2418 181 2486 tatis,
206 2436 239 2474 ac
258 2413 344 2487 lucis,
371 2437 385 2474 a
429 2436 467 2474 uo
494 2438 553 2475 non
581 2416 720 2476 fallaciter
739 2416 850 2477 discant
869 2416 984 2493 quaesi
1008 2416 1017 2474 i
1039 2416 1145 2475 donata
1163 2414 1211 2475 sint

96 2493 136 2568 (Ι.
157 2492 228 2551 Cor.
249 2496 285 2563 2,
306 2494 382 2563 Ml:
408 2436 471 2551 boc
492 2504 550 2563 est,
575 2512 648 2570 quae
668 2492 704 2550 sit
724 2512 788 2569 spes
809 2491 968 2551 vocationis
988 2512 1072 2565 suae,
1100 2503 1128 2550 et
1147 2506 1210 2569 quae

95 2568 211 2627 divitiae
231 2567 342 2648 gloriae
364 2568 546 2626 baereditatis
565 2568 622 2625 Dei
643 2571 671 2626 in
692 2568 795 2626 sanctis
816 2568 906 2645 (tipo.
919 2572 1034 2644 l,18.).
1054 2602 1091 2613 -
1113 2568 1209 2625 Verum

95 2666 183 2724 qutun
206 2643 357 2720 primitias,
389 2657 418 2702 et
447 2643 589 2702 (urendam
611 2644 745 2702 duntaxat
765 2657 878 2722 gustum
900 2644 959 2701 eius
979 2644 1106 2723 Spiritus
1125 2640 1209 2722 perci-

94 2720 225 2799 plantio
248 2721 301 2779 hac
321 2742 408 2779 carne
429 2668 542 2791 fideles,
573 2720 659 2779 ctiam
680 2721 728 2798 qui
754 2720 1008 2779 excellentioribus
1056 2721 1132 2779 ratiis
1150 2735 1208 2798 prae

94 2797 155 2855 aliis
176 2796 274 2855 donati
301 2808 385 2857 sunt:
419 2796 489 2855 nibil
515 2797 571 2856 illis
599 2800 694 2875 potius·
714 2807 800 2854 restat
821 2817 904 2873 quarn
930 2739 1134 2873 imbecillitatis
1150 2810 1208 2855 suae

94 2874 242 2945 conscios,
268 2892 330 2930 sese
351 2875 426 2931 intra
447 2873 528 2931 verbi
548 2875 605 2932 Dei
625 2874 695 2931 fines
715 2871 838 2930 sollicite
858 2872 1026 2931 continere:
1048 2893 1087 2930 ne
1106 2873 1130 2931 si
1150 2890 1207 2949 pro·

93 2950 157 3026 prio
178 2969 263 3007 sensu
284 2949 398 3043 longius
419 2961 592 3025 evagentur,
619 2970 634 3007 a
655 2948 797 3006 rectario
818 2949 951 3026 protinus
971 2948 1125 3021 aberrent,
1147 2965 1206 3025 qua·

91 3036 176 3083 tenus
196 3024 306 3083 scilicet
326 3026 437 3104 bpiritu
456 3026 507 3084 illo
528 3024 621 3083 arllruc
641 3024 721 3082 vattrri
740 3036 823 3095 sunt,
844 3044 902 3101 quo
922 3023 986 3083 solo
1008 3025 1148 3089 docente.
1165 3038 1205 3077 te·

92 3122 155 3159 rurn
176 3122 191 3159 a
213 3100 284 3159 salso
306 3101 487 3158 discernitur.
539 3101 649 3157 Omnes
677 3101 752 3157 eninr
781 3122 845 3158 curn
867 3099 957 3158 Paulo
979 3100 1109 3160 latentur
1128 3096 1206 3175 (Pbil.

91 3181 120 3245 3,
140 3178 222 3249 Μ),
242 3196 273 3234 se
295 3178 424 3235 nondum
446 3177 481 3234 atl
503 3188 606 3233 nietam
628 3176 788 3255 pertigisse.
837 3176 939 3253 ltaque
959 3177 993 3234 ad
1015 3178 1205 3254 quotidianum

91 3250 255 3329 profectum
277 3251 365 3331 tnagis
386 3252 568 3312 contendunt
588 3272 671 3327 quarn
694 3250 873 3328 perfectione
893 3251 1066 3331 gloriantur.

166 3332 212 3387 12.
252 3326 310 3385 Sed
332 3328 476 3405 excipient
496 3327 561 3403 quic
585 3326 632 3383 uid
660 3329 762 3405 partini
790 3339 953 3386 sanctoruni
980 3328 1138 3407 unicuique
1161 3324 1205 3385 tri·

91 3399 207 3473 buitur,
237 3401 266 3459 id
293 3404 408 3492 penitus
435 3416 464 3461 et
489 3404 524 3459 arl
551 3348 667 3480 pilenuru
694 3416 863 3481 competere
889 3403 919 3460 in
946 3405 1034 3481 ipsam
1057 3402 1206 3464 ecclesian.

8 3516 15 3529 .
91 3476 158 3535 lloc
189 3488 301 3537 tametsi
335 3478 421 3537 habet
453 3479 622 3536 nonnullam
650 3480 708 3536 veri
734 3479 876 3568 speciem,
908 3501 1006 3538 veroin
1033 3493 1130 3539 tamen
1154 3496 1207 3538 esse

90 3572 178 3631 nego.
222 3554 271 3610 Sic
292 3555 408 3631 quidem
434 3555 551 3633 singulis
571 3554 706 3613 membris
728 3556 874 3613 distribuit
894 3556 973 3614 Deus
994 3557 1072 3616 dona
1092 3554 1207 3636 Spiritus

88 3630 132 3685 sui
153 3629 188 3685 ad
209 3648 380 3701 mensnram,
402 3641 433 3687 nt
453 3632 570 3708 corpori
592 3634 727 3689 universo
749 3630 818 3689 nibil
840 3631 915 3689 desit
935 3628 1207 3707 necessariun1,ubi

89 3702 167 3760 dona
187 3703 245 3781 ipsa
267 3704 295 3761 in
317 3725 471 3763 coruroune
486 3707 687 3765 conseruntur.
729 3709 834 3764 l'cronr
856 3709 925 3766 tales
945 3720 1012 3768 sunt
1031 3730 1147 3788 semper
1164 3728 1207 3767 ec-

88 3778 193 3837 clesiae
214 3778 347 3851 aivitiae,
380 3792 412 3837 ut
443 3782 563 3840 multum
590 3784 663 3841 desit
682 3783 716 3841 ad
737 3806 876 3841 succurrant
903 3784 979 3843 illam
1001 3786 1207 3863 perlectionem

88 3874 173 3932 quant
194 3854 348 3913 adversarii
368 3858 460 3915 nostri
480 3859 596 3917 iactant.
639 3861 702 3917 Nec
728 3859 793 3917 idco
815 3860 871 3917 ulla
893 3862 922 3917 in
944 3873 1026 3939 parte
1047 3861 1206 3920 destituitur

86 3929 218 4002 ecelesia,
239 3931 310 4009 quin
329 3951 443 4009 semper
464 3932 567 3992 babeat
587 3946 724 4011 quantum
746 3938 814 3994 satis
834 3936 884 3993 sit:
905 3939 987 3996 novit
1007 3938 1084 3995 enirn
1104 3935 1204 3994 Domi-

85 4025 139 4063 nus
157 4005 228 4091 quid
250 4007 309 4064 eius
335 4008 488 4068 necessitas
513 4012 650 4087 requirat.
699 4011 804 4068 Verum
833 4023 865 4069 ut
885 4032 946 4071 carn
972 4010 1025 4070 sub
1048 4012 1204 4070 bumilitate

85 4091 115 4137 et
135 4102 180 4158 pta
200 4081 341 4142 modestia
361 4085 524 4159 contineat,
549 4106 609 4144 nou
635 4084 698 4164 plus
720 4086 745 4143 ci
773 4086 892 4165 largitur
913 4110 997 4167 quarn
1019 4090 1100 4147 novit
1120 4106 1204 4164 cape·

82 4154 153 4213 dire.
173 4190 210 4200 —
247 4157 318 4218 Scio
339 4157 407 4293 quid
430 4160 476 4220 bic
496 4179 615 4241 quoque
635 4162 783 4221 obiectare
796 4164 919 4236 soleant,
937 4163 1203 4224 ecclcsiamscilicet

78 4232 245 4291 mundatam
267 4253 328 4294 esse
358 4255 463 4297 aracro
488 4256 578 4316 aquae
606 4236 637 4294 in
662 4237 751 4297 verbu
773 4240 862 4311 vitae,
893 4253 924 4300 ut
951 4253 1026 4301 esset
1051 4244 1113 4301 siue
1133 4259 1200 4319 ruga

78 4317 108 4363 et
126 4308 237 4368 macula
257 4309 348 4388 (pr.
368 4317 398 4388 ὅ,
416 4314 494 4389 25.);
524 4323 555 4372 et
581 4310 648 4371 ideo
673 4314 779 4375 alicubi
798 4316 897 4375 vocari
921 4317 1083 4377 columnam
1103 4327 1133 4375 et
1152 4316 1199 4371 lic·
