2700 4732
101 222 162 288 m
490 177 902 277 mmmm.

20 341 28 369 ¹
104 361 289 437 observatio,
312 356 435 453 quibus,
461 379 515 421 een
534 380 658 439 pensum
678 359 745 420 Deo
765 359 931 433 solventes,
953 358 986 419 in
1006 368 1139 421 uetera·
1156 356 1239 423 bont

105 439 237 504 defuncti
256 436 343 499 nobn
350 437 519 498 videamura
537 436 590 498 sed
609 435 816 497 imbecillitatis
836 448 954 499 nostrae
973 434 1171 531 paedagogia,
1187 455 1241 517 qna

104 520 148 580 sie
167 527 352 588 exerceatur,
378 526 409 574 et
427 512 553 574 subinde
571 513 747 574 stimuletur.
794 513 970 574 Praesertim
990 511 1119 575 sollicite
1139 532 1241 575 emau-

106 594 175 656 dum
198 604 252 664 est,
276 591 391 671 quoties
422 589 519 669 aliqua
550 608 648 649 rerum
680 590 813 682 angustia
838 602 889 650 aut
908 589 964 670 ipsi
988 592 1172 670 premimur,
1196 598 1242 650 ant

105 669 200 752 premi
221 667 293 729 alins
306 668 449 727 videmnss
470 679 503 725 ut
521 665 639 726 adeum
658 678 755 727 statam
767 666 861 727 citatis
882 688 943 727 non
963 666 1091 747 pedibus
1110 666 1166 727 sed
1185 666 1242 726 ani·

105 747 160 808 mis
180 766 378 806 recurramus:
399 742 505 802 deinde
525 762 662 821 nequam
683 754 733 802 aut
752 755 882 805 nostram
902 742 1101 817 autalinrum
1121 760 1243 821 prospe·

105 827 221 884 ritatem
236 819 395 900 praeterire
405 820 542 890 sinamus,
561 819 631 898 quin
652 819 737 879 laude
758 840 792 879 ac
808 821 966 902 gratiarum
985 820 1109 881 actione
1128 838 1243 879 manau

106 901 170 962 eius
189 917 350 979 agnoscere
376 916 431 955 nos
454 907 605 954 testemur.
652 895 825 971 Postremo,
857 894 914 957 boc
943 898 973 956 in
1000 895 1084 957 omni
1109 895 1244 957 oratione

106 976 267 1057 diligenter
287 972 504 1032 observandum
525 982 578 1044 est,
598 990 636 1031 ne
656 972 743 1032 certis
762 973 984 1034 circumstantiis
1003 972 1105 1031 Deum
1126 970 1244 1054 alligare

104 1053 243 1123 velimus,
271 1070 328 1109 nec
348 1048 391 1107 illi
412 1047 628 1140 praescribere,
657 1069 717 1127 quo
737 1048 806 1128 quid
826 1060 979 1129 tempore,
997 1068 1059 1128 quo
1080 1048 1174 1121 loeo,
1191 1064 1245 1139 qua

105 1130 223 1191 ratione
243 1125 371 1185 lactarus
397 1135 445 1185 sat.
494 1122 632 1197 Qualiter
655 1124 711 1187 bae
736 1125 872 1187 oratione
888 1125 1040 1186 docemur
1066 1123 1184 1185 nnllam
1207 1120 1246 1183 alli

105 1205 202 1289 legem
224 1203 325 1283 ligere,
345 1212 395 1260 aut
414 1199 615 1260 conditionem
635 1201 803 1282 imponere:
823 1203 874 1262 sed
895 1204 955 1263 eins
975 1201 1104 1262 arbitrio
1123 1200 1246 1283 pemit-

106 1293 189 1353 tere,
219 1290 253 1339 ut
272 1297 348 1357 quae
370 1276 499 1338 lecturus
520 1288 578 1353 est,
610 1298 667 1357 qua
686 1277 742 1337 sibi
762 1276 893 1352 ratione,
923 1298 982 1359 qno
1004 1289 1165 1357 tempore,
1209 1294 1245 1337 uo

106 1357 177 1418 loeo
196 1357 287 1416 visum
309 1354 414 1429 suerit,
445 1353 541 1414 iaciat.
592 1351 756 1434 Propterea
780 1366 937 1435 antequam
963 1354 1052 1415 ullam
1075 1352 1246 1445 pronois

106 1451 225 1515 precem
248 1430 444 1510 concipimus,
463 1428 631 1511 praefamur
649 1441 682 1489 ut
701 1430 762 1490 eius
780 1430 916 1492 voluntas
935 1431 999 1491 fiat:
1029 1429 1085 1490 uba
1104 1428 1168 1489 iam
1189 1428 1248 1489 eina

105 1507 251 1572 voluntati
271 1519 401 1567 nostram
420 1506 600 1580 subiicimns,
620 1526 753 1587 quonon
773 1527 855 1567 secus
875 1529 909 1569 ac
928 1508 1038 1568 iniecto
1059 1507 1248 1569 frenoeoer·

108 1587 181 1661 eita,
209 1585 307 1644 Deum
332 1583 363 1642 in
390 1584 523 1644 ordinem
544 1602 653 1665 cogere
678 1602 717 1643 ne
737 1597 917 1661 praesumat,
941 1584 991 1645 sed
1017 1602 1087 1644 eum
1106 1594 1247 1645 votorum

108 1662 239 1725 omnium
259 1680 379 1721 suorum
399 1659 540 1733 arbitrum
560 1680 594 1720 ac
614 1658 833 1720 moderatorem
852 1672 967 1721 statuat.

185 1744 234 1803 51.
273 1737 305 1797 Si
331 1736 434 1797 animis
458 1738 489 1795 in
514 1735 589 1796 bane
613 1734 811 1797 obedientiam
841 1737 1012 1818 compositis
1040 1734 1249 1817 providentiae

109 1814 223 1878 divinae
243 1813 357 1895 iegibus
377 1834 432 1873 nos
451 1813 514 1894 regi
555 1812 677 1887 atimur,
700 1812 785 1872 facile
806 1813 948 1875 discemus
967 1814 997 1873 in
1018 1812 1163 1874 oratione
1182 1831 1248 1893 per·

108 1910 258 1965 severare,
288 1911 323 1950 ae
351 1891 497 1982 suspensis
523 1832 672 1949 ‹bsideriis
703 1888 850 1968 patienter
874 1902 1042 1970 exspectare
1067 1890 1246 1951 noratur-a

109 1969 182 2031 cesti
202 1966 314 2028 etiamsi
333 1966 452 2025 minime
472 1977 608 2047 apparet,
631 1965 718 2025 nobis
737 1977 835 2026 tamen
854 1987 915 2028 sem
939 1987 971 2026 er
990 1965 1110 2042 adesse,
1136 1982 1247 2047 auoque

108 2058 245 2124 tempore
264 2042 490 2115 declaraturum,
511 2064 597 2123 quam
617 2061 678 2101 non
703 2040 841 2103 babuerit
867 1989 966 2104 sarias
991 2063 1076 2103 aures
1096 2042 1245 2123 precibus,

109 2121 235 2203 quaein
258 2119 407 2179 bominum
427 2119 520 2179 oculis
546 2116 698 2199 neglectae
722 2119 905 2180 videbantur.
947 2120 1014 2179 Erit
1037 2138 1112 2179 vero
1140 2118 1247 2179 istbaee

108 2197 342 2279 praesentissima
362 2195 541 2271 consolatio,
566 2215 604 2254 ne
624 2194 804 2270 deficiamus,
824 2218 858 2258 ac
878 2195 1085 2276 desperatione
1109 2194 1247 2257 concida-

85 2314 88 2331 .
108 2295 185 2348 mus,
203 2272 356 2351 siquando
377 2271 413 2330 ad
434 2272 524 2352 prima
544 2282 644 2332 nostra
655 2283 722 2331 vota
733 2270 814 2332 Deus
835 2294 895 2333 non
916 2271 1105 2353 respondeat.
1136 2272 1246 2347 Queat·

109 2349 267 2410 admodum
291 2346 390 2409 solent
409 2349 471 2427 qui,
492 2349 560 2409 dum
585 2368 639 2408 suo
662 2359 773 2408 tantum
793 2349 899 2409 ardore
920 2349 1067 2423 seruntur,
1087 2348 1133 2410 sic
1153 2350 1244 2409 Densa

109 2425 264 2500 invocant,
283 2436 317 2484 ut
336 2424 390 2484 nisi
411 2425 446 2484 ad
467 2426 576 2506 primos
597 2425 721 2504 impetus
746 2423 879 2496 assuerit,
899 2448 931 2486 ac
951 2435 1144 2506 praesentem
1165 2444 1244 2507 open

109 2501 258 2574 attulerit,
287 2501 384 2560 statim
413 2501 517 2560 iratum
548 2500 602 2561 sibi
632 2502 838 2581 infensumque
868 2503 997 2583 lingant,-
1029 2512 1061 2561 et
1087 2501 1176 2563 omni
1200 2518 1246 2583 apt

111 2576 251 2638 exorandi
277 2576 408 2652 abiecta,
436 2579 573 2638 invocare
599 2577 739 2637 desinant.
792 2579 874 2652 Quin
895 2580 994 2659 potius
1012 2598 1097 2657 spem
1121 2590 1245 2639 nocua·

109 2655 189 2716 bene
209 2665 369 2734 temperata
390 2655 479 2714 animi
498 2652 644 2735 ae'quitate
664 2654 843 2727 differendo,
862 2655 892 2714 in
915 2676 977 2715 eam
999 2653 1245 2735 perseverantiam

109 2732 285 2804 insistamus,
305 2751 379 2809 quae
398 2743 556 2812 tantopere
577 2730 663 2790 nobis
683 2733 906 2792 commendatur
926 2733 955 2791 in
976 2732 1154 2809 Scripturis.
1178 2732 1245 2792 Nan

110 2808 141 2868 in
161 2807 282 2867 Psalmis
303 2807 474 2887 frequenter
493 2809 592 2868 videre
612 2807 690 2882 lieet,
711 2818 743 2867 ut
753 2808 849 2868 David
870 2820 901 2868 et
920 2809 1025 2888 reliqui
1046 2808 1166 2885 fideles,
1185 2807 1245 2868 dn·

110 2885 261 2966 precando
288 2883 351 2944 sere
376 2883 442 2946 lassi
465 2885 603 2945 videntur
634 2889 732 2944 a'cirem
758 2885 944 2961 verberasse,
976 2885 1044 2965 quia
1065 2886 1140 2946 Deo
1165 2884 1246 2947 surdo

110 2961 199 3022 verba
220 2962 395 3041 sparserint,
414 2981 476 3022 non
496 2975 593 3021 tamen
614 2981 630 3020 a
650 2956 798 3051 piscando
820 2963 976 3022 desistunt:
997 2961 1066 3041 quia
1086 2983 1142 3024 sua
1161 2960 1247 3025 verbo

110 3039 169 3097 Dei
187 3040 345 3098 auctoritas
365 3058 426 3096 non
447 3040 600 3111 asseritur,
632 3038 687 3097 nisi
713 3037 828 3097 locatur
854 3040 914 3100 eius
940 3039 1011 3097 lides
1036 3058 1131 3117 supra
1152 3056 1247 3099 omnes

111 3126 241 3176 eventus.
285 3113 403 3173 Deinde
424 3115 511 3172 etism
536 3135 573 3173 ne
592 3114 690 3173 Deum
715 3126 862 3176 tentemus
883 3127 913 3174 et
938 3126 1038 3175 nostra
1059 3114 1249 3196 improbitate

111 3189 264 3271 fatigatum
285 3190 436 3249 aduersum
456 3210 510 3249 nos
532 3210 737 3270 provocemus:
759 3192 839 3270 quod
860 3192 959 3252 multis
977 3191 1118 3252 sollenne
1130 3206 1188 3269 est,
1204 3190 1249 3271 qai

111 3266 232 3326 nonnisi
260 3279 339 3324 certa
371 3266 545 3326 conditione
576 3287 641 3325 cum
662 3266 729 3325 Deo
754 3270 957 3347 paciscuntur,
988 3280 1018 3328 et
1045 3270 1180 3347 perinde
1198 3266 1250 3331 ια’

111 3360 228 3403 suarum
248 3341 438 3420 cupiditatum
458 3363 557 3404 servus
577 3355 670 3415 esset,
695 3342 889 3422 stipulationis
915 3366 984 3405 suae
1009 3344 1129 3427 legibus
1151 3348 1250 3409 astrin-

111 3428 196 3501 gunt,
216 3416 321 3495 quibus
341 3418 397 3479 nisi
406 3429 500 3478 extem
524 3418 552 3478 lo
573 3430 683 3499 pareat,
700 3420 899 3502 indignantur,
920 3422 1061 3494 fremunt,
1081 3422 1251 3505 obloquun-

113 3506 179 3570 tur,
200 3507 396 3567 murmurant,
416 3440 638 3556 tumultuantur.
679 3495 800 3556 Talibus
820 3516 893 3578 ergo
913 3518 1000 3578 saepe
1020 3498 1052 3558 in
1074 3497 1184 3563 iurore
1201 3518 1250 3561 suo

112 3572 203 3631 iratus
221 3571 370 3643 concedit,
390 3572 470 3662 quod
491 3572 552 3632 aliis
571 3573 601 3632 in
629 3572 826 3643 misericordia
847 3574 989 3653 propitius
1009 3573 1154 3653 denegat.
1191 3578 1253 3637 ttu-
1285 3576 1288 3581 ’

113 3658 253 3709 eumento
272 3658 341 3707 sunt
366 3647 417 3706 fini
437 3648 543 3722 Israel,
569 3648 674 3728 quibus
694 3650 781 3709 satius
803 3650 897 3708 iuerat
918 3672 978 3710 non
1000 3653 1134 3713 exaudiri
1155 3674 1173 3715 a
1192 3654 1252 3714 ttu-

112 3724 219 3864 mino,8
246 3743 331 3801 quam
372 3745 437 3784 cum
475 3725 611 3785 carnibus
647 3724 707 3785 eius
744 3725 978 3808 indignationem
1009 3748 1117 3790 vorare
1153 3732 1251 3813 (Nun.

112 3806 149 3867 11
181 3806 279 3865 1-et
297 3806 370 3864 33..

152 3844 161 3875 ’
190 3880 237 3941 52.
277 3801 396 3948 Quoilsi
425 3874 541 3936 demum
571 3897 626 3937 nec
672 3888 719 3937 ost
750 3876 867 3959 longam
900 3881 1152 3960 exspectationem
1182 3894 1256 3959 atae·¹

114 3963 222 4031 quatur
240 3971 340 4012 sensus
360 3964 471 4026 noster,
490 3952 559 4032 quid
572 3898 685 4013 oramio
707 3954 872 4034 profectum
892 3958 939 4029 sit,
959 3978 1015 4016 nec
1036 3957 1169 4021 fructum
1189 3958 1256 4019 istst

114 4028 206 4088 ullum
226 4029 347 4088 sentiat:
367 4029 438 4089 fides
459 4040 556 4089 tamen
578 4042 689 4104 nostra,
709 4032 789 4109 quod
808 4054 895 4092 sensu
917 4034 1027 4114 percipi
1048 4056 1112 4095 uon
1134 4036 1255 4116 poterit,

113 4104 200 4165 nobis
220 4117 333 4165 certum
349 4105 452 4178 faciet,
482 4125 536 4165 nos
558 4106 720 4167 obtinuisse
741 4109 820 4185 quod
848 4109 1036 4188 expediebat:
1069 4112 1193 4191 qnando
1212 4124 1256 4174 to·

114 4180 170 4241 ties
189 4200 224 4241 ac
242 4192 301 4239 tam
322 4192 404 4241 certo
424 4180 480 4242 sibi
502 4202 590 4242 curae
610 4183 676 4243 sore
701 4185 849 4243 molestias
876 4198 990 4245 nostras
1010 4187 1164 4250 Dominus
1184 4188 1256 4250 reei-

136 4256 169 4329 it,
188 4275 223 4316 ex
241 4276 301 4337 quo
320 4256 412 4318 semel
430 4258 461 4316 in
480 4279 564 4318 suurn
584 4260 678 4323 sinum
700 4261 851 4340 depositae
872 4263 991 4325 luerint.
1030 4264 1135 4345 Atque
1155 4265 1198 4327 ita
1215 4262 1256 4327 el·

155 4332 212 4411 ‘et,
230 4344 264 4395 ut
281 4333 313 4394 in
338 4345 511 4416 paupertate
529 4336 752 4415 abundantiam,
782 4338 812 4399 in
832 4338 994 4401 afflictione
1018 4340 1256 4409 cumutamus·
