2700 4732
1097 164 1108 191 ι’

422 292 427 305 ,
503 224 578 287 tna.
597 225 650 285 tv.
689 224 778 288 ene.
797 220 822 287 t.
1169 232 1228 296 ten

108 368 334 450 abnegationem
354 386 432 430 esse:
458 388 517 449 quo
542 369 633 450 magle
646 388 670 430 -a
692 380 750 431 mm
771 367 914 433 scelerato
934 368 1051 432 dissidio
1070 370 1230 436 carendum

107 458 168 506 est:
196 446 262 524 quia
283 445 350 504 dum
371 445 498 506 veritatis
518 445 575 504 Dei
596 444 724 520 ruinam,
744 447 931 526 quantumin
951 445 1038 507 nobis
1058 460 1119 524 est,
1145 449 1232 509 moli-

106 544 191 596 mur,
211 521 290 603 digni
310 542 406 582 sumus
426 522 463 580 ad
483 542 556 600 quos
576 522 773 584 conterendos
791 535 859 583 toto
879 523 939 582 irae
958 542 1026 582 suae
1046 524 1155 604 impetu
1176 525 1232 585 sul-

106 599 209 657 minet.
232 644 235 649 .
258 599 321 657 Mc
351 597 441 656 ullum
461 599 584 658 atrocius
604 598 676 679 fingi
700 599 811 659 crimen
840 610 952 679 puteat,
982 622 1074 690 quam.
1091 602 1231 683 sacrilega

107 673 230 756 perfidia
253 673 363 733 violare
393 674 573 754 coniugium,
595 676 674 754 quod
694 673 846 737 uobiscum
877 676 1044 756 unigenitus
1063 677 1121 736 Dei
1140 678 1163 734 F
1166 677 1230 738 ilius

108 749 286 812 contrahere
306 750 511 832 dignatusest.
847 786 850 793 ·

185 833 232 891 11.
271 825 373 899 Quare
403 837 484 885 notas
513 825 575 885 illas
595 826 752 908 diligenter
773 825 876 887 animis
900 825 1051 907 impressas
1072 839 1254 904 tenesmum·

109 913 141 962 et
164 921 219 981 pre
239 901 359 961 Domini
390 901 510 961 arbitrio
534 904 724 962 aestimemus.
775 902 856 962 Nibil
881 914 923 962 est
948 903 1024 962 enirn
1044 904 1123 983 quod
1143 905 1232 986 magis

108 979 200 1038 Satan
219 978 366 1051 moliatur,
387 998 472 1056 quam
493 978 614 1037 istorum
635 979 803 1038 alterutrum
823 978 870 1037 rel
895 990 1047 1058 utrumque
1072 978 1176 1039 tollere
1201 991 1232 1040 et

108 1054 244 1114 abolere:
265 1074 343 1112 nunc
363 1065 395 1112 ut
415 1053 492 1113 notis
511 1053 570 1113 istis
584 1053 699 1115 abolitis
715 1066 744 1114 et
762 1054 872 1129 deletis,
892 1075 988 1115 veram
1004 1074 1231 1136 germanamque

107 1129 196 1191 tollat
215 1128 351 1189 ecclesiae
376 1129 607 1191 distinctionem:
638 1150 716 1190 nnnc
743 1142 774 1189 ut
798 1131 905 1190 iniecto
932 1150 1032 1190 earum
1050 1142 1231 1211 contemptu,
1323 1168 1334 1185 κ

107 1205 262 1266 manifesta
287 1205 452 1265 delectione
485 1226 537 1264 nos
562 1204 598 1265 ab
620 1206 742 1266 ecclesia
767 1206 899 1286 abripiat.
950 1207 1020 1269 liius
1040 1218 1102 1266 arte
1123 1206 1230 1268 lactum

113 1293 171 1355 eat,
189 1292 223 1341 nt
246 1302 316 1361 pura
334 1280 416 1347 verbi
436 1280 611 1360 praedicatio
632 1281 745 1361 aliquot
768 1281 889 1342 saeculis
915 1283 1076 1342 evanuerit:
1104 1293 1135 1343 et
1153 1304 1232 1344 nunc

107 1358 211 1418 eadem
231 1357 418 1437 improbitate
444 1355 584 1416 incumbit
603 1358 637 1418 ad
663 1357 895 1418 labefactandum
915 1358 1121 1419 ministerium:
1151 1359 1231 1438 quod

108 1444 207 1494 tamen
227 1434 268 1492 sic
288 1433 318 1491 in
336 1432 456 1493 ecclesia
471 1433 603 1493 Christus
626 1434 779 1509 ordinavit,
799 1433 900 1493 utillo
920 1432 1035 1495 sublato
1056 1434 1231 1494 buiusaediss

106 1509 207 1569 ficatio
228 1521 336 1588 pereat.
374 1508 435 1567 lam
455 1529 526 1569 vero
546 1531 632 1588 quam
652 1510 824 1590 periculosa,
843 1510 903 1569 imo
924 1531 1007 1588 quam
1027 1510 1144 1571 exitialis
1164 1522 1231 1572 ten·

106 1585 183 1647 tatio
204 1597 263 1656 est,
282 1585 331 1645 ubi
352 1584 396 1643 vel
416 1587 446 1644 in
467 1598 594 1645 mentem
614 1586 694 1645 venit
713 1586 914 1646 discessionem
934 1586 1029 1646 lacere
1048 1586 1084 1645 ab
1106 1607 1137 1645 ea
1158 1607 1231 1647 cnu-

108 1662 295 1743 gregatione,
314 1663 411 1739 inqua
431 1662 513 1742 signa
525 1662 743 1742 conspiciuntur
761 1683 794 1723 ac
814 1674 950 1738 tesserae,
962 1661 1066 1741 quibus
1084 1662 1231 1723 sufficien-

107 1748 157 1797 ter
177 1738 326 1797 ecclesiam
347 1736 520 1816 descriptam
540 1738 683 1798 Dominus
703 1738 832 1817 putavit?
851 1738 991 1797 Videmus
1032 1750 1117 1798 uanta
1137 1738 1231 1798 utrin-

109 1832 169 1894 que
188 1813 348 1873 adhibenda
369 1813 407 1872 sit
427 1816 533 1872 cautio.
578 1816 651 1874 Nam
671 1834 709 1873 ne
733 1814 786 1873 sub
807 1813 944 1874 ecclesiae
963 1758 1050 1873 titulo
1070 1814 1231 1893 impostura

107 1889 196 1950 nobis
215 1889 275 1964 liat,
294 1889 328 1948 ad
349 1886 427 1949 illam
447 1889 662 1968 probationem,
683 1910 736 1950 ceu
752 1890 787 1950 ad
809 1889 917 1971 lydium
936 1890 962 1949 la
985 1889 1071 1958 idem,
1090 1895 1132 1949 exi
1155 1890 1230 1951 enda

109 1977 156 2026 eat
174 1965 267 2026 omnis
279 1967 480 2047 congregatio,
500 1986 571 2045 quae
583 1966 720 2027 ecclesiae
740 1986 847 2026 nomen
863 1910 1006 2027 obtendit.
1045 1965 1078 2024 Si
1097 1909 1231 2027 ordinem

109 2041 200 2101 babet
217 2042 247 2101 in
267 2041 359 2101 verbo
379 2054 409 2100 et
427 2043 611 2102 sacramentis
624 2041 778 2102 aDomino
799 2043 1042 2117 commendatum,
1061 2063 1122 2102 non
1135 2042 1231 2103 lalleta

107 2137 212 2179 secure
236 2117 278 2176 illi
305 2117 448 2177 honorem
478 2118 604 2178 ecclesiis
625 2118 754 2177 debitum
775 2118 953 2178 deseramus:
984 2139 1096 2178 rursum
1115 2138 1186 2178 vero
1206 2118 1232 2180 si

107 2195 218 2273 absque
236 2192 327 2253 verbo
349 2207 378 2253 et
397 2195 581 2254 sacramentis
601 2215 631 2254 ae
651 2194 794 2268 venditat,
825 2216 841 2255 a
862 2194 965 2255 talibus
986 2194 1146 2275 praestigiis
1168 2215 1230 2255 uon

107 2271 205 2406 peilam
225 2270 361 2405 rpligiosp
380 2272 553 2346 cavendum,
578 2292 664 2351 quam
689 2272 719 2330 in
744 2270 834 2331 altena
858 2281 938 2350 parte
963 2270 1110 2331 temeritas
1128 2291 1230 2351 super·

132 2366 217 2406 naue
250 2370 265 2404 u
289 2366 334 2406 ren
357 2367 381 2405 a.

160 2368 232 2486 ql?-
305 2423 361 2481 nod
382 2422 500 2481 dicimus
521 2444 624 2502 purum
644 2421 728 2482 verbi
747 2422 937 2483 ministerium
958 2433 988 2482 et
1006 2444 1111 2503 purum
1132 2423 1161 2483 in
1181 2442 1230 2483 ce·

109 2498 258 2561 lebrandis
278 2500 460 2559 sacramentis
480 2499 584 2573 ritum,
614 2499 753 2560 idoneum
773 2517 835 2559 csse
853 2499 958 2582 pignus
978 2509 1008 2559 et
1026 2499 1232 2574 arrhabonem,

108 2587 144 2636 ut
162 2586 227 2635 tuto
247 2576 387 2656 possimus
396 2579 574 2649 societatem,
595 2575 623 2635 in
638 2597 693 2656 qua
708 2587 862 2655 utrumque
875 2575 1024 2648 exstiterit,
1043 2584 1096 2654 pro
1109 2575 1230 2635 ecclesia

109 2652 281 2731 amplexari,
306 2671 396 2731 usque
417 2671 453 2709 en
473 2652 565 2723 valet,
590 2663 622 2711 ut
646 2674 785 2731 nusquam
807 2651 968 2711 abiicienda
987 2652 1024 2710 sit
1065 2653 1178 2710 uamdiu
1198 2650 1228 2710 in

110 2728 169 2788 illis
188 2729 360 2806 perstiterit,
392 2728 502 2785 etiamsi
529 2728 626 2788 multis
653 2728 761 2806 alioqui
782 2728 855 2786 vitiis
874 2739 990 2787 scateat.
1038 2674 1119 2800 ὃιιῐη
1141 2726 1229 2785 etiam

111 2805 222 2886 poterit
240 2804 285 2863 vel
304 2804 335 2862 in
356 2804 503 2863 doetrinae
523 2805 566 2863 vel
588 2805 617 2863 in
637 2816 882 2863 sacramentorum
905 2801 1153 2862 administratione
1164 2802 1230 2862 vitii

111 2880 260 2962 quippiam
274 2879 428 2970 obrepere,
448 2880 526 2958 quod
546 2881 671 2939 alienare
692 2900 745 2940 nos
756 2880 792 2937 ab
807 2879 867 2937 eius
879 2878 1083 2937 communione
1104 2898 1163 2936 non
1178 2877 1230 2936 de-

110 2959 190 3018 beat
228 2957 295 3015 Non
317 2976 393 3015 emm
415 2959 497 3015 unius
516 2969 583 3015 sunt
603 2957 711 3016 lormae
733 2954 831 3014 omnia
850 2972 935 3012 verae
956 2953 1106 3012 doctrinae
1125 2955 1230 3044 capita.

108 3038 189 3095 Sunt
214 3033 352 3113 quaedam
383 3034 422 3091 ita
455 3033 613 3093 necessaria
633 3053 667 3091 co
691 3032 769 3105 nitu,
796 3041 827 3088 ut
852 3029 902 3090 fixa
927 3028 987 3090 esse
1014 3041 1043 3087 et
1066 3028 1229 3090 indubitata

109 3109 247 3172 omnibus
259 3120 406 3189 oporteat,
426 3129 480 3167 ceu
520 3110 616 3187 ropria
637 3051 786 3190 refigionis
797 3106 911 3185 placita:
932 3104 1025 3184 qualia
1035 3116 1112 3178 suut,
1132 3105 1230 3165 Unum

109 3206 174 3248 ease
193 3185 304 3246 Deum:
330 3184 477 3245 Christum
497 3131 592 3244 lucum
613 3205 691 3257 esse,
711 3204 744 3243 ae
762 3183 819 3241 Dei
837 3182 955 3241 lilium:
987 3182 1021 3239 ln
1041 3181 1098 3240 Dei
1118 3182 1231 3241 miseri·

109 3263 212 3324 cordia
231 3262 352 3323 salutem
372 3261 458 3321 nobis
479 3260 653 3336 consistere,
675 3272 705 3320 et
723 3259 834 3320 similia.
874 3259 951 3316 Sunt
970 3257 1039 3331 alia,
1058 3277 1132 3336 quae
1152 3259 1230 3318 inter

111 3338 248 3398 ecclesias
266 3349 469 3410 controversa,
494 3336 560 3395 fidei
585 3349 680 3396 tamen
707 3338 846 3395 unitatem
868 3354 929 3392 non
949 3333 1098 3407 dirimant.¹
1144 3334 1230 3407 Quae

110 3413 191 3473 enirn
211 3412 249 3474 ob
270 3414 327 3472 boc
347 3435 435 3472 uuum
458 3413 594 3473 ecclesiae
607 3413 771 3487 dissideant,
790 3413 812 3470 si
833 3410 921 3469 altera
942 3409 1011 3468 eitra
1032 3410 1229 3469 contentionis

110 3490 278 3566 libidinem,
305 3491 373 3548 citra
399 3489 586 3567 pervicaciam
606 3489 764 3559 asserendi,
784 3488 889 3546 animas
910 3506 925 3545 a
945 3486 1117 3564 corporibus
1138 3485 1230 3544 demi·

133 3578 227 3626 rantes
246 3567 277 3625 in
299 3565 413 3624 coelum
434 3565 590 3625 convolare
609 3577 705 3645 putet:
731 3564 818 3624 altera
845 3561 916 3620 nibil
943 3564 1017 3621 ausit
1046 3561 1166 3619 definire
1193 3560 1229 3618 de

110 3587 195 3717 loeo,
228 3655 374 3702 caeterum
394 3642 490 3701 vivere
514 3654 610 3702 tamen
630 3642 759 3700 Domino
784 3650 865 3699 certo
885 3638 1007 3698 statuat?
1047 3635 1143 3696 Verba
1162 3645 1230 3694 sunt

109 3717 248 3799 Apostoli
267 3717 359 3795 (Phil.
379 3722 408 3791 3,
428 3722 503 3794 15.):
534 3717 734 3796 „Quicunque
755 3714 876 3795 perlecti
898 3735 1008 3787 sumus,
1028 3713 1103 3771 idern
1123 3712 1230 3771 sentia·

108 3816 190 3856 mus:
215 3795 239 3855 si
258 3794 327 3874 quid
346 3793 431 3852 aliter
449 3796 561 3885 sapitis,
586 3794 641 3854 boe
662 3812 779 3873 quoque
798 3789 1042 3879 vobisbominns
1060 3786 1229 3878 revelabit,“

108 3872 223 3932 Annon
242 3873 308 3931 satis
328 3870 445 3943 indicat,
466 3870 672 3931 dissensionem
684 3869 719 3928 de
739 3868 824 3928 rebus
844 3866 903 3925 istu
924 3886 982 3926 non
1003 3875 1040 3924 tta
1053 3883 1230 3952 necessarus,

110 3948 222 4007 dissidii
242 3948 389 4006 materiam
410 3966 471 4006 esse
491 3968 551 4007 non
572 3946 679 4006 debere
699 3940 984 4005 inteerristianosl
1019 3939 1150 3999 Primum
1165 3961 1229 4017 qur·

110 4025 180 4083 dem
200 4035 233 4082 ut
251 4044 304 4103 per
324 4022 421 4082 omnia
441 4023 668 4083 consentiamus:
693 4021 742 4082 sed
764 4019 899 4099 quoniam
925 4036 1010 4077 nemo
1035 4015 1148 4094 estqui
1168 4034 1229 4074 uon

112 4100 152 4159 ali
175 4120 211 4159 ua
231 4100 415 4181 ignorantiae
435 4098 576 4160 nubecula
596 4097 751 4158 obvolutus
770 4096 824 4169 sit,
842 4105 892 4154 aut
911 4093 1016 4152 nullam
1035 4090 1231 4169 relinquamus

112 4119 264 4235 ecclesiam
286 4186 421 4269 oportet,
452 4186 501 4232 aut
531 4173 782 4233 hallucinationem
807 4170 1006 4231 condonemus
1030 4167 1061 4226 in
1080 4166 1114 4226 iis
1133 4164 1231 4235 rebus,

111 4271 189 4332 quae
209 4265 239 4312 et
257 4252 396 4312 inmolata
415 4249 563 4332 religionis
582 4271 690 4310 summa
703 4262 733 4309 et
746 4249 816 4309 citra
836 4245 933 4308 salutis
952 4240 1233 4333 iacturamoignorari

111 4328 237 4409 possint.
280 4329 338 4390 llic
364 4338 459 4390 antem
484 4326 662 4407 patrocinari
685 4324 832 4387 erroribus
852 4323 900 4465 'led
909 4318 1112 4442 pinctiuimaa
1130 4316 1233 4395 nolim,
