2700 4732
505 164 999 261 am.111.uar.xx.'¹'
1073 170 1076 175 ’
1195 172 1336 289 ιιι]

65 352 67 359 ·
118 334 198 400 derb
215 338 424 420 potiusquam
437 337 565 403 bominis
584 340 710 402 babetur
728 341 818 418 ratio,
838 324 869 402 el
886 338 980 403 aubb
1022 358 1055 401 ra
1075 338 1188 404 Cbriiti
1206 328 1274 405 in?
1329 302 1344 419 ἶ,

115 415 260 485 amasia
278 415 364 476 unica
384 417 530 478 asseritur.
567 419 642 479 Nam
651 418 733 500 quod
751 417 899 501 singulare
909 416 966 477 luit
1006 416 1092 495 avidi,
1110 429 1260 499 quatenns

117 488 234 553 Cbs'isti'
248 488 348 574 imago
369 491 435 569 init,
453 494 484 553 in
503 492 576 555 alios
597 516 657 554 non
679 506 849 575 competere
868 505 981 556 certum
1001 506 1054 566 eet.
1139 495 1142 503 '

193 571 243 637 ᾖ.
279 568 342 629 Sed
362 568 570 649 booquosdam
590 571 703 632 scilicet
720 583 834 646 moret,
852 571 932 651 quod
951 583 1120 631 sanctorum
1141 574 1260 634 oratio-

114 660 174 705 u
191 662 285 725 'saepe
312 644 453 727 leguntur
479 648 637 707 exauditae.
659 638 758 708 ‘Curi
794 648 870 708 Nem
894 647 998 728 equia
1025 659 1157 708 orarunt.
1195 649 1259 724 „In

65 722 752 863 ·-asenciente?stridit
770 669 904 862 trel:
925 736 962 860 ει
979 720 1058 861 :lt
1071 723 1258 863 tetius:

65 870 91 959 l,
114 872 264 955 exe-plo,
281 840 438 935 ut’corum
460 876 552 935 instar
571 864 765 937 exaudiamur.
803 876 845 937 Hi
863 821 1076 953 vermgcontra
1094 888 1180 956 quam
1202 877 1257 939 de-

66 1002 73 1009 .
114 959 184 1025 eet,
298 963 397 1011 natare
417 952 646 1031 ratiocinantur,
672 975 733 1014 non
761 953 925 1014 exauditum
949 953 987 1013 iri
1011 951 1068 1013 uisi
1087 953 1138 1033 qui
1162 954 1257 1015 semel

115 1031 191 1087 e'nu
222 1024 343 1087 timot.
381 1028 504 1103 Quanto
525 1031 627 1090 melius
646 1029 792 1092 lacobus?
829 1030 929 1105 „Elias
948 1028 1062 1110 (inquit
1080 1034 1257 1110 cap.5,17.)
1309 1074 1336 1114 ,-

70 1126 76 1135 ·
114 1100 230 1177 „bomo
248 1114 312 1163 erat
330 1104 417 1171 nobis
435 1104 551 1166 similis:
571 1118 601 1166 et
619 1107 791 1186 precatione
811 1118 945 1187 precatus
957 1118 1001 1167 est
1020 1126 1058 1167 ue
1078 1105 1205 1185 plueret,
1225 1120 1258 1169 et

113 1197 201 1255 „aon
220 1176 296 1259 pluit
312 1199 402 1259 super
419 1193 526 1241 terrani
546 1202 639 1243 annos
654 1195 714 1243 tres
732 1195 765 1243 ct
781 1203 897 1244 menses
908 1204 965 1243 sex.
1003 1181 1131 1243 Rursum
1148 1187 1257 1259 oravit,

113 1264 172 1332 „e't
188 1255 304 1315 coelum
324 1257 405 1315 dedit
425 1256 568 1338 pluviam,
599 1271 629 1319 ct
646 1271 727 1319 terra
747 1260 829 1319 dedit
846 1259 974 1323 fructum
993 1263 1108 1319 sunm.“
1153 1261 1257 1336 Quid?

112 1338 160 1393 εἰ
178 1330 355 1413 singularem
380 1331 505 1413 aliquam
526 1333 608 1394 liliae
633 1334 867 1418 praerogativam
891 1335 1022 1417 colligit,
1048 1335 1084 1395 ad
1105 1356 1193 1416 quan
1217 1337 1257 1401 sit

108 1404 204 1477 nobis
222 1407 473 1490 confugiendum?
511 1404 633 1472 blinime
651 1431 741 1491 vero,
766 1412 818 1473 sed
836 1411 895 1473 vim
919 1413 984 1492 piae
1009 1432 1100 1492 purae
1122 1410 1160 1473 i'ie
1186 1434 1256 1476 urai·

110 1482 208 1545 sionis
247 1499 403 1563 erpetuana
417 1486 522 1560 docet,
553 1500 587 1547 ut
610 1509 665 1549 nos
690 1488 727 1548 ad
751 1488 886 1551 similiter
903 1488 1047 1549 orandum
1073 1433 1255 1551 exbortetur.

111 1558 193 1620 Naias
243 1562 270 1621 ei
290 1563 553 1641 promptitudinem
573 1586 605 1625 ac
626 1564 839 1647 benignitatem
857 1556 890 1627 in
908 1564 1094 1626 exaudiendis
1114 1564 1171 1628 titii
1191 1587 1256 1629 rna·

112 1632 197 1728 ligne
215 1637 458 1717 interpretamur,
484 1640 538 1700 nisi
558 1642 665 1701 talibus
685 1642 891 1721 experimentis
909 1641 1118 1703 confirmamur
1135 1641 1166 1701 in
1190 1663 1256 1703 cer·

112 1721 224 1775 uorem
241 1714 469 1795 promissionum
489 1719 550 1777 eius
570 1717 720 1779 fiduciam:
740 1714 845 1797 quibua
863 1738 925 1779 noo
945 1717 999 1777 uni
1017 1729 1069 1777 aut
1087 1716 1182 1794 alteri,
1201 1732 1257 1781 aiat

114 1788 207 1851 uhu
220 1793 324 1871 ‚paucis
344 1791 514 1853 inclinatam
534 1795 600 1854 lore
619 1815 718 1856 aurem
738 1816 818 1855 suam
837 1794 1011 1875 pollicetur,
1041 1793 1093 1855 sed
1114 1794 1270 1860 omnibus·

113 1864 303 1959 pai‘aomen
326 1889 410 1929 suum
439 1870 649 1931 invocaverint
672 1861 740 1931 'At
760 1891 798 1931 ue
824 1890 862 1931 eo
892 1871 989 1931 minus
1014 1869 1185 1932 excusabilia
1208 1884 1259 1935 est

111 1942 231 2005 amcitis
250 1942 338 2018 baec,
362 1945 442 2025 quod
464 1958 511 2006 tot
530 1947 700 2027 Scriptnrae
725 1893 943 2013 admonitiones
962 1946 1099 2007 videntur
1117 1947 1198 2027 quasi
1217 1969 1258 2010 ex

111 2018 252 2101 professo
270 2030 472 2081 contemnere.
510 2023 666 2084 Liberatus
685 2036 730 2084 est
747 2045 796 2085 sae
819 2024 862 2084 iiis
881 2022 978 2085 David
996 2022 1054 2084 Dei
1074 2022 1257 2087 virtuteisiai

90 2107 226 2159 ,ateana
244 2097 281 2158 ad
300 2116 333 2158 se
350 2098 491 2172 traberet,
510 2111 544 2159 ut
563 2102 625 2161 eius
643 2100 783 2182 suffragio
815 2098 1014 2162 iberaremur?
1051 2099 1157 2183 Longe
1167 2066 1258 2163 aliter

111 2170 241 2235 affiraiat
257 2174 322 2253 ipse
340 2173 434 2253 (Psal'
450 2180 518 2248 142,
535 2179 593 2255 8.):
612 2178 682 2251 „tte
703 2189 874 2257 exspectant
891 2178 970 2252 iusti,
990 2176 1087 2239 donec
1106 2176 1258 2258 rependas

112 2249 239 2329 „nibta‘
287 2250 363 2311 ltem
384 2251 476 2329 (Psal.
497 2258 554 2328 52,
572 2256 630 2329 8.):
660 2255 834 2328 „Videbunt
858 2254 945 2330 iusti,
965 2266 996 2314 et
1014 2252 1202 2337 gaudebunt,
1225 2267 1288 2317 et·
1328 2312 1334 2337 Ι,

110 2326 297 2407 ,pperabunt
313 2327 345 2388 in
355 2328 520 2389 Domino.“
557 2331 657 2405 „Ecce
698 2353 733 2392 aii
756 2335 862 2393 criste
882 2332 1017 2394 clamarit
1035 2329 1073 2391 ad
1091 2330 1201 2406 Denta,
1224 2343 1257 2393 et

110 2403 292 2484 „respondit
314 2404 364 2465 ei“
384 2404 479 2541 lpnl
498 2412 554 2479 34,
572 2408 626 2485 7.).
712 2353 791 2469 ullae
813 2408 843 2468 in
868 2406 990 2477 Psalmis
1012 2418 1082 2468 aunt
1107 2407 1257 2477 eiusmodi
1320 2446 1324 2453 ·

112 2499 229 2564 preces,
248 2481 382 2561 quibusa
416 2483 616 2562 praebendum
628 2486 707 2563 quod
719 2485 851 2565 postulat
862 2484 916 2545 bac
936 2484 1053 2546 ratione
1063 2483 1159 2545 Deum
1179 2506 1256 2566 pro·
1287 2504 1293 2517 ¹

109 2567 210 2633 vocat,
229 2577 268 2619 ric
286 2558 438 2694 ppdeliant
456 2558 540 2633 iusti,
558 2560 610 2652 scd
622 2582 683 2652 ‘suo
705 2561 836 2642 exemplo
857 2561 1063 2653 eriganturad
1085 2559 1162 2622 bene
1181 2582 1260 2649 spe-¹

110 2635 266 2729 randum..
317 2657 355 2696 no
376 2657 433 2695 iarn
453 2648 587 2698 contenti
606 2658 710 2698 simuss
731 2639 917 2718 „Propterea
938 2637 1036 2699 orabit
1055 2637 1090 2697 ad
1111 2652 1141 2730 te
1154 2639 1254 2702 omnis

110 2713 1274 2881 3:22¹·nn‘eiitatsttel,scintillulaslt,stant.

111 2886 176 2926 nai
195 2863 313 2949 linguae
333 2866 501 2926 meritoriae
521 2867 557 2927 ad
569 2867 771 2927 defensionem
784 2867 911 2946 Papatus
931 2865 1043 2940 locant,
1062 2886 1127 2925 eum
1140 2865 1253 2927 obten-

113 2942 186 3011 dere
205 2942 242 3002 ad
261 2942 441 3034 probandam
461 2957 647 3004 mortuorum
666 2944 919 3004 intercessionem.
964 2940 1059 3018 Quasi
1079 2962 1150 3007 vero
1170 2941 1255 3003 aliud
1305 2958 1319 2981 ‘

109 3017 303 3094 relitllarid,
322 3040 408 3109 quam
429 3019 555 3080 fructum
569 3020 737 3100 ostendere,
756 3019 807 3101 qui
828 3039 862 3079 ea
876 3020 935 3080 Dei
954 3018 1110 3080 clementia
1131 3030 1161 3078 et
1179 3017 1255 3081 laei-

109 3097 195 3159 ttiate
215 3109 379 3176 proveniet,
398 3097 449 3157 ubi
461 3098 610 3157 exauditus
629 3097 727 3158 luerit.
764 3101 866 3177 Atque
885 3095 944 3157 boc
962 3096 1123 3177 in-genere
1142 3107 1255 3158 teneri-

111 3174 182 3235 diun
203 3185 258 3245 est,
277 3176 484 3253 experientiam
504 3175 616 3256 gratiae
635 3173 703 3248 Dei,
722 3187 781 3235 tam
801 3193 871 3256 erga
892 3194 947 3234 nos
966 3192 1056 3264 quain
1073 3190 1143 3265 erga
1164 3170 1253 3250 alios,

112 3244 315 3332 noosulgare
336 3270 398 3310 esse
418 3250 625 3311 adminiculum
649 3252 685 3311 ad
706 3250 938 3389 conlirmandanp¹
949 3270 1187 3386 promissionum
1212 3250 1253 3311 it-

65 3328 73 3337 '
111 3324 273 3387 linsbdem.
311 3328 379 3386 Non
400 3327 494 3387 recito
515 3327 761 3408 plurimoslocos‚
781 3328 917 3388 ubiDari
982 3325 1173 3389 eibencficix
1191 3327 1252 3389 sibi

111 3403 256 3486 proponit
275 3402 305 3462 in
326 3403 448 3463 fiduciae
468 3405 635 3479 materiam,
661 3405 729 3484 quia
748 3403 935 3465 Psalmornux
959 3390 1119 3464 lectoribus
1138 3404 1250 3484 sponte'

110 3491 281 3543 occurrent.
330 3480 398 3540 Iloc
422 3481 501 3541 idem
525 3502 579 3541 sno
606 3481 738 3561 exemplo
764 3482 843 3561 prius
874 3479 1018 3541 docuerat
1031 3478 1132 3541 'Iacob
1150 3479 1250 3560 ¹(Gen.
1336 3512 1343 3519 ·

109 3557 247 3634 321⁰&
266 3557 391 3632 „Minor
409 3580 472 3617 sum
493 3558 604 3617 cunctis
623 3558 859 3619 miserationibus
880 3559 989 3627 tuiset
1006 3556 1144 3631 veritate,
1160 3576 1270 3641 quami

112 3634 302 3715 „praestitisti
321 3655 406 3694 servo
426 3646 489 3693 tuo.
539 3633 574 3692 ln
601 3633 707 3727 baculo
733 3655 801 3725 meo
824 3633 945 3697 transiri
964 3632 1123 3725 lordanem
1142 3632 1248 3724 latum:
1307 3641 1314 3689 t

109 3711 625 3882 siglllldtlttllll
637 3708 1255 3867 ..tttlttlnlztltlg't{titlltt

108 3884 221 3927 mosius
240 3864 270 3922 in
285 3863 413 3923 futurum
427 3863 556 3923 confidat
566 3865 690 3925 eundem
704 3885 773 3947 erga
792 3884 823 3925 sc
834 3864 931 3946 Deum
951 3863 1027 3924 sore.
1050 3860 1157 3942 Neque
1168 3861 1250 3925 enini

108 3940 213 4004 similis
234 3951 278 4000 est
296 3941 486 4016 mortalibus,
512 3962 585 4019 qnos
611 3941 795 4002 liberalitatis
818 3961 888 4001 suae
912 3940 1028 4015 taedet,
1052 3936 1102 4000 sel
1119 3960 1247 4033 quornm

109 4016 279 4079 exhauritur
302 4016 438 4076 facultas:
471 4019 521 4077 sed
547 4040 563 4078 a
587 4019 707 4099 propria
733 4029 836 4077 natura
858 4016 1053 4079 aestimandus
1081 4027 1141 4089 eat,
1171 4015 1254 4097 sicut,

108 4092 273 4175 prudenter
293 4093 361 4153 iacit
379 4093 477 4153 David
497 4094 588 4170 (Psal.
603 4101 652 4170 31,
670 4097 728 4172 6.)i
749 4093 932 4169 „tede-tasi
952 4113 1000 4155 ne
1018 4091 1146 4172 (inquit)
1163 4090 1246 4155 neus

107 4174 227 4232 verax!
263 4170 425 4250 Postquam
444 4168 544 4233 salutis
563 4192 632 4232 snae
653 4171 767 4233 landem
786 4170 856 4233 Deo
874 4170 991 4246 tribuit,
1008 4166 1144 4253 adiungit
1161 4188 1248 4231 vera·

107 4267 175 4309 cern
195 4266 273 4308 csse:
293 4247 363 4340 qnia
381 4246 437 4307 nisi
456 4259 601 4328 perpetuo
621 4249 721 4325 similis
740 4247 886 4322 intensi,
903 4266 967 4309 non
984 4245 1054 4309 satis
1072 4244 1155 4338 br'apa
1170 4244 1248 4329 sumi
1325 4242 1331 4269 ⁸

106 4333 212 4411 posset
228 4322 353 4389 fiduciae
372 4336 408 4388 et
421 4322 619 4391 mactationis
635 4326 714 4390 catio
733 4344 769 4389 cx
786 4322 849 4389 eins
866 4320 1028 4419 beneflciis·
1049 4320 1134 4391 .l.lbi¹
1145 4332 1246 4401 amisa
1263 4394 1266 4399 ¹
1339 4322 1344 4345 ¹
