2700 4732
392 186 846 266 'mmmm
1162 206 1250 277 m

79 350 86 365 '
106 370 171 415 trau
186 350 332 433 origloem
352 346 465 407 ducunt
483 348 593 421 omnia,
613 345 652 407 ita
671 366 795 425 aequum
816 356 860 405 est
878 356 912 407 ut
931 346 1019 409 finem
1038 370 1121 411 suum
1135 353 1220 425 vicis-

107 428 191 491 tinio
209 428 305 507 ipsum
325 424 476 485 destinent
495 444 529 483 ac
550 424 604 483 diri
627 435 687 483 ant.
726 424 839 498 Nemo,
865 423 1000 503 iuquam,
1025 440 1069 487 est
1089 431 1138 508 qui
1158 453 1219 493 uon

108 506 157 585 rapi
174 504 276 565 debeat
294 501 332 563 ad
357 500 580 581 amplexandum
599 442 829 582 bogislatorem,
859 501 894 559 ad
927 502 1008 563 cuius
1036 504 1221 571 observanda

108 582 221 643 mandata
239 578 433 661 peculiariter
451 600 483 639 se
497 577 641 637 delectum
663 597 726 637 esse
736 576 874 637 docetur:
895 599 910 637 a
925 579 1006 639 cuius
1026 579 1221 665 benignitate,

110 680 161 719 eru
180 658 327 717 bonorum
347 655 480 715 omnium
501 654 699 729 affluentiam,
724 665 786 713 tum
807 655 980 715 immortalis
998 657 1074 717 vitae
1095 660 1219 741 gloriam

111 754 147 795 eu
178 747 244 795 ctat:
270 734 355 793 cuius
375 731 502 793 mirabili
519 731 628 795 virtute
646 752 682 792 ac
705 730 941 791 misericordiae
965 730 1098 803 saucibus
1116 740 1220 801 munis

111 830 137 871 se
160 812 291 871 iberatum
312 808 406 869 nouit.

172 894 213 953 tte
247 886 383 947 Fundata
408 898 440 946 et
461 882 590 944 stabilita
614 884 702 965 Legis
721 903 789 943 suae
813 882 1008 959 auctoritate,
1028 907 1136 966 praece
1158 901 1219 952 tutu

113 964 216 1045 pdnun
230 964 306 1055 stit,
338 962 385 1021 Ne
409 960 568 1051 habeamus
588 959 659 1052 deos
682 960 794 1020 alienos
814 980 912 1019 coram
938 960 1012 1021 lacie
1035 984 1098 1024 sua.
1137 911 1220 1029 l‘iois

53 1160 62 1169 ..
114 1039 568 1197 tt‘tl'dlltldltlt’
587 1036 1221 1197 ttttttltftlptlt'tll‘.‘latitat‘

113 1214 166 1253 nen
182 1193 347 1273 quamlibet,
365 1214 423 1271 qna
441 1190 601 1251 divinitatis
620 1210 690 1249 suae
708 1189 802 1273 gloria
820 1188 867 1247 vel
885 1189 1028 1250 minuitur
1045 1194 1092 1253 vel
1112 1195 1221 1256 obscu-

111 1282 190 1345 ratur,
215 1293 230 1331 a
251 1262 338 1329 tlobis
364 1271 464 1329 abesse
485 1267 582 1326 iubet:
612 1279 700 1346 atque
727 1265 827 1324 eadem
849 1266 978 1339 ratione,
1008 1288 1078 1329 vero
1103 1272 1221 1351 pietatis

110 1348 187 1407 undio
204 1345 262 1407 coli
280 1366 313 1405 se
332 1366 349 1404 a
370 1345 456 1405 nobis
477 1356 563 1422 atque
584 1344 700 1402 adorari
722 1341 874 1422 praecipit.
912 1342 952 1400 Et
970 1345 1135 1407 verborum
1148 1351 1220 1409 sim-

110 1422 203 1503 plicitas
220 1424 249 1483 id
270 1422 334 1481 lere
352 1433 453 1482 sonat:
474 1420 616 1499 siquidem
637 1420 745 1479 babere
765 1418 863 1499 Deum
883 1438 944 1478 non
965 1440 1127 1498 possumus,
1147 1427 1220 1504 quin

110 1498 176 1559 tiuul
186 1497 424 1578 complectamur,
444 1518 519 1587 quae
538 1508 607 1558 sunt
626 1497 653 1554 ei
673 1495 807 1575 propria:
828 1494 907 1573 quod
928 1514 1000 1576 ergo
1012 1511 1092 1557 vetat
1111 1500 1221 1562 babere

109 1572 200 1634 alienos
218 1576 307 1646 deos,
334 1594 371 1633 eo
390 1574 535 1655 significat
560 1572 697 1651 nequod
722 1571 777 1630 sibi
798 1571 949 1651 proprium
971 1584 1026 1649 est,
1045 1574 1104 1635 alio
1124 1587 1221 1639 trans·

109 1648 222 1711 &muna
260 1652 324 1711 Etsi
344 1663 441 1709 autem
461 1670 536 1729 quae
555 1650 623 1708 Deo
649 1646 789 1707 debemus
808 1648 961 1708 innumera
980 1662 1065 1726 suot,
1089 1652 1126 1711 ad
1147 1676 1220 1733 que-

109 1734 161 1787 tur
174 1740 270 1787 umen
291 1728 387 1807 capita
407 1747 469 1785 non
489 1727 590 1805 inepte
607 1724 786 1783 relerentur:
806 1724 1031 1800 adorationem,
1050 1730 1221 1792 cuiaccedit

108 1812 221 1883 tanquam
247 1803 411 1883 appendix,
440 1801 589 1883 spirituale
615 1801 813 1860 conscientiae
838 1798 1028 1878 obsequium:
1060 1804 1221 1881 Fiduciam,

110 1874 326 1949 invocationem,
348 1878 515 1938 Gratiarum
535 1877 680 1937 actionem
689 1877 733 1952 *).
763 1876 977 1936 Adoretionem
1002 1899 1078 1939 voco
1098 1901 1221 1943 venera-

110 1954 199 2019 tiaatar
217 1978 252 2017 ac
271 1957 403 2026 cultum,
423 1975 510 2035 quem
531 1954 573 2013 illi
598 1953 694 2012 reddit
713 1952 838 2044 quilibet
864 1964 1011 2028 nostrum,
1031 1954 1082 2016 ubi
1100 1978 1131 2017 se
1158 1960 1241 2027 eius.

110 2032 280 2115 uguitudini
304 2032 448 2093 submisit
499 2032 602 2105 Quare
623 2050 695 2102 non
727 2030 873 2089 immerito
898 2029 960 2089 eius
988 2044 1104 2166 partem
1129 2034 1220 2112 lacio,

111 2108 301 2187 qtslnostras
321 2108 517 2169 conscientias
543 2108 604 2166 eius
623 2106 697 2187 Legi
723 2106 899 2166 subiicimus.
950 2106 985 2165 Fi
1008 2109 1072 2169 ucia
1097 2122 1155 2187 est,
1186 2131 1222 2173 ex

111 2172 226 2245 rihmar
245 2187 310 2245 eius
329 2185 552 2266 recognitione,
573 2183 776 2262 acquiescendi
797 2183 826 2241 in
847 2202 885 2242 eo
904 2185 1059 2245 securitas:
1078 2208 1168 2266 quum
1189 2189 1220 2249 in

115 2262 335 2343 mupkntiam,
361 2262 512 2336 iustitiam,
534 2260 710 2341 potentiam,
729 2261 898 2335 veritatem,
919 2259 1081 2323 bonitatem
1102 2283 1220 2327 ornnem

117 2350 281 2417 npomtes,
312 2338 375 2399 sola
407 2340 468 2397 eius
501 2336 766 2405 communicatione
798 2357 853 2396 nos
886 2336 988 2398 beatos
1018 2340 1220 2404 existimamus.

117 2408 251 2491 huntio,
270 2416 309 2476 sit
328 2416 433 2475 mentis
453 2427 582 2486 nostrae,
602 2413 717 2492 quoties
736 2424 823 2494 urget
842 2412 901 2473 ulla
923 2415 1088 2485 necessitas,
1107 2418 1136 2476 in
1158 2419 1221 2480 eius

114 2484 179 2551 idn
195 2504 280 2573 atque
302 2512 390 2571 opem
404 2504 548 2571 receptus,
567 2502 706 2568 tanquam
726 2490 762 2548 ad
783 2489 899 2549 unicum
919 2492 1104 2569 praesidium.
1142 2492 1221 2555 Gra-

112 2564 195 2627 ΓΜ
212 2575 302 2645 actio,
323 2580 367 2627 est
386 2568 554 2662 gratitudo,
574 2587 632 2645 qua
651 2565 712 2625 laus
732 2568 880 2625 bonorum
900 2569 1030 2627 omnium
1052 2569 1094 2628 illi
1115 2571 1221 2631 tribui-

110 2650 154 2704 ler.
184 2646 298 2705 llorum
320 2657 353 2703 ut
373 2645 444 2704 nrlril
464 2645 573 2724 patitur
591 2643 735 2702 Dominus
754 2643 812 2701 alio
833 2642 970 2715 densari,
989 2645 1028 2704 ita
1049 2648 1145 2706 omnia
1165 2648 1222 2709 sibi

107 2716 135 2777 fu
147 2719 263 2782 solidum
285 2720 416 2781 exbiberi
441 2721 568 2780 mandat.
621 2721 727 2799 Neque
753 2719 829 2778 enim
855 2721 922 2779 satis
949 2722 1038 2780 luerit
1064 2723 1100 2782 ab
1124 2724 1222 2786 alieno

113 2794 236 2859 :tunm
254 2798 334 2873 Deo,
355 2797 409 2857 nisi
428 2799 458 2857 in
479 2799 536 2855 boc
557 2797 620 2876 ipso
641 2808 671 2854 te
691 2799 857 2855 contineas:
878 2798 958 2875 quod
979 2798 1083 2859 nelarii
1103 2800 1221 2890 quidam

53 2930 55 2935 .
113 2886 207 2935 moen
228 2888 311 2935 tores
328 2875 441 2946 solent,
466 2873 571 2954 quibus
595 2894 736 2932 summum
761 2874 969 2951 compendium
994 2887 1038 2934 est
1062 2875 1223 2956 religiones

114 2966 194 3012 mes
222 2952 341 3011 udibrio
362 2951 478 3010 babere.
517 2950 608 3028 Atqui
630 2950 786 3029 praecedat
805 2962 926 3028 oportet
941 2970 1012 3009 vera
1029 2952 1082 3010 reli
1106 2953 1146 3025 io,
1166 2974 1223 3033 qua

116 3020 235 3089 blleum
254 3032 404 3088 viventem
425 3028 514 3086 animi
540 3027 721 3085 referantur:
747 3027 828 3085 cuius
848 3027 1018 3107 cognitione
1040 2971 1160 3103 imbuti,
1186 3030 1222 3089 ad

119 3106 312 3241 ambiendam,
332 3105 501 3194 timendam,
521 3102 990 3238 “2¹5⁰i³¹¹sseip⁵i⁰⁸dmii⁰e⁵t³¹⁰⁰i²
1006 3105 1048 3238 aq
1056 3105 1224 3196 amplexan-

53 3270 59 3279 ·
109 3201 910 3339 u,tttttlgsstttlt3¹¹1.'tt;3..‘tz‚.t...t.t
925 3202 1224 3339 .2÷‡t‡¹..t{l:¹'t{tt

123 3335 435 3418 fiuagnibcentiam,
456 3334 484 3392 in
505 3333 642 3392 omnibus
661 3333 739 3392 vitae
759 3333 925 3393 actionibus
945 3346 1081 3413 tanquam
1101 3336 1137 3395 ad
1157 3337 1223 3395 uoi-

53 3444 58 3479 .·
123 3422 317 3495 tuscopuut,
338 3412 482 3490 aspirent:
509 3423 570 3470 tutu
591 3421 726 3469 caveatur
746 3410 825 3487 pravi
845 3412 1029 3488 superstitio,
1056 3433 1112 3492 qua
1136 3414 1224 3472 animi

53 3520 62 3555 ι
121 3488 274 3549 annues
296 3488 413 3557 dellcxi,
432 3485 489 3546 huc
509 3500 596 3565 atque
616 3486 695 3560 illuc,
715 3506 769 3545 ceu
788 3486 818 3543 in
839 3486 933 3546 varios
953 3488 1132 3547 diducuntur
1144 3490 1224 3549 deos.

119 3554 220 3627 lunda
248 3566 273 3625 si
306 3585 367 3623 rano
393 3565 459 3623 Deo
490 3564 577 3622 simus
603 3564 752 3635 contenti,
776 3566 917 3621 memoria
952 3576 1119 3642 repetamus
1144 3565 1224 3644 quod

53 3673 60 3707 :
117 3643 286 3701 aedictum
310 3653 369 3715 est,
395 3639 497 3720 procul
516 3638 679 3720 abigendos
704 3658 766 3698 esse
793 3638 911 3698 fictitios
936 3660 1038 3699 onmes
1058 3641 1145 3712 deos,
1170 3662 1225 3700 nec

58 3730 66 3753 ¹
117 3706 273 3779 hruodum
303 3737 367 3776 esse
386 3715 513 3791 cultum,
539 3737 626 3794 quem
650 3738 724 3774 unrrs
748 3714 797 3773 ille
823 3714 879 3774 sibi
902 3716 1037 3775 vindicat.
1082 3718 1161 3790 Quia
1188 3738 1226 3775 ne

117 3792 236 3854 tantillum
257 3794 376 3873 quidem
397 3814 430 3852 ex
451 3794 511 3852 eins
536 3792 628 3874 gloria
650 3792 780 3853 delibare
801 3791 842 3849 las
863 3803 922 3864 est,
943 3792 1012 3870 quin
1034 3793 1110 3871 apud
1132 3793 1225 3872 ipsum

116 3884 283 3963 wrunque
314 3870 341 3929 el
373 3871 491 3951 propria
520 3882 589 3929 sunt
614 3869 768 3927 resideant.
819 3868 965 3927 Particula
985 3889 1060 3947 quae
1084 3870 1228 3947 sequitur,

117 3960 194 4005 m
209 3952 299 4031 jacie
318 3969 398 4022 men,
425 3947 627 4026 indignitatem
654 3957 755 4025 auget:
782 3946 861 4022 quod
888 3945 968 4003 Dens
994 3946 1028 4003 ad
1050 3945 1227 4026 zelotypiam

53 4058 64 4092 ³
118 4036 291 4095 ponuntur,
319 4024 438 4103 quoties
459 4023 596 4103 figmenta
624 4033 723 4080 nostra
747 4022 945 4080 substituimus
972 4020 1003 4078 in
1029 4022 1089 4080 eius
1114 4022 1227 4083 locum:

119 4102 337 4173 quenadmodum
361 4101 385 4160 si
410 4098 555 4180 impudica
587 4099 708 4171 rrrnlicr,
737 4099 882 4178 producto
913 4097 1007 4176 palam
1032 4109 1100 4157 ante
1124 4098 1229 4159 oculos

53 4277 66 4327 l·
172 4266 278 4332 ⁰)Calv.
302 4268 330 4320 in
363 4266 542 4329 Catccbismu,
571 4266 632 4318 item
660 4267 692 4317 dc
717 4266 864 4317 rrccmsitatc
891 4265 1075 4318 sclormandac
1102 4266 1232 4317 ecclcsiae.

95 4404 100 4411 Ι
128 4320 180 4393 ¹¹²⁸:
195 4335 220 4385 ln
235 4357 292 4387 resa
310 4334 434 4388 ecclcsiae
451 4337 634 4388 rel'orruandao
652 4332 761 4386 ratione.
