2700 4732
443 52 478 134 θ

27 308 31 315 ¹
76 219 141 285 sss
444 210 521 277 cm.
531 210 582 276 ·11.
622 211 715 296 cns.¹
730 215 811 277 nr.
873 252 876 256 -

79 356 244 452 genuinum
262 357 423 419 obscurant
440 366 572 436 sensum,
595 379 685 440 seque
710 361 861 438 implicant
885 359 983 422 multis
1008 359 1127 440 laqueis.
1148 360 1233 429 sssis·

2 504 4 515 Ι
80 434 173 528 agitur
192 434 280 496 nobis
304 434 375 495 haec
394 446 492 496 rectae
510 435 721 517 intelligentiae
741 437 843 512 clavis,
874 457 970 517 neque
989 437 1026 496 de
1046 448 1148 496 natura
1168 436 1215 495 di·

3 518 6 523 ’
80 533 160 586 rma,
178 531 216 570 ne
240 531 275 571 ue
293 510 330 570 de
349 509 472 572 humana
482 511 652 593 simpliciter
671 513 738 591 dici,
798 533 832 572 ae
852 514 886 574 ad
897 512 1067 574 blediatoris
1080 504 1214 572 n'lticium

80 599 216 651 sectant
245 587 269 665 )
307 587 455 667 Regnabit
478 608 550 669 ergo
577 589 737 663 Christus,
778 611 854 650 onec
899 591 1022 650 rodierit
1048 589 1149 649 mundi
1167 588 1214 647 iu·
1256 659 1261 668 ,

104 685 148 734 ex,
166 674 309 743 quatenus
328 684 383 742 pro
403 664 577 724 infirmitatis
597 676 715 724 nostrae
733 666 856 726 modulo
876 611 956 725 iatri
976 687 1030 725 nos
1050 665 1213 745 coniungit.

82 739 145 803 Ubi
164 751 260 800 autem
281 751 434 799 consortes
452 739 588 800 coelestis
607 741 719 821 gloriae
736 742 833 801 Deum
854 741 1026 815 videbimus,
1046 740 1137 820 qualis
1158 752 1213 817 est,

73 830 154 879 tunc
174 815 344 897 perfunctus
364 815 535 876 Mediatoris
559 816 674 891 officio,
701 818 814 878 desinet
833 818 927 878 Patris
951 817 1063 899 legatus
1084 836 1161 892 esse,
1182 828 1214 875 et

81 913 117 955 ea
136 891 230 975 gloria
248 902 406 953 contentus
426 892 497 965 erit,
527 914 585 984 qua
603 891 771 973 potiebatur
797 906 865 954 ante
889 894 1029 954 mundum
1050 893 1212 954 conditum.

80 973 144 1035 Nec
163 968 225 1029 alio·
247 978 381 1047 respectu
405 967 594 1047 peculiariter
618 970 648 1029 in
669 969 780 1030 Christi
803 991 958 1051 personam
983 968 1127 1048 competit
1145 969 1212 1029 llo·

81 1045 154 1123 mini
174 1063 301 1118 nomen,
320 1044 375 1103 nisi
394 1056 538 1123 quatenus
557 1045 684 1105 medinm
705 1046 826 1127 gradum
846 1046 948 1107 statuit
965 1046 1044 1106 inter
1062 1046 1160 1105 Deum
1180 1057 1212 1105 et

80 1143 147 1184 nos.
186 1120 257 1194 Quo
277 1119 497 1199 pertinet‘illud
516 1121 612 1196 Pauli,
633 1122 716 1181 Unus
729 1122 812 1182 Dens
832 1143 865 1181 ex
885 1144 944 1203 quo
965 1121 1073 1197 omnia,
1092 1133 1212 1181 etunus

79 1196 228 1260 Dominus
248 1215 407 1276 perquem
427 1196 525 1256 omnia
544 1196 585 1277 (1.
604 1196 678 1258 Cor·
696 1201 730 1273 8,
749 1199 806 1274 6.):
839 1219 945 1277 nempe
969 1199 1018 1258 cui
1046 1196 1211 1277 temporale

76 1272 236 1355 imperium
256 1293 272 1331 a
291 1271 380 1331 Patre
399 1273 566 1333 mandatum
588 1285 648 1349 est,
666 1273 761 1336 donec
780 1273 853 1335 lucie
872 1276 907 1335 ad
927 1274 1031 1335 saciem
1051 1293 1121 1334 cons
1145 1274 1210 1333 icua

78 1349 234 1415 sitdirina
254 1347 315 1408 eius
334 1347 480 1408 maiestas:
512 1349 559 1410 cui
583 1348 657 1410 adeo
678 1349 753 1409 nihil
780 1351 917 1425 decedet,
947 1294 1211 1430 imperium'i'atri

71 1425 249 1499 reddendo,
273 1435 307 1483 ut
330 1422 421 1505 longe
441 1423 548 1484 clarior
566 1427 701 1486 emineat.
744 1427 818 1486 Nam
843 1439 874 1486 et
898 1438 969 1486 tunc
989 1426 1103 1486 desinet
1122 1446 1154 1485 ca
1177 1437 1212 1484 ut

56 1549 57 1552 η
80 1502 192 1566 Christi
216 1519 279 1560 esse
298 1499 396 1575 Deus,
426 1501 493 1579 quia
513 1499 623 1561 Christi
647 1501 735 1580 ipsius
759 1502 849 1564 deitas
874 1522 908 1563 ex
931 1522 962 1562 se
986 1503 1048 1582 ipsa
1072 1447 1210 1584 fulgebit,

77 1599 168 1661 quum
187 1576 282 1637 adbuc
300 1575 367 1637 reln
389 1575 516 1655 quodam
535 1577 573 1636 sit
591 1576 720 1637 obtecta.
958 1608 961 1612 Δ
1022 1604 1025 1608 Δ
1118 1604 1121 1609 ·
1162 1618 1168 1635 -.

153 1660 182 1718 4.
212 1649 321 1732 ¹Atque
344 1651 416 1713 haec
435 1651 601 1713 observatio
626 1653 663 1713 ad
687 1653 843 1715 solvendos
863 1652 1089 1735 quamplurimos
1114 1652 1210 1714 nodos

72 1751 142 1793 non
165 1748 258 1810 parvo
283 1727 347 1788 usui
372 1727 470 1788 lutura
495 1739 557 1804 est,
586 1728 611 1788 si
642 1750 704 1790 eam
729 1733 800 1791 scite
825 1731 1049 1791 accommodent
1074 1729 1209 1805 lectores.

76 1807 186 1868 Mirum
207 1804 283 1864 enim
304 1814 444 1884 quantum
464 1804 567 1878 ruder,
593 1805 653 1865 imo
675 1806 814 1886 quosdam
834 1808 920 1867 etiam
941 1828 1003 1866 non
1023 1827 1143 1885 prorsus
1163 1809 1210 1865 in-

78 1884 182 1944 doctos
201 1893 360 1960 torqueant
380 1880 521 1941 eiusmodi
542 1881 701 1956 formulae,
725 1904 796 1975 quas
814 1883 918 1942 rident
937 1882 1056 1944 Christo
1074 1881 1211 1959 attribui,

79 1978 177 2039 neque
197 1957 340 2016 divinitati
359 1957 436 2030 eius,
455 1977 552 2037 neque
573 1957 743 2019 humanitati
763 1959 830 2018 satia
849 1971 943 2040 aptas:
965 1960 1032 2038 quia
1052 1978 1114 2019 non
1134 1979 1209 2018 con-

77 2037 208 2097 siderant
227 2034 288 2094 eius
330 2052 468 2107 essonae,
492 2033 522 2092 in
543 2054 600 2112 qua
618 2035 700 2097 Deus
720 2049 751 2095 et
771 2035 859 2095 bomo
879 2035 1079 2096 manifestatus
1098 2047 1157 2107 est,
1177 2046 1210 2094 et

69 2109 251 2189 ,Mediatoris
270 2130 289 2169 o
325 2110 371 2169 cio
391 2128 565 2190 congruere.
602 2107 648 2170 Ac
667 2112 789 2171 omnino
804 2111 905 2171 ridere
926 2123 979 2186 est,
999 2133 1087 2204 quam
1105 2111 1210 2191 'pulcre

73 2190 157 2249 inter
174 2206 206 2246 se
222 2185 399 2246 cohaereant
416 2186 540 2266 singula,
559 2184 583 2245 si
602 2187 692 2247 modo
711 2187 843 2247 sobrium
864 2187 991 2248 habeant
1007 2199 1210 2278 interpretem,

77 2265 129 2344 qni
147 2273 227 2322 tauta
242 2262 398 2353 mysteria,
410 2283 468 2340 qua
488 2262 573 2321 decet
591 2261 735 2344 religione
756 2264 907 2325 examinet.
933 2265 1044 2324 Verum
1063 2265 1135 2323 mbil
1155 2276 1211 2338 est,

77 2340 159 2420 quod
180 2338 283 2398 lurion
302 2350 333 2396 et
357 2337 520 2416 phrenetici
540 2361 553 2397 s
577 2339 657 2399 iritus
678 2361 737 2399 non
761 2340 938 2429 perturbent
949 2341 1013 2416 Ἄ).
1035 2340 1209 2419 'Arripiunt

71 2415 218 2478 attributa
237 2412 440 2486 humanitatis,
452 2414 489 2473 ad
507 2359 882 2476 tollendam-divinitatem:
901 2416 1064 2477 divinitatis
1083 2438 1209 2493 rursum,

77 2493 116 2555 ad
135 2490 295 2550 tollendam
315 2489 539 2550 humanitatem:
565 2512 639 2570 quae
659 2513 730 2552 vero
751 2493 787 2551 de
806 2506 931 2572 utraque
950 2493 1112 2572 naturvsic
1132 2513 1207 2551 con-

77 2571 180 2629 iuncte
200 2566 375 2641 dictasunt,
400 2578 433 2626 ut
457 2567 555 2626 neutri
578 2570 769 2642 conveniant,
799 2569 835 2628 ad
860 2569 1020 2629 tollendam
1041 2579 1133 2627 utram
1158 2587 1204 2625 ue.

78 2645 116 2705 ld
136 2663 206 2705 vero
227 2643 297 2722 quid
317 2643 393 2702 alind
415 2655 473 2719 est,
503 2665 591 2722 quam
611 2645 791 2705 contendere
813 2645 960 2712 Christum
985 2664 1047 2703 non
1067 2663 1129 2703 esse
1170 2663 1206 2701 o-

77 2722 199 2795 minem,
219 2722 285 2799 quia
304 2719 385 2781 Deus
405 2731 463 2780 est:
495 2741 556 2781 non
576 2723 770 2795 esselleum,
795 2721 861 2801 quia
882 2722 971 2782 homo
990 2731 1049 2780 est:
1076 2741 1130 2779 nec
1150 2719 1208 2778 ho-

72 2799 186 2867 miuem
206 2817 261 2858 nec
280 2797 478 2870 Deumesse,
506 2797 575 2875 quia
600 2809 630 2857 ct
652 2797 743 2858 bomo
763 2798 849 2857 simul
869 2811 899 2858 ct
917 2797 999 2858 Deus
1019 2796 1080 2857 est?
1120 2795 1209 2858 Chri·

74 2887 153 2938 stum
173 2893 256 2953 ergo,
277 2873 398 2933 utDeus
419 2884 463 2932 est
481 2883 512 2933 et
530 2872 631 2947 bomo,
651 2876 751 2947 unitis,
771 2872 840 2933 licet
858 2896 920 2933 non
940 2874 1079 2944 confusis,
1092 2873 1209 2933 'naturis

78 2963 230 3024 constans,
258 2949 420 3023 Dominum
440 2959 571 3009 nostrum
592 2970 753 3030 rerumque
772 2949 830 3009 Dei
850 2949 955 3010 Filium
977 2970 1039 3009 esse
1056 2949 1211 3010 constitui-

78 3050 157 3103 mus,
177 3030 263 3086 etiam
282 3026 441 3086 secundum
463 3026 685 3090 humanitatem:
717 3028 770 3086 etsi
796 3046 858 3086 non
879 3026 995 3085 ratione
1015 3025 1222 3085 humanitatis·

76 3105 188 3164 Procul
208 3105 286 3161 enim
305 3101 467 3182 abigendus
487 3114 531 3163 est
550 3123 566 3162 a
586 3103 672 3162 nobis
691 3103 820 3163 Nestorii
841 3123 942 3174 error,
963 3102 1013 3179 qui
1034 3102 1102 3160 dum
1123 3114 1210 3160 natu-

76 3202 123 3241 ras
143 3179 303 3241 distrahere
322 3179 419 3259 potius
439 3199 524 3258 quam
545 3178 725 3260 distinguere
744 3179 872 3252 volebat,
891 3177 1035 3257 duplicem
1058 3179 1209 3238 Christum

79 3258 120 3321 ita
147 3254 436 3321 comminiscebatur:
467 3255 583 3333 quando
610 3256 788 3334 scripturam
814 3255 943 3315 videmus
968 3253 1045 3313 clara
1064 3275 1137 3314 voce
1162 3275 1210 3313 re·

78 3332 220 3408 clamare,
239 3331 292 3390 ubi
311 3341 340 3391 et
359 3331 426 3390 Filii
444 3328 503 3390 Dei
523 3344 632 3390 nomen
652 3333 764 3400 inditur
783 3331 824 3408 ei,
844 3332 893 3409 qui
913 3331 950 3389 sle
971 3331 1093 3409 Virgine
1114 3333 1210 3390 nasci-

78 3422 143 3484 tur,
175 3420 206 3468 et
225 3409 317 3488 Virgo
342 3408 352 3466 i
374 3428 404 3467 sa
433 3418 527 3467 mater
546 3408 670 3467 Domini
703 3408 796 3468 nostri
820 3405 984 3486 appellatur
1003 3409 1089 3486 (Luc.
1110 3417 1138 3481 1,
1157 3413 1207 3472 32.

78 3496 110 3548 et
127 3487 199 3562 43.).
249 3428 419 3544 Caveuium
449 3494 481 3543 et
504 3484 540 3544 ab
561 3483 741 3566 Eutychiana
763 3483 891 3559 insania,
919 3503 958 3543 nc
981 3483 1051 3543 dum
1074 3484 1209 3544 volumus

101 3581 223 3624 crsonae
252 3560 393 3620 unitatem
424 3559 641 3635 demonstrare,
670 3573 824 3640 utramque
855 3572 986 3620 naturam
1016 3561 1208 3622 destruamus.

70 3585 142 3707 ,il'ot
161 3641 239 3699 enim
258 3637 314 3695 iam
333 3636 481 3696 citavimus
499 3639 676 3712 testimonia,
695 3638 746 3696 ubi
767 3639 802 3696 ab
823 3637 1000 3696 humanitate
1019 3638 1210 3718 distinguitur

70 3717 223 3790 divinitas,
243 3724 274 3775 et
292 3726 339 3773 tot
357 3713 412 3772 alia
431 3713 536 3793 passim
550 3725 672 3787 exstant,
692 3725 724 3773 ut
739 3713 785 3774 rel
806 3714 1075 3774 contentiosissimis
1095 3715 1210 3792 possint

78 3817 113 3858 os
133 3794 295 3853 obstruere.
333 3791 372 3849 Et
387 3790 479 3880 paulo
521 3803 568 3850 ost
589 3790 731 3850 nonnulla
751 3789 916 3868 subiiciam,
941 3810 1015 3870 quae
1034 3790 1208 3872 figmentum

77 3870 149 3932 illud
169 3866 272 3928 melius
293 3865 456 3926 discutiant.
536 3866 600 3926 obis
619 3868 649 3925 in
662 3868 834 3960 praesentia
852 3867 919 3926 satis
939 3868 997 3925 erit
1015 3865 1097 3926 locus
1116 3888 1208 3926 unus:

78 3967 118 4009 nc
140 3965 176 4005 ue
197 3944 274 4004 enim
297 3941 438 4022 templum
459 3941 591 4002 Christus
611 3954 742 4002 vocasset
765 3963 871 4020 corpus
896 3964 979 4002 suum
1000 3943 1210 4020 (10.2‚19.)‚

78 4025 134 4084 nisr
154 4022 288 4082 distincte
308 4020 338 4079 in
359 4038 396 4078 eo
417 4017 559 4079 habitaret
578 4018 718 4078 divinitas.
758 4019 860 4091 Quare
879 4030 912 4077 ut
930 4020 1036 4078 merito
1057 4020 1085 4077 in
1106 4020 1207 4099 Ephe-

71 4101 141 4173 ·sina
155 4096 274 4179 'synodo
295 4096 444 4156 damnatus
462 4094 559 4155 suerat
575 4094 748 4170 Nestorius,
770 4097 811 4154 ita
831 4106 861 4153 et
885 4108 989 4175 postea
1006 4098 1038 4155 in
1058 4096 1208 4155 ConstsnP

146 4269 177 4406 *ζ
192 4271 252 4323 Vid.
269 4267 340 4320 Calr.
358 4266 430 4349 epist,
447 4267 481 4320 ad
498 4266 616 4321 Polonos
633 4268 751 4321 adversus
769 4266 930 4325 Stnncarum.

28 4378 74 4448 ι
134 4339 163 4371 ”
195 4335 236 4391 ct
253 4339 357 4409 August.
372 4354 402 4396 u:
417 4333 525 4395 ductis
542 4337 576 4393 ad
592 4336 711 4401 Isauram.
730 4336 839 4410 capnt
