2596 4726
110 172 172 239 sao
290 253 293 257 ¹
483 165 560 231 nm
580 164 633 227 ιν.
668 110 763 231 'cin
783 168 881 231 xvu.
1005 157 1009 167 ·

111 309 267 373 Evertitur
284 328 358 393 crgo
379 309 563 373 Sacramenti
582 321 697 390 ustura,
715 313 770 374 uisi
789 314 819 373 io
839 312 931 377 modo
949 311 1138 395 significandi
1154 326 1252 377 terre·

113 386 730 528 itt.'itemtht‘ltl:etthi
749 388 1167 530 .ltt‘t⁵tltt{t³‘·:5⁵⁵‘
1185 390 1251 529 tt:

114 550 223 603 seutet.
272 539 385 631 lterum
404 507 525 622 ripeto,
550 487 655 617 Quuni
673 541 778 605 Coena
804 541 876 603 nibil
900 541 979 604 aliud
998 486 1251 624 sitqquanbehon-

113 616 216 699 spicua
247 615 315 709 eius·
340 617 541 698 promissionis
570 617 854 712 testificatio,·quae
871 618 994 681 loannis
1014 626 1087 712 αθ..
1112 618 1251 697 babetur,

112 692 921 852 h‘tltllltthtt‘ttttittothtttlt
939 694 1252 855 laeditis:

112 847 160 909 bis
179 847 276 927 perire
286 846 419 910 volumus
438 867 557 908 omnem
566 846 705 923 fructum,
724 869 812 930 quem
831 848 862 908 in
883 848 1042 929 bac‘parte
1060 850 1252 911 sustinendae

113 935 233 987 nostrae
263 922 456 985 imbecillitati
475 924 556 989 Deus
586 924 729 1007 indulget
776 925 840 987 Iam
864 945 921 1005 qua
952 925 1068 989 ratione
1093 925 1252 1009 colligeret

114 1000 239 1075 Paulus,
258 1021 314 1062 nos
333 1020 435 1061 omnes
454 1020 559 1082 panem
578 1022 670 1061 unum
688 1021 723 1065 ac
742 1021 850 1082 corpus
868 1022 960 1083 uuum
980 1021 1054 1078 esse,
1072 1002 1124 1082 qui
1144 1020 1252 1082 panem

113 1099 205 1141 uuum
221 1076 305 1140 simul
316 1077 529 1170 participamus,
548 1075 572 1138 si
588 1088 737 1159 spectrum
755 1078 837 1160 penis
856 1077 995 1140 dosunt
1013 1098 1049 1141 ac
1068 1098 1132 1140 non
1152 1078 1251 1161 potius

113 1154 252 1219 naturalis
271 1165 377 1215 versus
394 1152 547 1217 maneret?

190 1239 238 1297 15.
276 1231 339 1301 Nec
363 1250 438 1292 vero
462 1230 591 1291 Satanae
614 1231 778 1314 praestigiis
802 1244 862 1292 tam
886 1229 977 1293 foede
999 1252 1129 1311 unquam
1156 1229 1251 1293 delusi

113 1308 253 1385 fuissent,
279 1307 336 1368 uisi
355 1309 423 1388 quia
449 1307 505 1368 iam
525 1306 658 1370 fascinati
678 1320 763 1370 erant
781 1306 833 1369 illo
854 1326 975 1385 errore,
1007 1326 1117 1391 corpus
1136 1306 1250 1371 Christi

113 1384 168 1449 sub
200 1404 275 1466 pane
305 1383 449 1446 inclusum
475 1402 529 1447 ore
560 1405 708 1478 corporeo
734 1386 764 1447 in
795 1396 928 1446 ventrem
958 1385 1127 1447 transmitti.
1173 1384 1250 1446 Tam

113 1463 219 1525 brutae
236 1461 457 1545 imaginationis
477 1482 564 1523 causa
583 1460 653 1538 sust,
671 1463 752 1543 quod
772 1462 956 1524 consecratio
975 1462 1151 1523 tantundem
1172 1462 1251 1544 apud

113 1559 165 1603 eos
177 1538 301 1616 valebat,
319 1558 353 1603 ac
373 1538 484 1621 magica
503 1538 671 1601 incantatio.
715 1538 897 1619 Principium
921 1551 1019 1601 autem
1038 1538 1112 1601 illud
1133 1558 1187 1601 eos
1206 1539 1250 1600 la-

113 1615 207 1691 tebat,
224 1633 332 1696 panem
352 1615 470 1679 dounisi
488 1614 669 1692 bominibus,
686 1616 723 1677 ad
744 1636 818 1696 quos
838 1615 973 1697 dirigitur
990 1635 1101 1692 sermo,
1120 1632 1186 1678 'esse
1204 1636 1251 1677 sa·

114 1705 311 1759 eramentumr
340 1693 427 1756 sicuti
445 1713 520 1786 aqua
542 1692 684 1774 Baptismi
708 1692 739 1753 iu
764 1711 796 1752 se
820 1712 882 1753 non
906 1704 1050 1768 mutatur,
1081 1693 1133 1755 sed
1160 1691 1249 1754 nobis

113 1789 177 1833 csse
196 1770 310 1851 incipit,
350 1770 410 1832 uod
430 1790 511 1852 pnus
529 1790 590 1832 uon
602 1781 676 1847 eret,
692 1766 868 1849 simulatque
886 1788 998 1831 annena
1016 1781 1061 1833 est
1079 1770 1249 1851 promissio.

112 1847 256 1928 Exemplo
275 1792 377 1909 simiiis
396 1847 569 1909 sacramenti
588 1846 646 1907 boc
659 1844 763 1907 meiius
781 1844 916 1926 liquebit
953 1846 1039 1927 Aqua
1051 1866 1069 1906 e
1083 1866 1159 1926 rupe
1179 1866 1249 1928 pro·

112 1924 209 1987 fluens
227 1924 259 1985 in
278 1923 395 1987 deserto
407 1923 516 2002 (Exod.
528 1929 577 1999 17,
586 1924 641 1999 d),
660 1921 790 1985 eiusdem
807 1924 852 1982 rei
870 1934 979 1986 tessera
998 1935 1030 1984 et
1046 1923 1164 2006 siguum
1185 1933 1249 1984 erat

113 2000 266 2076 Patribus,
289 2022 376 2082 quam
397 2000 522 2061 nobisfi
564 2013 611 2061 rat
628 2000 726 2060 vinum
745 1999 776 2059 in
797 1997 910 2061 Coena.
948 1998 1049 2060 Docet
1067 2000 1149 2061 euim
1168 1998 1247 2059 Pau·

114 2078 159 2141 lus
178 2078 219 2159 (1.
232 2076 305 2141 Cor.
320 2085 369 2151 1⁰,
381 2079 441 2155 4.),
461 2096 517 2137 eun
540 2097 586 2137 em
606 2087 709 2156 potum
728 2074 906 2157 spiritualem
926 2096 978 2138 eos
997 2074 1115 2137 bibisse.
1154 2072 1249 2166 Atqui

112 2156 251 2219 iumentis
279 2154 382 2238 populi
406 2167 436 2214 et
460 2153 563 2247 pecori
587 2152 748 2215 eommunia
775 2163 838 2212 erat
861 2152 991 2234 aquatio.
1040 2152 1129 2213 Unde
1162 2150 1248 2213 sscrle

114 2231 275 2315 colligitur,
293 2233 324 2293 in
338 2232 489 2292 elementss
498 2230 635 2307 terrenis,
646 2230 715 2289 dum
726 2229 762 2291 ad
773 2228 953 2305 spiritualem
964 2251 1047 2291 usum
1058 2228 1249 2304 adhibentur,

112 2329 176 2372 nou
196 2307 280 2370 aliam
311 2309 376 2369 lieri
394 2308 588 2371 conversione
637 2327 723 2386 quam
749 2304 901 2367 bominum
930 2317 1083 2388 respectu,
1122 2317 1248 2368 catenus

111 2385 169 2449 illis
195 2384 421 2465 promissionum
451 2396 521 2445 sunt
548 2327 650 2467 sigiila.
697 2382 818 2474 Adbsec
838 2403 927 2473 quum
946 2382 1005 2443 Dei
1024 2326 1179 2444 consiiium
1198 2382 1248 2455 sit,

113 2461 223 2524 utiam
243 2462 358 2541 saepius
377 2460 510 2533 inculco,
534 2480 589 2520 nos
609 2459 770 2520 commodis
790 2457 927 2520 vehiculis
946 2479 1058 2520 sursum
1078 2459 1115 2519 ad
1134 2480 1167 2520 se
1188 2457 1247 2517 tol-

60 2576 63 2583 ·
113 2539 191 2614 lere,
215 2537 286 2597 illud
307 2538 395 2618 impie
420 2558 471 2596 sua
496 2537 657 2615 pervicacia
677 2535 852 2595 frustrantur
882 2537 931 2615 qui
952 2537 987 2595 ad
1008 2536 1158 2597 Christum
1180 2534 1245 2615 qui-

114 2616 183 2677 dum
203 2636 257 2675 oos
272 2627 390 2690 vocant,
411 2614 462 2674 sed
481 2614 535 2674 sub
556 2634 631 2693 pane
651 2611 833 2673 invisibiliter
864 2623 1003 2673 stentem.
1040 2612 1147 2691 Neque
1167 2613 1247 2671 cuim

113 2694 176 2753 fieri
196 2703 307 2772 potest,
340 2702 372 2751 ut
391 2712 473 2751 mens
498 2691 664 2765 hominum,
695 2710 711 2749 a
734 2687 868 2748 locorum
893 2688 1086 2749 immensitate
1106 2709 1137 2749 se
1159 2709 1248 2767 expe·

114 2770 208 2844 diens,
227 2769 264 2829 ad
284 2768 433 2829 Christum
453 2788 545 2848 usque
564 2788 649 2846 supra
660 2763 760 2825 coelos
780 2777 926 2846 penetret.
966 2766 1057 2842 Quod
1078 2765 1135 2826 illis
1155 2786 1246 2846 nege-

113 2846 166 2907 bat
184 2857 298 2921 natura,
316 2847 407 2928 magis
420 2847 508 2905 noxio
549 2845 684 2904 barmaco
696 2844 845 2924 corrigere
864 2854 1033 2918 tentarunt,
1053 2854 1086 2901 ut
1097 2843 1245 2903 manendo

113 2924 144 2984 in
163 2923 265 2997 terris,
285 2922 362 2982 nulla
383 2921 502 2983 coelesti
524 2866 632 2984 Christi
653 2919 872 3000 propinquitate
892 2939 1036 3000 egeamus.
1075 2920 1120 2977 En
1143 2939 1246 2979 neces·

113 3000 199 3071 sitas,
218 3019 293 3079 quae
312 3000 391 3078 ipsos
415 2998 514 3079 adegit
537 2999 572 3057 ad
592 2996 855 3076 transfigurandum
876 2996 986 3058 Christi
1011 2996 1131 3074 corpus!
1171 2996 1246 3054 Ber·

113 3076 198 3136 nardi
217 3076 334 3154 quidem
354 3085 466 3149 aetate,
495 3074 549 3135 etsi
569 3074 673 3133 durior
691 3072 853 3133 invaluerat
871 3072 1013 3152 loquendi
1033 3072 1124 3147 ratio,
1149 3083 1246 3132 trans·

111 3152 318 3215 substantiatio
349 3163 447 3210 tamen
471 3150 602 3210 nondum
623 3149 722 3229 agnita
743 3160 812 3208 erat.
860 3149 905 3210 Ac
925 3148 1060 3208 omnibus
1080 3160 1162 3208 retro
1184 3168 1246 3211 sae·

113 3227 186 3319 culis
209 3227 372 3319 similitudo
399 3226 447 3287 illa
472 3227 502 3285 in
529 3226 735 3317 oreomnium
761 3226 920 3317 volitabat,
951 3226 1020 3361 ppsfi
1042 3239 1073 3316 et
1090 3227 1160 3286 vino
1181 3247 1244 3285 rem

112 3301 954 3460 titt?lhtllsshtssttthtlitttt‘tltm.
975 3301 1246 3458 tltttltttlt

113 3469 354 3521 consentaneum.
401 3457 492 3538 Virga
524 3456 689 3535 (inquiunt)
720 3457 808 3516 lllosis
839 3457 870 3514 in
901 3468 1068 3535 serpentem
1101 3475 1246 3516 conversa

112 3533 346 3614 (Exod.d,3.et
362 3535 477 3609 7,·10.),
497 3533 625 3612 quamvis
646 3533 765 3593 asciscat
785 3553 893 3592 nomen
914 3532 1069 3611 serpentis,
1089 3533 1245 3611 pristinum

112 3624 212 3672 tamen
242 3610 352 3670 retinet
375 3610 513 3701 virgaque
537 3610 654 3669 dicitur.
697 3609 741 3668 lta
766 3610 924 3668 secundum
946 3629 997 3668 eos
1023 3628 1116 3687 aeque
1137 3611 1246 3690 proba·

111 3688 172 3749 bile
192 3698 236 3748 est
266 3686 396 3766 quamvis
415 3708 445 3745 sn
466 3707 570 3747 novam
590 3685 780 3747 substantiam
801 3697 927 3746 transeat
946 3687 1043 3767 panis,
1062 3704 1246 3760 καταχρηστι-

112 3767 176 3853 asts,
199 3728 250 3824 sed
270 3775 366 3825 tamen
388 3782 450 3823 non
468 3763 569 3853 inepte
582 3762 690 3839 vocari,
709 3763 789 3842 quod
810 3774 930 3843 apparet
950 3762 1052 3822 oculis.
1093 3762 1154 3823 Sed
1175 3765 1246 3843 quid

112 3838 206 3902 simule
225 3850 275 3899 aut
299 3839 426 3900 vicinum
452 3853 604 3919 reperiunt
627 3840 705 3899 inter
730 3840 841 3898 illustre
861 3839 1029 3900 miraculum
1060 3852 1090 3899 ct
1114 3841 1245 3902 fictitiam

113 3936 216 3977 eorum
236 3915 411 3993 illusionem,
431 3916 512 3977 cuius
532 3917 628 3977 nullus
647 3917 676 3977 in
697 3929 776 3976 terra
796 3918 897 3978 oculus
915 3918 997 3978 testis
1018 3916 1079 3977 est?
1118 3918 1247 3978 Praesti·

113 3993 168 4076 giis
187 3991 317 4052 luserant
336 3995 428 4075 magi,
448 4004 482 4054 ut
499 3993 653 4075 Aegyptiis
672 4013 838 4073 persuasum
859 4006 943 4068 esset,
964 3994 1060 4054 divina
1080 3995 1188 4055 virtute
1209 3997 1244 4056 ad

113 4068 263 4129 mutandas
283 4082 430 4131 creaturas
449 4091 481 4131 su
505 4091 534 4129 rs
555 4083 675 4131 naturae
695 4070 830 4130 ordinem
856 4071 976 4150 pollere.
1020 4070 1127 4132 Prodit
1147 4072 1246 4134 bloses

113 4166 148 4208 ac
172 4145 338 4228 profligatis
361 4168 464 4209 eorum
484 4092 624 4223 iallaciis,
644 4145 871 4227 insuperabilem
889 4147 947 4207 Dei
973 4148 1137 4227 potentiam
1156 4169 1173 4209 a
1194 4171 1245 4211 sua

115 4234 198 4360 parte
217 4235 295 4284 stare
314 4224 461 4300 ostendit,
486 4223 555 4318 quia
580 4244 637 4285 una
662 4224 724 4285 eius
742 4222 823 4318 virga
844 4245 946 4285 omnes
965 4224 1089 4304 reliquas
1109 4225 1245 4288 absumit.

138 4299 175 4365 ed
194 4297 263 4380 quia
283 4300 408 4365 ocularis
427 4300 483 4364 luit
500 4299 549 4363 rlla
568 4302 739 4378 conversio,
769 4301 842 4363 nibil
860 4301 897 4362 ad
916 4312 1100 4383 praesentem
1120 4323 1235 4367 causam
