2700 4732
472 54 505 111 ι.

103 209 165 275 314
480 190 559 267 laih.
577 205 621 266 li.
660 202 750 273 CAP.
769 206 853 268 xtv.

182 353 212 416 1.
250 350 347 411 Porro
368 348 448 430 quud
468 348 577 412 dicitur
594 349 726 411 Verbum
746 372 862 413 carnem
884 367 946 411 esse
965 349 1090 422 factum,
1114 342 1176 405 nnn
1195 346 1239 406 sic

105 425 331 509 intelligendum
351 438 405 502 est,
423 426 504 505 quasi
524 427 570 487 vel
590 429 621 486 in
647 449 762 488 carnem
786 448 918 503 versum,
949 426 994 487 vel
1016 425 1096 485 carni
1116 422 1241 482 conistsc

128 505 280 565 ernistum
299 503 403 564 lueritr
432 502 484 563 sed
506 504 572 596 quis
593 525 609 564 e
629 505 758 583 Virginis
779 518 864 565 utero
883 504 1025 582 templum
1044 501 1100 562 sihi
1119 497 1241 578 delegit,

105 603 139 642 sn
159 601 219 660 quo
241 580 399 655 habitaret,
424 590 454 638 et
472 602 522 659 qus
542 580 633 641 Filius
652 594 716 641 erut
734 583 808 656 Dei,
829 581 902 641 filius
922 579 1048 640 hominis
1069 578 1160 637 lactus
1180 586 1241 634 est:

104 654 169 719 noh
190 656 365 719 confusione
385 655 578 729 substantiae,
607 656 658 718 sed
679 659 792 718 unitate
811 677 966 739 personae.
1026 654 1178 734 Siquidem
1199 650 1241 711 ita

106 733 295 796 coniunctam
321 732 489 811 unitamque
515 734 687 793 humanitati
713 735 893 795 divinitatem
924 734 1093 805 asserimus,
1125 741 1159 788 ut
1187 748 1242 787 sua

105 809 224 890 utrique
244 821 363 870 naturae
383 808 475 870 solida
495 811 660 889 proprietas
679 823 811 885 maneat,
832 823 862 870 et
880 822 978 870 tamen
999 829 1032 868 es
1052 806 1162 867 duabus
1181 804 1241 864 illis

105 885 336 947 unus'Christus
356 886 559 946 constituatur.
617 887 650 947 st
670 887 740 968 quid
763 889 794 947 in
814 887 902 948 rebus
923 884 1053 946 humanis
1072 894 1155 943 tanto
1176 900 1240 960 my

105 962 198 1024 sterio
227 962 322 1023 simile
345 973 445 1043 potest
472 961 611 1042 reperiri,
641 964 766 1024 hominis
790 963 947 1024 similitudo
966 962 1002 1038 s)
1026 957 1241 1041 appositissima

105 1038 231 1115 videtur,
249 1060 337 1118 quens
357 1058 391 1097 es
411 1038 521 1099 duabus
539 1039 707 1100 substantiis
726 1041 921 1119 conspicimus
940 1046 1088 1099 constare:
1114 1054 1240 1119 quarum

106 1127 211 1177 neutra
231 1127 328 1176 tamen
347 1115 389 1176 sic
408 1114 492 1175 alteri
512 1117 649 1196 permista
671 1129 724 1193 est,
752 1128 785 1177 ut
804 1137 866 1176 non
884 1122 1011 1177 retineat
1029 1126 1151 1173 naturae
1167 1129 1241 1189 suae

103 1193 326 1273 proprietatem.
384 1192 489 1272 Neque
516 1192 593 1251 enim
619 1205 669 1253 aut
699 1194 795 1253 anima
821 1213 927 1272 corpus
947 1190 998 1250 aut
1016 1210 1122 1269 corpus
1141 1190 1239 1247 anima

105 1280 159 1330 est.
219 1269 320 1344 Quare
350 1279 381 1327 et
405 1268 443 1327 de
467 1267 561 1328 anima
580 1288 711 1331 seorsum
732 1270 847 1344 dicitur,
873 1269 952 1349 quod
977 1268 1007 1327 in
1028 1276 1136 1345 c‘orpus
1154 1262 1239 1323 nullo

14 1386 16 1391 «
104 1344 197 1406 modo
217 1345 323 1405 cadere
342 1356 456 1425 potest,
476 1345 562 1404 etde
582 1365 709 1427 corpore
728 1368 836 1419 rursus,
852 1347 936 1482 quod
957 1344 1035 1405 nulla
1047 1344 1163 1402 ratione
1174 1340 1241 1399 ani·

105 1441 171 1483 mae
192 1423 361 1483 conveniat:
382 1422 420 1484 de
438 1433 506 1483 toto
525 1420 656 1497 bomine,
676 1424 755 1503 quod
775 1444 831 1484 uec
872 1443 888 1482 e
908 1423 1002 1483 anima
1021 1436 1164 1492 seorsum,
1183 1437 1241 1477 nec

106 1499 144 1559 tle
168 1518 311 1579 corpore,
335 1498 391 1559 nisi
410 1500 511 1578 inepte
533 1500 628 1580 accipi
652 1501 754 1580 possit.
810 1499 967 1561 Postremo
999 1498 1087 1557 animi
1119 1493 1240 1574 propria

105 1575 323 1637 transferuntur
341 1575 378 1635 ad
400 1595 524 1655 corpus,
554 1588 585 1635 et
608 1576 881 1657 propria·cnrporis
899 1576 935 1636 ad
955 1576 1095 1635 animam:
1126 1572 1177 1650 qui
1196 1584 1242 1631 ta·

105 1670 173 1712 men
193 1651 228 1711 iis
248 1663 374 1727 constat,
392 1671 467 1711 unus
487 1651 577 1713 homo
599 1664 653 1725 est,
674 1672 735 1713 non
756 1655 865 1745 piures.
904 1651 1081 1711 Huiusmodi
1099 1668 1171 1709 vcro
1191 1648 1240 1709 lo-

105 1728 216 1807 quendi
237 1726 380 1788 lormnlse
400 1739 430 1788 et
447 1749 536 1788 unam
556 1749 618 1790 esse
637 1729 667 1788 in
687 1728 806 1789 bomine
827 1748 981 1808 personam
995 1748 1029 1789 es
1042 1727 1157 1788 duobus
1168 1746 1242 1809 coq-

104 1805 398 1885 neais'compositam
416 1804 440 1867 si
464 1805 594 1880 nificant,
613 1817 643 1865 et
662 1805 733 1866 duas
751 1807 870 1867 subesse
888 1805 1014 1866 diversas
1026 1816 1153 1877 naturas,
1166 1808 1243 1882 quae

104 1879 181 1941 hanc
200 1881 387 1942 constituant
442 1824 489 1943 ita
509 1882 595 1942 etde
616 1881 734 1943 Christo
760 1883 929 1964 Scripturas
955 1881 1131 1961 loquuntur:
1156 1879 1242 1940 attei-

104 1952 202 2018 buuut
220 1956 263 2016 illi
281 1957 440 2033 interdum,
460 1977 533 2038 quae
544 1958 580 2017 ad
600 1959 808 2019 humanitatem
827 1958 1015 2042 singulariter
1033 1958 1137 2017 referri
1151 1978 1243 2038 opor·

105 2045 182 2094 teat:
213 2034 360 2094 interdum
393 2054 469 2112 quae
499 2034 643 2094 diuinitati
667 2035 856 2114 peculiariter
879 2047 1064 2113 competant:
1101 2056 1242 2094 nonuun-

105 2129 288 2248 tztnttzt
307 2111 1242 2249 '¹‘tlt‘td:”talltl⁰ttttsttll0tttttt:tl

106 2264 232 2343 quaein
253 2207 508 2339 Christobuhest,
526 2208 607 2324 tanqta
627 2211 774 2347 religionpe
793 2266 967 2345 exprimunt,
985 2277 1020 2325 ut
1039 2284 1087 2325 eas
1107 2231 1244 2344 quando-⁷

105 2358 164 2477 que
183 2341 263 2399 inter
280 2359 312 2401 se
332 2342 565 2401 communicent:
586 2340 635 2422 qui
655 2352 758 2420 tropus
769 2341 916 2403 veteribus
933 2339 1096 2414 idropicus
1106 2349 1241 2396 κοινωνία

127 2417 202 2477 ictus
222 2428 276 2475 est.
1143 2427 1149 2443 ¹
1174 2444 1183 2458 ·

114 2532 117 2538 ·
181 2498 210 2556 2.
249 2492 331 2553 Haec
350 2513 453 2574 parum
472 2493 556 2553 iirma
577 2506 688 2568 essent,
708 2494 763 2556 uisi
787 2495 929 2576 plurimae
950 2508 979 2556 et
1005 2495 1109 2576 passim
1134 2494 1240 2555 obviae

105 2569 276 2650 Scripturas
296 2568 414 2649 phrases
433 2569 603 2650 probarent,
624 2570 696 2631 nihil
717 2572 917 2633 eorumluisse
936 2572 1099 2632 humanitus
1120 2591 1189 2631 esco
1214 2573 1238 2630 i-

104 2657 208 2707 tatum.
248 2646 340 2722 Quod
361 2645 398 2705 de
416 2667 448 2707 se
466 2646 530 2728 ipse
550 2646 665 2708 dicebat
685 2649 829 2724 Christus,
844 2649 1014 2741 'Antequam
1027 2592 1213 2719 Abraham?

105 2735 246 2876 idh‘lsetgeh,
259 2745 325 2880 ⁸tibh
342 2723 451 2861 (ιὶῖίΙᾶ
469 2724 1242 2884 qnippqvtpptgqoqtpmtuhmuqqrrespuo:teqeppqptpsqsq‘pipp

105 2877 289 3014 tttlltl
308 2875 687 3016 iliii'iiili‘iiiii'si’
707 2878 1168 3015 ttlt¹ttttttt55⁰⁰tttl⁰⁸
1181 2881 1243 3016 lli

106 3050 196 3109 quum
217 2976 318 3110 iperte
339 3030 415 3089 diem
434 2977 730 3093 manifestationis'ab
752 3042 869 3090 aeterna
884 3033 1007 3092 essentia
1025 2979 1192 3111 distinguat,
1213 3046 1244 3093 et

107 3127 142 3166 ea
160 3106 296 3187 professo
316 3105 352 3166 ab
372 3107 547 3187 antiquitate
566 3108 719 3188 imperium
738 3107 794 3168 sihi
814 3108 961 3181 conciliet,
981 3129 1040 3186 quo
1061 3107 1183 3170 excellat
1193 3131 1243 3169 su·

106 3203 159 3263 pra
183 3182 347 3257 Abraham,
377 3184 432 3244 sibi
459 3183 532 3243 haud
560 3185 647 3245 dubie
672 3184 799 3245 vindicat
822 3184 901 3263 quod
928 3184 1086 3244 divinitatis
1106 3198 1150 3244 est
1169 3208 1242 3269 pro-

106 3260 213 3340 prium.
253 3259 345 3334 Quod
365 3261 592 3340 primogenitum
613 3260 719 3322 Paulus
740 3260 841 3322 asserit
859 3258 987 3336 (Coit,
1007 3263 1069 3335 15.)
1091 3263 1244 3323 universae

107 3338 338 3415 ereaturae‚·qui
355 3348 424 3397 ante
443 3337 542 3398 omnia
555 3338 762 3428 exstiterim-et·
774 3356 828 3415 per
846 3354 933 3416 quesn
954 3339 1053 3397 omnis
1068 3340 1243 3401 consistant:

108 3412 189 3549 quod
209 3413 294 3471 etiam
315 3432 346 3472 se
366 3415 515 3492 praedicat
534 3414 695 3496 gloriosum
722 3415 809 3473 luisse
835 3414 909 3492 apud
931 3415 1049 3473 Patrem
1069 3427 1136 3474 aute
1156 3439 1241 3476 mun-

130 3510 178 3547 um
199 3489 364 3563 conditum,
388 3511 478 3569 seque
499 3512 553 3550 una
575 3514 640 3550 cum
660 3492 748 3550 Patre
769 3489 885 3570 operari
915 3491 974 3566 (Io.
995 3499 1042 3562 17,
1062 3494 1117 3565 5.),
1149 3492 1243 3558 nihilo

108 3565 199 3659 magis
218 3564 331 3624 homini
352 3567 502 3645 competit.
551 3569 632 3628 Haee
651 3567 742 3648 igitur
761 3580 792 3626 et
810 3566 912 3627 similia
933 3568 1119 3645 peculiariter
1138 3569 1245 3629 diviui-

107 3655 162 3703 tats
182 3642 301 3702 attribui
323 3653 434 3702 certum
462 3656 516 3703 est.
557 3642 648 3718 Quod
674 3656 771 3703 autem
795 3664 893 3703 servus
918 3645 1012 3703 Patris
1038 3657 1159 3704 vocatur
1176 3646 1234 3727 ss)

109 3719 188 3800 quod
209 3718 332 3782 crevisse
352 3731 487 3779 narratur
504 3733 600 3780 aetate
620 3732 651 3780 et
669 3720 809 3799 sapientia
835 3720 910 3798 apud
932 3722 1027 3781 Deum
1050 3735 1078 3779 et
1100 3692 1245 3800 homiues:

108 3795 189 3876 quod
209 3795 332 3877 gloriam
352 3816 432 3854 suam
452 3816 514 3856 non
535 3806 686 3876 quaerere,
706 3797 818 3856 nescire
839 3798 914 3856 diem
935 3797 1086 3856 ultimum:
1107 3820 1164 3858 ase
1179 3799 1244 3876 ipso

102 3893 170 3932 non
192 3872 289 3952 loqui,
321 3891 382 3931 non
404 3873 501 3932 lacere
519 3873 701 3933 voluntatem
720 3894 815 3949 suam,
846 3875 920 3932 visus
947 3886 976 3932 ct
1002 3873 1134 3954 palpatus
1156 3874 1246 3936 suisse

110 3948 227 4023 dicitur,
246 3948 336 4009 solius
357 3948 542 4010 humanitatis
561 3950 592 4010 id
613 3963 707 4010 totum
728 3961 780 4012 est.
820 3950 973 4031 Siquidem
1000 3963 1141 4029 quatenus
1162 3952 1245 4013 Deus

176 4195 191 4226 l
221 4194 341 4250 Eandem
352 4196 552 4255 similitudinem
569 4200 646 4253 alters
661 4202 768 4265 August.
785 4201 865 4268 Epist.
883 4203 940 4257 102
1035 4236 1038 4245 ι

165 4193 271 4389 *ἐῶ
289 4264 332 4329 db,
355 4272 378 4323 1·
396 4280 421 4318 et
437 4266 493 4319 aliis
509 4267 581 4321 locis.
616 4267 654 4320 Io.
670 4272 696 4328 b.
720 4269 761 4322 17.
793 4269 856 4323 Luc.
873 4273 900 4335 2,
916 4272 957 4326 52-
991 4269 1029 4325 ln.
1047 4271 1073 4336 8,
1089 4270 1131 4327 50·
1164 4269 1247 4326 Mare.

67 4331 152 4397 ¹13,
243 4332 542 4402 tulmentum
576 4335 757 4404 buohssl.
