2700 4732
105 182 167 247 asa
297 252 300 257 ,
488 137 813 241 nunonis

107 321 208 385 lacere
226 321 311 399 ausit,
329 321 504 404 quibuscum
523 322 653 385 andimus
672 322 762 385 luisse
780 342 949 403 percussum
959 318 1133 404 Evangelill

106 401 190 462 euius
209 400 326 461 unicum
352 398 573 461 fondamentum
593 400 727 462 Christus
751 400 815 460 est?
854 400 930 474 Quis
949 397 1061 459 alienos
1080 398 1133 458 red

106 475 922 613 ffiiiusthed⁸3¹ifi⁸2ienefirci⁰iquib⁰i·&finitiit'ii
938 475 1026 611 ἴιιάἰξιε
1044 474 1133 612 affin

169 573 203 613 ae
265 573 291 612 er
331 574 489 615 ocnnam.
561 574 634 615 cne
674 576 704 613 ιιι
744 573 812 613 ere
843 574 941 613 tura
981 572 1038 612 rsce
1122 575 1133 611 r

49 638 52 649 '
106 629 211 690 bemus
222 629 365 711 insignem
377 629 497 688 Domini
506 631 699 691 sententiam:
719 575 887 704 „Abrahahh
907 572 1060 690 cnutoni
1076 639 1110 688 ut
1128 651 1133 669 ι

108 705 186 766 hem
204 726 317 767 meum:
335 705 421 780 vidit,
440 718 471 767 et
489 707 604 788 gavisus
624 710 688 767 est“
706 708 767 783 (Io.
777 712 806 780 8,
820 708 892 841 obp
929 706 969 765 Et
988 704 1068 843 puod
1086 705 1126 765 de

106 781 175 843 barn
193 793 318 842 testetur
340 782 400 841 illic
421 782 569 856 Christus,
601 784 730 844 ostendit
750 785 774 843 A
797 795 862 842 osto
876 805 908 843 us
927 783 990 861 (He
1014 804 1036 842 r.
1056 787 1133 856 13,t

106 857 187 918 tideli
207 858 320 941 populo
346 858 434 920 fuisse
453 860 634 934 universale,
658 883 746 940 quum
768 805 838 920 <heir
858 859 1007 919 Christum
1026 878 1133 918 manen

106 934 212 1008 hodie,
235 946 267 995 et
289 935 465 995 insaecula.
512 937 617 1017 Neque
643 939 721 997 enim
747 939 782 997 de
803 936 913 997 Christi
939 948 1057 996 aeterna
1083 934 1133 995 div

106 1010 864 1183 ltt’llll‘tllltltll'tatdlttttfftllgt
883 1023 1131 1149 tthtttftt

106 1165 229 1235 canticis
248 1160 406 1225 revelatam
424 1166 456 1225 in
477 1166 597 1227 bhristo
628 1167 766 1242 salutem,
799 1165 1010 1225 exhibitionem
1041 1183 1105 1225 esse

104 1238 439 1397 fi⁰mi⁸1⁸⁵⁰2imi12qi¹⁸⁸
458 1242 613 1379 ghagpamt
626 1257 657 1303 et
675 1241 941 1379 Patriarchpsbolipp
961 1242 1073 1335 lecerat
1091 1240 1133 1301 Dc

147 1338 194 1378 uc.
239 1360 250 1391 ,
308 1361 316 1377 .
375 1359 410 1377 ..
482 1342 492 1378 ι
562 1341 662 1380 rasum
681 1342 764 1381 suum
785 1340 816 1378 cx
840 1342 848 1377 ι
873 1339 910 1378 en
932 1340 951 1379 ο
989 1338 1133 1377 rnrrsrnrat

104 1392 213 1455 veteris
241 1392 329 1453 fidem
357 1393 445 1455 solvit
462 1396 625 1472 Dominus,
646 1397 704 1457 dici
730 1417 791 1457 non
812 1406 925 1476 potest,
945 1361 1015 1475 q’uin
1036 1394 1098 1456 eius
1123 1394 1133 1453 l

106 1469 227 1532 Christo
242 1480 279 1529 et
297 1472 357 1530 vita
375 1482 493 1531 aeterna
512 1492 629 1551 semper
648 1474 747 1536 luerit.
771 1518 774 1523 Δ
1119 1470 1131 1485 ’

181 1552 212 1612 5.
253 1546 345 1619 Quin
355 1546 600 1631 Apostolusnon
633 1550 761 1609 foederis
785 1560 898 1609 tontum
924 1547 1016 1630 gratia
1041 1565 1130 1627 pares

105 1620 354 1696 tenebrosum,
372 1625 423 1683 sed
444 1625 531 1684 etiam
543 1637 792 1686 sacramentorum
803 1624 1028 1704 significatione.
1066 1624 1133 1682 Nan

104 1718 210 1759 narum
229 1699 377 1781 exemplis,
397 1700 502 1779 quibus
521 1704 677 1782 castigatos
697 1703 769 1762 olim
789 1702 877 1760 luisse
901 1701 968 1760 illos
989 1699 1133 1779 Scriptura

104 1785 163 1850 tat,
183 1775 333 1836 deterrere
353 1776 528 1838 Corinthios
546 1778 664 1853 volens,
683 1798 722 1838 ne
741 1779 772 1836 in
791 1777 893 1837 similia
913 1776 1023 1858 llagitia
1042 1778 1133 1836 incunt

26 1895 30 1903 -
104 1872 125 1912 e
165 1852 328 1913 raelatione
351 1853 405 1913 ista
425 1853 539 1914 orditur
561 1855 602 1934 (1.
623 1855 766 1928 Conlb,
786 1862 814 1919 1.
834 1856 963 1929 erto),
994 1852 1063 1912 Non
1096 1872 1133 1912 eo

138 1872 195 1988 liin
221 1928 453 2012 praerogativam
484 1931 572 1992 nobis
601 1932 796 2004 vindicemus,
824 1950 898 2010 quae
923 1949 978 1989 nos
997 1950 1014 1988 a
1032 1929 1093 1988 Dei
1111 1952 1133 1988 n

106 2005 230 2087 eripiat,
249 2026 335 2085 quom
357 2004 399 2066 illi
418 2005 587 2069 subierunt:
619 2009 737 2088 quando
758 2027 819 2079 uon
844 2006 947 2066 iisdem
971 2006 1063 2066 modo
1089 2004 1133 2066 het

104 2081 364 2220 lowehqisii'ieii
383 2080 1133 2240 {baldathlll‘lothtttttltl

104 2254 157 2294 vos
177 2246 257 2295 extra
275 2236 436 2315 periculum
457 2256 535 2314 esse,
554 2238 622 2316 quia
641 2250 672 2297 et
690 2238 854 2317 Baptismus
874 2256 934 2316 quo
953 2235 1085 2327 insigniti
1105 2256 1133 2298 et

106 2310 211 2401 Coeno
231 2332 318 2390 quam
338 2312 470 2392 quotidie
488 2314 647 2393 suscipitis,
667 2314 781 2373 crimias
801 2313 912 2373 habent
935 2312 1132 2393 promissione

104 2397 192 2446 terrm
211 2400 379 2468 contempta
399 2389 457 2448 Dei
478 2389 620 2466 bonitate,
640 2390 793 2451 licentiose
812 2388 962 2451 lascivitis:
983 2391 1092 2450 scitote
1111 2410 1131 2449 n

105 2464 194 2523 dacos
217 2463 326 2524 talibus
349 2465 490 2545 symbolis
516 2467 655 2541 caruisse,
678 2468 816 2527 adversus
842 2487 916 2547 quos
944 2477 1041 2526 umen
1061 2465 1133 2527 indis

103 2538 253 2600 Dominus
271 2540 451 2602 severissime
471 2545 607 2603 exercuit.
640 2544 785 2623 Baptizati
809 2542 930 2605 suntin
954 2543 1079 2602 transitu
1103 2564 1133 2602 nt

104 2616 196 2692 nube,
216 2637 271 2697 qua
291 2618 525 2755 protepebantur
543 2621 580 2681 ab
600 2622 706 2680 ardore
726 2620 805 2681 solis.
843 2618 1009 2678 Transitum
1029 2618 1133 2681 illum]

104 2714 185 2753 num
205 2714 292 2754 carna
304 2714 350 2754 em
384 2716 458 2756 ursse
478 2697 577 2772 aiunt,
608 2700 659 2776 qui
677 2695 828 2777 spirituali
840 2708 944 2756 nostro
964 2695 1126 2758 secundun

105 2768 172 2830 dam
192 2771 419 2852 proportionem
431 2774 617 2851 respondeat.
658 2775 766 2833 Verum
785 2774 809 2833 si
829 2773 858 2831 id
876 2772 1027 2852 recipitur,
1047 2792 1133 2832 uon·

104 2846 190 2907 deret
208 2847 345 2940 Apostoli
364 2861 580 2930 argumentum,
600 2850 715 2932 quihic
735 2851 797 2910 vult
816 2849 982 2928 ademptum
996 2848 1133 2910 Christiat

103 2923 246 3005 Raptisnu
266 2927 468 3009 praerogativa
478 2926 602 2988 Iudaeos
613 2926 792 3007 praecellere
811 2946 842 2986 se
858 2937 975 3061 putent.
1000 2926 1064 2985 Nec
1078 2925 1133 2987 obn

103 3012 150 3061 est
169 3000 237 3062 huic
261 3002 365 3064 cavillo
386 3002 466 3083 quod
492 3004 627 3082 protinus
649 3003 798 3084 sequitur,
830 3003 902 3062 llos
934 3002 1057 3063 eandem
1082 3002 1133 3062 nol

104 3077 283 3159 spiritualem
304 3098 399 3139 escam
419 3083 623 3156 manducasse,
648 3101 682 3141 ac
703 3081 828 3141 eundern
848 3078 957 3140 bibisse
980 3078 1133 3160 spirituale

101 3164 177 3231 tun,
197 3175 284 3234 quem
307 3155 456 3216 Christum
476 3157 697 3237 interpretatur.

167 3235 211 3295 u
251 3232 406 3299 Obiiciuut
425 3232 544 3312 quidem
575 3234 610 3293 ad
639 3230 830 3316 frangendam
855 3231 930 3292 hanc
949 3229 1033 3291 Pauli
1052 3242 1133 3292 sente

104 3304 186 3387 quod
216 3306 272 3372 ait.
289 3306 422 3369 Christus
449 3310 510 3386 (Io.
535 3316 571 3386 (i,
599 3311 676 3387 31.):
715 3309 840 3386 „Patres
871 3310 960 3368 vestri
987 3308 1133 3368 manduca

102 3403 210 3443 manna
230 3386 262 3443 in
282 3383 415 3460 dmerto,
433 3397 465 3447 et
483 3387 593 3446 mortui
611 3398 688 3448 suot.
739 3384 801 3460 Qui
820 3386 975 3445 manducat
994 3404 1114 3445 carnem

103 3480 167 3519 non
186 3460 331 3520 morietur
348 3461 379 3521 in
399 3466 591 3524 aetemum:“
611 3484 684 3544 quae
697 3462 757 3522 dno
777 3461 905 3522 interce
925 3461 1008 3521 nollo
1021 3462 1133 3543 negotis

102 3534 252 3599 clia-cor.
288 3537 446 3614 Dominus,
466 3539 534 3619 quia
553 3559 718 3600 sermonem
738 3537 866 3599 habebat
874 3538 909 3598 ad
925 3538 1087 3611 auditores,
1105 3559 1133 3617 qr

103 3623 168 3675 ton
190 3613 304 3676 ventris
328 3614 470 3675 alimento
493 3616 677 3696 quaerebant
698 3618 837 3687 saturari,
870 3634 971 3676 serum
999 3614 1117 3674 animae

103 3709 168 3750 non
187 3690 345 3765 curabant,
373 3692 409 3752 ad
438 3711 543 3753 eorum
567 3705 682 3774 captum
703 3694 868 3753 orationem
894 3691 1074 3770 aliquantam
1094 3702 1133 3751 att

103 3777 166 3842 rat,
192 3768 364 3847 praesertim
387 3787 460 3829 vero
491 3769 742 3848 comparationem
767 3787 893 3828 mannae
913 3779 944 3826 et
963 3767 1133 3858 corporiss

102 3861 209 3905 eorum
227 3863 314 3905 sensu
332 3844 442 3904 statuit.
486 3844 679 3906 Postulahant
703 3858 737 3907 ut
761 3844 956 3925 acquirendae
979 3844 1037 3906 siba
1056 3855 1133 3903 auctr

158 3920 199 3981 tia
223 3940 302 3983 suam
322 3920 460 3981 virtutem
479 3920 623 3982 miraculo
646 3922 745 4003 aliquo
771 3921 967 4003 approbaret,
997 3918 1085 4002 qnale
1108 3938 1133 3980 es

103 3938 204 4059 bircham
233 3997 265 4057 in
288 3996 424 4072 deserto,
443 4018 533 4083 quom
553 4019 659 4059 manna
678 4019 696 4058 e
716 3997 803 4059 coelo
822 3998 1036 4133 impetraverat
1075 3995 1112 4057 In

103 4085 202 4134 autern
222 4072 294 4136 nihil
314 4074 575 4155 apprehendebant
593 4075 649 4136 nisi
668 4076 791 4136 carnalis
810 4077 859 4134 ine
881 4076 935 4148 iae,
955 4095 1014 4155 qua
1030 4072 1133 4154 populu

104 4149 317 4226 afflictabatur,
336 4151 513 4211 remedium:
534 4151 570 4210 ad
591 4152 765 4231 mysterium
784 4148 856 4211 illut
875 4150 1041 4224 sublimius,
1061 4170 1133 4228 qnos

50 4224 58 4235 “
103 4224 150 4287 las
168 4226 297 4306 respicit,
314 4247 378 4287 non
398 4227 601 4366 penetrabant
640 4226 774 4290 Christus
788 4247 859 4308 ergo
881 4228 1133 4298 utdemonstreer

103 4302 298 4385 pronaum
316 4324 333 4367 a
351 4323 385 4367 se
425 4304 580 4368 eneficium
600 4316 766 4387 exspectare
775 4305 917 4381 debeant,
936 4322 1024 4385 quan
1036 4303 1133 4386 qnod.
