2700 4732
421 193 518 291 ‚Lllb
541 195 596 255 lll.
639 190 727 258 CAP.
749 198 845 257 xt'tt.
1168 207 1208 269 bb

77 340 199 400 lictione
224 338 346 399 delectis
370 332 432 399 sola
465 339 552 400 nobis
579 340 745 402 maledictio
778 342 925 417 imminet,
962 362 1039 434 puae
1064 346 1206 407 universis

77 415 316 498 cangressoribus
336 416 431 477 edicta
451 428 503 476 cst.
542 418 611 476 Non
632 418 711 479 enim
732 419 878 497 promittit
888 419 1034 481 Dominus
1047 420 1097 502 qui
1121 422 1206 499 piam,
1257 482 1262 495 ,

77 493 123 554 risi
143 492 280 572 perfectis
299 493 387 573 Legis
405 513 474 554 suae
495 492 670 570 cultoribus,
688 494 781 574 quatis
800 516 888 557 nemo
909 497 1064 577 reperitur.
1099 443 1206 560 blanet

77 570 157 652 gitur
175 568 261 645 illud,
282 580 378 629 totum
398 567 551 631 bominum
571 591 665 652 genus
685 592 740 651 per
758 572 870 655 Legem
890 573 982 654 argui,
1002 573 1203 636 maledictioni

77 659 96 705 ·t
114 648 174 707 irae
192 646 252 706 Dei
272 645 449 707 obnoxium:
470 669 486 707 a
506 669 563 738 qua
584 660 617 706 ut
635 647 794 722 salventur,
814 670 830 707 e
851 661 998 729 potestate
1016 649 1103 731 Legis
1125 653 1202 713 exire

77 742 184 783 necesse
205 735 265 795 est,
295 735 325 782 et
343 723 427 782 velut
445 724 481 784 ab
503 745 564 784 erus
592 729 735 785 servitute
760 726 791 785 in
818 726 984 787 libertatem
1004 728 1107 797 asseri:
1140 750 1200 789 non

77 797 209 881 uenalem
230 800 347 879 quidem
369 800 461 876 illam,
482 820 558 879 quae
578 801 614 860 ab
636 803 846 863 observatione
865 803 953 885 Legis
972 824 1027 863 nos
1047 803 1201 879 subducat,

79 877 217 937 drerum
231 876 361 937 omnium
381 877 528 937 licentiam
548 878 662 951 invitet,
682 879 948 957 concupiscentiam
962 891 1102 954 nostram,
1123 880 1201 941 velut

77 952 156 1033 nptis
175 952 339 1035 repagulis,
365 965 415 1013 ant
436 954 535 1014 eslusis
555 954 675 1017 habenis
694 956 826 1017 lascivire
848 956 1012 1036 permittat:
1043 957 1094 1018 sed
1113 957 1201 1037 apiri-

77 1031 186 1103 ualem,
216 1050 290 1108 quae
311 1030 472 1110 perculsam
494 1042 524 1089 et
548 1043 765 1093 consternatam
795 1034 1006 1093 conscientiam
1031 1034 1144 1094 soletur
1169 1046 1200 1096 et

78 1108 167 1187 rigat,
184 1105 307 1166 liberam
329 1107 407 1166 illam
430 1107 588 1167 ostendens
609 1130 624 1168 a
646 1110 851 1170 maledictione
870 1132 903 1169 ac
924 1110 1122 1185 damnatione,
1142 1132 1199 1190 qua

77 1183 139 1243 llam
160 1182 219 1240 Lex
240 1185 365 1243 vinctam
391 1206 424 1243 ac
445 1187 631 1244 constrictam
653 1187 812 1265 premebat.
858 1188 944 1246 Hanc
968 1208 984 1246 a
1011 1187 1198 1248 subiectione

77 1260 151 1341 aegis
171 1259 392 1332 liberationem,
418 1272 462 1334 et,
487 1272 519 1319 nt
540 1263 579 1320 ita
600 1263 709 1336 dicam,
734 1264 988 1324 manumissionem
1010 1265 1198 1343 assequimur,

79 1356 151 1397 uum
169 1354 223 1414 per
243 1336 328 1396 tidem
349 1338 576 1397 misericordiam
595 1338 652 1398 Dei
673 1340 702 1397 in
722 1339 842 1400 Christo
863 1340 1119 1420 apprehendimus,
1140 1362 1196 1419 qua

77 1412 155 1473 ecuri
174 1414 305 1491 certique
326 1415 474 1472 reddimur
490 1413 526 1473 de
569 1427 735 1475 cecatorum
756 1416 942 1491 remissione,
963 1437 1089 1497 quorum
1109 1436 1197 1478 seusu

77 1487 213 1571 ungebat
233 1511 286 1549 rros
306 1491 366 1548 Lex
385 1512 418 1550 ae
439 1436 605 1550 mordebat.

132 1571 163 1629 2.
202 1567 265 1625 llac
286 1568 416 1637 ratione,
435 1579 465 1624 et
485 1588 560 1645 quac
585 1568 616 1627 in
635 1568 717 1652 Lege
737 1569 824 1645 nobis
844 1567 1050 1629 offerebantur
1069 1570 1194 1661 promis-

77 1644 176 1714 iones,
208 1643 373 1703 inefficaces
398 1644 498 1702 forent
518 1664 621 1705 omnes
642 1657 672 1705 et
696 1647 812 1718 irritae,
845 1646 900 1706 nisi
920 1646 977 1705 Dei
1004 1645 1121 1705 bonitas
1140 1665 1195 1724 per

77 1719 249 1800 {vangelium
269 1731 461 1779 succurreret.
501 1720 584 1781 llaec
604 1724 683 1782 eninr
703 1723 852 1799 conditio,
877 1732 911 1781 ut
929 1720 1040 1804 Legem
1060 1720 1193 1802 perficia-

77 1816 130 1871 tur,
150 1817 166 1856 a
186 1817 243 1875 qua
262 1796 343 1887 ipsae
362 1797 504 1876 pendent,
525 1811 554 1856 et
573 1819 660 1889 aqua
680 1799 796 1859 demum
809 1799 999 1879 praestandae
1014 1810 1093 1874 sunt,
1116 1819 1193 1856 nnn-

77 1893 145 1932 uam
163 1873 344 1952 implebitur.
384 1874 435 1932 Sic
455 1884 551 1933 antem
572 1875 733 1954 opitulatur
752 1876 910 1952 Dominus,
930 1897 991 1936 non
1012 1887 1126 1965 partem
1146 1874 1192 1933 iu-

77 1949 149 2009 itiae
168 1950 198 2009 in
220 1950 359 2030 operibns
379 1948 465 2010 nobis
492 1950 566 2009 relin
591 1953 705 2028 nendo,
738 1966 849 2032 partem
877 1973 911 2013 ex
935 1974 985 2013 sua
1010 1949 1193 2033 indulgentia

77 2025 243 2087 afficiendo:
269 2027 320 2086 sed
340 2027 409 2086 dum
435 2027 551 2086 tunicum
570 1973 721 2088 lurisrum
742 2052 797 2109 pro
824 2029 952 2090 institiae
972 2028 1191 2109 complemento

77 2104 190 2184 asignat,
240 2104 314 2162 Nam
333 2102 495 2182 Apostolus
527 2105 673 2182 praelatus
698 2128 728 2166 se
753 2107 885 2187 aliosque
911 2106 1035 2166 ludaeos
1054 2105 1191 2178 scientes,

77 2181 136 2240 nod
156 2200 191 2239 ex
209 2180 297 2262 Legis
319 2180 457 2259 operibus
478 2202 538 2239 non
560 2182 731 2242 iustihcatur
751 2182 852 2259 homo,
871 2184 902 2243 iu
922 2183 1019 2243 lesum
1036 2181 1190 2263 *Christum

77 2257 225 2317 redidisse:
246 2258 392 2318 rationem
412 2257 539 2331 subiicit,
560 2280 622 2317 non
642 2271 675 2318 ut
686 2259 893 2323 adiuvarentur
911 2260 948 2320 ad
968 2259 1093 2321 institiae
1113 2279 1191 2319 sum·

77 2355 146 2408 iarn,
166 2354 199 2393 ex
219 2335 277 2393 fide
298 2333 425 2408 Christi,
449 2334 500 2393 sed
522 2347 554 2393 nt
574 2334 621 2394 illa
642 2335 883 2410 iustificareutur,
915 2357 975 2396 nou
997 2356 1031 2394 ex
1050 2333 1190 2413 operibns

77 2412 140 2548 egis
160 2411 274 2490 (Galat.
293 2418 323 2484 ⁶2,
342 2417 413 2487 16.).
465 2411 497 2470 si
519 2411 617 2470 tideles
637 2433 652 2471 a
676 2413 754 2495 Lege
775 2413 805 2473 in
832 2413 918 2472 fidem
944 2410 1137 2496 demigrant,
1155 2421 1190 2470 ut

77 2511 82 2547 ι
123 2511 157 2549 ac
177 2488 313 2549 iustitiam
334 2488 500 2560 inveniant,
531 2510 616 2567 qnam
643 2489 743 2550 abesse
770 2491 806 2550 ab
828 2489 877 2550 illa
897 2490 1011 2549 rident:
1044 2499 1125 2549 certe
1145 2487 1189 2546 iu-

79 2567 148 2626 itiae
167 2566 256 2646 Legis
275 2565 453 2623 renuntiant.
494 2566 595 2644 ltaque
617 2566 773 2646 amplificet
792 2590 871 2628 nunc
892 2566 942 2645 qui
960 2566 1041 2628 volet
1060 2563 1189 2624 retribu-

77 2664 167 2715 ones,
197 2663 272 2721 quae
298 2642 385 2722 Legis
417 2642 636 2701 observatorem
658 2666 777 2703 manere
795 2646 957 2722 telicentur,
984 2643 1074 2703 modo
1103 2640 1190 2701 simul

77 2721 261 2779 aimadvertat
282 2731 380 2778 nostra
402 2719 542 2797 pravitate
562 2720 642 2794 lieri,
669 2742 706 2778 ne
733 2721 859 2781 fructum
879 2721 949 2779 inde
969 2720 1060 2778 ullum
1079 2718 1187 2779 sentia·

77 2818 127 2869 ins,
146 2797 240 2854 donec
261 2796 343 2854 aliam
365 2816 398 2852 ex
419 2796 475 2852 lide
496 2797 633 2854 iustitiam
655 2797 793 2857 lueriruus
813 2798 921 2877 adepti.
962 2799 1011 2857 Sic
1024 2795 1117 2855 David
1137 2793 1188 2853 ubi

77 2872 253 2932 etribntionis
274 2873 406 2930 meminit
426 2872 575 2948 (Psal.25,
591 2874 681 2932 ferme
704 2880 794 2947 toto),
815 2896 902 2953 quarn
923 2873 1107 2953 praeparavit
1124 2877 1187 2931 ser-

77 2954 94 3008 [s
120 2950 178 3009 suis
196 2950 357 3021 Dominus,
386 2951 481 3008 statim
507 2951 541 3007 ad
564 2963 750 3029 peccatorum
771 2951 1005 3032 recognitionem
1027 2946 1189 3019 descendit,

77 3026 157 3085 uibus
177 3026 225 3085 illa
247 3028 419 3085 exinanitur.
467 3028 581 3086 Psalmo
607 3027 692 3085 etiam
713 3036 832 3100 19,12.
853 3027 1006 3105 magnifice
1025 3026 1113 3117 Legis
1133 3024 1186 3083 be·

77 3103 153 3162 siscia
176 3103 377 3182 depraedicat,
403 3104 452 3162 sed
479 3106 622 3163 contiuuo
649 3103 804 3165 exclamat:
837 3105 973 3178 „Delicta
995 3102 1058 3181 quis
1077 3100 1187 3161 intelli·

77 3181 113 3240 ir?
135 3179 171 3238 ab
193 3180 314 3238 occultis
336 3180 407 3237 meis
429 3182 535 3238 numda
549 3181 768 3239 mcDomine.“
807 3183 931 3240 Prorsus
953 3181 997 3239 hic
1018 3179 1100 3238 locus
1120 3199 1186 3238 cum

77 3257 202 3353 vperiorc
235 3258 388 3391 congpuit:
427 3258 476 3314 ulii
507 3279 595 3333 qurum
630 3258 745 3318 dixisset
774 3258 866 3335 (Psal.
891 3266 945 3332 25,
976 3265 1023 3321 ru.
1049 3268 1080 3315 et
1112 3260 1186 3331 11),

77 3338 201 3394 Lunctas
222 3336 279 3393 vias
329 3335 420 3394 omini
455 3334 620 3391 bonitatem
646 3346 675 3393 et
699 3335 850 3394 veritatem
883 3333 1053 3393 timentibus
1085 3336 1186 3406 eum,“

77 3411 213 3471 bnectit:
243 3423 390 3490 „propter
418 3432 524 3468 nomen
547 3421 627 3468 tunm
648 3412 793 3484 Domine,
826 3410 1035 3491 propitiaberis
1054 3408 1188 3489 pravitati

79 3507 146 3547 eae:
168 3487 260 3547 multa
281 3501 323 3546 est
345 3487 452 3546 enim.“
491 3486 542 3546 sic
563 3499 592 3546 et
613 3508 667 3548 nos
687 3507 901 3567 recognoscere
922 3487 1072 3562 debemus,-
1092 3506 1184 3566 expo-

77 3578 131 3623 tarn
153 3565 272 3643 quidem
299 3584 361 3624 esse
394 3563 480 3622 nobis
512 3565 541 3621 in
561 3564 642 3657 Lege
667 3564 727 3622 Dei
752 3562 1004 3637 benevolentiam,
1033 3562 1057 3623 si
1083 3564 1182 3642 operi-

77 3663 105 3701 rs
131 3662 194 3700 eam
222 3641 366 3701 demereri
393 3641 497 3700 liceat:
528 3641 580 3700 sed
612 3640 729 3702 dlornm
757 3641 866 3700 merito
891 3660 1042 3720 uunquam
1069 3639 1105 3699 ad
1129 3659 1184 3699 uos

77 3736 212 3778 ervenrre.

124 3800 152 3857 3·
194 3794 275 3868 Quid
303 3794 396 3876 ergo?
426 3815 461 3854 ao
484 3794 567 3852 datae
587 3806 669 3866 sunt,
694 3806 727 3853 ut
750 3794 814 3855 sine
840 3793 938 3853 fructu
957 3791 1185 3853 evanescerent?

77 3892 110 3929 rm
133 3893 227 3952 nuper
248 3884 366 3931 testatus
386 3894 465 3947 srrna,
492 3893 551 3930 non
573 3892 634 3930 esse
660 3872 690 3930 id
709 3891 793 3931 meae
818 3871 994 3931 sententiae:
1021 3869 1091 3929 dico
1116 3889 1185 3929 sane

77 3948 209 4007 'ficariam
232 3971 311 4008 suam
332 3949 366 4007 ad
389 3970 442 4008 nos
465 3971 525 4007 non
547 3947 697 4026 prolerre,
718 3949 855 4028 qnanuliu
881 3947 916 4006 ad
938 3968 1063 4028 operum
1080 3946 1185 4006 merita

77 4026 228 4104 spiciunt:
248 4047 338 4104 quare
353 4026 375 4084 si
390 4027 418 4083 in
440 4047 470 4085 se
492 4026 726 4097 considerentur,
747 4024 966 4104 quodammodo
986 4023 1109 4084 aboleri.
1135 4023 1186 4082 Sic

77 4102 230 4162 aeclarnm
269 4101 348 4161 iilam
381 4103 606 4181 promissionem
638 4104 747 4181 (Levit
768 4108 822 4178 18,
840 4110 868 4168 5.
903 4101 1084 4172 Ezech20,
1110 4101 1185 4175 tl.),

77 4178 242 4238 Dedivobis
263 4179 341 4239 bona
362 4190 527 4259 praecepta,
548 4199 623 4259 quae
643 4179 692 4260 qni
713 4179 827 4252 lecerit,
846 4184 924 4240 vivet
942 4178 973 4238 in
994 4178 1099 4258 ipsis:“
1119 4175 1186 4236 uul-

77 4278 104 4315 rs
124 4256 268 4315 momenti
294 4276 355 4315 esse
375 4256 538 4335 Apostolus
559 4258 648 4317 docet
667 4256 770 4336 (Rom.
791 4262 843 4332 10,
861 4262 891 4321 3.
910 4266 942 4316 et
959 4255 1018 4333 b),
1048 4255 1072 4316 si
1095 4254 1127 4313 iu
1152 4272 1187 4314 ea

77 4333 225 4408 sistamus,
244 4354 299 4393 nec
320 4330 380 4413 pilo
401 4332 465 4414 plus
485 4333 679 4413 profuturam,
696 4353 784 4414 quatu
804 4334 829 4395 si
844 4332 911 4395 data
928 4351 991 4394 nou
1008 4330 1188 4413 euers-quia
