2700 4732
83 232 124 295 m
462 222 846 315 mmmm

88 371 149 433 ritu
167 370 306 433 iustitiam
325 368 469 433 colamur:
489 370 678 447 „crucifixum
689 390 752 433 esse
766 381 899 431 veterem
918 377 1053 431 nostmm
1066 366 1221 445 hominen,
1268 428 1270 433 .

83 460 123 510 -ut
141 450 173 509 in
192 449 269 509 vitae
289 448 448 509 nodosam
468 453 683 531 resurgamus.“
733 449 825 509 ltem:
851 447 897 521 „si
919 448 1032 507 mortui
1051 443 1144 507 simus
1164 466 1222 507 cun
1268 494 1270 505 .

92 526 233 587 Christ0“
256 526 306 604 (ut
330 525 416 586 decet
440 526 502 586 eius
526 525 673 603 membra)
705 524 894 604 „quaerenda
918 543 981 584 esse
1009 540 1087 603 quae
1115 542 1222 583 sumum
1268 528 1270 561 ³

89 608 189 677 sunt,“
209 603 288 663 etin
307 602 418 662 mundo
461 602 697 683 eregrinaudum,
716 614 749 661 ut
768 602 799 661 in
811 600 912 661 coelos
932 600 1105 681 aspiremus,
1123 596 1223 661 ubiet

1 731 3 736 ,
90 678 243 741 thesaurus
262 690 374 739 noster.
421 622 477 754 „ln
499 678 556 739 hoc
576 679 743 758 apparuisse
769 679 892 759 gratiam
912 677 1054 751 Domini,
1085 674 1223 737 utalaae·

89 768 158 839 gata
178 756 260 817 omui
278 755 438 835 impietate,
458 767 489 815 et
508 756 662 815 mundanis
683 754 844 827 desideriis,
863 753 976 829 sobrie,
994 765 1110 827 sancte,
1129 762 1162 813 et
1179 752 1222 845 pie

90 834 219 894 vivamus
237 832 268 891 in
289 831 346 892 hoc
366 832 498 908 sacculo,
529 842 729 911 exspectantes
749 830 864 891 beatam
885 851 983 911 spem,
1014 842 1045 890 et
1065 827 1222 911 apparitio·

91 929 160 970 nem
180 910 291 991 gloriae
310 909 487 990 magniDci,
509 919 538 968 et
550 908 738 968 Salvatoris.“
778 910 880 983 Quare
899 929 975 981 „nos
995 928 1058 967 non
1071 926 1137 967 esse
1155 924 1222 967 eon·

90 986 222 1061 stitutos,
240 996 276 1045 ut
293 985 365 1045 iram
386 984 471 1045 nobis
486 985 677 1059 concitemus,
697 984 749 1044 sed
761 994 794 1043 ut
803 984 925 1044 salutem
938 1003 1158 1063 consequamur
1174 982 1223 1063 per

92 1063 242 1125 Christum
251 1067 281 1121 :⁴⁶
300 1082 375 1135 „nos
389 1081 450 1121 esse
463 1061 571 1140 templa
582 1061 709 1141 Spiritus
721 1062 846 1136 sancti,“
866 1080 942 1141 quae
951 1058 1105 1139 profanari
1117 1058 1163 1119 sit
1174 1076 1222 1119 ne·
1267 1104 1270 1137 ,

91 1140 150 1200 las:
176 1158 251 1214 „nos
271 1137 408 1198 tenebras
429 1159 489 1197 non
510 1158 583 1211 esse,
602 1137 654 1197 sed
674 1137 769 1197 lucem
790 1138 820 1196 in
840 1137 983 1212 Domino,
1003 1156 1078 1215 quos
1099 1146 1135 1195 ut
1153 1134 1222 1195 liliut
1268 1196 1270 1201 ,

90 1215 163 1275 lucis
183 1213 331 1274 ambulare
352 1219 528 1294 oporteat:“
554 1236 630 1288 „nos
649 1235 710 1274 non
732 1214 766 1273 ad
787 1213 999 1273 immunditiem
1019 1224 1160 1285 vocatos,
1176 1208 1224 1273 sed
1268 1238 1270 1249 ·

84 1292 127 1352 'ad
147 1291 333 1351 sanctitatem
342 1296 372 1349 ι’*
398 1291 486 1370 „quia
507 1291 579 1351 haec
598 1291 635 1350 sit
655 1290 790 1350 voluntas
809 1290 885 1363 Dei,
905 1288 1098 1349 sanctificatio
1119 1298 1224 1361 nostm,

90 1380 125 1429 ut
144 1388 199 1427 nos
218 1367 412 1428 abstineamus
422 1368 458 1427 ab
474 1366 581 1428 illicitis
594 1367 744 1427 desideriis
753 1371 783 1426 :“
800 1368 1008 1441 ,‚vocationem
1020 1376 1156 1427 nostram
1167 1382 1225 1425 ease
1267 1364 1270 1381 ¹

93 1448 258 1517 sanctam,“
278 1444 305 1503 ei
324 1464 386 1504 uon
406 1444 580 1524 responderi
600 1444 655 1505 nisi
675 1444 752 1503 vitae
771 1444 910 1523 puritate:
941 1444 992 1518 „in
1012 1441 1150 1503 boemos
1167 1458 1226 1503 este
1268 1488 1270 1497 .

91 1522 233 1581 liberatos
253 1541 269 1581 a
289 1533 427 1599 peccato,
446 1532 479 1579 ut
499 1521 625 1581 iustitiae
645 1519 846 1581 obediamus.“
890 1520 938 1578 An
958 1518 1075 1579 incitari
1095 1519 1135 1579 ad
1154 1515 1225 1579 tari·

91 1610 181 1659 tatem
200 1595 262 1658 ullo
280 1597 418 1657 vivaciori
440 1608 614 1678 argumento
634 1598 795 1676 possimus,
826 1618 913 1676 quam
937 1596 990 1657 illo
1010 1596 1152 1670 loannis,
1174 1604 1226 1671 „ut

91 1686 195 1734 mutuo
216 1674 293 1733 inter
312 1696 366 1733 nos
386 1674 555 1755 diligamus,
586 1674 832 1754 quemadmodum
854 1672 952 1732 dilexit
975 1691 1031 1732 nos
1049 1672 1167 1733 Densi.
1189 1672 1225 1731 lu

93 1750 150 1812 hoe
172 1749 294 1811 dilierre
314 1752 376 1811 eius
396 1751 470 1811 lilios
491 1772 506 1810 a
526 1750 592 1811 filiis
613 1750 739 1823 diaboli,
769 1749 844 1810 filios
870 1749 942 1808 lucis
966 1770 983 1808 a
1003 1748 1071 1809 liliis
1089 1748 1226 1809 tenebra·

92 1850 168 1902 rum,
188 1828 255 1906 quia
275 1828 305 1887 in
319 1828 478 1888 dilectione
498 1826 660 1887 manentt“
685 1826 743 1885 lllo
756 1826 825 1884 item
838 1826 937 1887 Pauli:
958 1827 1055 1901 „Nos‚
1073 1824 1225 1887 siChriatu

91 1904 300 1995 adhaeremus,
327 1905 411 1964 unius
432 1925 493 1964 esse
514 1904 648 1985 corporis
667 1902 815 1976 membra,
848 1922 923 1983 quae
947 1902 1075 1963 invicem
1100 1900 1224 1963 adiuvari

91 1980 199 2041 mutuis
219 1980 324 2041 ollicris
350 1982 547 2041 conveniat?“
596 1981 643 2039 An
670 1979 706 2038 ad
731 1980 913 2040 sanctitatem
934 1979 1040 2040 lortius
1081 1978 1224 2055 rovocari,

91 2079 179 2138 quam
198 2057 269 2117 dum
288 2079 402 2117 rursum
423 2058 458 2117 ab
479 2058 594 2118 Ioanne
620 2058 770 2125 audimus,
798 2057 994 2137 „omnesqui
1018 2000 1133 2117 habent
1155 2056 1226 2117 haue

91 2154 190 2214 spem,
221 2134 401 2195 sanctificare
427 2154 458 2194 se
487 2135 582 2214 ipsos,
614 2135 754 2212 quonium
774 2133 856 2192 Deus
884 2153 986 2193 eorum
1006 2136 1127 2194 sanetus
1145 2134 1224 2195 nttss

90 2212 168 2272 Item
188 2230 222 2271 ex
242 2230 295 2269 ore
316 2210 416 2283 Pauli,
448 2223 480 2270 ut
504 2211 675 2294 adoptionis
699 2210 896 2291 promissione
920 2211 1004 2285 freti,
1032 2209 1224 2285 „mundemus

89 2308 146 2349 nos
167 2287 202 2348 ab
222 2288 304 2349 omni
330 2288 553 2367 inquinamento
580 2288 674 2347 carnis
695 2300 725 2346 ct
748 2288 907 2364 spiritus?“
939 2308 1028 2365 quam
1048 2287 1121 2347 dum
1141 2286 1224 2350 Chri·

47 2388 53 2407 1·
88 2376 167 2427 stum
186 2363 318 2484 aupdimus
336 2383 368 2425 se
388 2364 476 2424 nobis
496 2364 643 2445 exemplar
662 2374 899 2445 proponentem,
918 2375 952 2423 ut
969 2383 1020 2424 sua
1038 2364 1165 2448 vestigia
1181 2382 1224 2427 se·

111 2462 227 2503 uamur.
1267 2460 1270 2479 ¹

89 2462 111 2523 q
166 2522 196 2583 3.
234 2516 334 2598 Atque
358 2516 430 2578 haec
455 2516 574 2597 quidem
596 2515 722 2598 paucula
744 2527 860 2577 tantum
884 2517 915 2576 in
975 2528 1051 2577 stum
1076 2516 1225 2601 proposui.
1266 2482 1270 2591 l

90 2596 166 2656 Nam
185 2594 210 2655 si
229 2593 342 2677 singula
362 2595 497 2675 persequi
517 2606 593 2654 esset
612 2596 741 2666 animus,
766 2594 889 2673 longum
910 2617 946 2654 vo
961 2616 1048 2654 umen
1068 2598 1225 2657 contexeri-

91 2672 160 2733 dum
191 2670 279 2731 soret.
330 2672 403 2731 Tuti
434 2671 657 2752 paraenesibus,
688 2670 958 2747 adhortationibus,
989 2670 1225 2754 castigationibus

90 2749 173 2843 pleni
192 2762 261 2809 sunt
280 2748 434 2830 Apostoli,
464 2749 568 2829 quibus
597 2748 747 2807 hominem
766 2748 825 2808 Dei
851 2748 886 2808 ad
913 2767 1001 2808 omne
1022 2770 1098 2827 opus
1118 2749 1226 2811 bonum

88 2826 256 2900 instituant,
275 2824 365 2906 idque
385 2826 456 2886 citra
475 2825 574 2885 meriti
593 2823 785 2884 mentionem.
825 2824 908 2897 Quin
927 2825 1026 2905 potius
1046 2825 1119 2887 inde
1138 2826 1227 2908 potis-

91 2904 176 2967 simas
197 2902 309 2963 ducunt
329 2902 563 2974 exhortationes,
593 2902 674 2982 quod
699 2901 781 2961 nullo
807 2914 911 2960 nostro
936 2902 1060 2977 merito,
1089 2901 1154 2965 sola
1171 2901 1226 2963 Dei

91 2980 293 3041 misericordia
312 2991 371 3040 stet
394 2993 494 3039 nostra
519 2980 603 3039 salus.
655 2977 912 3052 Quemadmodum
932 2978 1059 3049 Paulus,
1088 2980 1142 3039 ubi
1166 2990 1227 3040 tota

93 3054 219 3136 epistola
238 3056 389 3130 disseruit,
409 3056 519 3115 nullam
541 3076 603 3115 esse
621 3055 709 3115 nobis
728 3076 809 3134 spem
831 3055 906 3114 vitae
926 3055 979 3115 nisi
999 3056 1028 3113 in
1051 3054 1166 3117 Christi
1182 3054 1227 3117 iu·

31 3184 35 3192 .
92 3134 187 3209 stitia,
217 3131 269 3190 ubi
289 3133 324 3193 ad
345 3153 517 3213 paraeneses
542 3132 709 3205 descendit,
742 3153 795 3211 per
819 3130 896 3190 illam
915 3132 973 3190 Dei
999 3132 1227 3207 miserationem,

93 3230 150 3288 qua
171 3229 226 3268 nos
247 3207 381 3290 dignatus
402 3222 456 3282 est,
476 3209 612 3269 obsecrat
632 3209 732 3285 (Rom.
744 3216 791 3281 12,
812 3207 863 3284 1.).
903 3208 941 3268 Et
960 3228 1029 3267 sane
1048 3206 1122 3269 haec
1142 3210 1228 3271 uobis

91 3306 151 3346 una
169 3305 255 3345 causa
274 3286 340 3345 satis
352 3306 413 3346 esse
426 3285 576 3355 debuerat,
597 3298 629 3344 ut
641 3286 722 3344 Deus
742 3287 771 3343 in
783 3285 869 3344 nobis
882 3284 1073 3365 glorificetur.
1103 3285 1228 3360 Quodsi

92 3361 144 3442 qui
163 3360 221 3421 Dei
242 3360 336 3444 gloria
357 3384 417 3423 non
439 3362 512 3421 adeo
533 3361 723 3420 vehementer
747 3362 931 3435 alliciuntur,
963 3362 1105 3422 memoria
1129 3374 1228 3425 umen

91 3438 303 3499 beneficiorum
324 3440 385 3499 cius
404 3438 646 3499 sufficientissima
667 3451 721 3511 est,
741 3458 816 3518 quae
835 3439 907 3498 tales
927 3438 962 3498 ad
983 3438 1229 3501 benefaciendum
1249 3438 1253 3444 ’

90 3514 196 3575 incitet
216 3514 270 3606 [cs.
293 3515 445 3597 Chrysost.
467 3515 545 3574 bom.
565 3516 596 3573 in
618 3514 757 3607 Genes.].
807 3515 918 3573 Verum
943 3515 990 3575 isti
1015 3516 1084 3595 quia
1109 3517 1236 3580 seruilit'

90 3590 172 3652 forte
191 3592 288 3671 aliqua
307 3605 466 3682 coactaque
478 3592 567 3672 Legis
579 3591 719 3671 obsequia
738 3591 909 3672 ingerendis
926 3592 1038 3651 meritis
1055 3594 1229 3671 extundent,

90 3667 276 3729 mentiuntur
294 3689 349 3729 uos
369 3667 442 3727 nibal
462 3667 581 3743 habere,
600 3689 660 3747 quo
680 3667 715 3727 ad
735 3667 815 3728 bona
831 3688 921 3747 opera
941 3670 1141 3746 exhortemur,
1161 3670 1229 3751 quia

92 3766 155 3804 uon
175 3743 277 3804 eadem
301 3743 484 3827 ingredimur
502 3746 558 3805 via.
610 3746 703 3819 Quasi
728 3765 802 3804 vero
835 3744 942 3805 talibus
967 3744 1039 3805 obse
1063 3745 1119 3807 uiis
1144 3746 1228 3808 valde

4 3830 20 3855 ⁸
90 3820 260 3882 oblectetur
277 3821 376 3895 Deus,
405 3822 456 3900 qui
485 3822 641 3901 profitetur
663 3842 694 3883 se
719 3821 841 3881 hilarem
867 3821 1000 3881 datorem
1025 3767 1077 3889 dili
1100 3842 1169 3900 ere,
1199 3833 1229 3883 et

113 3899 248 3977 uicqnam
268 3897 331 3958 dari
350 3899 431 3979 quasi
451 3919 485 3979 erc
503 3899 620 3959 tristitia
639 3910 689 3959 aut
707 3898 880 3958 necessitate
898 3910 981 3959 vetat
996 3898 1053 3978 (ΙΙ.
1090 3900 1228 3993 onim}

122 3992 198 4054 eque
216 3972 246 4032 id
266 3974 332 4033 dico
358 3974 440 4054 quod
465 3975 495 4033 id
515 3973 561 4034 vel
585 3995 734 4055 respuam,
763 3974 809 4034 vel
835 3974 984 4057 negligam
1010 3975 1228 4038 adhortationis

89 4070 184 4135 genus
203 4050 283 4131 quod
303 4051 457 4130 Scriptura
475 4070 687 4131 saepenumero
708 4062 843 4130 usurpat,
868 4072 906 4111 ne
926 4050 1014 4112 ullam
1035 4054 1155 4113 omittat
1172 4074 1228 4115 nos
1259 4088 1262 4093 ·

90 4126 223 4207 undique
242 4128 390 4188 animandi
408 4129 562 4188 rationem.
612 4130 833 4190 Commemorat
853 4129 932 4188 enim
950 4130 1119 4190 mercedem
1142 4152 1228 4211 quam

88 4202 172 4265 Deus
191 4203 357 4265 redditurus
376 4206 413 4265 sit
429 4205 593 4285 unicuique
617 4205 772 4265 secundum
790 4226 881 4281 opero
898 4228 970 4267 nto:
993 4207 1046 4268 sed
1069 4207 1144 4269 illud
1163 4208 1229 4271 uui·

74 4298 156 4351 ¹cum
173 4292 266 4360 atque
289 4281 377 4342 etiam
397 4282 427 4341 in
452 4283 551 4345 multis
570 4283 760 4362 praecipuum
781 4302 844 4344 esse
863 4303 953 4365 nego.
1000 4283 1121 4346 Deinde
1142 4303 1229 4345 exor-

28 4426 46 4447 „-
70 4352 167 4447 dium
186 4356 257 4418 iude
275 4360 449 4422 sumendum
467 4379 531 4421 non
551 4361 695 4424 concedo.
744 4358 879 4439 Adhaec,
899 4359 973 4422 nihil
991 4360 1093 4424 lacere
1110 4360 1150 4423 ad
1167 4362 1228 4424 eri·
