2700 4732
470 230 546 292 stu.
565 230 607 292 11.
647 230 736 292 use.
756 230 838 293 xvr.
1162 240 1224 307 m
1300 220 1306 241 ⁴

75 373 234 457 usquead
255 374 539 436 consummationem
559 374 677 449 saeculi,
696 374 725 435 id
745 394 797 436 sas
816 372 871 437 laec
883 374 1054 437 ascensione
1064 380 1224 459 praestitit:

58 472 145 533 'qna
164 463 198 513 ut
216 471 324 532 corpus
343 473 431 532 supra
450 473 553 513 omncs
574 452 674 513 coelos
694 453 836 512 elevatum
857 463 918 527 est,
941 452 982 515 ita
999 454 1090 515 virtus
1110 467 1140 516 et
1158 458 1223 518 effi·
1305 484 1311 495 ·

78 528 166 590 cacia
186 528 262 587 ultra
283 548 387 588 omnes
407 528 484 589 coeli
505 549 538 589 ac
564 540 661 589 terrae
685 527 757 587 fines
788 529 891 587 diflusa
920 549 995 609 prop
1034 542 1137 610 ataque
1168 545 1221 595 est

76 604 155 667 flor
173 604 224 664 Au
259 607 330 664 usti
341 606 376 664 ni
395 605 493 665 verlsis
513 604 603 680 malo,
622 624 707 685 quam
727 604 800 665 meis
819 605 971 684 explicare.
990 649 1010 682 „
1029 609 1222 689 turis(inquit

78 692 192 757 „tract
204 682 233 739 iu
262 701 290 740 ο.
302 683 383 758 109.)
396 702 449 761 per
461 694 586 741 mortem
600 693 663 742 erat
674 680 809 742 Christus
821 683 857 740 ad
869 682 1014 742 dexteram
1026 683 1130 755 l'stris,
1142 687 1221 749 unde

79 770 248 834 „venturus
268 769 312 816 est
333 759 368 817 ad
387 759 468 819 vivos
494 770 524 817 et
548 769 680 818 mortuos
710 757 896 817 iudicandos:
928 760 1088 839 praesentia
1118 761 1220 822 itidem

79 833 279 914 „corporalis
298 834 458 893 seciindum
484 856 580 894 sanam
608 835 770 894 doctrinam
796 832 923 913 fideique
947 835 1087 916 regulam.
1142 838 1218 899 Nam

101 910 271 990 praesentia
286 910 431 991 spirituali
449 932 515 970 cum
533 911 573 970 eis
587 923 650 970 erat
660 921 800 970 venturus
811 921 879 987 post
895 911 1095 971 ascensionem
1106 920 1217 974 suam.“

77 952 121 1047 lit
142 985 210 1046 alibi
230 985 320 1045 fusius
340 986 488 1046 aeclesias
500 990 599 1063 (tract.
612 986 691 1061 51·):
711 985 901 1060 „Secundum
920 987 1100 1047 ineffabilem
1122 1001 1152 1048 et
1171 991 1218 1051 in-

80 1062 251 1139 „riaibilem
272 1063 394 1143 gratiam
414 1062 563 1142 impletur,
584 1062 663 1142 quod
684 1062 720 1121 ab
741 1081 778 1121 eo
791 1062 899 1121 dictnm
910 1075 954 1122 est
963 1064 1218 1145 (Matth.28,w):

77 1140 184 1215 „Eece
207 1138 356 1198 vobiscum
382 1161 444 1199 snm
472 1140 608 1200 omnibus
635 1137 737 1199 diebus
760 1160 792 1198 us
815 1158 853 1196 ue
878 1139 915 1198 ad
935 1143 1217 1204 consummationem

76 1213 220 1291 „saeculi
259 1214 427 1275 Secundum
449 1236 565 1275 carnem
586 1236 667 1289 vero,
686 1236 771 1293 quam
813 1214 915 1273 erbum
932 1218 1093 1297 assumpsit,
1112 1238 1218 1279 seeun-

77 1292 177 1369 ‚,dnm
197 1291 226 1350 id
247 1291 326 1371 qnod
348 1291 384 1349 de
406 1292 528 1372 Virgine
549 1303 633 1351 natus
653 1303 714 1364 est,
733 1290 892 1351 secundum
916 1290 945 1350 id
967 1293 1082 1371 quoda
1103 1293 1218 1357 ludaeis

76 1368 332 1502 „comprehensus
352 1379 412 1441 est,
433 1368 513 1447 quod
533 1367 614 1448 ligno
635 1368 774 1440 confixus,
793 1368 874 1446 quod
895 1367 931 1427 de
951 1389 1038 1428 cruce
1058 1369 1217 1449 depositus,

122 1464 163 1503 uo

75 1466 236 1595 :iectione
256 1520 463 1593 manifestatus,
483 1521 552 1579 Non
562 1540 679 1598 semper
698 1518 841 1578 habebitis
853 1540 900 1578 me
912 1519 1073 1581 vobiscum.
1093 1523 1215 1598 Quare?

75 1596 240 1677 „quoniam
266 1610 453 1656 conversatus
473 1608 517 1656 est
536 1597 696 1655 secundum
717 1617 770 1655 cor
792 1597 850 1655 oris
876 1597 1070 1674 praesentiam
1091 1601 1215 1677 quadra-

75 1674 184 1755 „giuta
205 1671 307 1733 diebus
327 1694 392 1732 cum
404 1671 550 1751 discipulis
569 1674 638 1748 suis,
658 1684 688 1732 et
707 1672 748 1731 eis
765 1617 977 1732 deducentibus
995 1674 1134 1749 videndo,
1153 1695 1216 1737 non

76 1748 271 1828 ffequendo,
292 1748 425 1808 dscendit
445 1750 473 1807 in
495 1749 622 1823 coelum,
643 1760 672 1808 et
692 1769 753 1808 non
774 1760 817 1808 est
838 1749 896 1807 hice
917 1748 958 1807 ibi
978 1752 1056 1809 enim
1078 1752 1161 1812 sedet
1178 1753 1216 1813 ad

74 1825 252 1903 „dexteram
273 1825 386 1899 Patris,
407 1838 436 1886 et
457 1826 502 1884 hic
523 1838 581 1885 est:
615 1846 675 1884 uon
696 1825 773 1884 enim
800 1825 918 1883 recessit
937 1826 1099 1905 praesentia
1124 1828 1215 1889 maie-

74 1901 192 1980 „statis
230 1902 312 1985 Ergo
341 1901 501 1962 secundum
528 1903 719 1982 praesentiam
751 1901 922 1972 maiestatis,
942 1921 1058 1982 semper
1076 1902 1219 1966 babemus·

75 1977 266 2055 „Christums
287 1978 447 2039 secundum
467 1979 660 2058 praesentiam
681 1978 784 2049 carnis,
804 1988 885 2036 recte
905 1977 1013 2037 dictum
1033 1980 1216 2060 cstdiscipu-

75 2055 146 2133 „lis,
166 2055 215 2115 lle
234 2067 332 2115 autem
353 2076 415 2114 non
435 2074 551 2134 semper
570 2053 713 2113 babebitis
732 2052 911 2130 (lomes).
949 2054 1062 2115 Habuit
1081 2057 1158 2116 enim
1179 2056 1215 2117 il·

74 2132 162 2207 „lnm
176 2131 296 2191 eeclesia
308 2131 467 2191 secundum
487 2130 680 2211 praesentiam
702 2129 795 2190 carnis
807 2131 907 2210 paucis
917 2130 1035 2192 diebus:
1055 2133 1145 2194 modo
1156 2133 1215 2193 fide

75 2218 194 2286 „tenet
214 2207 306 2270 oculis
327 2228 389 2267 uon
408 2208 522 2266 videt.“
1056 2236 1059 2241 ,

157 2291 204 2349 15.
245 2283 347 2358 Quare
366 2305 433 2344 mox
453 2283 620 2357 subiicitur,
639 2280 805 2343 consedisse
825 2281 862 2341 ad
881 2282 976 2344 Patris
995 2283 1156 2345 dexteram:
1176 2285 1216 2346 si·

75 2360 249 2422 militudine
268 2359 382 2420 scilicet
401 2382 416 2419 a
437 2360 618 2441 principibus
637 2371 767 2439 sumpta,
795 2358 845 2437 qui
867 2380 936 2419 suos
960 2360 1070 2420 habeut
1088 2382 1215 2424 assesso-

76 2457 137 2513 res,
159 2437 264 2516 quibns
285 2437 407 2530 regendi
428 2435 649 2516 imperandique
669 2437 746 2495 vices
766 2434 951 2494 demandant
1004 2436 1051 2498 Ita
1071 2437 1217 2514 Christus,

75 2514 192 2594 inquo
214 2512 349 2589 eraltarr,
383 2525 412 2572 et
432 2534 486 2591 per
505 2513 586 2573 cuius
606 2532 723 2570 manum
743 2531 775 2569 re
798 2530 868 2571 nare
888 2510 949 2571 vult
967 2512 1069 2589 Pater,
1099 2514 1214 2574 ineius

76 2590 227 2650 dexteram
247 2602 383 2669 receptus
404 2589 510 2648 dicitur
530 2587 638 2666 (Marc.
658 2593 706 2662 16,
725 2532 806 2664 195,
837 2588 894 2647 acsi
920 2588 1068 2649 diceretur
1086 2590 1162 2650 coeli
1181 2611 1215 2651 ac

75 2679 177 2727 terrae
197 2666 331 2728 dominio
353 2666 550 2743 inauguratus,
571 2665 738 2724 commissae
758 2664 813 2723 sibi
833 2664 1090 2726 administrationis
1100 2686 1216 2746 posses·

76 2744 195 2804 sionem
207 2740 381 2802 sollenniter
400 2744 515 2801 adiisse:
536 2760 591 2799 nec
611 2740 700 2800 semel
720 2740 823 2799 adiisse
843 2753 966 2815 tautum,
985 2741 1037 2819 scd
1056 2741 1087 2800 in
1104 2761 1137 2801 ea
1149 2762 1217 2821 per·

75 2832 171 2892 stare,
190 2817 284 2878 donec
304 2820 339 2879 ad
354 2819 491 2879 iudicium
512 2817 678 2876 descendat.
718 2817 768 2875 Sic
790 2816 867 2874 enim
888 2817 1047 2895 Apostolus
1066 2818 1214 2896 interpre-

76 2906 174 2968 tatur,
194 2914 279 2974 quum
299 2894 338 2954 ita
360 2896 491 2974 loquitur
508 2895 557 2969 *):
589 2893 774 2966 „Constituit
797 2892 879 2951 illum
899 2894 990 2952 Pater
1013 2893 1049 2952 ad
1069 2895 1216 2953 dexteram

81 2990 185 3046 „suam
204 2991 290 3051 supra
309 2991 427 3032 omnem
449 2971 655 3050 principatum,
675 2980 706 3027 et
724 2980 899 3049 potestatem
920 2981 950 3028 et
968 2969 1104 3028 virtutem
1119 2970 1216 3030 etdo·

82 3047 311 3123 „minationem,
335 3060 365 3106 et
384 3068 473 3107 omne
493 3066 601 3105 nomen
623 3044 703 3124 quod
723 3044 891 3103 nominatur
910 3066 971 3103 non
991 3045 1085 3105 solum
1105 3046 1134 3104 in
1155 3045 1215 3105 lior.
1285 3092 1288 3103 .

82 3122 232 3200 „saecul0,
251 3123 302 3183 sed
323 3124 353 3183 in
374 3123 489 3182 suturo:
523 3135 569 3192 et,
591 3122 700 3179 Omnia
719 3120 845 3180 subiecit
863 3120 916 3182 sub
936 3121 1060 3201 pedibus
1080 3122 1157 3199 eius,
1184 3133 1216 3182 et

78 3200 192 3281 „ipsum
221 3201 302 3259 dedit
325 3213 414 3280 caput
433 3198 572 3258 ecclesiae
592 3218 678 3277 supra
699 3197 827 3271 omnia,“
858 3210 915 3258 etc.
956 3197 1045 3258 Vides
1074 3218 1214 3278 quorsum

76 3277 228 3357 pertineat
246 3276 296 3335 illa
313 3278 418 3350 sessio,
451 3294 557 3353 nempe
576 3287 610 3333 ut
630 3274 690 3332 eius
710 3274 886 3333 maiestatem
906 3285 968 3342 tum
989 3274 1132 3335 coelestes
1151 3286 1214 3335 tum

76 3365 215 3413 terrenae
236 3364 386 3412 creaturae
406 3352 575 3444 suspiciant,
594 3371 681 3409 manu
704 3351 766 3410 eius
788 3362 934 3432 regantur,
954 3363 1057 3411 nutum
1077 3352 1215 3412 intuean-

76 3441 138 3500 tur,
158 3430 257 3488 rirtuti
277 3429 425 3489 subiectae
446 3440 514 3488 smt.
552 3429 657 3506 Neque
677 3425 753 3485 aliud
774 3428 879 3487 volunt
903 3426 1050 3506 Apostoli,
1071 3450 1160 3507 quum
1180 3426 1217 3487 il-

79 3504 139 3563 lam
170 3504 257 3565 toties
293 3516 540 3577 couinsemorant,
571 3524 656 3583 quam
685 3514 718 3561 ut
749 3503 809 3563 eius
831 3502 953 3563 arbitrio
983 3505 1122 3583 permissa
1153 3523 1216 3564 esse

77 3582 215 3641 universa
234 3581 372 3642 doceant.
413 3585 515 3656 Quare
536 3602 596 3640 non
617 3590 697 3638 recte
717 3578 770 3649 illi,
802 3580 852 3658 qui
872 3579 1084 3641 beatitudinem
1104 3579 1217 3659 simpli-

78 3658 156 3717 citer
174 3658 321 3739 designari
341 3671 456 3738 putant.
506 3657 603 3715 Porro
628 3655 700 3714 nibil
721 3657 813 3715 relert
833 3655 912 3736 quod
931 3658 963 3715 in
981 3656 1063 3717 Actis
1088 3662 1131 3732 (7.
1151 3658 1216 3731 dd)

77 3734 245 3813 Stephanus
267 3755 333 3794 eum
353 3747 479 3795 stantem
500 3753 531 3792 se
551 3733 649 3792 videre
670 3743 809 3806 testatur,
839 3733 905 3812 quia
930 3754 991 3792 non
1019 3733 1054 3792 de
1081 3735 1216 3811 corporis

76 3810 304 3886 constitutione,
324 3812 374 3871 sed
395 3809 509 3889 imperii
530 3811 678 3870 maiestate
698 3809 745 3870 hic
765 3808 880 3893 agitur?
899 3821 933 3869 ut
945 3807 1217 3873 sederenihilaliud

75 3888 116 3948 sit
135 3908 223 3967 qnam
243 3889 367 3949 coelesti
387 3884 528 3949 tribunali
547 3885 722 3966 praesidere.

75 4285 104 4344 3,
118 4192 260 4338 21)de
280 4221 306 4280 1.
320 4220 362 4273 so.
389 4217 457 4270 Phil.
473 4219 500 4282 a,
516 4217 541 4273 s.
573 4217 593 4269 1.
610 4214 672 4271 cor.
689 4217 732 4280 ιι,
747 4214 789 4270 ar.
823 4212 892 4285 sps.
908 4213 936 4279 s,
950 4212 996 4270 as.
1019 4211 1076 4267 au
1092 4213 1119 4278 a
1134 4210 1177 4269 ss
1194 4223 1220 4264 a

239 4306 260 4339 r.
278 4285 304 4348 1,
318 4287 345 4345 4.

844 4347 917 4415 220

204 1443 302 1503 liuteis
322 1444 481 1517 involutus,
501 1444 580 1522 quod
601 1444 630 1502 in
651 1443 786 1522 sepulcro
801 1443 947 1517 conditus,
967 1445 1047 1536 quod
1067 1445 1097 1504 in
1118 1467 1216 1508 resur·
1318 1478 1322 1491 =
