2700 4732
103 236 163 303 sss
495 228 571 290 uus.
592 227 648 291 111.
691 226 780 291 cur.
800 226 857 289 111.
933 306 936 313 ¹

43 368 65 423 -’
107 379 251 443 nascitur:
272 374 324 438 ubi
344 374 457 441 seilicet
475 374 578 451 humo,
619 375 711 435 errati
731 373 910 435 conscientia
934 382 1105 455 prostratus,
1135 390 1170 432 ac
1189 370 1252 432 Dei

107 459 215 519 timore
234 453 396 536 perculsus,
415 465 517 532 postea
536 454 566 512 in
587 394 645 512 liei
666 451 845 526 honitatem,
864 452 894 510 in
916 448 1163 524 misericordiam,
1181 469 1251 533 gra·

107 532 194 608 tiam,
224 530 364 604 salutem,
388 548 465 609 quae
485 542 528 591 est
548 549 602 610 per
622 528 789 603 Christum,
807 528 977 608 respiciens,
996 546 1061 588 sese
1080 526 1124 585 eri
1147 526 1179 601 it,
1199 547 1250 586 re·

107 610 210 692 spirat,
229 608 358 667 animum
379 605 503 689 colligit,
524 618 553 665 et
572 604 653 667 velut
673 626 690 665 e
710 613 807 666 morte
827 606 855 665 in
877 605 966 665 vitam
986 603 1073 663 redit.
1161 624 1251 663 evo·

12 715 20 739 ·
108 707 157 749 ces
170 684 294 766 quidem
314 684 397 757 istae,
417 683 440 743 si
461 683 551 743 modo
571 694 653 742 reeta
674 693 790 742 constet
808 681 1034 758 interpretatio,
1065 679 1120 738 vim
1140 681 1250 760 poeni-

106 763 218 825 tentiae
238 759 306 822 satis
327 759 482 820 commode
503 760 680 839 exprimunt:
698 759 750 818 sed
771 758 850 837 quod
863 756 1090 818 vivificationem
1101 756 1252 894 accquirunt

45 891 48 895 ,
107 861 164 921 pro
176 837 296 910 laetitia,
315 855 402 916 quam
422 834 528 915 recipit
547 837 659 896 animus
680 854 712 895 ex
728 833 952 914 perturbatione
973 846 1004 893 et
1022 844 1103 892 metu
1122 853 1154 894 se
1176 845 1252 910 atus,

108 937 171 976 nou
191 915 347 975 assentior:
370 933 460 992 quum
481 913 580 992 potius
599 923 699 972 sancte
719 912 826 1046 pieque
845 910 963 969 vivendi
988 908 1116 969 studium
1136 910 1250 993 signifi-

108 1003 167 1066 cet,
186 990 266 1071 quod
287 988 381 1050 oritur
400 1008 434 1048 ex
454 988 653 1050 renascentia:
674 987 756 1069 quasi
796 986 1083 1049 icereturhominem
1095 987 1251 1063 sibimori,

109 1081 143 1130 ut
160 1069 230 1128 Deo
249 1067 347 1125 vivere
366 1065 497 1145 incipiat.
848 1076 851 1083 ’
1225 1064 1229 1077 ’

186 1151 214 1208 4.
253 1143 323 1218 Alii,
343 1142 410 1222 quia
430 1141 569 1203 videbant
587 1141 666 1202 varie
687 1141 744 1202 boc
776 1160 885 1201 nomen
917 1141 947 1200 in
980 1139 1132 1221 Scriptura
1161 1159 1251 1201 aece-

129 1231 209 1295 tum,
240 1219 311 1280 duas
329 1230 493 1302 posueruut
512 1219 712 1299 poenitentiae
732 1219 855 1279 formas:
885 1238 955 1297 quas
986 1228 1019 1276 ut
1048 1228 1120 1277 nota
1150 1215 1251 1298 aliqua

109 1244 335 1378 distinguerent,
353 1294 473 1357 alteram
492 1294 618 1376 legalem
639 1295 789 1370 dixerunt,
809 1315 865 1389 qua
886 1305 1025 1374 peccator
1044 1293 1157 1374 peccati
1180 1315 1251 1355 can-

68 1388 70 1392 ·
110 1374 187 1435 terio
206 1371 391 1447 vulneratus,
423 1383 453 1432 et
471 1382 588 1431 terrore
607 1371 666 1434 irae
686 1371 744 1431 Dei
763 1382 894 1446 attritus,
920 1372 951 1430 in
972 1390 1005 1431 ea
1024 1369 1253 1462 perturbatione

113 1450 288 1512 constrictus
308 1447 494 1521 haeret,<nec
513 1469 545 1508 se
565 1447 709 1529 explicare
727 1459 835 1528 potest.
893 1447 1097 1543 Evangelream
1117 1445 1253 1522 alteram,

113 1548 170 1608 qua
190 1538 330 1607 peccator
348 1525 476 1606 graviter
496 1524 616 1604 quidem
634 1525 712 1605 apud
731 1544 762 1584 se
783 1525 920 1598 afflictus,
938 1524 1024 1586 altius
1042 1536 1141 1584 tamen
1153 1542 1252 1583 emer·
1287 1560 1302 1566 -

113 1604 167 1687 git,
197 1614 228 1663 et
248 1602 413 1677 Christum,
444 1599 573 1662 vulneris
592 1603 637 1662 sui
656 1601 841 1676 medicinam,
860 1602 982 1663 terroris
1002 1600 1253 1677 consolationem,

112 1680 247 1741 miseriae
288 1691 384 1738 ortum
405 1676 621 1757 apprehendit?
665 1678 781 1760 Legalis
806 1678 1010 1758 poenitentiae
1035 1675 1164 1757 exempla
1186 1696 1252 1738 esee

111 1758 227 1831 volunt,
259 1701 345 1831 liain,
378 1754 465 1827 Saul,
495 1753 597 1814 ludam
615 1754 665 1835 *):
698 1775 824 1833 quorum
844 1755 1055 1833 poenitentiam
1077 1754 1145 1813 dum
1165 1753 1252 1814 Scri-

112 1846 198 1927 ptura
219 1832 304 1892 nobis
324 1843 550 1904 commemorat,
581 1831 734 1913 intelligit,
765 1832 879 1912 peccati
903 1831 947 1891 sui
973 1832 1117 1914 gravitate
1137 1830 1252 1912 agnita,

111 1931 185 1971 uram
206 1909 264 1969 Dei
284 1908 426 1969 timuisse:
457 1907 507 1967 sed
528 1909 624 1968 Deum
646 1909 782 1968 duntaxat
800 1907 928 1969 ultorem
948 1918 979 1967 et
1008 1906 1134 1969 iudicem
1165 1909 1253 2001 cogi·

112 1997 218 2061 tentes,
238 1985 270 2045 in
289 2004 326 2047 eo
346 2004 432 2046 sensu
452 1984 603 2046 defecisse.
641 1984 723 2078 Ergo
749 2005 852 2045 eorum
875 1985 1059 2069 poenitentia
1083 2003 1145 2044 nou
1170 1982 1253 2045 alrud

112 2063 169 2125 fuit
189 2083 276 2156 quam
297 2061 445 2141 quoddam
466 2060 631 2122 inferorum
650 2075 775 2135 atrium,
829 2081 867 2120 uo
898 2061 955 2120 iam
987 2063 1016 2120 in
1048 2059 1101 2122 hac
1122 2061 1183 2122 vita
1202 2060 1252 2122 in·

113 2160 222 2222 gresn,
241 2149 405 2219 coeperunt
424 2140 441 2196 a
461 2136 536 2197 sarie
556 2140 615 2201 irae
633 2139 791 2199 maiestatis
841 2138 868 2197 ei
888 2158 998 2217 poenas
1016 2137 1095 2197 dare.
1152 2138 1251 2199 Evam·

113 2215 236 2298 gelisam
256 2214 468 2292 poeniteutiam
487 2214 618 2275 videmus
636 2217 668 2274 in
687 2215 839 2286 omnibus,
859 2214 910 2294 qui
928 2214 1042 2293 peccati
1055 2212 1248 2309 aculeoapnd

112 2311 145 2354 se
165 2291 332 2365 exulcerati,
351 2289 455 2351 fiducia
475 2301 570 2351 autem
592 2291 811 2353 misericordiae
831 2290 887 2350 Dei
909 2291 998 2350 erecti
1019 2303 1049 2349 et
1069 2302 1194 2351 recreatu
1212 2290 1249 2352 ad

111 2368 274 2429 Dominum
296 2367 429 2427 conversi
448 2379 517 2427 sunt
534 2367 599 2445 lll).
637 2367 816 2428 Perterritus
826 2379 869 2427 est
883 2367 1023 2427 Ezechias
1033 2379 1155 2447 accepto
1167 2388 1251 2430 mor·

111 2445 151 2506 tis
170 2445 293 2503 nuntio:
314 2443 364 2501 sed
385 2443 459 2502 lleus
480 2444 584 2515 oravit,
604 2455 633 2503 et
654 2444 682 2502 in
702 2443 760 2503 Dei
780 2444 942 2503 bonitatem
954 2443 1087 2518 intuitus,
1107 2442 1251 2505 fiduciam

111 2521 233 2615 recepit.
273 2519 451 2580 Conturbati
471 2531 539 2581 sunt
557 2520 705 2580 Ninivitae
730 2519 864 2580 horribili
886 2520 1107 2580 denuntiatione
1127 2520 1249 2581 excidii:

112 2596 163 2659 sed
184 2596 278 2656 rnduti
299 2616 383 2656 saeco
405 2607 435 2654 et
455 2595 556 2656 cinere
575 2608 712 2671 orarunt,
742 2608 893 2676 sperantes
919 2596 997 2675 quod
1024 2599 1157 2657 converti
1172 2616 1248 2689 pos-

111 2684 157 2735 set
176 2672 331 2747 Dominus,
351 2684 381 2732 et
400 2672 491 2732 averti
510 2694 526 2734 a
547 2672 648 2733 lurore
667 2674 727 2747 irae
746 2692 825 2734 suae.
864 2672 1025 2733 Confessus
1045 2687 1089 2734 est
1108 2673 1203 2734 Dand
1216 2693 1250 2735 se

104 2750 232 2827 ,nimium
252 2768 387 2829 peccasse
405 2740 436 2809 in
458 2749 640 2811 recensendo
666 2750 790 2831 populo,
816 2749 866 2810 sed
888 2749 1008 2808 adierit:
1047 2748 1163 2824 „Auser
1179 2751 1250 2810 Do·

110 2828 190 2887 mine
204 2826 389 2906 iniquitatem
408 2827 485 2886 servi
504 2827 579 2885 tui.“
616 2827 748 2908 Agnovit
766 2825 902 2885 adulterii
923 2827 1049 2903 crimen,
1071 2827 1250 2909 obiurgante

109 2904 243 2979 Nathan,
269 2913 349 2963 etse
369 2924 468 2964 eoram
488 2903 620 2963 Domino
640 2903 809 2995 prostravit:
836 2903 887 2962 sed
907 2903 1020 2961 veniam
1041 2902 1125 2962 simul
1146 2922 1249 2984 exspe-

111 2981 207 3042 ctavit.
258 2977 339 3051 Talis
365 2980 423 3039 fuit
441 3000 544 3040 eorum
579 2981 752 3056 oenrtentia,
771 2981 821 3060 qui
841 2980 877 3039 ad
898 2979 1144 3058 praedicationem
1165 2980 1250 3040 Petri

110 3057 280 3136 compuncti
299 3066 367 3117 sunt
387 3056 493 3128 corde,
513 3076 545 3117 se
575 3056 634 3115 Dei
654 3057 788 3116 bonitate
808 3055 911 3116 conlisi
930 3056 1121 3115 addiderunt:
1142 3056 1249 3132 „Quid

110 3132 249 3193 faciemus
267 3133 326 3192 viri
347 3133 492 3193 iratres?“
531 3131 611 3193 Talis
642 3145 671 3193 et
699 3133 781 3194 Petri
806 3133 911 3213 ipsius,
941 3134 992 3212 qui
1022 3132 1104 3192 flevit
1129 3133 1248 3212 quidem

111 3229 220 3283 amare,
240 3209 289 3267 sed
310 3228 429 3290 sperare
448 3229 509 3267 non
531 3209 626 3269 desiit.
649 3248 652 3253 -

162 3290 216 3347 ·5.
256 3286 340 3346 Haec
360 3306 524 3365 quanquam
551 3286 650 3346 omnia
675 3305 743 3345 vera
768 3297 850 3360 sunt,
883 3303 991 3344 nomen
1025 3297 1122 3345 tamen
1152 3287 1248 3367 ipsum

104 3363 298 3438 poenitentioe
329 3363 344 3440 (
366 3374 489 3421 uateuus
515 3381 548 3420 ex
569 3362 728 3441 Scripturis
754 3364 866 3441 assequi
887 3365 1020 3453 possum)
1052 3363 1138 3422 aliter
1168 3364 1249 3425 acci·

107 3437 249 3519 piendum
270 3449 322 3498 est.
345 3385 436 3497 qNam
457 3438 536 3516 quod
557 3437 643 3497 lidem
663 3438 717 3498 sub
753 3440 914 3498 oeuitentra
925 3438 1174 3518 complectuntur,
1195 3458 1273 3520 pu·‘

108 3524 180 3598 gnat
200 3534 266 3574 cum
286 3533 323 3575 eo
344 3514 425 3594 quod
444 3514 553 3574 Paulus
572 3514 602 3573 in
623 3514 704 3576 Actis
724 3459 794 3574 dicit
814 3518 895 3593 (Aet.
915 3522 963 3590 20,
982 3517 1058 3590 21.),
1077 3536 1109 3574 se
1130 3516 1248 3577 ludaeis

107 3612 142 3653 ac
162 3588 312 3651 Gentibus
331 3590 517 3651 testificatum
539 3590 571 3650 iu
591 3590 688 3651 Deum
713 3592 940 3671 poenitentiam,
972 3605 1002 3651 et
1027 3593 1114 3651 fidem
1143 3593 1172 3652 in
1201 3594 1248 3653 le-

106 3688 170 3728 sum
193 3667 351 3727 Christum.
402 3667 462 3726 Ubi
489 3670 629 3746 tanquam
649 3668 708 3729 duo
729 3668 855 3741 diversa,
875 3669 1089 3748 poenitentiam
1110 3681 1140 3729 et
1159 3669 1248 3729 fidem

105 3756 266 3805 enumerat.
306 3744 388 3819 Quid
415 3744 523 3824 igitur?
554 3743 601 3803 Au
635 3764 702 3805 vera
726 3743 912 3825 poenitentia
940 3745 1012 3805 eitra
1036 3745 1124 3805 lidem
1150 3746 1249 3807 eonsi-

105 3831 184 3883 stere
203 3820 321 3902 potest?
341 3821 472 3883 Minime.
517 3820 628 3880 Verum
649 3821 703 3881 etsi
721 3821 849 3901 separari
869 3841 930 3882 non
950 3834 1087 3901 possunt,
1108 3822 1250 3907 distingui

107 3909 208 3960 tamen
229 3896 350 3959 debent.
403 3896 660 3971 Quemadmodum
679 3897 743 3958 siue
761 3917 814 3977 spe
834 3897 905 3958 fides
926 3918 986 3960 non
1008 3909 1066 3974 est,
1099 3910 1129 3959 et
1147 3911 1249 3960 tamen

170 4208 184 4241 l
217 4207 284 4262 Gen.
302 4208 387 4273 413.
421 4207 441 4261 l.
459 4208 531 4262 Sam.
549 4211 592 4272 15,
607 4210 648 4264 ³0.
683 4208 776 4262 Matth.
794 4211 837 4273 27,
854 4211 878 4265 3.
897 4213 921 4265 4.

154 4283 185 4315 **
215 4276 428 4344 ΙΙ.Βος.20,2.
463 4277 611 4341 tecm
646 4279 727 4331 Ionae
753 4278 820 4341 ³,5.
856 4280 887 4333 ll.
906 4282 975 4334 Sam.
993 4280 1035 4344 21,
1053 4281 1101 4335 1⁰0
1121 4280 1153 4332 ll.
1175 4279 1246 4333 Sam.

102 4341 201 4411 1213.
219 4358 244 4399 et
261 4345 302 4402 lb
337 4345 495 4414 hetzdi.
530 4345 737 4412 Matthibdsth.
773 4347 834 4403 hur.
852 4351 895 4412 22,
912 4349 954 4406 bt.

760 4501 769 4529 Ι
