2700 4732
101 212 161 277 128
498 206 573 269 tm.
593 208 618 268 l.
657 208 746 271 CbP.
766 210 830 270 att.

103 364 150 415 tes
167 368 199 413 se
218 352 317 411 Deum
334 370 454 432 quoque
472 350 557 430 (licet
576 350 743 430 obscurius)
766 352 935 434 suggillare:
961 352 1042 413 cuius
1066 353 1099 413 in
1124 362 1225 417 contu

104 429 222 490 meliam
242 428 401 502 recideret,
424 429 448 488 si
469 428 539 508 quid
557 429 622 489 vitii
648 430 743 490 inesse
766 444 887 490 naturae
907 428 1091 510 probaretur.
1130 428 1225 505 Qut

98 526 180 589 ergo
203 506 349 566 videamus
374 516 491 564 earnem
515 504 629 563 inhiare
659 506 847 588 subterfugiis
871 506 1025 580 omnibus,
1055 504 1162 596 quibus
1186 491 1225 585 'l

107 602 224 662 cunque
243 582 367 640 derivari
387 580 444 640 alio
466 602 481 640 a
501 601 532 641 se
551 582 694 640 malorum
714 605 831 643 suorum
852 583 966 661 cuipam
987 584 1144 655 existimat,
1165 580 1225 641 lenit

106 660 235 719 malitiae
254 658 411 737 diligenter
420 657 594 717 obviandum
616 670 667 717 est.
706 657 807 737 ltaque
826 660 867 718 sic
886 660 1033 719 tractanda
1054 671 1097 718 est
1115 658 1225 729 bumatt'

130 735 226 795 eneris
251 733 410 806 calamitas,
439 745 472 792 ut
489 734 677 826 praecidatur
696 737 792 793 omnis
821 736 1039 814 tergiversatio,
1070 746 1101 794 et
1123 732 1225 795 institit

106 756 166 873 laet
186 811 221 870 ab
242 810 323 870 omni
341 809 557 869 insimulatione
575 811 745 870 vindicetur.
784 812 890 871 Postea
910 832 963 870 sno
984 811 1051 870 loco
1069 806 1225 871 videbimur

107 888 174 1025 glib-
193 896 221 951 2.
241 908 304 966 cap.
316 889 435 961 1-3.),
455 908 541 966 quam
561 886 650 965 longe
671 888 766 947 absint
775 887 910 947 homines
924 887 959 946 ab
972 907 1003 947 ea
1016 888 1161 967 puritate,
1178 904 1225 967 ¹1¹1

130 976 234 1025 enatus
253 963 349 1022 luerat
368 962 470 1021 Adam.
509 965 552 1022 Ac
573 966 666 1042 primo
687 964 846 1023 tenendum
868 976 921 1037 est,
942 985 1030 1042 quum
1051 984 1085 1023 ex
1103 966 1225 1041 terrael

109 1042 174 1102 luto
193 1050 323 1119 sumptus
351 1036 421 1113 suit,
446 1038 584 1099 iniectum
612 1040 698 1098 fuisse
728 1040 881 1120 superbiae
906 1042 1038 1099 frenum:
1069 1038 1136 1119 quia
1161 1034 1225 1097 nott

108 1118 200 1210 magis
218 1114 373 1176 absurdum
394 1126 438 1175 ett
456 1137 541 1194 quam
566 1137 616 1175 sua
636 1113 806 1176 excellentia
830 1117 960 1210 gloriari,
979 1115 1029 1196 qui
1054 1136 1116 1175 non
1135 1112 1225 1175 sotus

107 1194 242 1254 habitant
259 1191 409 1273 tugurium
430 1191 550 1265 luteum,
568 1193 618 1251 scd
631 1194 679 1270 qui
698 1205 766 1251 sunt
785 1194 840 1273 ipsi
860 1212 893 1251 er
912 1204 995 1271 parte
1014 1203 1091 1251 terra
1104 1202 1134 1251 et
1151 1189 1225 1251 einis

110 1270 203 1345 Quod
223 1279 318 1328 autem
338 1267 419 1327 Deus
438 1288 487 1328 vas
506 1280 664 1328 testaceum
683 1290 744 1327 non
764 1270 853 1328 morlo
880 1270 1007 1328 animare
1027 1269 1163 1349 diguatus
1183 1276 1225 1327 ert

108 1345 160 1406 sed
181 1346 267 1405 etiam
288 1343 468 1403 domicilium
489 1364 551 1403 csse
569 1345 663 1403 voluit
681 1344 853 1404 immortalis
872 1344 1001 1425 spiritus,
1020 1345 1083 1404 iure
1103 1344 1134 1402 in
1153 1352 1225 1403 tanta

108 1420 219 1483 lictoris
239 1420 283 1480 sui
302 1419 476 1479 liberalitate
495 1420 615 1501 gloriari
635 1422 732 1500 potuit
750 1421 844 1480 Adam
854 1422 898 1493 ¹¹⁵).

185 1503 215 1561 2.
253 1498 348 1557 Porro
370 1495 516 1556 bominem
537 1508 671 1557 constare
691 1496 785 1556 anima
807 1509 836 1556 et
856 1517 993 1575 corpore,
1012 1506 1091 1555 extra
1112 1504 1225 1555 enum

109 1575 235 1635 versiam
256 1593 317 1633 esse
337 1571 441 1631 debet:
466 1584 554 1652 atque
581 1572 693 1632 animae
718 1573 837 1631 nomine
858 1574 1010 1633 essentiam
1030 1569 1225 1632 immortalem

110 1662 236 1711 creatam
253 1661 352 1725 tamen
376 1648 525 1729 intelligo,
551 1670 625 1740 quae
645 1649 776 1708 nobilior
800 1650 860 1709 eius
886 1670 953 1730 pars
978 1660 1030 1708 est.
1081 1646 1225 1707 interdu!

80 1768 82 1773 »
108 1728 227 1787 siritus
251 1736 381 1786 vocatur.
429 1725 493 1784 Etsi
518 1745 595 1784 emm
622 1724 689 1784 dum
714 1726 798 1785 simul
826 1727 986 1806 iunguntur
1010 1725 1079 1784 baec
1105 1721 1226 1784 nomine

108 1801 323 1884 significatione
343 1801 419 1860 inter
443 1801 652 1862 sedifferunt:
677 1801 728 1860 ubi
752 1812 848 1861 tamen
875 1822 1004 1861 seorsum
1029 1801 1153 1881 punitur
1176 1790 1225 1881 e'pi

110 1881 202 1953 ritus,
220 1876 391 1938 tantundem
406 1876 483 1938 valet
502 1889 588 1958 atque
607 1880 716 1937 anima:
736 1879 819 1937 sicuti
836 1899 922 1957 quum
943 1877 1062 1938 Salom'o
1082 1876 1119 1935 cle
1139 1884 1225 1953 morta

108 1955 234 2033 loquens
253 1954 379 2031 (Eecles.
399 1960 450 2027 1⁶2,
470 1955 528 2030 7.),
558 1955 630 2014 dicit
652 1965 723 2013 tunc
741 1955 873 2033 spiritum
898 1954 934 2012 ad
954 1954 1050 2013 Deum
1069 1952 1131 2013 r'edi
1150 1972 1168 2011 e
1186 1970 1225 2089 x

110 2031 192 2091 dedit
210 2030 302 2088 illum.
342 2030 380 2088 Et
400 2030 532 2090 Christus
556 2031 687 2111 spiritum
712 2052 794 2090 suum
814 2031 895 2090 Patri
919 2030 1143 2103 commendans,
1167 2028 1189 2087 S

109 2108 224 2189 plranus
245 2107 331 2165 etiam
353 2106 489 2177 Christo,
515 2127 574 2166 non
596 2107 672 2165 aliud
692 2107 876 2188 intelligunt,
900 2128 988 2186 quarn
1007 2106 1058 2165 ubi
1076 2104 1173 2165 soluta
1193 2122 1225 2165 et

109 2206 126 2244 a
147 2182 239 2244 carnis
263 2180 410 2264 ergastulo
434 2184 544 2257 anima,
576 2182 672 2241 Deum
703 2202 765 2243 esse
790 2195 964 2263 perpetuum
989 2183 1049 2242 eius
1076 2180 1225 2241 custodem

111 2260 175 2334 Qui
193 2278 264 2318 vero
286 2260 411 2317 animam
434 2258 633 2338 imaginantur
657 2259 725 2318 ideo
744 2260 878 2338 spiritum
898 2260 971 2335 dici,
991 2260 1057 2338 quia
1076 2258 1164 2319 ssatus
1187 2256 1225 2317 ait

111 2347 163 2397 aut
185 2335 226 2394 vis
251 2334 388 2393 divinitus
412 2334 505 2394 inlusa
531 2334 721 2414 corporibus,
754 2356 828 2415 quae
852 2348 949 2396 tamen
974 2334 1099 2395 essentia
1122 2342 1221 2395 careat

112 2432 163 2471 eos
182 2408 266 2469 nimis
286 2430 379 2470 crasse
399 2410 459 2471 desi
482 2430 531 2470 ere
555 2424 585 2471 et
609 2432 654 2471 res
680 2413 754 2490 ipsa,
786 2424 815 2471 et
839 2424 902 2472 tota
922 2413 1072 2491 Scriptura
1098 2408 1225 2471 ostendit

111 2489 224 2546 Verum
244 2485 361 2565 quidem
382 2498 435 2562 est,
456 2431 522 2545 dum
543 2500 638 2547 terrae
659 2488 723 2568 plus
744 2489 819 2548 iusto
840 2489 917 2548 albai
937 2503 1004 2548 sunt
1021 2486 1166 2561 homines,
1184 2484 1225 2546 be

110 2563 219 2638 betari,
237 2563 309 2637 imo,
329 2565 396 2643 quia
415 2585 432 2623 a
451 2576 535 2643 patre
557 2564 695 2623 luminum
716 2565 831 2625 alienati
851 2577 928 2637 sunt,
947 2565 1077 2641 tenebris
1098 2584 1161 2623 esse
1180 2562 1225 2625 ob

112 2651 259 2713 enecatos,
278 2650 311 2697 ut
329 2660 361 2698 se
381 2660 396 2697 a
417 2652 512 2699 morte
533 2641 597 2699 lore
617 2641 785 2720 superstites
806 2663 867 2700 non
888 2642 1035 2721 cogitent:
1055 2640 1173 2699 interim
1191 2648 1225 2699 ta

111 2736 179 2776 men
201 2737 260 2775 non
281 2715 319 2774 ita
338 2716 368 2775 in
389 2716 519 2777 tenebris
539 2718 675 2777 exstincta
696 2717 742 2776 lux
763 2729 815 2791 est,
836 2718 904 2798 quin
925 2715 1150 2779 immortalitatis
1168 2734 1225 2777 tunt

111 2813 198 2854 sensu
217 2803 384 2873 tangantur.
425 2794 515 2853 Certe
536 2794 728 2867 conscientia,
776 2814 828 2852 uae
853 2798 929 2854 inter
950 2795 1058 2853 bonum
1081 2804 1111 2851 et
1128 2792 1225 2853 melun

111 2869 294 2942 discernens,
320 2868 377 2927 ltet
397 2869 504 2929 iudicio
525 2870 700 2949 respondet,
725 2816 875 2930 indubium
897 2883 940 2931 est
960 2869 1129 2929 immortalis
1148 2866 1225 2951 epiri·

110 2959 158 3007 tus
183 2945 307 3026 signum.
358 2946 522 3020 Quomodo
553 2947 629 3006 enim
657 2947 692 3006 ad
712 2946 769 3006 Dei
792 2948 921 3007 tribunal
945 2956 1116 3026 penetraret
1140 2954 1225 3011 mntn

76 3078 79 3082 ,
111 3022 173 3084 aine
194 3021 333 3094 essentia,
363 3033 393 3080 et
418 3033 561 3082 terrorem
582 3023 636 3082 sibi
658 3043 690 3080 ex
717 3035 799 3082 reatu
824 3024 987 3083 incuteret?
1033 3024 1139 3101 Neque
1159 3022 1225 3083 etti!

110 3097 266 3190 spiritualis
285 3117 399 3177 poenae
418 3110 498 3157 metu
518 3099 642 3158 afficitur
661 3120 783 3177 corpus,
808 3101 857 3159 sed
879 3101 907 3159 in
933 3100 1023 3160 solam
1044 3101 1168 3159 animam
1188 3116 1225 3159 eu

111 3177 170 3235 dn:
191 3174 269 3233 unde
287 3174 428 3251 sequitur,
448 3176 570 3234 essentia
590 3177 748 3254 praeditam
769 3198 838 3236 esse.
877 3176 939 3235 lam
960 3179 1018 3255 ipsa
1028 3176 1086 3234 Dei
1105 3176 1225 3257 cognitis

110 3250 178 3312 satis
197 3250 338 3330 coarguit,
353 3251 558 3331 animas,quac
577 3253 716 3313 mundum
736 3254 955 3327 transcendunt,
975 3272 1036 3312 esse
1049 3252 1225 3313 immortalet

112 3327 180 3407 quia
204 3326 238 3387 ad
263 3329 338 3385 vitae
363 3326 476 3387 iontem
502 3348 564 3387 non
596 3329 762 3407 perveniret
785 3330 871 3409 vigor
903 3324 1048 3388 evanidus.
1100 3328 1225 3409 lieniqn

133 3424 201 3461 uum
222 3413 269 3462 tot
293 3403 459 3482 praeclarae
481 3405 579 3476 dotes,
600 3404 705 3483 quibus
731 3406 855 3465 bumana
879 3426 960 3465 mens
980 3405 1089 3485 pollet,
1109 3404 1225 3466 divinita

110 3424 220 3559 iliqutd
240 3477 416 3557 insculptum
437 3480 465 3539 ei
484 3500 546 3540 esse
570 3481 733 3555 clamitent,
758 3483 881 3542 totidem
905 3493 972 3542 sunt
997 3481 1169 3542 immortalis
1193 3500 1225 3543 ee

110 3555 222 3616 sentiae
240 3554 416 3615 testimonia.
454 3558 528 3616 Nam
548 3559 598 3692 spui
624 3557 717 3618 brutis
736 3558 905 3618 animalibus
925 3560 1002 3617 inest
1019 3577 1136 3630 sensus,
1161 3568 1225 3617 extn

111 3653 219 3713 corpus
238 3651 301 3691 non
325 3632 490 3713 egreditur:
522 3652 556 3694 ve
590 3634 692 3694 saltem
717 3656 778 3696 nou
803 3636 918 3717 longius
942 3655 974 3695 se
999 3634 1128 3694 extendit
1153 3656 1225 3715 qnae

179 3919 208 4038 *p
224 3914 268 3970 De
282 3919 366 3988 prima
390 3919 504 3973 bominis
527 3920 626 3985 origine
642 3921 692 3974 vicl.
711 3921 782 3973 Calr.
799 3923 854 3975 adv.
871 3921 998 3985 Pighium.
1039 3924 1125 4040 lltppue
1142 3922 1178 3974 cle
1191 3922 1225 3977 itn

110 4002 195 4040 morta
207 3986 268 4039 itate
285 3986 387 4039 animae
404 3986 474 4039 Calv.
496 3989 524 4040 in
542 3988 804 4062 Psycbopannyclria,
828 4003 852 4039 ct
870 3990 1039 4042 instructione
1057 4010 1071 4041 a
1090 4010 1113 4040 v.
1130 3990 1225 4043 Liberat

37 4066 42 4073 '
110 4074 160 4108 nos
176 4076 196 4107 e.
212 4056 252 4111 11.
271 4057 311 4108 12.
332 4083 364 4095 —
382 4055 480 4107 t'llirum
498 4072 624 4125 quantum
642 4058 800 4127 discrepata
818 4056 1025 4109 Christianorum
1046 4056 1165 4111 doctrina
1182 4078 1225 4111 sert

110 4122 189 4175 tentia
206 4120 285 4174 Plinii
304 4123 360 4175 bist.
376 4137 428 4175 nat.
445 4123 491 4175 lib.
508 4127 531 4177 7.
550 4144 570 4175 c.
588 4126 640 4178 bii:
656 4123 809 4187 „Omnibus
827 4144 841 4175 a
859 4144 978 4193 suprema
997 4124 1040 4176 die
1057 4124 1225 4208 eademnque

21 4196 24 4203 '
110 4202 189 4252 „aute
210 4191 335 4258 primam:
362 4210 411 4243 nec
433 4192 513 4255 magis
533 4212 548 4245 a
569 4206 654 4247 nrorte
676 4212 762 4246 sensus
785 4192 853 4246 ullus
871 4208 915 4245 aut
937 4192 1044 4261 corpori
1069 4206 1113 4243 ant
1130 4210 1225 4246 animat

110 4274 210 4325 „quarn
228 4270 288 4308 ante
303 4260 406 4311 natales.
448 4258 547 4313 Eadem
575 4259 644 4312 enim
665 4260 761 4312 vanitas
783 4260 811 4312 in
835 4263 948 4313 futurum
967 4260 1044 4311 etiam
1061 4279 1089 4311 se
1105 4276 1225 4331 propagat

109 4322 201 4387 „etin
217 4324 309 4379 mortis
323 4346 431 4398 quoque
446 4341 566 4399 tempora
582 4329 637 4399 ipsa
653 4328 702 4383 sibi
712 4328 791 4386 vitam
805 4327 958 4383 mentitur.“
973 4326 1008 4380 Et
1015 4346 1082 4397 quae
1092 4346 1165 4399 seqq.
1176 4326 1225 4382 ibii
