2596 4726
77 220 136 283 194
465 206 543 268 ela.
563 206 616 265 lV.
655 205 745 269 CAP.
765 206 790 265 l.

82 354 200 439 qnando
220 352 281 415 eius
301 350 455 432 promissio
475 348 577 411 lallere
597 370 658 411 non
683 346 1094 441 potestqltlattb.18,fflt):
1116 348 1201 423 „Ubi-

84 450 201 523 cunque
221 430 279 489 duo
305 440 355 487 aut
377 439 437 487 tres
464 426 636 510 congregati
659 424 771 487 luerint
801 448 833 485 m
860 426 984 486 nomine
1006 446 1094 501 meo,
1121 424 1202 485 ibiia

83 508 182 570 anedso
203 526 304 565 eorum
324 508 416 563 sum.“
455 502 515 562 Sed
540 514 572 563 ut
591 524 728 563 summam
749 503 832 562 buius
847 502 894 569 ,rei
919 502 1034 581 liquido
1055 514 1202 575 teneamus,

84 586 129 646 bis
148 582 236 643 veluti
256 580 392 661 gradibus
412 578 658 660 progrediendum
678 591 735 640 est:
756 579 914 639 Ecclesiam
938 578 1134 639 universalem
1152 596 1204 637 esse

85 660 238 721 collectam
259 679 291 716 ex
311 656 530 736 quibuscunque
549 655 686 745 gentibus
704 654 936 727 multitudinem,
961 674 1038 732 qnae
1057 654 1204 715 intervallis

85 736 220 797 locorum
241 733 337 793 dissita
357 744 387 791 et
406 731 546 821 dispersa,
564 752 593 789 ιιι
615 752 700 789 unam
721 743 818 789 tamen
832 730 944 789 divinae
965 732 1121 791 doctrinae
1138 731 1204 791 reri-

85 824 176 873 tatem
196 810 370 881 consentit,
384 820 414 867 et
433 806 560 865 erusdem
585 806 638 885 seli
662 807 738 867 ionis
757 806 874 867 vinculo
893 805 1032 887 colligata
1052 818 1105 868 est.
1151 804 1203 865 Sub

86 887 143 949 bac
161 887 201 946 ita
221 881 430 965 comprehendi
449 882 576 963 singulas
597 827 748 955 ecclesias,
769 904 843 962 quac
864 883 1027 961 oppidatim
1048 895 1080 943 et
1098 882 1203 943 rieatiar

88 985 144 1045 pro
164 960 341 1022 necessitatis
360 959 501 1017 bumauae
525 959 639 1018 ratione
664 959 819 1037 dispositae
843 970 927 1033 sunt,
959 970 991 1019 ut
1021 974 1204 1037 unaquaeque

87 1058 198 1101 nornen
219 1035 469 1101 etauctoritatem
490 1034 644 1108 ecclesiae,
669 1034 733 1093 iure
753 1034 900 1094 obtineat:
921 1034 1054 1117 singulos
1073 1034 1206 1105 bomines,

110 1116 139 1175 ui
159 1114 273 1193 pietatis
292 1110 475 1203 professione
500 1112 579 1170 inter
597 1108 731 1171 ecclesias
751 1110 892 1170 eiusmodi
913 1121 1087 1185 censentur,
1107 1109 1205 1171 etiami

88 1212 106 1251 a
139 1188 260 1250 ecclesia
279 1199 336 1247 srnt
355 1206 457 1245 revera
477 1186 615 1261 extranei,
635 1187 670 1246 ad
689 1187 779 1266 ipsam
798 1197 895 1246 tamen
915 1186 1137 1265 quodammodo
1149 1204 1207 1267 per·

88 1267 195 1339 tiaere,
214 1261 440 1341 donecpublico
460 1262 566 1322 iudicio
581 1262 762 1323 exterminati
781 1262 900 1322 luerint.
930 1264 1110 1342 Quanquam
1131 1260 1206 1343 paulo

91 1343 201 1402 diversa
230 1351 274 1399 est
303 1340 333 1398 in
363 1340 483 1417 privatis
514 1338 681 1398 bominibus
705 1350 792 1417 atque
821 1338 851 1397 in
878 1338 1007 1398 ecclesiis
1033 1337 1206 1399 aestimandis

90 1418 174 1478 ratio.
213 1416 277 1493 Usu
306 1415 383 1475 enim
402 1416 502 1475 venire
521 1426 635 1495 potest,
658 1426 691 1473 ut
709 1436 783 1493 quos
813 1435 874 1473 nou
900 1418 1024 1475 omuino
1052 1414 1205 1493 putabimus

91 1494 120 1553 di
143 1513 197 1552 nos
216 1510 278 1551 esse
302 1490 418 1571 piorum
442 1492 607 1563 consortio,
632 1503 756 1550 tractare
781 1502 878 1549 tamen
903 1492 992 1551 instar
1021 1490 1160 1567 fratrum,
1183 1499 1208 1548 et

89 1570 109 1629 li
133 1569 218 1627 elium
237 1567 306 1628 loco
326 1566 433 1625 babere
453 1566 618 1639 debeamus,
636 1578 760 1645 propter
778 1588 961 1627 communem
982 1566 1125 1628 ecclesiae
1144 1584 1206 1627 coa-

90 1666 219 1721 sensum,
240 1664 299 1722 quo
319 1642 452 1702 leruntur
472 1655 501 1701 et
519 1643 684 1702 tolerantur
703 1644 732 1702 in
746 1642 854 1703 Christi
874 1662 1010 1722 corpore.
1049 1643 1139 1703 'l'ales
1155 1642 1205 1701 sul-

91 1722 187 1803 l'ragio
208 1732 309 1780 nostro
334 1739 395 1778 non
417 1718 612 1798 approbamus
635 1738 697 1779 esse
722 1719 860 1778 ecelesiae
884 1720 1028 1779 membra:
1060 1718 1113 1780 sed
1132 1738 1205 1799 quem

91 1798 123 1857 in
142 1795 323 1876 populoDei
343 1795 438 1855 locum
459 1808 570 1869 tenent,
590 1794 648 1855 illis
667 1794 865 1872 relinquimus,
885 1797 981 1854 donec
1000 1795 1135 1877 legitimo
1154 1795 1206 1853 iure

92 1875 243 1936 adimatur.
293 1873 333 1930 Aa
353 1871 389 1929 de
410 1871 469 1949 ipsa
493 1870 677 1931 multitudine
697 1870 782 1930 aliter
800 1872 985 1931 sentiendum
1007 1884 1068 1931 est:
1100 1889 1171 1949 quae
1186 1866 1206 1929 si

92 1950 283 2010 ministerium
303 1947 391 2006 babet
409 1946 506 2020 verbi,
534 1950 604 2006 etsi
626 1949 751 2007 honorat
770 1961 1016 2008 sacramentorum
1036 1948 1205 2007 administra·

93 2026 216 2097 tionem,
236 2023 355 2085 ecclesia
376 2023 478 2101 procul
494 2022 584 2082 dubio
605 2023 705 2083 baberi
725 2035 755 2082 et
775 2024 886 2084 censeri
905 2036 1049 2083 meretur:
1069 2026 1137 2102 quia
1153 2022 1205 2083 aine

93 2102 191 2162 fructu
215 2099 263 2159 illa
288 2120 349 2158 non
370 2117 432 2158 csse
456 2112 567 2159 certum
588 2111 639 2159 est.
688 2100 733 2159 Ita
754 2112 783 2159 et
804 2100 943 2160 eeclesiae
963 2100 1120 2160 universali
1136 2117 1203 2159 suam

92 2197 239 2240 servamus
268 2176 424 2247 unitatem,
456 2196 541 2253 quam
572 2176 715 2235 dissecare
739 2195 854 2254 semper
881 2176 1056 2236 studuerunt
1080 2170 1203 2236 diabolici

94 2254 224 2314 siritus:
255 2272 310 2311 nec
330 2261 489 2311 conventus
510 2251 670 2331 legitimos,
695 2252 745 2330 qui
769 2273 823 2331 pro
844 2253 975 2314 locorum
995 2252 1203 2334 opportunitate

94 2276 240 2389 distributi
258 2339 335 2399 sunt,
353 2348 403 2387 sua
423 2330 595 2387 auctoritate
617 2328 791 2387 fraudamus.

169 2411 217 2470 10.
256 2404 395 2483 Symbola
426 2402 565 2463 ecclesiae
589 2405 816 2485 dignoscendae,
845 2404 927 2467 verbi
957 2404 1202 2485 praedicationes,

94 2492 398 2557 sacramentorumque
421 2478 656 2539 observationem
701 2481 836 2540 osuinms.
888 2484 961 2541 Nam
988 2482 1058 2540 baec
1078 2496 1200 2559 nusquam

96 2577 157 2618 csse
176 2567 298 2635 possunt
317 2557 387 2634 quin
412 2555 600 2628 fructificent,
631 2568 661 2614 et
680 2502 737 2614 liei
762 2557 966 2617 benedictione
997 2566 1200 2637 prosperentur.

95 2636 165 2694 Non
186 2634 269 2707 dieo,
294 2632 460 2710 ubicunque
480 2632 662 2712 praedicatur
681 2633 818 2706 verbum,
838 2635 895 2692 illic
916 2635 1041 2692 fructum
1062 2654 1129 2693 moa
1145 2649 1199 2689 ero-

96 2712 160 2770 riri:
180 2710 230 2770 sed
250 2708 355 2768 nullibi
376 2709 434 2767 reci
447 2709 466 2767 si
487 2721 515 2767 et
534 2721 635 2768 statam
658 2708 765 2767 babere
784 2710 899 2784 sedem,
925 2710 979 2768 nisi
1000 2724 1033 2769 ut
1052 2732 1131 2769 suam
1149 2704 1199 2765 ett-

96 2788 203 2847 caciam
229 2787 367 2865 proferat.
418 2732 574 2864 lltcuuque
597 2784 634 2844 sit
658 2785 708 2843 ubi
734 2800 902 2845 reverenter
925 2787 1041 2845 auditur
1065 2780 1200 2865 Evangelii

96 2865 291 2943 praedicatio,
320 2882 416 2941 neque
439 2875 615 2922 sacramenta
636 2863 838 2943 negliguntur,
867 2863 925 2922 illie
950 2884 1004 2941 pro
1026 2883 1062 2922 eo
1083 2874 1199 2939 tempere

96 2960 193 3018 neque
224 2940 307 2999 lallnx
337 2959 432 3016 neque
456 2939 590 3018 ambigua
617 2940 755 2999 eeclesiae
787 2950 907 3019 apparet
931 2937 1034 2998 iacies:
1064 2939 1143 2997 cuius
1163 2929 1198 2991 etl

96 3016 296 3075 auctoritatem
316 3035 470 3093 spernere,
489 3014 534 3074 sel
553 3016 663 3074 uronita
683 3034 834 3093 respuere,
855 3014 899 3074 vel
919 3015 1047 3074 consiliis
1067 3008 1200 3092 refragari,

95 3090 141 3150 sel
162 3092 363 3169 castigationes
384 3090 498 3163 ludere,
524 3091 633 3149 nemini
653 3092 770 3170 impune
790 3092 870 3151 lieet:
897 3091 989 3151 multo
1009 3094 1105 3151 minus
1124 3091 1156 3149 ab
1171 3104 1198 3143 tt

96 3164 230 3241 delicere,
250 3188 282 3223 ac
304 3166 362 3224 eius
382 3166 554 3243 abrumpere
575 3167 714 3225 unitatem
736 3168 788 3248 (es.
808 3175 906 3256 capt.
927 3174 1093 3233 s.1.et10.
1113 3166 1198 3245 cap-ll

95 3262 117 3297 s.
137 3244 207 3312 iz).
246 3242 334 3300 Tanti
355 3244 430 3300 enim
457 3240 592 3301 ecelesiae
615 3264 684 3301 suae
710 3265 944 3303 courmumouem
971 3243 1042 3304 lacit
1060 3244 1199 3307 Dominus,

95 3325 127 3370 ut
148 3335 199 3401 pro
227 3318 374 3395 trarrsluga
400 3329 429 3375 et
454 3317 602 3377 desertore
626 3320 779 3399 ¹religionis
810 3320 929 3394 lrabeat,
961 3321 1198 3411 quicunqueset

94 3389 222 3466 qualibet
234 3392 397 3452 Christiana
415 3394 565 3467 socictate,
585 3415 657 3472 quae
677 3396 765 3453 modo
786 3396 980 3457 verumverbr
999 3419 1032 3457 ac
1052 3412 1200 3457 sacramen·

93 3476 191 3523 torum
209 3467 397 3526 nrirristeriurn
417 3470 509 3540 colat,
529 3473 738 3530 contumaciter
757 3471 897 3533 alienaris.
936 3473 985 3532 Sic
1006 3476 1067 3533 eius
1087 3466 1199 3534 auctori·

95 3552 182 3599 tatem
204 3544 401 3616 commendat,
432 3556 464 3601 ut
483 3546 550 3603 dum
576 3546 622 3606 illa
644 3547 783 3622 violatur,
812 3570 891 3607 suam
918 3550 1006 3629 ipsius
1037 3550 1199 3608 imminutam

95 3629 219 3676 censeat.
257 3618 360 3696 Neque
380 3622 454 3678 enim
475 3624 551 3699 parsi
571 3624 710 3683 momenti
731 3637 788 3696 est,
813 3626 892 3701 quod
917 3638 1038 3686 vocatur
1057 3626 1199 3699 „columna

95 3706 124 3753 et
144 3694 355 3752 firmamentum
376 3697 513 3771 veritatis,
535 3713 564 3759 et
584 3700 685 3760 domus
704 3701 783 3759 Dei“
803 3704 842 3777 (l.
859 3702 934 3759 Tim.
946 3705 1057 3778 3,15.).
1098 3698 1199 3775 Quibus

94 3769 189 3828 verbis
208 3770 351 3849 significat
369 3771 484 3843 Paulus,
505 3795 542 3833 ne
561 3776 714 3835 intercidat
731 3778 838 3837 veritas
852 3778 907 3836 Dei
928 3780 957 3836 in
977 3780 1099 3854 mundo,
1118 3772 1199 3836 eccle·

93 3844 162 3903 siam
184 3866 245 3905 esse
266 3846 347 3904 ladam
361 3848 421 3907 eius
438 3854 602 3910 custodem:
625 3852 689 3930 quia
709 3855 769 3913 eius
789 3854 951 3914 ministerio
972 3867 1002 3915 et
1022 3875 1110 3934 opera
1121 3846 1199 3911 voluit

92 3920 172 3980 Deus
193 3922 382 3999 puramverbi
402 3926 445 3983 sui
466 3928 709 4002 praedicationem
722 3933 895 4003 conservari,
915 3943 944 3989 et
963 3952 994 3991 se
1015 3932 1198 3991 nobisosteu·

93 3997 162 4054 dere
182 4000 426 4075 patrerrrlarnilias,
446 4002 513 4060 dum
534 4026 587 4063 nos
598 4005 794 4081 spiritualibus
807 4008 949 4067 alimentis
962 4011 1062 4087 pascit,
1081 4018 1111 4066 et
1122 4019 1197 4084 quae-

92 4093 207 4151 cunque
227 4074 262 4133 ad
281 4074 402 4134 salutem
421 4090 549 4137 nostram
571 4080 680 4139 faciunt
701 4096 844 4161 procurat.
888 4085 956 4144 Non
976 4083 1102 4164 vulgaris
1122 4079 1195 4139 etim

91 4147 162 4222 laus,
181 4151 261 4239 quod
281 4149 373 4210 electa
391 4167 600 4289 segreqataqne
614 4158 718 4217 dicitur
735 4160 879 4220 aCbristo
899 4161 929 4219 in
948 4178 1093 4239 sponsam,
1112 4166 1195 4235 „quie

90 4238 165 4284 esset
182 4246 245 4285 sane
264 4246 334 4359 rulqa
356 4240 386 4285 et
404 4250 486 4288 mace
498 4253 525 4305 a,
546 4252 650 4309 eorpus
671 4248 700 4293 et
720 4236 872 4314 plenitudo
893 4238 978 4297 eius“
1002 4236 1091 4316 (pr.
1110 4244 1138 4302 1,
1153 4232 1192 4311 ⁶3:

89 4309 120 4357 et
134 4306 163 4375 b,
182 4304 252 4378 22).
322 4302 379 4362 nde
397 4306 538 4384 sequitur,
558 4308 759 4371 discessionem
779 4311 814 4371 ab
836 4313 966 4389 ccclesia,
986 4314 1042 4372 Dei
1058 4304 1191 4370 cellbristr
