2700 4732
489 211 566 272 LIB.
587 210 640 272 tt.
679 208 769 274 CAP.
789 210 871 273 XIV.
1013 204 1014 208 ¹
1163 261 1166 267 -
1203 217 1262 279 att

118 365 207 431 tatur,
226 365 261 415 ut
280 376 312 415 se
334 355 525 415 meminerint
551 355 639 417 luisse
664 355 717 416 bos
740 356 793 417 ites
813 364 1073 429 testamentorum,
1102 351 1215 416 alienos
1242 373 1260 415 a

117 434 269 492 consortio
290 433 416 510 Israelis,
436 434 499 492 sine
518 432 603 508 Deo,
622 433 687 493 sine
708 376 828 493 dtr-isto
848 431 939 512 (pr.
957 437 988 503 2,
1007 432 1086 510 12),
1105 430 1177 491 dixit
1194 450 1258 492 uun

117 509 205 567 luisse
237 510 395 601 participes
428 509 678 570 Circumcisionis.
738 508 809 583 Quo
831 509 1033 588 metonymice
1055 507 1212 587 significat,
1238 527 1256 569 a

115 585 310 665 promissione
343 606 402 666 rpsa
429 585 560 646 exclusos
585 585 635 663 qui
660 598 799 647 tesseram
820 585 1023 666 promissionis
1042 604 1105 643 non
1125 584 1255 664 accepit·

115 672 189 721 sent.
210 699 247 711 -
284 662 331 721 Ad
353 682 456 722 eorum
475 682 546 724 vero
565 661 689 723 alterum
710 662 871 733 obiectum,
889 661 949 720 Dei
969 659 1094 744 gloriam
1113 660 1150 720 ad
1170 681 1253 722 crea·

114 749 194 796 tures
215 738 353 812 derivari,
385 740 491 817 quibus
516 751 631 799 tantum
650 739 768 799 virtutis
789 738 975 812 attribuitur,
1006 738 1106 819 sicque
1132 748 1253 799 eatenus

114 814 250 888 diminui,
269 816 450 907 respondere
492 828 639 896 comptum
661 828 716 892 est,
735 813 846 881 nullam
865 817 896 875 in
918 813 1058 875 creaturis
1077 813 1214 873 virtutem
1234 835 1252 875 a

113 890 201 950 nobis
221 911 336 970 reponi.
377 893 444 952 Iluc
464 836 603 952 duntaxat
621 892 758 968 dicimus,
777 890 874 950 Deum
894 890 999 950 mediis
1019 910 1052 949 ac
1072 889 1252 949 instrumen-

113 967 162 1039 tis,
182 988 257 1045 quae
277 967 414 1048 expedire
433 969 496 1048 ipse
516 969 676 1060 prospicit,
696 971 754 1029 uti:
776 981 809 1027 ut
828 969 890 1028 eius
910 966 1023 1049 gloriae
1042 965 1150 1049 omnia,
1162 966 1251 1027 obse-

114 1056 257 1122 quantur,
289 1045 407 1123 quando
435 1045 566 1104 oninium
592 1065 655 1126 rpse
673 1045 821 1106 Dominus
842 1055 937 1104 estet
957 1043 1076 1104 arbiter.
1114 1042 1197 1126 Ergo
1216 1054 1251 1102 ut

138 1139 170 1177 er
190 1139 295 1199 panem
317 1133 490 1200 caeteraque
510 1120 647 1182 alimenta
667 1142 794 1202 corpora
812 1131 912 1180 nostra
932 1120 1039 1200 pascit:
1067 1130 1103 1186 ut
1126 1139 1181 1199 per
1199 1139 1250 1181 ro·

112 1140 170 1254 llem
198 1198 338 1255 mundum
369 1197 528 1257 illuminat:
560 1209 593 1257 ut
616 1217 672 1290 per
701 1198 801 1279 ignem
830 1196 977 1257 calefacit:
1006 1214 1062 1257 nee
1080 1207 1178 1255 nmen
1198 1206 1251 1255 aut

112 1273 206 1351 panis,
225 1286 275 1333 aut
295 1273 350 1345 sol,
371 1286 421 1332 aut
440 1275 515 1354 ignis
535 1274 646 1353 aliquid
666 1286 749 1348 suut,
770 1274 824 1333 nisi
844 1285 987 1364 quatenus
1009 1272 1064 1332 sub
1084 1273 1118 1333 iis
1137 1273 1248 1332 instru-

111 1349 218 1406 mentis
238 1349 461 1410 benedictiones
480 1371 544 1409 suas
565 1351 653 1411 uobis
674 1350 834 1430 dispensat:
855 1361 895 1409 rta
915 1348 1105 1429 spiritualiter
1123 1367 1179 1429 per
1192 1347 1248 1408 Sa·
1284 1417 1289 1426 x

112 1437 260 1483 eramenta
280 1424 366 1483 fidem
388 1425 457 1496 alit,
479 1444 604 1503 quorum
625 1426 743 1485 unicum
763 1425 894 1485 silicium
915 1439 973 1497 est,
993 1426 1054 1486 eius
1074 1423 1247 1505 promissio-

110 1521 164 1560 nes
185 1501 277 1560 oculis
297 1503 404 1560 nostris
423 1501 597 1580 spectandas
616 1500 776 1577 subiicere,
808 1502 868 1561 imo
895 1501 981 1561 nobis
1001 1508 1100 1561 earum
1120 1520 1184 1573 esse
1201 1501 1246 1581 pl·

133 1598 214 1635 nora.
262 1578 302 1635 Et
320 1588 354 1636 ut
373 1588 506 1636 nostrum
526 1577 619 1637 estin
641 1579 763 1638 caeteris
783 1579 941 1653 creaturis,
965 1595 1039 1656 quae
1058 1576 1118 1651 Dei
1136 1575 1246 1639 libera·

109 1597 192 1711 fitate
224 1663 255 1710 et
278 1651 472 1712 beneficentia
498 1653 597 1713 usibus
627 1654 735 1713 nostris
760 1653 921 1713 destinatae
951 1665 1034 1725 sunt,
1085 1673 1185 1715 uarum
1208 1671 1247 1712 ue

109 1728 272 1789 ministerio
294 1727 434 1788 bonitatis
454 1748 522 1786 suae
541 1744 662 1789 munera
682 1728 769 1789 nobis
789 1728 927 1811 largitur,
956 1728 1027 1788 nibil
1048 1673 1172 1788 fiduciae
1188 1672 1245 1789 be-

109 1806 218 1886 figere,
251 1824 305 1863 nec
338 1805 418 1882 quasi
452 1803 524 1864 boni
554 1807 647 1865 nostri
673 1826 771 1866 causas
791 1806 928 1864 admirari
948 1816 977 1864 et
996 1803 1244 1885 praedicasset&

109 1900 208 1960 neque
227 1881 259 1938 in
280 1880 475 1940 sacramentis
495 1880 616 1941 haerere
635 1881 741 1943 fidncia
761 1893 860 1943 nostra
880 1881 984 1955 debet,
1013 1901 1069 1942 nec
1093 1881 1152 1940 Dei
1177 1879 1245 1963 glo·-

108 1960 153 2017 ria
173 1958 203 2014 in
224 1958 285 2036 ipsa
304 1948 471 2016 transferri:
489 1957 541 2017 sed
561 1957 674 2018 omissis
693 1957 841 2035 omnibus,
862 1957 898 2018 ad
918 1958 1011 2039 ipsum
1032 1968 1063 2017 et
1073 1956 1246 2018 Sacramert·
1267 1992 1272 1997 ·

108 2046 207 2170 qicquam
238 2045 269 2093 et
297 2053 396 2094 rerum
424 2035 556 2096 omnium
579 2046 731 2096 auctorem
756 2053 878 2118 surgere
903 2045 935 2094 et
953 2033 1024 2095 fides
1044 2045 1076 2095 et
1094 2033 1242 2102 confessio
1325 2071 1332 2091 .

129 2130 144 2169 e
170 2120 230 2169 ent.
1208 2128 1216 2137 ·

184 2192 231 2251 13.
272 2185 364 2261 Quod
395 2198 491 2247 autem
521 2207 556 2247 ex
578 2187 643 2267 ipso
669 2188 786 2249 demum
806 2188 990 2250 sacramenti
1014 2186 1136 2255 nomiae
1155 2190 1243 2281 argu-

106 2273 238 2323 mentum
259 2262 396 2322 nonnulli
415 2264 553 2338 afferunt,
573 2265 693 2326 minime
713 2267 827 2325 firmum
848 2278 900 2329 est
939 2265 1177 2337 Sacramentum,
1197 2286 1244 2324 ru·

107 2340 222 2420 quiunt,
242 2361 331 2418 quum
352 2340 456 2400 multas
477 2341 582 2433 habegt
600 2344 677 2434 apud
697 2342 839 2422 probatos
858 2353 994 2403 auctores
1005 2341 1243 2424 significationes,
1287 2378 1292 2392 ι

87 2423 193 2475 ·unam
214 2428 326 2476 tantum
348 2416 436 2476 babet
456 2438 530 2495 qnae
550 2439 639 2500 signes
658 2420 830 2479 conveniat:
850 2438 958 2497 nempe
978 2439 1033 2497 qua
1054 2417 1189 2479 sollenne
1206 2417 1243 2477 il·

105 2493 157 2552 lud
177 2494 371 2552 iuramentum
404 2493 427 2553 si
451 2494 559 2569 nilicat,
590 2496 668 2577 quod
701 2495 782 2555 miles
808 2496 984 2576 Imperatori
1004 2506 1134 2575 pusestat
1152 2515 1242 2575 quum

106 2570 227 2628 militiae
247 2571 388 2628 initiatur.
471 2582 481 2629 t
514 2574 591 2629 enim
615 2572 736 2633 militari
760 2572 813 2632 illo
838 2582 1021 2634 sacramento
1047 2571 1134 2630 fidem
1158 2591 1241 2631 suam

107 2647 298 2727 obstringunt
328 2645 505 2725 Imperatori
529 2650 601 2707 nori
626 2648 750 2724 milites,
781 2662 811 2708 et
830 2649 958 2708 militiam
980 2648 1171 2727 profitentur:
1199 2646 1241 2707 ita

105 2723 214 2780 nostris
234 2723 322 2802 signis
343 2722 490 2781 Christum
510 2722 724 2804 Imperatorem
744 2725 919 2803 profitemur
945 2734 975 2781 et
994 2721 1047 2782 sub
1068 2723 1129 2782 eius
1148 2722 1240 2803 signis

106 2817 161 2856 nos
181 2797 307 2856 militare
326 2809 476 2857 testamur.
512 2801 635 2858 Addunt
654 2798 983 2878 similitudines‚quibus
1002 2819 1063 2857 rem
1083 2798 1172 2879 magis
1194 2798 1241 2864 dt-

106 2872 232 2931 lucidam
254 2872 386 2936 reddant.
437 2875 479 2933 Ut
504 2887 574 2956 toga
599 2876 749 2936 Romanos
769 2897 784 2936 a
806 2877 928 2956 palliatis
949 2873 1070 2934 Graecis
1090 2875 1241 2937 discerne-

107 2949 171 3009 bat:
192 2961 226 3008 ut
245 2949 299 3027 ipsi
319 2950 397 3008 inter
414 2969 446 3009 se
466 2951 584 3010 ordines
600 2952 714 3011 Romae
732 2953 790 3015 suis
810 2949 949 3033 symbolis
969 2950 1239 3031 distinguebantur:

107 3027 271 3085 senatorius
297 3025 334 3091 ab
356 3028 482 3103 equestri
503 3049 631 3108 purpura
657 3040 688 3087 et
718 3029 826 3089 lunatis
857 3027 973 3089 calceis:
1006 3048 1120 3086 rursum
1140 3046 1156 3087 a
1176 3024 1240 3106 ple·

107 3103 176 3162 beio
198 3114 352 3192 equester,
371 3104 496 3162 annulo:
522 3105 560 3163 ita
581 3126 636 3165 nos
655 3104 788 3188 symbola
807 3115 906 3165 nostra
926 3116 1088 3242 gestamus,
1100 3121 1241 3182 quaenor

108 3181 275 3259 aprolanrs
296 3179 470 3238 discernant.
489 3218 528 3229 -
559 3183 600 3239 a:
619 3200 653 3239 ex
684 3182 883 3263 superioribus
915 3200 929 3237 a
955 3181 1031 3239 unde
1063 3180 1156 3260 liquet
1185 3179 1239 3273 (cl.

108 3268 179 3315 sect.
199 3258 252 3330 2.),
272 3268 384 3315 veteres
405 3257 454 3335 qui
472 3256 727 3316 sacramentorum
748 3278 856 3316 nomen
877 3257 899 3316 si
923 3260 966 3318 nis
985 3256 1166 3327 indiderunt,
1184 3276 1240 3317 mt-

108 3332 188 3389 nime
209 3332 365 3411 respexisse
397 3333 460 3410 quis
491 3333 592 3393 luisset
610 3334 692 3393 verbi
712 3335 797 3394 buius
816 3356 882 3394 usus
903 3275 1012 3394 Ietinis
1031 3330 1239 3413 scriptoribus:

108 3408 159 3468 sed
181 3429 285 3467 novam
305 3409 379 3468 banc
398 3410 641 3490 significationem
663 3431 717 3489 pro
736 3432 789 3471 suo
816 3409 974 3470 commodo
993 3408 1151 3483 allinrisse,
1180 3429 1239 3544 qna

108 3484 280 3563 simpliciter
298 3507 377 3545 secra
396 3487 478 3567 signa
500 3486 696 3567 designarent
736 3486 852 3561 Quodsi
878 3488 962 3547 altius
992 3486 1120 3568 argutari
1149 3505 1239 3546 vou-

109 3582 183 3630 mus,
203 3561 293 3618 videri
313 3576 436 3640 possunt
456 3563 557 3622 eadem
578 3561 710 3644 analogia
731 3585 840 3624 nomen
860 3564 919 3624 boc
936 3563 973 3623 ad
993 3561 1137 3622 eiusmodi
1149 3560 1240 3643 signi·
1323 3561 1328 3571 '

108 3637 275 3694 ficationem
300 3639 496 3713 transtulisse,
530 3659 587 3718 qua
606 3661 715 3699 nomen
736 3640 804 3700 fidei
823 3639 858 3700 ad
889 3660 955 3700 eum
974 3659 1108 3710 sensum,
1126 3636 1157 3696 in
1178 3656 1239 3716 quo

110 3734 190 3772 nunc
210 3725 373 3791 usurpatur.
415 3713 516 3788 Quum
536 3716 615 3775 enim
633 3715 705 3776 fides
723 3718 760 3778 sit
779 3717 809 3776 in
829 3716 1011 3797 praestandis
1029 3713 1176 3796 promissis
1187 3731 1243 3772 re-

109 3790 193 3847 ritas:
214 3789 299 3847 fidem
320 3801 416 3849 tamen
437 3792 572 3851 dixerunt
591 3793 808 3867 certitudinem,
826 3813 878 3853 sen
898 3804 1007 3853 certam
1024 3789 1243 3871 persuasionem

111 3886 184 3944 quae
205 3866 241 3923 dc
261 3867 322 3955 ipsa
342 3867 463 3927 veritate
489 3867 655 3928 baberetur.
696 3867 743 3928 ad
768 3869 846 3930 bunc
870 3868 1007 3940 modum,
1031 3889 1120 3948 quum
1145 3885 1242 3926 sacra-

109 3955 241 4000 mentum
262 3954 299 4001 stt
318 3943 434 4019 militis,
454 3963 513 4024 quo
533 3965 564 4004 se
583 3966 636 4004 suo
657 3944 835 4023 Imperatori
853 3957 957 4006 vovet:
989 3945 1123 4005 lecerunt
1142 3943 1242 4022 Impe-
1319 3942 1324 3955 ⁸

110 4020 227 4093 ratoris,
246 4034 308 4097 qno
328 4019 432 4081 milites
452 4021 482 4080 in
503 4022 622 4099 ordines
641 4022 772 4113 recipiat.
810 4022 957 4083 Dominus
976 4021 1054 4082 euim
1074 4040 1127 4100 per
1136 4019 1244 4078 Sacra-

110 4108 209 4155 menta
229 4116 260 4156 se
281 4096 367 4155 nobis
387 4098 417 4155 in
437 4097 534 4156 Deum
556 4098 621 4158 lore
640 4098 816 4177 pollicetur,
848 4110 878 4158 et
901 4118 956 4159 nos
973 4096 1032 4159 sibi
1051 4096 1117 4156 lore
1135 4097 1167 4155 in
1186 4114 1244 4174 po-

111 4172 221 4250 pulum.
260 4173 373 4232 Verum
392 4173 465 4234 tales
484 4195 516 4234 ar
538 4174 611 4235 utias
632 4175 806 4234 omittimus:
827 4175 944 4256 quando
964 4176 1032 4236 tatia
1052 4165 1245 4265 planisargu·

111 4252 219 4309 mentis
240 4249 380 4328 probasse
400 4251 471 4311 milri
490 4193 603 4328 adeor,
623 4251 696 4310 nibil
715 4250 793 4311 aliud
804 4264 959 4332 spectasse,
978 4270 1064 4331 quam
1084 4260 1118 4309 ut
1135 4246 1247 4340 signali·

114 4339 218 4386 carent
236 4328 318 4410 signa
338 4328 412 4389 haee
428 4338 593 4390 sanctarum
613 4340 644 4389 et
661 4326 854 4410 spiritualium
879 4347 977 4389 rerum
997 4345 1069 4388 esse.
1106 4323 1257 4393 similitu,
1316 4400 1320 4407 .
