2700 4732
523 208 604 271 tte.
623 208 649 270 l.
687 208 779 271 cte.
798 208 865 272 XV.
1227 220 1287 283 ης

131 368 213 435 taos,
230 355 395 437 imaginem
413 352 480 415 Dei
494 352 542 415 bis
561 352 660 435 ponit,
677 352 784 415 omissa
796 352 994 417 similitudinis
1016 356 1178 418 mentione.
1217 358 1285 420 Fri-

130 433 358 501 volu-autem
377 431 524 510 estquod
550 431 656 492 obiicit
682 430 843 505 Osiander,
874 452 936 492 non
963 433 1023 493 dici
1069 446 1162 495 artem
1188 435 1285 499 tumt-

131 508 573 662 “sltdttl'tfttttll
593 508 1284 675 llll},{ttlttt'lllt‘tllltlltt:

132 686 266 803 affl
276 684 361 801 tlaalils
368 681 483 812 ohndditi,
494 660 937 799 'ridlnoriileohidoilidllalliicilur
956 664 1282 804 :l'lnaiqaplu'ppcmrpquqlpq

134 818 190 881 ulti
209 816 317 877 dicitur
336 814 443 875 animal
464 814 625 889 rationale,
651 814 720 873 ideo
740 814 771 872 iu
791 836 899 895 eorpus
918 818 993 875 ratio
1013 816 1060 876 vel
1086 816 1290 899 intelligentia.

137 893 292 975 competit.
337 890 481 967 Quamvis
501 910 574 973 ergo
599 891 694 952 anima
721 892 840 951 nonsit
862 892 963 965 homo,
992 892 1151 951 absurdum
1179 906 1281 955 tamen

137 992 203 1031 mou
223 980 278 1043 est,
309 988 378 1028 eum
398 971 513 1028 animae
533 980 669 1048 respectu
688 969 788 1028 vocari
807 967 866 1027 Dei
886 968 1056 1050 imaginem:
1087 969 1141 1029 etsi
1171 972 1281 1050 princi·

137 1048 220 1129 pium
239 1046 321 1125 quod
341 1063 437 1125 nuper
462 1044 549 1125 posui
575 1045 708 1117 retineo,
739 1056 841 1123 patere
869 1044 929 1104 Ilei
958 1044 1087 1125 effigiem
1117 1044 1153 1105 ad
1184 1058 1281 1109 totam

138 1124 358 1205 praestantiam,
378 1140 436 1200 qua
456 1121 568 1181 eminet
586 1118 712 1181 hominis
731 1132 836 1181 natura
861 1122 940 1181 inter
960 1138 1064 1182 omnes
1088 1123 1303 1187 animantium.

138 1222 153 1261 s
208 1202 260 1259 ies.
299 1197 431 1258 Proinde
462 1196 515 1257 laac
546 1216 619 1258 voce
644 1210 766 1258 notatur
784 1198 947 1278 integritas,
966 1219 1023 1276 qua
1050 1200 1198 1277 praeditus
1222 1200 1281 1261 luit

138 1220 234 1337 ἔξω
254 1296 344 1356 quum
365 1284 446 1334 reeta
464 1271 661 1355 intelligentia
681 1273 821 1354 polleret,
843 1274 968 1334 allectus
988 1273 1110 1334 haberet
1129 1278 1280 1356 composi-

138 1362 187 1415 tos
205 1350 245 1415 ad
263 1353 422 1425 rationem,
440 1371 541 1411 sensus
562 1370 665 1409 omnes
685 1364 768 1411 recto
789 1351 896 1410 ordine
921 1362 1120 1431 temperatos,
1148 1372 1279 1433 vereque

77 1432 88 1501 ζ
141 1428 251 1489 eximiis
269 1427 390 1489 dotibus
409 1426 523 1507 opificis
541 1426 586 1486 sui
605 1427 805 1486 excellentiam
831 1426 965 1486 referret.
1004 1428 1049 1486 Ac
1069 1429 1197 1508 quamvis
1216 1430 1279 1510 pri-

143 1504 232 1565 maria
250 1504 336 1565 sedes
354 1503 470 1563 divinae
489 1503 622 1585 imaginis
642 1504 731 1564 luerit
750 1505 781 1563 in
801 1516 901 1563 mente
921 1516 951 1563 et
970 1504 1073 1577 eorde,
1097 1505 1145 1563 vel
1165 1506 1196 1565 in
1215 1506 1279 1567 ani·

145 1602 189 1641 ma
207 1580 329 1661 eiusque
347 1579 505 1662 potentiis:
539 1578 617 1643 nulla
642 1592 739 1639 tamen
761 1600 831 1673 pars
856 1579 912 1639 luit
931 1582 1019 1640 etiam
1037 1582 1187 1662 usquead
1208 1604 1277 1642 cor-

224 1655 255 1716 in
274 1678 333 1737 qua
353 1677 414 1716 nou
434 1654 576 1715 scintillae
596 1656 710 1735 aliquae
730 1668 880 1715 micarent.
920 1658 1043 1717 Certum
1055 1669 1109 1732 est,
1128 1658 1158 1717 in
1174 1658 1278 1737 singu-

146 1678 281 1795 lfletiam
301 1734 404 1825 paundi
422 1733 554 1825 partibus
574 1732 688 1815 fulgere
706 1733 884 1793 lineamenta
910 1732 1051 1813 quaedam
1071 1733 1185 1813 gloriae
1203 1734 1277 1795 Dei:

151 1810 221 1869 uude
241 1810 384 1891 colligere
408 1808 489 1882 licet,
517 1808 569 1869 ubi
595 1810 624 1868 in
652 1809 771 1871 homine
797 1809 913 1869 lucatur
938 1811 1000 1869 eius
1019 1810 1128 1889 imago,
1156 1813 1277 1871 tacitam

154 1884 260 1947 abesse
277 1886 450 1960 antithesin,
469 1904 545 1965 quae
570 1885 718 1946 hominem
738 1906 824 1964 supra
844 1886 912 1945 alias
938 1907 1040 1946 omnes
1060 1898 1206 1946 creaturas
1226 1906 1277 1945 ex-

109 1980 118 1994 ·
156 1960 274 2023 tulbtu
292 1965 375 2043 quasi
393 1973 510 2043 separet
528 1983 544 2022 a
563 1962 662 2045 vulgo.
699 1965 805 2042 Neque
826 1982 896 2022 vero
918 1962 1083 2042 negandum
1100 1974 1160 2037 est,
1183 1983 1276 2045 ange-

157 2036 195 2097 les
209 2038 242 2100 ad
259 2040 319 2099 Dei
336 2038 557 2101 similitudinem
577 2051 691 2099 creatos
710 2060 789 2113 esse,
818 2037 936 2117 quaudo
955 2059 1066 2098 summa
1085 2052 1186 2099 nostra
1206 2060 1277 2119 per-

155 2110 244 2189 fectio,
260 2128 335 2177 teste
355 2116 476 2177 Christo
498 2114 617 2251 qlllattlt.
636 2122 686 2190 et,
703 2118 778 2191 ae),
809 2116 875 2188 erit,
898 2114 1006 2175 similes
1025 2115 1081 2175 illis
1102 2116 1174 2175 fieri.
1213 2116 1276 2175 Sed

154 2210 211 2251 eon
226 2192 328 2255 lnrstra
346 2192 488 2275 peculiari
528 2212 565 2253 oc
584 2190 699 2275 elogio,
731 2193 790 2252 Dei
816 2212 887 2272 erga
907 2212 961 2251 uos
981 2192 1103 2272 gratiam
1123 2212 1276 2253 commen·

156 2264 204 2327 dat
216 2266 316 2345 limes,
334 2267 506 2352 praesertim
527 2290 616 2349 quum
635 2269 762 2331 visibiles
782 2279 896 2329 tautum
914 2269 1276 2331 creaturasltomiuicem·

156 2356 247 2487 ml·
280 2420 422 2483 Nondum
441 2430 539 2483 tamen
559 2422 625 2482 data
645 2440 708 2482 esse
727 2420 845 2482 videtur
863 2420 951 2501 plena
971 2422 1104 2503 imaginis
1128 2420 1276 2497 delinitio,

155 2494 205 2557 utut
232 2496 333 2559 elarius
351 2510 460 2579 pateat,
481 2499 586 2578 quibus
606 2498 791 2559 facultatibus
833 2498 969 2558 raecellat
988 2499 1096 2574 horno,
1117 2511 1147 2558 et
1166 2500 1275 2578 quibua

101 2623 109 2644 ,.
154 2574 289 2653 peculum
308 2576 423 2635 censeri
442 2576 549 2636 debeat
568 2575 680 2655 gloriae
699 2576 767 2635 Dei.
807 2520 841 2633 ld
861 2596 932 2634 vero
953 2597 1015 2635 non
1035 2576 1153 2634 aliunde
1172 2576 1276 2635 melius

91 2660 101 2732 ξ
173 2671 283 2711 ramex
302 2653 489 2732 reparatione
512 2664 668 2731 corruptae
700 2664 820 2710 naturae
852 2653 992 2731 cognosci
1023 2664 1131 2730 potest.
1190 2654 1289 2731 Quin¹

93 2734 110 2802 ξ
155 2668 247 2798 llam
263 2728 314 2787 ubi
333 2730 440 2788 excidit
458 2750 475 2788 e
494 2730 586 2811 gradu
606 2749 671 2801 suo,
691 2728 744 2787 hac
764 2728 931 2787 delectione
952 2728 1048 2787 alleo
1069 2728 1209 2787 alienatus
1228 2728 1279 2804 sit,

102 2810 105 2815 '
156 2804 262 2863 minime
280 2804 399 2865 dubium
420 2813 472 2865 est'.
532 2804 632 2879 Quare
658 2805 711 2863 etsi
738 2805 838 2863 demus
871 2825 932 2863 nou
959 2826 1078 2882 prorsus
1101 2806 1275 2865 exinanitam

95 2814 112 2959 ἒ
158 2880 319 2941 aedelstano
337 2883 368 2941 in
389 2902 425 2942 eo
446 2882 534 2943 luisse
553 2883 612 2940 llei
632 2882 799 2961 imaginem,
820 2882 860 2939 sic
880 2893 977 2940 tamen
999 2893 1139 2959 corrupta
1159 2881 1224 2953 suit,
1244 2892 1277 2941 ut

77 2961 108 3034 εξ
161 2954 283 3093 tp'ttq'ssid
300 2971 444 3093 quperest,
468 2959 614 3049 horrepda
632 2959 670 3051 sit
695 2959 874 3091 deformitas,
899 2958 1032 3034 Ideoque
1057 2957 1277 3047 recuperandae

167 3054 302 3199 maii,
321 3048 479 3191 tellit
498 3047 549 3171 tt
562 3048 1278 3200 'ia‘iiiii'lliiidf'sli'lliii‘iill'ssm‘qlii

77 3210 106 3265 s¹
170 3200 252 3319 m.
268 3206 368 3279 veram¹
384 3199 414 3248 et
432 3189 555 3248 solidam
575 3188 776 3276 integritatem
797 3198 932 3278 restituat.
954 3187 1095 3319 ¹Quamvis
1119 3206 1277 3318 enrmlqrvs·

77 3306 86 3323 “
174 3329 212 3393 n·
230 3262 1278 3425 tellit?ttl⁰.ltl:t‘“ttll'‘ltili‘tlattttlt'titt}

258 3436 309 3476 tem
329 3424 443 3499 gratiae
462 3438 626 3477 mensuram
647 3416 675 3475 in
695 3416 923 3497 regeneratione
936 3414 1138 3473 commendet:
1160 3436 1221 3473 non
1233 3426 1277 3473 ta-

77 3366 87 3397 ἑ

77 3442 122 3553 i:
176 3492 351 3553 ornatuum
372 3494 446 3553 illud
465 3507 553 3573 eaput
572 3492 662 3563 tollit,
682 3492 760 3551 hune
780 3492 1012 3571 regenerationis
1033 3511 1094 3550 esse
1114 3491 1214 3563 finem,
1245 3500 1279 3548 ut

77 3592 113 3628 u·
175 3578 222 3621 ¹¹⁰⁸
236 3562 348 3632 Christus
369 3572 407 3631 ad
427 3572 582 3653 imaginem
602 3570 660 3628 Dei
682 3570 832 3628 reformet.
872 3566 1278 3657 ltaquealibi(liol.5},19·)

85 3677 94 3690 ·
174 3656 262 3701 ³⁰¹⁸!
277 3644 421 3707 ltuminem
441 3648 576 3706 renovari
597 3648 686 3704 docet
704 3646 863 3705 secundum
875 3646 1029 3723 imaginem
1047 3643 1120 3718 eius,
1135 3665 1184 3720 qur
1198 3662 1280 3701 crea·

77 3738 118 3779 tt·-
171 3713 294 3805 'lllllm
331 3724 391 3785 cui
412 3723 572 3803 respondet
591 3723 663 3782 illud
687 3722 779 3801 (Epis.
799 3729 828 3789 l,
847 3721 927 3794 ll),
959 3720 1076 3777 tutatae
1096 3740 1204 3779 novrum
1226 3718 1280 3774 lto·

77 3818 96 3855 tt
169 3810 265 3873 mm,
281 3802 330 3881 qui
349 3801 511 3861 secundum
532 3799 629 3858 Deum
650 3809 763 3859 creatus
785 3810 836 3855 cst.
876 3796 938 3853 Iam
959 3797 1114 3854 videndum
1137 3807 1190 3867 est,
1210 3793 1281 3870 quid

81 3878 96 3933 i·
168 3872 265 3935 Mune
281 3878 335 3937 suls
357 3880 411 3937 lrac
431 3877 626 3937 renovatione
651 3872 883 3954 comprehendat
907 3873 1023 3932 Paulus.
1082 3872 1187 3929 Priore
1212 3869 1281 3929 lore

168 3950 324 4023 mitiorem
357 3954 457 4034 pouit,
493 3954 589 4012 altero
624 3964 722 4011 autem
759 3951 903 4009 sinceram
942 3950 1077 4007 iustitiam
1113 3959 1144 4005 et
1175 3946 1283 4005 sancti·

79 4050 96 4059 ³·
168 4030 249 4087 hen:
285 4030 364 4089 unde
384 4030 549 4112 colligimus
581 4027 668 4088 initio
700 4028 729 4085 in
761 4026 826 4086 luce
857 4026 978 4097 mentis,
1010 4024 1039 4082 in
1069 4023 1166 4081 cordis
1191 4021 1282 4079 recti-

86 4137 96 4155 .
169 4100 256 4180 tutius,
284 4107 472 4187 partiumque
500 4107 632 4167 omnium
660 4104 785 4164 sanitate
815 4103 1004 4180 conspicuam
1025 4101 1111 4160 luisse
1132 4099 1189 4157 llei
1209 4098 1282 4156 ima-

77 4170 98 4252 ‚l
168 4174 253 4307 Jsstm·
321 4184 501 4261 Quanquam
533 4182 612 4242 enim
650 4182 747 4239 latcor
778 4178 1004 4259 synecdochiras
1024 4177 1102 4233 'esse
1140 4172 1283 4253 loquendi

77 4295 125 4322 t.·'
180 4272 264 4331 ΝΜ,
283 4282 343 4320 non
363 4270 466 4341 potest
484 4272 582 4319 umen
602 4258 779 4337 principium
800 4257 856 4315 hnc
877 4253 1014 4324 convelli,
1045 4252 1124 4330 quod
1143 4252 1173 4309 in
1195 4270 1285 4310 reno-

116 4327 132 4443 p'
170 4332 260 4394 utone
279 4336 412 4421 imaginis
431 4336 492 4397 Dei
510 4337 699 4417 praecipuum
720 4346 780 4409 est,
812 4334 843 4392 in
867 4332 930 4410 ipsa
958 4331 1044 4391 etiam
1068 4328 1221 4390 creatione
1239 4338 1285 4387 te·

186 4428 424 4483 euttsttmsanstat.
991 4414 1012 4472 9
