2700 4732
466 166 471 175 “
504 188 579 251 nm.
599 189 651 249 1v.
691 186 779 254 etr.
799 189 823 247 1.
1007 285 1010 301 Ι
1167 190 1227 255 uos

100 333 141 417 ad
151 332 331 398 Dominum?
367 333 522 408 „Reducet
539 345 570 394 te
589 333 670 394 Deus
688 352 705 392 e
724 330 903 412 captivitate,
922 341 953 393 st
970 329 1156 392 miserebitur
1174 330 1227 405 tui,

100 423 159 489 „et
178 411 371 502 congregabit
388 423 419 469 te
429 431 461 469 ex
480 410 605 497 populis,
625 410 660 470 ad
672 430 745 489 quos
765 408 854 469 fueris
865 408 1018 544 dispersus.
1055 407 1089 467 Si
1108 408 1144 467 ad
1163 427 1227 467 car·

100 486 208 564 „dines
227 487 303 547 coeli
323 486 410 545 fueris
431 487 591 564 dissipatus,
610 486 678 545 inde
698 506 755 567 ego
776 496 805 544 te
825 484 907 546 recol
919 489 1028 566 igam.“

180 568 227 627 25.
265 562 324 623 Sed
345 561 415 623 nolo
426 564 675 622 enumerationem
694 561 843 634 inchoare,
858 581 931 640 quae
943 579 1089 638 nunquam
1099 555 1228 617 finienda

103 651 198 699 esset:
227 638 306 718 pleni
336 639 414 698 enim
439 650 506 699 sunt
525 638 692 717 Prophetae
714 636 857 696 eiusmodi
902 634 1132 722 romissinnihus,
1152 652 1227 713 quae

100 714 217 795 populo
236 715 357 775 inlinitis
380 714 537 774 sceleribus
557 727 701 792 cooperto
725 658 952 773 misericordiam
971 725 1067 772 tamen
1088 711 1227 769 ollerant.

102 790 199 865 Quod
219 792 329 871 gravius
349 801 393 850 est
410 789 551 871 flagitium
570 789 751 851 rebellione?
771 788 926 849 divortium
945 789 1023 849 enim
1041 788 1119 847 inter
1129 787 1227 845 Deum

102 877 139 925 et
157 865 304 926 ecclesiam
329 877 466 926 vocatur:
498 877 527 925 at
551 865 609 925 hoc
627 864 685 924 [lei
709 864 842 925 bonitate
865 876 1028 955 superatur.
1066 862 1164 937 „Quis
1184 872 1228 921 est

100 942 171 1017 „vir
189 943 300 1034 (inquit
319 963 371 1021 per
388 942 580 1013 Ieremiam3,
595 949 623 1007 1.
643 953 673 1001 et
691 947 766 1017 12),
785 940 865 1001 cuius
884 964 908 1001 sr
928 961 1000 1001 uxor
1019 960 1125 1018 corpus
1144 957 1227 998 suum

104 1017 267 1093 „adulteris
288 1018 486 1098 prostituerit,
515 1040 580 1078 curn
601 1037 633 1077 ea
655 1018 750 1076 redire
770 1018 799 1075 in
819 1017 941 1097 gratiam
961 1014 1117 1077 sustineat?
1156 1012 1228 1103 Tuis

101 1106 225 1170 „autem
245 1093 473 1155 scortationibus
492 1114 593 1154 omncs
612 1094 676 1153 uiae
696 1091 827 1172 pollutae
845 1104 913 1153 sunt
932 1092 1020 1167 luda,
1041 1089 1153 1170 repleta
1173 1090 1230 1148 sust

101 1180 206 1245 „terra
232 1170 322 1229 foedis
348 1169 494 1228 amoribus
515 1170 579 1229 tuis.
625 1168 786 1229 Revertere
805 1180 903 1229 tamen
924 1169 1042 1240 adme,
1072 1178 1102 1226 et
1121 1186 1177 1247 ego
1198 1178 1229 1225 te

100 1245 289 1324 ‚suscipiam
327 1245 486 1304 Revertere
502 1247 664 1318 aversatrix,
684 1267 744 1306 non
764 1258 891 1305 avertam
911 1257 976 1304 ate
997 1244 1097 1304 faciem
1118 1262 1229 1307 nasama

170 1321 177 1336 .
591 1323 599 1336 .
718 1322 725 1335 .
951 1328 970 1357 n
1035 1322 1043 1335 .

99 1333 483 1457 tlt‘ttittsttatss
499 1341 698 1476 ,ilidii
711 1332 990 1457 :tilfftt‘itltn
1014 1320 1147 1457 litt
1167 1337 1230 1455 '¹2⁰2

99 1473 224 1548 catoris,
242 1472 293 1532 sed
312 1474 402 1552 magis
421 1485 454 1533 ut
472 1487 674 1546 convertatur,
696 1485 726 1533 et
743 1473 822 1534 vivat
839 1471 961 1550 (Ezech.
981 1480 1029 1547 18,
1047 1477 1094 1536 23.
1110 1483 1140 1532 et
1197 1473 1230 1545 .).

99 1548 180 1607 Ideo
202 1570 288 1627 quum
311 1549 454 1628 templum
474 1551 614 1610 Salomon
641 1550 803 1624 dedicaret,
834 1549 864 1607 in
897 1548 973 1621 hunc
997 1570 1056 1627 quo
1079 1569 1116 1609 ue
1146 1568 1230 1607 usum

99 1622 280 1697 destinabat,
297 1638 331 1686 ut
341 1626 488 1685 orationes
505 1647 558 1705 pro
577 1625 756 1706 impetranda
768 1636 953 1704 peccatorum
964 1626 1047 1684 venia
1059 1569 1152 1685 iactae
1162 1623 1231 1683 inde

101 1699 317 1760 exaudirentur.
356 1701 410 1775 „Si
430 1701 644 1780 peccaverint,“
664 1701 779 1762 dicebat
798 1700 837 1779 (l.
849 1699 922 1781 lleg.
937 1706 967 1772 9,
981 1706 1027 1765 46.
1040 1704 1131 1780 sqq.),
1151 1699 1230 1773 „tihi

99 1774 182 1850 „lilii
200 1775 243 1835 tui
261 1780 337 1851 (non
358 1788 403 1836 est
422 1779 499 1836 euim
521 1779 610 1838 homo
623 1779 672 1857 qui
693 1798 753 1836 non
776 1779 902 1868 peccet),
922 1788 952 1836 et
972 1779 1061 1837 iratus
1079 1776 1231 1837 tradideris

100 1870 181 1928 „eos
199 1851 320 1913 inimicis
340 1853 413 1927 suis,
440 1865 470 1912 et
490 1855 604 1945 egerint
626 1854 837 1934 poenitentiam
861 1852 891 1912 in
913 1852 1003 1914 corde
1021 1873 1087 1929 suo,
1107 1865 1138 1913 et
1157 1873 1230 1913 con-

99 1928 201 2004 „verri
220 1927 368 2004 deprecati
388 1940 417 1988 te
437 1929 547 1989 luerunt
564 1930 594 1988 in
615 1930 780 2009 captivitate
799 1949 850 1989 sua
870 1929 1016 2002 dicentes,
1033 1929 1233 2002 Peccavimus,

102 2001 228 2081 „inique
248 2005 375 2085 egimus,
399 2018 428 2065 et
448 2006 594 2065 oraverint
613 2026 711 2065 versus
734 2016 841 2065 terram
861 2025 948 2083 quam
973 2003 1077 2065 dedisti
1100 2006 1232 2084 patribus

101 2098 241 2155 „eorum,
260 2091 291 2139 et
301 2100 401 2140 versus
421 2081 561 2160 templum
582 2082 637 2142 hoc
655 2092 802 2142 sanctum:
822 2080 954 2141 exaudies
973 2079 1003 2139 in
1024 2080 1110 2141 coelo
1132 2102 1232 2162 preces

99 2173 230 2232 „eorum
250 2166 280 2214 et
303 2156 510 2236 propitiaberis
552 2158 641 2236 opulo
662 2169 731 2229 tuo,
756 2157 805 2236 qui
825 2158 955 2237 peccauit
972 2156 1026 2216 tibi
1046 2169 1077 2216 et
1095 2158 1232 2221 omnibus
1310 2192 1317 2201 ’

100 2230 327 2323 ²,iniquitatibus
347 2253 458 2308 eorum,
478 2179 582 2313 quillus
603 2235 792 2312 praevaricati
810 2245 877 2293 sunt
897 2233 926 2293 in
946 2238 1007 2292 te.“
1045 2235 1107 2295 Nec
1127 2234 1233 2297 trustra

101 2327 138 2366 rn
147 2305 230 2384 Lege
250 2309 418 2387 quotidiana
439 2331 492 2388 pro
514 2311 639 2400 peccatis
658 2309 795 2369 sacrificia
807 2309 953 2391 Dominus
973 2309 1231 2390 ordinavit(Num.

101 2386 163 2456 28,
183 2384 242 2456 3·):
279 2384 332 2444 uisi
362 2386 438 2445 enirn
471 2386 587 2445 assiduis
616 2397 805 2464 peccatorum
834 2384 945 2446 morbis
974 2386 1117 2477 populum
1148 2409 1232 2451 auum

102 2457 240 2592 laborare
269 2460 412 2521 Dominus
445 2461 644 2541 praevidisset,
682 2460 904 2541 uunquamlilli
934 2464 1130 2524 constituisset
1159 2463 1233 2527 haec

102 2554 186 2594 reme
210 2556 243 2593 ra.
511 2588 513 2593 .
1170 2550 1177 2561 ·

181 2614 229 2675 26.
266 2610 314 2670 An
341 2610 470 2673 adventu
494 2611 619 2685 Christi,
643 2635 701 2692 quo
727 2612 880 2694 plenitudo
901 2615 1010 2695 gratiae
1037 2626 1147 2675 exserta
1168 2615 1233 2691 luit,

102 2684 166 2745 hoc
188 2686 353 2765 ademptum
379 2701 423 2748 est
441 2688 573 2747 fidelihus
599 2689 789 2761 beneficium,
816 2710 854 2748 nc
881 2711 935 2780 pro
956 2690 1131 2750 delictorum
1149 2693 1233 2752 uenia

104 2761 236 2821 audeant
252 2764 434 2842 supplicare?
454 2785 501 2837 ne,
521 2767 544 2823 si
565 2765 724 2824 Dominum
745 2766 938 2837 offenderint,
959 2764 1046 2824 ullam
1066 2766 1233 2826 misericor·

104 2836 183 2897 diam
207 2841 440 2919 consequantur?
480 2842 561 2914 Quid
588 2841 644 2900 ltoc
669 2844 725 2900 erit
747 2841 824 2900 aliud
851 2862 935 2918 quam
964 2840 1111 2901 Christum
1127 2843 1233 2903 'dicere

103 2914 138 2973 in
158 2933 275 2972 suorum
295 2916 453 2994 perniciem
473 2917 600 2991 venisse,
625 2939 686 2975 non
706 2917 842 2990 salutern,
867 2917 890 2975 si
932 2936 985 2975 uae
1011 2917 1040 2975 io
1060 2919 1152 2977 veteri
1172 2918 1199 2976 Τ
1202 2940 1233 2977 e·

102 3000 253 3050 stamento
284 2992 396 3051 assidue
428 2992 533 3052 sanctis
560 3007 655 3072 parata
681 3007 742 3053 erat
761 2993 818 3052 Dei
842 2937 1024 3072 induigentia
1048 2994 1078 3051 in
1106 2995 1235 3073 peccatis

105 3066 328 3140 condonandis,
360 3090 437 3128 nunc
471 3089 487 3126 e
519 3072 615 3127 medio
642 3070 752 3129 sublata
772 3067 894 3128 dicitur?
938 3068 1053 3142 Quodsi
1073 3068 1236 3150 Scripturis

102 3141 193 3200 fidem
214 3141 351 3202 hahemus
373 3145 478 3203 diserte
498 3144 703 3219 clamantibus,
736 3146 765 3205 in
789 3145 906 3206 Christo
926 3145 1042 3203 demum
1062 3146 1182 3226 gratiam
1205 3160 1236 3209 et

104 3218 316 3277 humanitatem
336 3221 456 3278 Donsini
481 3221 517 3279 avl
539 3222 655 3301 plenum
677 3223 856 3302 apparuisse,
878 3222 999 3279 cllusam
1018 3222 1235 3284 misericordiae

105 3292 303 3371 opulentiam,
336 3297 605 3357 recossciliationesn
630 3298 687 3356 Dei
712 3310 743 3358 ct
774 3299 921 3357 hominum
953 3296 1139 3377 adimpletam
1158 3300 1234 3377 (Tit.

103 3375 138 3440 2,
158 3376 204 3431 11.
224 3381 253 3429 et
271 3377 302 3446 3,
322 3379 350 3434 il.
381 3372 421 3429 ll.
442 3374 519 3431 Tim.
539 3381 569 3448 1,
587 3380 615 3438 9.
636 3386 666 3432 ct
685 3377 760 3448 10.):
787 3394 823 3432 ne
845 3371 1025 3448 dubitemus,
1050 3375 1119 3452 quin
1140 3376 1233 3441 multo

103 3445 266 3535 benignior
295 3447 381 3506 nobis
406 3449 556 3508 elementia
583 3450 717 3509 coelestis
736 3450 829 3508 Patris
856 3447 993 3507 exuberet
1013 3451 1124 3529 potius,
1149 3473 1234 3529 quarn

102 3521 232 3583 abscissa
251 3537 300 3582 aut
321 3523 470 3584 decurtata
491 3525 586 3584 luerit.
625 3526 809 3603 licquevero
831 3524 936 3584 slesuut
956 3523 1030 3585 illius
1051 3525 1235 3586 documenta.

105 3598 228 3671 Petrus,
260 3600 308 3677 qui
335 3600 466 3659 audierat
484 3602 657 3682 abnegatum
683 3602 719 3661 iri
741 3622 839 3660 coram
859 3600 969 3681 angelis
989 3601 1062 3674 Dei,
1092 3603 1141 3681 qui
1160 3605 1235 3683 apud

105 3674 240 3734 homines
260 3696 369 3734 nomen
383 3676 491 3736 Christi
513 3700 573 3735 nnn
594 3677 839 3751 essetconlessus,
856 3689 903 3736 ter
923 3699 977 3736 una
991 3692 1090 3750 nocto,
1109 3684 1237 3751 uecsine

106 3750 317 3824 exsecratione,
337 3753 492 3833 abnegavit
516 3755 621 3831 (blare.
641 3761 670 3830 ὃ,
690 3758 772 3829 38.);
794 3774 854 3812 non
877 3767 973 3811 tamen
995 3776 1010 3813 a
1032 3755 1115 3814 venia
1136 3754 1237 3834 depel-

104 3826 184 3886 litur.
235 3826 296 3900 Qui
328 3831 493 3889 inordinate
516 3831 654 3889 visebant
677 3832 752 3908 apud
772 3828 1062 3903 Thessalonicenses,
1085 3831 1126 3891 sic
1152 3833 1236 3893 easti-

104 3915 215 3985 gantur
234 3915 267 3960 ut
288 3905 446 3964 invitentur
466 3906 501 3964 ud
522 3906 731 3984 poenitentiam
754 3905 810 3982 (11.
824 3905 925 3965 Thess.
936 3912 966 3978 3,
977 3911 1005 3969 6.
1019 3907 1079 3983 ss).
1118 3908 1162 3967 Ne
1183 3908 1236 3987 ipsi

104 3978 226 4069 quidem
247 3979 362 4039 Simoni
382 4002 468 4062 mago
489 3983 653 4060 desperatio
680 3983 809 4042 iniicitur
829 3983 909 4060 (Act
929 3987 962 4053 8,
981 3982 1061 4057 bd),
1087 3983 1157 4061 quin
1183 4007 1238 4064 po·

104 4067 166 4189 crpus
185 4054 302 4114 iubetur
328 4057 404 4116 hene
427 4078 562 4138 sperare,
595 4081 684 4137 quum
710 4060 745 4118 ad
772 4078 873 4137 preces
893 4057 1055 4140 confugere
1074 4059 1178 4119 suadet
1195 4060 1238 4121 illi
1266 4094 1285 4129 a

134 4141 223 4190 etrus.

184 4213 233 4272 27.
273 4208 354 4283 Quid
382 4209 461 4289 quod
491 4221 566 4270 totas
598 4209 745 4271 interdum
771 4210 905 4270 eeclesias
927 4208 1096 4293 gravissima
1120 4224 1239 4293 peecata

106 4296 309 4364 occuparunt,
328 4307 345 4347 a
364 4285 470 4366 quibus
488 4297 587 4348 tamen
606 4306 654 4349 eas
666 4287 772 4351 Paulus
792 4286 953 4379 clementer
971 4286 1071 4369 potius
1082 4288 1241 4353 extricavit
