2700 4732
527 201 850 269 mmmm
1194 215 1307 304 m,

122 345 184 406 boe
203 357 265 419 est,
284 344 419 407 coelestis
437 345 562 427 Spiritus
583 366 742 484 organum,
761 350 841 411 cuins
859 324 1029 409 testimonio
1046 358 1105 411 stat
1123 362 1154 411 et
1171 353 1250 415 cadit

122 421 268 482 ecclesia?
298 443 335 482 an
361 423 528 482 divisionem
555 424 591 483 ab
617 426 673 485 slis
714 428 826 487 uaerit?
855 445 891 485 an
917 445 968 485 eos
988 446 1004 485 a
1025 426 1134 488 Christi
1153 448 1185 488 re
1228 451 1246 490 o

120 497 257 558 abdicat?
288 520 325 558 an
354 498 457 560 ultimo
484 499 672 561 anathematis
693 448 818 562 iulmine
842 501 927 563 ierit?
964 502 1032 562 Non
1058 504 1148 564 modo
1173 502 1247 567 nrbil

119 572 230 635 borum
259 576 334 654 agit:
363 576 412 633 sed
445 577 594 636 eeclesiam
626 576 735 638 Christi
763 590 989 657 sanctorumque
1017 578 1185 640 sotietatem
1216 592 1246 641 et

119 651 256 731 agnoscit
273 662 305 709 et
324 651 477 729 praedicat.
528 652 560 710 Si
579 652 658 712 inter
678 653 848 715 Corinthios
867 666 965 712 manet
985 654 1164 731 eeclesia*)‚
1192 657 1243 717 ubi

119 724 238 786 dement
249 726 464 799 contentiones,
483 740 590 801 sectae,
611 729 833 789 aemulationes:
853 728 903 787 ubi
914 730 978 788 lites
989 731 1088 809 vigent
1098 732 1242 813 etiurgia,

59 820 68 831 ·
116 820 189 863 cum
217 801 342 860 habendi
366 802 538 882 cupiditate:
568 804 619 862 ubi
659 805 731 864 alam
750 803 930 885 approbatur
947 805 1040 865 scelus
1059 806 1137 885 quod
1159 806 1241 867 Gen·

117 876 202 939 tibus
221 877 289 956 ipsis
309 878 387 937 soret
407 877 597 939 exsecrabile:
618 828 667 940 ubi
709 882 852 941 etulanter
892 881 1066 943 rdscinditur
1080 880 1165 941 Pauli
1186 903 1241 942 no·

116 970 207 1027 men,
225 973 310 1031 quem
331 973 383 1012 eeu
404 965 514 1031 patrem
535 955 633 1014 colere
653 903 827 1017 debuerant:
854 902 904 1016 ubi
924 957 1037 1035 quidam
1057 970 1240 1019 mortuorum

117 1030 366 1089 resurrectionem
397 1028 523 1089 ludibrio
556 1029 678 1103 habent,
709 1054 774 1092 eum
804 1030 884 1092 euius
907 1033 989 1091 ruina
1013 1044 1108 1092 totum
1128 1034 1241 1094 corruit

115 1103 325 1185 Evangelium:
344 1103 395 1163 ubi
416 1106 470 1164 Dei
491 1106 601 1186 getiae
621 1108 786 1182 ambitioni,
805 1128 865 1167 non
886 1108 998 1167 caritati
1015 1109 1160 1168 serviunt:
1185 1109 1238 1169 ubi

116 1179 265 1258 permulta
285 1180 455 1240 indecenter
474 1193 503 1239 et
526 1183 691 1243 inordinate
709 1197 866 1265 geruntur:
896 1195 926 1242 et
948 1184 1015 1244 ideo
1040 1195 1140 1244 manet
1158 1184 1238 1263 quod

114 1254 312 1315 ministerium
331 1255 413 1314 verbi
433 1268 463 1314 et
480 1259 803 1319 sacramentorumillic
823 1279 882 1318 non
903 1259 1086 1338 repudiatur:
1107 1260 1171 1338 quis
1190 1282 1243 1320 eu·

116 1330 190 1391 dest
208 1330 345 1391 ecclesiae
357 1331 473 1391 titulum
485 1334 598 1413 eripere
617 1336 661 1408 iis,
677 1335 782 1414 quibus
797 1336 906 1393 decima
921 1356 985 1414 pars
1004 1335 1125 1397 istorum
1145 1336 1242 1396 crimi-

114 1404 201 1466 nium
221 1407 341 1487 impingi
361 1411 506 1498 nequeat?
546 1410 606 1483 Qui
627 1423 708 1470 tanta
725 1411 895 1471 morositate
906 1410 1036 1470 saeviunt
1055 1410 1084 1469 in
1104 1432 1241 1501 praesen·
1291 1452 1294 1457 -

112 1492 165 1543 tes
184 1482 334 1557 eeclesias,
369 1484 437 1560 qurd
468 1504 575 1562 quaeso
596 1485 706 1545 Galatis
724 1486 860 1546 iecissent
878 1497 989 1544 tantum
1010 1507 1069 1546 non
1090 1486 1241 1568 Evangelii

114 1557 325 1693 ιζαιιῑοιῑῑιιί
339 1557 422 1677 (Cal.
442 1566 470 1633 1,
490 1562 546 1638 6.):
566 1561 642 1643 apud
662 1582 736 1641 quos
755 1560 947 1623 tamenridem
967 1561 1125 1640 Apostolus
1144 1562 1240 1624 eccle-

111 1653 173 1695 ms
192 1654 224 1692 re
246 1653 305 1693 erre
328 1647 369 1694 at.

194 1655 244 1775 15?
281 1709 433 1770 Obiieiunt
452 1711 538 1771 etiam
558 1713 637 1791 quod
652 1712 759 1772 Paulus
778 1712 905 1792 graviter
917 1709 1086 1774 Corinthios
1105 1709 1192 1771 ohinr
1228 1722 1242 1771 t

113 1782 161 1867 (Ι.
181 1784 252 1846 Cor.
270 1792 299 1859 5,
318 1788 390 1862 ib),
411 1788 477 1866 quia
497 1789 670 1869 flagitiosum
691 1787 837 1848 hominem
857 1790 886 1847 in
906 1808 959 1849 aun
980 1786 1175 1847 contubernio
1208 1806 1241 1845 e-

111 1871 197 1923 rant:
213 1861 328 1921 'deinde
347 1863 513 1953 generalem
533 1864 705 1923 sententiam
724 1864 825 1942 ponit,
849 1885 906 1942 qua
926 1863 1005 1923 nefas
1025 1882 1087 1922 esse
1098 1882 1241 1996 pronun-

111 1936 173 1997 tiat
191 1958 256 1997 cum
276 1937 395 1996 homme
415 1939 574 2017 probrosae
590 1940 665 1998 vitae
679 1937 726 1998 vel
747 1959 850 2017 panem
869 1938 1024 2005 comedere
1041 1938 1097 2017 (ibi
1118 1939 1241 2014 aaz).

112 2013 176 2073 Hic
195 2012 361 2086 exclamant,
381 2013 414 2072 Si
425 2014 574 2094 vulgarem
616 2036 699 2073 anem
710 2015 865 2074 comedere
879 2033 939 2074 non
959 2013 1039 2085 licet,
1057 2033 1161 2092 panem
1174 2013 1241 2073 Do-

110 2088 190 2148 mini
209 2089 363 2148 comedere
396 2090 423 2148 ui
443 2089 545 2149 liceat?
609 2101 692 2149 ateor
710 2102 790 2149 certe
809 2110 944 2171 magnum
965 2088 1105 2168 probrum
1124 2108 1196 2161 esse,
1214 2086 1241 2147 ri

111 2168 196 2225 inter
213 2163 287 2224 lilios
306 2111 486 2225 Deibocum
507 2164 634 2224 habeant
652 2166 734 2245 porei
755 2176 785 2224 et
803 2186 903 2225 canes:
928 2163 1021 2223 multo
1042 2165 1129 2223 etiam
1148 2163 1240 2223 mains

110 2238 216 2302 stillis
235 2243 660 2319 prostituatursacrosanctum
680 2240 788 2301 Christi
814 2262 929 2320 eorpus.
978 2241 1082 2318 Neque
1101 2259 1189 2315 vero,
1214 2237 1242 2299 si

110 2315 194 2376 bene
212 2328 440 2377 morataecrunt
458 2315 598 2376 eeclesiae
616 2317 773 2377 sceleratos
793 2316 822 2375 in
841 2319 908 2376 sinu
925 2336 979 2375 suo
999 2316 1110 2375 serent:
1128 2335 1185 2375 nee
1203 2313 1240 2375 ad

109 2412 228 2451 sacrum
259 2391 329 2451 illud
359 2392 474 2472 epulum
496 2392 600 2469 dignos
618 2390 703 2452 simul
727 2414 760 2452 ac
784 2393 923 2473 indignos
947 2391 1112 2469 promiscue
1134 2389 1240 2450 admit·

112 2479 190 2529 tent.
228 2467 337 2527 Verum
358 2468 423 2546 quia
448 2489 508 2526 non
529 2473 568 2528 ita
587 2470 688 2528 sedule
707 2489 823 2548 semper
840 2467 1002 2550 advigilent
1020 2478 1167 2546 pastores,
1191 2467 1238 2525 in·

109 2542 230 2603 terdum
251 2544 336 2603 etiam
355 2543 586 2625 indulgentiores
605 2557 674 2605 sunt
692 2567 777 2623 quam
797 2555 949 2623 oporteat,
972 2542 1022 2604 vel
1040 2542 1239 2622 impediuntur

112 2621 271 2698 quominus
297 2639 359 2679 eam
385 2641 471 2698 quam
497 2620 607 2680 vellent
631 2623 813 2681 severitatem
839 2638 974 2679 exercere
1000 2620 1125 2697 possint:
1154 2616 1239 2676 litut

112 2715 179 2757 non
201 2715 316 2775 semper
344 2696 572 2756 submoveantur
592 2698 677 2755 etiam
703 2698 796 2775 palam
822 2696 891 2753 mali
911 2717 926 2754 a
946 2706 1113 2753 sauctorum
1133 2702 1239 2752 eontu-

111 2769 232 2829 bernio.
270 2773 336 2832 Hoc
355 2774 457 2830 vitium
479 2792 540 2833 esse
561 2772 669 2832 fateor:
690 2792 787 2850 neque
798 2783 952 2828 extenuare
963 2768 1043 2836 volo,
1063 2790 1150 2847 quum
1162 2768 1240 2827 Pau·

111 2844 161 2904 lus
186 2846 290 2907 aeriter
314 2849 343 2907 in
364 2847 524 2909 Corinthiis
548 2848 750 2925 reprehendat.
796 2848 906 2903 Verum
931 2844 1040 2904 etiamsi
1060 2843 1179 2903 ecelesia
1205 2843 1237 2901 in

110 2920 216 2982 officio
235 2935 336 2998 cesset,
357 2946 416 2983 non
437 2925 504 2982 ideo
525 2923 657 3002 protinus
677 2922 898 2999 uniuscuiusque
913 2917 1016 2998 privati
1026 2918 1082 2979 erit
1100 2918 1240 2978 iudicium

109 2999 305 3076 separationis
325 3000 380 3059 sihi
399 3018 522 3059 sumere.
545 3032 586 3046 -
623 3000 691 3057 Non
712 2998 846 3077 equidem
867 3017 944 3077 nego
964 2995 1033 3075 quin
1053 2995 1094 3077 pii
1113 2993 1240 3054 bominis

109 3074 152 3134 sit
170 3072 207 3133 ab
227 3075 308 3134 omni
327 3076 436 3155 privata
456 3074 656 3154 improborum
677 3074 887 3135 consuetudine
910 3093 941 3132 se
959 3072 1138 3146 subducere,
1160 3069 1241 3131 nulla

110 3169 145 3211 ue
165 3148 327 3210 voluntaria
347 3174 410 3211 eum
431 3152 439 3210 i
462 3151 498 3210 sis
519 3150 730 3211 necessitudine
751 3150 912 3230 implicare:
943 3148 994 3207 sed
1018 3147 1095 3208 aliud
1115 3160 1159 3208 est
1177 3167 1239 3206 ma·

110 3226 211 3305 lorum
231 3226 335 3307 lugere
356 3174 597 3287 contubernium:
629 3226 723 3300 aliud,
742 3226 871 3306 ipsorum
892 3224 977 3297 odio,
997 3224 1137 3285 ecclesiae
1156 3243 1239 3283 eom-

111 3302 284 3362 munionem
304 3304 481 3363 renuntiare.
521 3301 613 3376 Quod
633 3314 728 3362 autem
746 3301 926 3394 sacrilegium
946 3320 1008 3360 esse
1027 3297 1239 3380 putant-parti·

111 3378 215 3456 cipere
233 3400 298 3438 eum
317 3380 373 3439 illis
394 3400 499 3459 panem
518 3377 653 3449 Domini,
671 3380 701 3438 in
722 3399 758 3438 eo
779 3379 933 3459 rigidiores
952 3378 1045 3438 multo
1064 3387 1133 3437 sunt
1151 3395 1239 3454 quam

108 3454 221 3518 Paulus
231 3456 297 3530 fl).
317 3458 391 3515 Nam
405 3477 493 3534 quum
505 3455 540 3514 ad
548 3466 675 3514 sanctam
686 3467 716 3513 et
727 3476 830 3534 puram
841 3454 1093 3534 participationem
1104 3472 1157 3512 nos
1171 3452 1240 3510 bor·

108 3544 208 3603 tatur,
232 3552 294 3591 non
315 3532 402 3612 exigit
422 3543 454 3589 ut
472 3553 547 3589 unus
566 3529 652 3588 alium
673 3532 829 3599 cundoet,
854 3542 904 3589 aut
926 3530 1122 3610 unusquisque
1147 3538 1240 3586 totam

111 3606 280 3669 ecelesiam:
306 3608 357 3666 sed
382 3620 414 3665 ut
439 3606 545 3685 singuli
563 3626 594 3665 se
615 3606 743 3685 probeat
760 3606 799 3683 (l.
820 3607 891 3667 Cor.
910 3612 962 3680 11,
980 3612 1029 3671 ⁶28.
1048 3616 1078 3665 et
1095 3604 1167 3678 29).
1205 3600 1240 3661 Si

111 3704 180 3747 cunr
200 3684 323 3764 indigno
351 3688 565 3742 communicare
591 3683 671 3742 nefas
695 3694 787 3756 esset,
816 3682 930 3742 iuberet
953 3696 1033 3742 certe
1052 3678 1159 3739 Paulus
1183 3698 1240 3739 nos

110 3760 351 3838 circumspicere,
371 3779 470 3817 annon
491 3757 592 3835 aliquis
611 3757 641 3815 in
660 3757 845 3817 multitudine
865 3768 940 3819 esset
959 3760 1038 3817 euius
1058 3753 1239 3816 immunditia

153 3835 328 3895 llucremur:
349 3856 428 3893 nune
448 3855 536 3911 quum
557 3833 761 3911 probationem
781 3834 825 3893 sui
846 3835 973 3913 ipsorum
992 3833 1087 3894 solum
1106 3853 1122 3890 a
1141 3831 1241 3911 singu·

106 3856 153 3977 Ε)
165 3912 300 3990 rennuit,
319 3910 449 3970 ostendit
467 3910 590 3969 minime
660 3908 668 3924 ’
759 3976 765 3985 ,
797 3910 908 3989 ,siqui
927 3907 1242 3993 indignisenobiscum

105 3990 260 4073 figuram.
304 3987 369 4047 Nee
392 3986 451 4046 alio
477 3994 608 4066 spectat·
850 3986 982 4077 subiicit:
1012 3985 1097 4063 „Qui
1121 3982 1241 4065 indigne
