2700 4732
556 204 634 265 ms.
654 204 679 264 1.
719 182 808 267 csr'.
829 206 881 266 ιι.
1249 218 1291 279 rc

137 362 168 413 et
204 352 287 412 intre
309 350 378 425 ide,
405 361 496 431 atque
521 348 598 410 adeo
622 338 731 431 magna¹
747 350 914 424 alacritate,
944 364 1102 431 oppetere:
1134 372 1190 413 nos
1215 376 1283 417 error

137 429 187 491 tall
205 428 294 488 arrba
318 447 381 487 one
399 428 436 487 ad
455 447 512 497 nos
536 427 748 501 transmissam,
781 428 834 508 qui
859 449 921 488 non
947 441 1027 488 certa
1054 440 1085 488 et
1108 431 1282 493 inconcussa

135 505 330 587 persuasione
362 500 597 583 susciperemus?
646 503 716 561 Non
748 525 821 599 ergo
852 516 897 565 est
927 505 1083 565 mediocris
1108 506 1280 585 scripturae

136 581 412 719 lttffllt‘ladt‘
432 580 1278 719 iifiiinidgiiied'iiiriFiffi²iiirlliiiii⁵m

135 680 719 885 ami.:::.‘³::::².d:::.:²:
732 734 1173 871 ‘2::l::.⁵::::¹s.::::⁰¹
1192 682 1278 871 d·

135 900 207 948 sunt
237 907 293 947 nec
321 905 435 967 paucae
464 906 521 946 nec
551 831 696 946 insalidde
721 854 872 961 bationes,
903 855 1009 967 quib’us
1033 908 1083 947 sna
1104 855 1275 967 scripturae

136 963 262 1047 dignitas
281 984 316 1021 ac
335 961 471 1021 maiestas
490 982 552 1022 non
572 962 664 1021 modo
683 978 829 1024 asseratur
853 965 908 1041 piis
934 962 1119 1043 pectoribus,
1150 964 1201 1023 sed
1222 964 1273 1023 ad-

135 1062 233 1101 sersus
259 1038 508 1099 calumniatorum
539 1038 659 1099 teebnas
689 1041 809 1120 egregie
828 1041 1004 1100 vindicetur:
1037 1039 1087 1099 sed
1108 1059 1184 1117 quae
1210 1060 1273 1099 non

133 1118 199 1177 satis
218 1135 325 1197 perse
344 1113 463 1174 valeant
483 1114 518 1173 ad
538 1116 648 1176 lirmam
667 1116 708 1175 illi
730 1116 817 1177 fidem
837 1117 1071 1195 comparandam,
1091 1116 1188 1175 donec
1207 1118 1272 1176 eius

133 1192 330 1254 reverentiam
350 1190 488 1250 coelestis
506 1191 605 1265 Pater,
623 1213 678 1251 suo
699 1192 758 1252 illic
778 1193 897 1252 numine
918 1194 1077 1272 patefacto,
1095 1192 1177 1251 omni
1197 1211 1272 1252 eon-

89 1286 91 1297 ·
133 1268 276 1331 troversia
296 1266 407 1326 eximit.
446 1264 549 1339 Quare
567 1280 629 1326 tum
641 1287 713 1327 vere
733 1269 849 1328 deornm
870 1271 905 1328 ad
925 1269 1077 1329 salvificam
1089 1267 1147 1327 Dei
1165 1268 1271 1348 cogni-

132 1346 243 1405 tionem
263 1344 422 1422 Scriptura
446 1342 619 1417 satisfaciet,
650 1344 700 1404 ubi
725 1346 859 1405 interiori
880 1346 1008 1424 Spiritus
1031 1344 1123 1404 sancti
1170 1364 1269 1402 ersua-

132 1422 211 1482 done
232 1418 357 1479 lundata
378 1418 468 1476 luerit
486 1419 548 1477 eius
568 1420 722 1479 certitudo.
762 1424 848 1494 Quae
861 1442 932 1480 sero
951 1421 987 1478 ad
1007 1440 1070 1478 eam
1091 1366 1270 1479 eonbrman-

135 1496 192 1555 dam
212 1496 343 1554 bumana
356 1504 470 1553 exstant
488 1494 668 1567 testimonia,
686 1498 727 1556 sic
740 1498 835 1559 inania
849 1519 909 1556 ιιοιι
927 1508 1024 1570 erunt,
1043 1496 1067 1555 si
1080 1494 1268 1585 praecipuum

135 1572 198 1633 illud
219 1582 252 1631 et
269 1592 431 1641 summurn,
449 1570 533 1629 velut
551 1573 720 1633 secundaria
737 1586 855 1633 nostrae
866 1572 1071 1632 imbecillitatis
1083 1568 1268 1642 adminicula,

135 1648 355 1728 subsequantur.
401 1646 462 1725 Sed
488 1648 589 1725 inepte
618 1647 731 1708 faciunt
750 1651 800 1731 qui
825 1651 944 1741 probari
964 1649 1070 1708 volunt
1090 1645 1267 1720 infidelibus,

136 1722 312 1815 Sciipturarn
338 1742 403 1783 esse
427 1722 551 1784 verbum
570 1723 643 1783 llei:
675 1726 772 1805 qnod,
802 1728 857 1787 nisi
883 1727 956 1798 lide,
988 1723 1129 1805 cognosci
1154 1722 1265 1800 nequit.

136 1800 233 1861 lento
253 1801 357 1879 itaque
378 1799 579 1885 Augustinus,
611 1802 661 1879 qui
686 1804 825 1880 pictatem
846 1815 876 1862 ct
900 1825 1002 1895 pacem
1028 1800 1134 1859 trientis
1154 1797 1264 1857 debere
1327 1864 1332 1879 Ι,

136 1877 303 1955 precedere
326 1874 489 1948 admonet,
521 1886 555 1933 ut
577 1876 615 1937 de
637 1880 727 1941 tantis
757 1880 846 1943 rebus
868 1879 979 1961 aliquid
999 1878 1090 1938 bomo
1110 1874 1263 1957 intelligat.
1322 1882 1328 1899 ¹

136 1952 193 2031 (ff.
209 1954 248 2015 da
266 1952 399 2015 utilitate
419 1951 590 2031 credendi.)

513 2290 768 2363 CAPUT
818 2296 879 2364 lX.

89 2488 92 2499 ·
135 2458 255 2520 Omnia
278 2460 435 2540 pietatis
461 2461 643 2540 principia
663 2472 835 2520 evertere
861 2462 1060 2535 fanaticos,
1085 2462 1144 2538 qui
1165 2472 1262 2538 post·

219 2552 349 2615 babita
370 2553 566 2634 Scriptura
584 2554 626 2615 ad
644 2553 913 2615 revelationem
934 2553 1174 2613 transvolant

196 2714 225 2771 1.
264 2706 369 2767 Porro
391 2707 442 2786 qui
461 2707 614 2786 repudiata
634 2706 796 2786 Scriptura,
817 2710 915 2768 nescio
936 2729 1021 2787 quam
1043 2705 1079 2765 ad
1094 2707 1189 2764 Deum
1231 2722 1262 2761 e·

135 2784 256 2843 netraudi
276 2785 357 2844 eiam
379 2782 579 2864 imaginantur
589 2784 641 2861 *),
674 2792 814 2843 nontam
834 2805 936 2844 errore
960 2784 1054 2842 teneri
1076 2803 1161 2861 quarn
1182 2726 1263 2840 rabie

136 2858 261 2939 uagiufi
278 2860 407 2940 putandi
421 2872 498 2919 sunt.
535 2859 729 2919 Emerserunt
747 2862 826 2920 enirn
848 2882 942 2940 nuper
952 2861 1025 2918 verti
1049 2859 1263 2936 inosiquidam,

137 2934 181 3012 qni
198 2934 326 3015 Spiritus
348 2936 548 3017 magisterium
570 2936 775 2996 fastuosissime
795 2936 1008 3010 obtendentes,
1028 2880 1186 2996 flectionem
1208 2934 1263 3013 ipsi

135 3030 241 3071 mem
260 3025 427 3091 respuunt,
451 3025 481 3071 et
501 3032 604 3072 eorum
619 2999 748 3071 irrident
772 3014 1003 3093 simplieitatem,
1028 3013 1078 3091 qui
1098 3020 1260 3069 emortuum

135 3088 379 3163 etoccideotcm,
411 3100 444 3147 ut
462 3088 516 3167 ipsi
536 3102 659 3161 vocant,
688 3089 799 3148 literam
820 3091 915 3149 adbuc
934 3099 1149 3150 coriscctantur.
1200 3084 1261 3144 Sed

134 3162 212 3225 setin
229 3167 296 3225 atri
321 3166 361 3225 sis
381 3166 457 3225 scire
469 3166 599 3244 quisnam
619 3168 656 3224 sit
677 3166 731 3224 iste
743 3167 870 3244 spiritns,
891 3168 973 3226 cuius
992 3166 1092 3224 asllatu
1112 3182 1149 3223 eo
1168 3160 1262 3221 subli-

135 3238 230 3303 tdlatis
248 3188 437 3316 ciebantur,
456 3254 490 3301 ut
508 3242 677 3320 Scripturas
697 3242 859 3302 doctrinam
880 3263 934 3302 ceu
954 3242 1098 3320 puerilem
1117 3250 1148 3298 et
1167 3237 1261 3297 burni-

134 3314 189 3377 te·
207 3318 362 3398 despicere
391 3318 496 3377 ausint.
542 3320 617 3377 Nam
643 3320 667 3378 si
689 3318 798 3379 Christi
823 3319 956 3398 spiritum
982 3338 1044 3378 csse
1068 3316 1262 3394 respondent,

134 3410 264 3527 perquam
301 3394 432 3455 ridicula
467 3405 512 3454 est
550 3394 692 3455 eiusmodi
731 3398 882 3456 securitas:
921 3394 1067 3472 siqnidem
1099 3391 1260 3472 Apostolos

148 3466 251 3545 brad,
278 3471 418 3550 aliosque
443 3471 474 3530 in
495 3471 587 3551 prima
607 3471 729 3531 ecclesia
749 3471 848 3532 fideles
869 3492 930 3531 non
950 3473 1009 3530 alio
1029 3470 1131 3550 spiritu
1150 3467 1261 3527 illumi-

136 3554 216 3604 natos
231 3546 329 3620 luisse,
348 3559 386 3606 ut
404 3547 524 3628 opinor,
544 3548 718 3608 concedent.
756 3550 848 3627 Atqui
867 3547 964 3607 nullus
984 3568 1086 3606 corum
1107 3545 1189 3603 verbi
1202 3544 1261 3605 nei

136 3632 328 3702 tontnptnm
347 3623 420 3683 inde
440 3623 551 3697 didicit,
569 3624 620 3683 sed
633 3625 831 3704 unusquisque
852 3625 949 3704 potius
968 3625 1080 3683 maiore
1097 3620 1263 3681 reverentia

135 3694 255 3759 tubuas
271 3700 344 3773 luit,
376 3698 625 3787 quemadmodum
651 3721 753 3761 eorum
777 3703 885 3780 scripta
904 3700 1131 3760 luculentissime
1150 3708 1261 3756 testan-

136 3782 190 3831 tur.
224 3776 260 3835 Et
281 3797 356 3837 sane
382 3777 425 3836 sic
445 3796 500 3857 per
523 3797 557 3837 os
576 3775 683 3836 lesaiae
708 3778 888 3857 praedictum
908 3776 1012 3836 suerat.
1058 3777 1163 3852 Neque
1183 3772 1262 3831 enim

137 3848 360 3931 miliciades.
380 3859 432 3925 59,
450 3854 528 3929 21.):
560 3853 712 3932 „Spiritus
738 3873 819 3915 meus
840 3853 890 3933 qui
915 3854 946 3912 in
970 3865 1001 3912 te
1028 3865 1089 3924 est,
1117 3861 1149 3908 et
1173 3846 1263 3908 verba

138 3947 230 4007 „quae
243 3931 333 4011 posui
352 3930 387 3990 in
406 3948 462 3991 ore
480 3940 546 4013 tuo,
565 3950 628 3990 non
648 3930 800 3991 discedent
818 3931 854 3991 ab
875 3950 929 3991 ore
949 3943 1013 4005 tuo,
1033 3946 1130 4007 neque
1150 3924 1187 3984 ab
1207 3942 1261 3984 ore

143 4098 1251 4115 *Mm-v-
1261 4100 1265 4104 ,

197 4208 399 4274 ')Lactantrus:
415 4202 569 4269 „Caelestes
585 4206 671 4261 literas
689 4221 876 4274 corruperunt,
893 4220 922 4257 ut
938 4222 1033 4259 novam
1050 4202 1100 4255 sibi
1117 4201 1264 4253 doctrinam

143 4270 206 4331 sine
223 4276 278 4329 nlla
301 4276 395 4329 radice
421 4293 454 4326 ae
477 4276 614 4329 stabilitate
638 4281 856 4347 componerent-¹⁴
898 4274 966 4327 Vide
983 4271 1082 4325 Calvin-
1098 4272 1127 4327 in
1150 4269 1267 4323 Instruct-

145 4338 192 4391 adr.
205 4342 340 4399 lberdnos
357 4362 416 4415 cap
432 4342 460 4397 ll.
476 4357 504 4397 et
519 4346 563 4401 1⁰.
