2700 4732
504 216 581 277 mn.
601 217 657 277 m.
698 218 786 281 ese.
807 218 860 277 rr.
1042 296 1049 307 Ι
1183 228 1243 287 aaa

188 364 236 427 18
273 359 367 435 Quod
378 371 476 423 autem
486 360 566 423 bona
585 383 651 443 pars
671 361 750 423 orbis
765 361 870 423 talibus
889 361 1112 442 blandimentis,
1136 365 1244 444 quibus

105 449 172 499 tam
192 436 308 515 exitiale
326 456 472 497 venenum
491 448 550 499 tem
575 438 725 514 erabatnr,
744 459 778 499 ae
799 438 905 513 uievit,
930 460 991 499 non
1011 439 1041 500 id
1060 440 1169 503 factum
1189 454 1244 518 est,

110 514 196 593 qued
216 514 284 573 Deo
303 512 482 575 satisfactum
503 460 652 590 crederet,
682 528 732 575 aut
758 460 813 575 sibi
838 516 924 575 etiam
945 516 1031 595 plane
1049 517 1243 579 satisfaceret:

108 588 164 651 bed
184 602 217 651 ut
235 590 319 669 quasi
337 590 369 650 in
389 590 488 651 medio
508 594 581 651 mari
601 592 652 652 frua
671 612 796 667 ancora,
827 590 944 683 paulum
965 593 1243 730 interquiescereta

109 667 178 727 navi
199 668 310 740 atione,
329 664 375 725 vel
395 668 476 746 qnasi
496 668 586 728 fessus
607 680 636 727 et
656 667 790 728 fatiscens
808 680 907 728 viator
925 669 956 729 in
976 670 1022 730 via
1062 671 1242 732 ecumberet.

109 744 147 805 ln
167 688 301 805 sicient:
321 746 384 803 eius
402 743 446 803 rei
465 745 523 803 fide
543 766 603 804 non
631 742 744 804 laboro.
804 744 867 804 Sibi
900 748 976 804 enim
1009 749 1132 826 quisque
1162 748 1243 809 testis

106 821 190 903 'apud
208 839 240 881 se
259 839 322 879 esse
342 832 449 901 potest.
486 821 589 880 Dicam
611 821 642 879 in
661 843 769 880 summa
789 821 881 901 qualis
901 820 945 881 lex
969 822 1017 882 illa
1039 823 1136 882 fuerit.
1175 823 1243 883 Pri-

108 918 190 959 mum
209 895 379 975 simpliciter
398 908 442 956 est
462 897 662 977 impossibilis:
683 897 919 976 itaquenonnisi
938 899 1074 978 perdere,
1094 899 1243 975 damnare}

108 972 306 1047 confundere,
324 971 354 1031 in
375 972 486 1032 ruinam
507 986 538 1032 ct
556 974 788 1054 desperationem
808 974 955 1033 conficere
980 987 1088 1055 potest.
1124 975 1242 1036 Deinde

133 1062 299 1124 secatores,
317 1071 334 1108 a
353 1070 423 1109 vero
443 1061 630 1129 peecatorum
649 1070 769 1109 snorum
788 1070 874 1111 sensu
894 1051 1050 1125 abductos,
1075 1052 1243 1144 hypocritap

141 1128 192 1199 cit,
210 1125 325 1205 Deique
344 1146 377 1185 ac
396 1126 441 1185 sui
460 1126 590 1205 ipsorum
610 1125 789 1207 ignorantes.
828 1126 995 1220 Siquidem,
1021 1129 1089 1190 dum
1115 1152 1145 1190 m
1173 1148 1242 1210 pec·

109 1215 244 1265 catorum
264 1201 483 1263 enumeratione
503 1202 558 1262 toti
579 1215 769 1281 ‹nocopantun
790 1202 906 1263 interim
920 1203 1134 1265 obliviscuntur
1147 1205 1244 1266 laten·

109 1294 174 1341 ιειιι
192 1278 270 1339 illam
292 1278 428 1338 vitiorum
447 1277 574 1354 lernam,
591 1277 720 1339 occultas
738 1300 803 1339 snas
826 1279 1008 1360 iniquitaten,
1038 1294 1069 1342 et
1088 1282 1244 1344 interiores

107 1354 223 1430 sordes,
241 1374 363 1434 quarum
383 1354 564 1434 potissimum
584 1355 688 1415 notitia
707 1352 851 1416 miseriam
875 1379 953 1417 suam
974 1370 1111 1438 reputare
1130 1358 1243 1420 debue—

109 1443 187 1493 rant.
234 1432 277 1491 A:
307 1431 465 1490 certissima
491 1442 554 1490 crat
578 1431 768 1492 confessionis
787 1432 900 1514 regula,
926 1445 1036 1495 tantam
1056 1435 1124 1494 mali
1148 1435 1243 1497 nostri

108 1508 246 1591 abyssum
266 1527 428 1589 agnoscere
447 1528 480 1567 ac
502 1507 600 1581 fateri,
632 1528 706 1586 qnae
729 1528 844 1569 sensnm
864 1530 983 1601 quoqne
1003 1523 1135 1571 nostrum
1155 1532 1243 1590 supe-

106 1598 164 1647 ret.
183 1586 248 1645 llac
261 1583 501 1677 regulavidemns
526 1585 715 1663 compositam
728 1584 880 1646 Publicam
901 1585 1133 1649 confessionem:
1155 1590 1241 1662 „Do-

108 1662 202 1737 mine,
223 1661 366 1741 propitius
386 1673 449 1721 esto
469 1660 539 1719 milri
559 1660 729 1738 peccatori“
748 1661 835 1740 (Luc.
850 1667 898 1735 18,
913 1666 985 1741 ιιι).
1014 1665 1104 1739 Quasi
1121 1665 1244 1741 diceret,

109 1738 249 1815 Quantus
269 1749 394 1816 quantus
412 1758 491 1808 sum,
512 1748 589 1797 totus
608 1758 670 1797 sum
692 1749 846 1816 peccator,
870 1760 924 1799 nec
943 1739 1033 1819 ipsam
1054 1754 1242 1821 peccatorum

109 1836 246 1877 meorum
274 1814 504 1906 magnitudinem
534 1824 584 1873 aut
612 1826 711 1872 merite
743 1826 793 1872 aut
825 1813 921 1896 lingna
958 1817 1072 1896 asseqni
1107 1839 1241 1896 possum:

108 1892 230 1985 abyssus
240 1888 456 1951 misericordiae
470 1901 536 1949 tuae
549 1889 622 1949 lianc
633 1891 743 1968 peccati
756 1889 889 1970 abyssunt
903 1890 1067 1953 absorbeat.
1089 1894 1182 1968 Quid,
1194 1898 1244 1953 in-

130 1990 210 2031 nres:
230 1987 344 2049 ergone
363 1966 530 2027 confitenda
551 1986 611 2025 non
632 1977 700 2025 sunt
718 1966 831 2047 singula
851 1966 975 2029 delicta?
992 1989 1065 2051 ergo
1078 1970 1157 2029 nulla
1169 1989 1243 2030 con-

108 1992 200 2109 fessio
218 2044 288 2106 Deo
307 2054 437 2123 accepta,
457 2042 511 2102 nisi
532 2042 646 2102 duobus
660 2041 986 2119 istisverbisconclusa,
1006 2046 1150 2107 Peccator
1160 2047 1242 2107 sum?

108 2124 176 2183 lmo
196 2142 266 2181 vero
286 2118 381 2181 danda
402 2120 498 2199 potius
517 2138 618 2199 opera,
639 2130 670 2177 nt
690 2131 830 2198 quantum
846 2120 876 2179 in
889 2121 974 2181 nobis
998 2134 1053 2196 est,
1074 2135 1168 2185 totum
1189 2144 1244 2185 cor

108 2198 297 2261 effundamus
315 2217 415 2255 coram
436 2196 583 2255 Domino:
614 2215 668 2254 nec
693 2196 783 2256 modo
804 2217 859 2256 nos
878 2210 1048 2276 peccatores
1068 2221 1129 2260 uno
1148 2199 1242 2262 verbo

108 2276 269 2347 femmae,
296 2272 348 2333 sed
369 2285 401 2331 ut
424 2270 496 2331 tales
516 2293 570 2332 nos
590 2292 658 2331 vere
678 2283 707 2330 et
728 2292 760 2331 er
780 2273 879 2333 animo
899 2295 1104 2355 agnoscamus:
1135 2287 1245 2356 quanta

108 2354 150 2417 sit
168 2363 200 2413 et
217 2370 303 2430 quarn
324 2348 401 2409 saria
422 2361 609 2428 peccatorum
631 2348 727 2421 labes,
760 2361 821 2408 tota
848 2351 1028 2431 cogitatione
1048 2373 1243 2433 recognosca-

108 2449 190 2491 mus:
210 2446 272 2487 non
292 2425 383 2483 modo
404 2446 457 2484 nos
478 2424 652 2499 immundos,
671 2428 721 2485 sed
742 2425 834 2504 qualis
854 2426 890 2486 sit
910 2440 939 2485 et
960 2441 1077 2507 quanta,
1096 2450 1244 2509 quamque

108 2507 140 2567 in
160 2502 260 2565 multis
301 2500 410 2561 artibus
431 2513 530 2560 nostra
551 2502 760 2561 immundities:
791 2523 852 2561 non
878 2504 967 2563 modo
995 2506 1161 2580 debitores,
1190 2506 1242 2567 sed

110 2579 227 2664 quantis
247 2523 352 2639 delicis
371 2577 497 2660 gravati,
523 2590 551 2636 et
577 2590 649 2656 qnot
681 2578 848 2639 nominibus
878 2580 1025 2641 obstricti:
1059 2604 1119 2642 non
1150 2583 1242 2643 modo

109 2658 288 2730 vulneratos,
306 2655 357 2715 sed
378 2674 464 2733 quam
491 2654 588 2713 nrnltis
616 2666 646 2712 et
672 2654 804 2715 letalibus
824 2655 915 2737 plagis
934 2658 1023 2717 saucii
1043 2659 1138 2718 simus.
1177 2660 1242 2719 flat:

111 2748 210 2797 tamen
227 2731 435 2813 recognitione
456 2752 543 2820 quum
564 2752 594 2789 se
615 2742 710 2789 totum
731 2746 868 2810 peccator
887 2753 985 2792 coram
1005 2734 1071 2794 Deo
1092 2733 1243 2810 effuderit,
1330 2778 1334 2785 -

113 2811 192 2872 serio
213 2830 247 2871 ac
270 2808 384 2868 sincere
405 2819 516 2888 cogitet
535 2807 617 2886 plura
637 2807 730 2867 adhuc
751 2820 877 2877 restare,
900 2828 933 2867 ac
952 2809 1160 2887 profundiores
1180 2831 1243 2872 esse

112 2884 253 2949 malorum
272 2904 392 2944 suorum
405 2903 544 2954 recessus,
564 2904 650 2963 qnam
692 2904 745 2942 nos
765 2886 880 2964 penitus
900 2898 1033 2944 excutere
1050 2887 1148 2966 possit.
1186 2889 1243 2946 Αι-

111 2982 171 3055 qne
189 2959 264 3021 adeo
285 2959 424 3019 exclamet
442 2981 507 3018 cuna
527 2960 642 3019 Davide
661 2906 724 3037 (l’s.
744 2966 792 3033 19,
811 2960 888 3036 13.):
908 2960 1053 3033 „Errores
1072 2964 1138 3041 quis
1155 2963 1243 3023 intel.

108 3036 197 3123 lagit?
213 3036 253 3098 ab
273 3036 395 3096 occultis
416 3037 485 3094 meis
505 3038 611 3095 munda
631 3057 678 3095 me
698 3036 859 3096 Donrioe.“
898 3036 959 3096 Iam
980 3058 1050 3099 vero
1071 3039 1243 3118 qnodaffr·

109 3127 192 3177 mant
211 3134 273 3174 non
293 3113 400 3171 dimitti
422 3125 556 3191 peccata,
585 3113 640 3173 nisi
665 3125 735 3172 roto
760 3113 920 3173 confitendi
943 3113 1065 3173 firmiter
1084 3128 1244 3208 concepto,

109 3205 140 3254 et
158 3190 286 3253 clausam
307 3209 369 3248 esse
388 3188 513 3267 paradisi
534 3203 648 3268 portam
669 3189 706 3263 ei,
732 3189 782 3269 qui
803 3188 969 3249 facultatem
995 3190 1155 3250 confitendi
1186 3192 1244 3253 sitn

107 3266 239 3331 oblatam
259 3264 431 3345 neglexerit:
450 3265 525 3324 absit
545 3278 576 3324 ut
597 3266 671 3325 istud
693 3264 733 3325 eis
753 3266 957 3325 concedamus.
996 3268 1064 3327 Non
1086 3268 1164 3328 enim
1185 3269 1242 3329 alia

106 3366 188 3407 nnnc
209 3354 254 3405 est
273 3354 458 3424 peccatorum
479 3343 609 3402 remissio
630 3363 714 3422 quam
733 3361 849 3420 semper
869 3342 932 3402 init
972 3342 1132 3424 Quotquot
1141 3348 1245 3406 remis·

106 3422 223 3484 sionem
249 3430 436 3499 peccatorum
457 3439 472 3477 a
495 3418 615 3479 Christo
643 3417 806 3478 obtinuisse
834 3416 987 3499 leguntur,
1017 3441 1078 3480 non
1105 3418 1245 3513 leguntur

106 3499 137 3558 in
158 3515 261 3557 aurem
279 3494 432 3554 sacrificuli
452 3495 608 3574 cuiuspiam
630 3494 767 3554 confessi.
825 3494 888 3555 Nec
913 3515 983 3554 sane
1003 3496 1139 3557 confiteri
1157 3510 1244 3579 pote·

107 3585 188 3649 rant,
206 3571 258 3633 ubi
280 3591 335 3630 nec
354 3571 507 3631 sacrificuli
527 3572 749 3631 confessionarii
770 3584 870 3647 erant,
904 3592 958 3631 nec
977 3573 1040 3652 ipsa
1060 3576 1241 3635 etiamnun-

110 3651 209 3710 fessio.
258 3649 298 3707 Et
323 3648 419 3707 multis
447 3660 546 3725 postca
580 3647 699 3709 saeculis
735 3647 861 3707 inaudita
892 3648 947 3708 fuit
977 3647 1049 3709 haec
1083 3650 1245 3725 confessio,

107 3726 217 3807 quibus
228 3724 290 3786 sine
302 3723 355 3782 hac
375 3724 545 3783 conditione
565 3725 790 3783 remittebantur
809 3738 937 3815 peccata.
976 3725 1037 3785 Sed
1058 3747 1095 3784 ne
1137 3726 1195 3787 uasi
1207 3728 1245 3787 de

107 3824 140 3863 re
160 3802 249 3861 dubia
271 3801 386 3880 longius
407 3801 610 3879 disceptemus,
630 3799 750 3860 verbum
765 3802 823 3859 Det
836 3813 969 3880 apertum
982 3813 1036 3874 est,
1056 3746 1135 3880 quod
1148 3816 1244 3862 aeter·

108 3901 180 3939 num
200 3892 300 3938 manet
320 3876 441 3953 (Ezcclr.
461 3885 509 3947 1⁸,
535 3882 612 3951 21.):
654 3878 920 3956 „Quotiescunque
945 3878 1121 3958 ingemuerit
1141 3899 1245 3957 pecca·
1303 3888 1310 3901 “

107 3968 166 4031 tor,
188 3957 318 4015 omnium
340 3954 523 4030 iniquitatum
545 3956 606 4013 ciris
627 3975 687 4012 rron
708 3953 918 4012 recordabor.“
958 3954 1036 4014 Huic
1061 3954 1167 4028 verbo,
1194 3957 1244 4034 qni

107 4032 218 4112 aliquid
251 4031 338 4090 audet
366 4030 509 4102 adiicere,
531 4052 591 4089 non
618 4042 736 4109 peccata
757 4030 845 4111 ligat,
864 4030 913 4089 sed
935 4030 1056 4089 Domini
1076 4031 1243 4092 misericor-

105 4110 193 4171 diam.
232 4110 309 4167 Nam
329 4106 408 4185 quod
429 4107 613 4165 contendunt
635 4127 694 4165 non
717 4127 801 4184 posse
822 4107 892 4165 ferri
913 4107 1050 4166 iudicium
1076 4107 1130 4165 nisi
1158 4128 1244 4169 causa

105 4185 238 4267 cognita,
257 4187 289 4243 in
309 4194 449 4263 promptu
469 4193 512 4240 est
532 4183 651 4257 solutio,
672 4197 783 4242 temere
804 4182 861 4243 hoe
880 4183 934 4244 sibi
952 4201 1101 4262 arrogare,
1114 4185 1244 4262 quisunt

105 4286 123 4322 a
143 4282 177 4323 se
196 4262 267 4343 ipsis
286 4260 397 4320 indices
418 4259 516 4319 creati.
556 4261 600 4320 Ac
626 4257 730 4319 mirum
751 4270 796 4318 est
820 4269 878 4319 tam
902 4278 1005 4320 secure
1024 4257 1081 4319 sibi
1102 4259 1245 4321 fabricare

105 4338 262 4419 principia,
283 4356 363 4416 quae.
377 4355 464 4395 nemo
485 4355 571 4396 sanae
591 4336 697 4417 mentis
716 4334 861 4397 admittet.
901 4334 1081 4397 faetantsibi
1094 4334 1246 4418 ligandiet
