2700 4732
70 226 75 235 ’
102 232 163 297 att
318 278 330 301 .,
471 218 547 283 blll.
566 221 607 283 ll.
647 220 739 283 Cill’.
759 220 845 283 l'lll.

101 368 255 435 'aeternam
275 368 313 429 de
332 360 484 450 diligendo
503 368 638 450 proximo
656 367 783 450 seligere
801 366 930 429 uudeutl
948 366 997 427 An
1016 364 1078 429 tale
1096 366 1128 429 lu
1146 366 1219 451 aliqu

105 448 194 530 Legis
204 446 311 529 pagina
330 438 485 506 discrimen
506 456 608 506 exstat:
632 467 666 505 ac
685 466 746 505 nou
766 444 857 527 magis
879 444 982 523 passini
1000 442 1063 505 illic
1080 464 1219 507 occursui

106 524 253 598 mandata,
272 522 542 602 quaeinimieorum
564 520 752 582 dilectionem
772 542 788 580 a
809 520 895 581 uobis
913 522 1219 605 seuerissimcexigaiit

108 600 207 677 Quale
226 600 304 659 enim
329 611 374 659 est
395 598 468 658 illud
498 598 602 675 (Prov-
621 603 672 675 25,
690 604 737 662 21.
757 598 850 657 Exoil.
868 602 917 673 23,
935 598 991 676 t),
1009 597 1091 678 quod
1110 598 1219 661 auria

107 690 167 739 tem
191 668 496 737 iubemur'inimicum
515 674 655 754 pascere?
685 675 746 733 eius
772 674 863 734 boves
889 686 919 733 et
943 674 1040 734 asinos
1059 674 1219 741 erranteui

107 754 184 817 uiam
216 753 359 833 dirigere,
392 763 442 811 aut
466 752 551 811 oneri
582 751 806 811 succumbentes
834 749 1004 810 sublevare?
1035 749 1219 813 Belluisnei

13 872 17 879 -
108 830 171 891 eius
195 831 319 911 gratiam
338 827 570 901 benefaciemus,
601 827 680 886 niilla
706 828 736 885 in
761 827 770 886 i
792 848 854 885 suni
880 825 1109 889 benevolentia?
1141 826 1219 903 Quid

106 927 209 967 aunon
227 917 380 966 aeternum
407 916 451 964 est
473 905 596 964 verbum
614 848 861 994 Dominisslleut.
881 910 931 979 32,
950 902 1032 977 35)·
1062 902 1159 995 ²,llibi
1178 903 1219 965 iiii

107 979 1106 1135 ”lii-'lit‘stt“t‘t'l''llltltlfltltlltlttt'll‘llt
1117 978 1219 1117 ilii

106 1062 238 1212 briddam
257 1099 495 1195 tiiorumi‘i'but
512 1079 585 1193 llaec
604 1122 773 1193 obliterent'
784 1099 817 1190 ei
828 1131 920 1214 Lege,
938 1144 990 1193 aut
1000 1132 1167 1193 Dominum
1185 1132 1219 1195 lat

109 1211 280 1295 gislatorem
300 1209 388 1269 luisse
407 1222 580 1291 agnoscant,
600 1229 661 1269 non
681 1209 878 1270 consiliarium
896 1207 986 1269 luisse
1003 1208 1198 1269 mentiantur.

185 1293 233 1353 57.
270 1288 311 1347 Et
350 1286 400 1345 uid
420 1286 502 1362 haec,
522 1306 642 1378 quaeso,
660 1285 716 1345 sibi
735 1285 847 1358 volunt,
866 1306 943 1364 quae
962 1284 1024 1346 ausi
1042 1296 1112 1347 suut
1131 1280 1219 1349 intuli

110 1363 288 1448 glossemate
305 1306 457 1442 ,illuderel
481 1362 625 1444 „Diligite
644 1362 777 1454 inimicos
795 1372 924 1423 vestros:
951 1360 1120 1455 benefacite
1137 1360 1175 1425 iis

107 1441 260 1519 „odemut
277 1460 344 1503 vos:
365 1451 448 1500 orate
467 1458 523 1520 pro
542 1439 784 1530 persequentibus
803 1459 869 1499 vos:
889 1437 1111 1528 benedicitque
1128 1460 1219 1577 h

109 1528 332 1594 „exsecranturr
361 1515 479 1595 utlsitii
498 1514 550 1574 filii
571 1515 664 1575 Patris
682 1515 782 1590 vestri,
806 1514 856 1595 qui
876 1515 970 1576 estin
990 1515 1137 1593 coelu‘t(

109 1602 141 1669 5,
159 1594 231 1671 dd.)-
290 1591 366 1669 Quis
391 1612 453 1653 uon
474 1592 520 1652 liic
540 1614 605 1652 cum
627 1591 839 1673 chrysostomo
866 1591 933 1671 [lib.
952 1590 991 1651 de
1009 1590 1219 1672 compunctior

71 1652 76 1683 ¹
110 1670 218 1746 cordis,
237 1680 269 1729 et
287 1669 324 1731 ad
344 1668 432 1730 llum.
450 1674 478 1733 7.
509 1667 711 1743 ratiocinetur,
731 1688 765 1727 ex
784 1680 842 1729 tam
863 1668 1025 1729 necessaria
1043 1688 1128 1731 causa
1148 1664 1219 1749 piat

111 1758 260 1822 constare,
279 1766 342 1806 nou
362 1765 425 1806 esse
448 1764 465 1803 e
505 1744 683 1821 ortationes,
700 1745 752 1806 sed
777 1744 1018 1825 praeceptiones?
1049 1742 1134 1819 Quid
1157 1742 1219 1807 nuli

109 1824 234 1960 ,nn
253 1820 964 1959 uiiiitnruutntur‘stiur
983 1819 1219 1959 ultus

109 1920 187 2036 abbi
197 1919 348 2036 iidehu'ii
367 1975 513 2035 invocare.
573 1974 622 2034 uid
641 1975 758 2035 iuterim
778 1972 928 2064 Ecclesia?
945 1940 1061 2034 liudem
1079 1973 1149 2037 iure
1165 1962 1219 2037 rell

111 2052 230 2133 gabitur
249 2051 285 2112 ad
305 2050 443 2112 Gentiles
462 2065 492 2110 et
511 2051 555 2111 Pu
578 2050 697 2111 liranus.
753 2050 836 2110 Dicit
859 2071 936 2110 enini
961 2050 1097 2112 Cbristui
1121 2042 1219 2131 (Ν

109 2136 142 2205 5,
158 2130 255 2219 illidi·
275 2128 332 2202 „Si
351 2126 451 2188 amicis
470 2129 571 2188 vestris
590 2128 658 2187 estis
679 2126 831 2219 benevoli,
857 2148 943 2218 quam
963 2127 1034 2247 inp‘e⁴
1049 2128 1219 2209 gratian,

110 2201 1219 2371 ntttllgttl?lttttttilll‘ttt··lfl0l‘t'llln,„ltl‘tt·

110 2357 190 2417 lestis
208 2356 295 2437 regni
313 2356 459 2416 adimatur
471 2353 648 2417 baereditas.
704 2358 769 2417 Nec
799 2378 895 2416 minus
918 2356 1035 2416 firmum
1060 2366 1108 2417 eat
1124 2322 1219 2451 bugd

110 2432 197 2495 itini
216 2443 420 2514 argumentum
443 2432 509 2513 [lib.
529 2434 567 2493 de
586 2432 681 2494 doctr.
703 2432 806 2513 Chr.]:
843 2432 974 2524 „Quum
985 2432 1133 2511 scortari,

109 2509 194 2587 „ille,
212 2508 359 2570 Dominus
378 2521 468 2584 vetat,
487 2530 548 2570 non
569 2508 678 2570 inimici
697 2511 791 2569 minus
811 2530 897 2589 quam
918 2512 1003 2570 amici
1022 2452 1219 2587 moseum

109 2605 204 2669 „gere
223 2585 375 2667 probibet:
407 2607 497 2665 quum
517 2586 625 2645 lurtum
645 2587 811 2662 interdicit,
829 2585 902 2645 nibil
920 2586 1043 2647 omnino
1063 2584 1190 2653 surari',

111 2663 235 2741 „mittit
252 2661 313 2723 sive
333 2662 369 2723 ab
388 2667 494 2737 amico,
512 2662 572 2724 sive
592 2662 627 2723 ab
649 2663 801 2722 inimico.“
858 2663 939 2723 llaec
959 2675 1057 2723 autem
1077 2664 1167 2741 duo,¹

112 2738 222 2814 iurari,
252 2749 283 2799 et
307 2738 376 2798 Non
400 2739 539 2813 scortari,
569 2739 608 2799 ad
634 2739 800 2800 dilectionis
824 2758 856 2797 re
879 2739 956 2800 ulam
976 2750 1098 2801 revocat
1116 2738 1219 2819 eut!

111 2817 172 2908 iruo
192 2816 281 2908 docet
303 2815 357 2876 sub
382 2816 440 2876 boc
464 2816 603 2876 mandato
627 2816 788 2890 contineri,
818 2758 932 2898 Diliges
963 2816 1131 2909 proripuerit
1160 2822 1219 2881 Μ’

110 2903 342 3030 ἓὲῖῗέἷνὲἰῗξὲ
360 2891 1219 3055 Σῗὲῗιὲιῖἤέί)ἠιξέἓῖήῖ“[55ῗὲ53ῗῖ35’55Ψῶ

111 3066 230 3137 guoque
249 3046 464 3137 esseninimiros
485 3066 518 3105 ex
537 3058 714 3126 praecepto,
738 3046 984 3137 quemadmodum
1003 3046 1123 3143 rupices.
1161 3046 1219 3125 Vq

109 3134 261 3258 tilii
271 3122 890 3261 llttbttttitzinttl¹1¹¹²n¹¹t¹tat⁰
893 3142 1160 3261 tttl‘mttlt·
1187 3196 1190 3203 ·

109 3274 233 3354 piditatc
253 3296 289 3333 an
309 3274 490 3354 impudentia
507 3274 584 3336 istud
604 3275 711 3356 dogma
729 3276 904 3357 evulgarint.
941 3277 1038 3336 Nemo
1058 3275 1150 3339 euim·

110 3372 176 3410 rum
196 3362 249 3425 est,
269 3351 320 3430 qui
338 3371 400 3410 non
419 3362 557 3442 tanquam
577 3351 614 3410 de
633 3372 666 3411 re
686 3364 765 3413 certa
785 3352 959 3432 pronuntiet
982 3353 1054 3415 baec
1077 3370 1144 3415 me
1201 3416 1204 3423 ,

109 3438 275 3517 praecepts.
313 3427 358 3487 Ne
378 3426 520 3517 Gregorii
538 3428 656 3563 puidcm
675 3439 771 3489 aetate
790 3429 953 3489 dubitatum
973 3429 1011 3489 de
1031 3418 1219 3515 coluissepq

54 3508 61 3523 ““
109 3522 210 3564 secura
231 3522 292 3563 eins
312 3517 525 3565 asseveratione

109 3579 202 3660 ceptis
221 3577 319 3639 babet
357 3581 396 3639 lit
416 3602 500 3658 quani
519 3581 626 3641 stolide
644 3580 874 3643 ratiocinantur?
912 3580 1008 3656 Dour,
1024 3574 1219 3663 inquiunt&

108 3655 263 3747 setunimis·
275 3675 363 3737 grave
383 3655 566 3749 Clifistianis.
607 3656 700 3731 Quasi
722 3678 794 3718 vero
812 3657 927 3739 gravius
946 3651 1219 3751 quicquamfueefl

104 3732 703 3901 lt.tttttlftllltt‘tb‘l'ttt
719 3734 1219 3903 lltttfl‘ittlbttt'ul

107 3882 271 3967 diligendus
290 3883 435 3960 iuimicus,
452 3906 511 3947 sive
532 3906 627 3947 omnis
645 3886 792 3948 vindictae
811 3888 953 3968 cupiditas
971 3908 1007 3949 eu
1024 3888 1128 3949 animis
1145 3886 1219 4027 ΙΞ

107 3962 213 4021 nenda.
272 3959 381 4021 Omnia
404 3973 486 4022 certe
503 3973 622 4023 nostrae
641 3963 833 4025 imbecillitati
853 3965 943 4025 ardua
962 3976 1032 4027 runt
1050 3975 1082 4024 et
1100 3962 1163 4025 titt

106 4036 153 4098 vel
172 4036 209 4098 ad
228 4037 380 4098 minimum
398 4057 489 4117 usque
509 4038 551 4097 lae
574 4039 738 4119 isapicem.
781 4040 925 4102 Dominus
941 4052 995 4115 est,
1013 4041 1045 4101 iu
1086 4060 1128 4103 uo
1146 4040 1219 4103 sith

107 4113 322 4205 temlacimuss
343 4114 395 4205 det
412 4113 462 4205 ille
481 4057 573 4194 quoii
582 4116 673 4192 iubet,
693 4129 723 4177 et
741 4115 840 4177 iubeat
859 4117 939 4197 quod
957 4117 1037 4179 velit.
1065 4060 1137 4179 but
1154 4116 1219 4201 larg

127 4201 217 4250 ratiae
236 4210 298 4251 esse
318 4189 516 4265 Cbnstianos,
547 4212 608 4252 non
636 4205 680 4253 est
698 4192 841 4253 elirenate
865 4193 928 4255 siue
952 4192 1020 4277 lege
1043 4194 1158 4287 uagari,
1182 4210 1219 4257 ει

104 4209 227 4329 libristo
237 4267 342 4329 insitos
353 4284 425 4341 esse,
445 4266 525 4328 cuius
560 4271 661 4330 ratiaa
679 4269 766 4352 Legis
786 4269 991 4332 maledictione
1010 4269 1099 4333 liberi
1115 4272 1176 4337 siut
1203 4286 1219 4331 t

84 4340 186 4433 leuius
221 4342 335 4425 Spiritu
368 4342 480 4427 Legem
516 4342 553 4407 lia
576 4356 644 4407 taut
678 4346 710 4406 iu
743 4346 882 4409 cordibus
915 4346 1093 4432 inscriptam.
1151 4312 1219 4411 llus

556 3505 650 3597 iquet:
671 3526 738 3565 nain
757 3505 829 3565 citra
841 3504 1074 3567 controversiain
1085 3524 1144 3585 pro
1154 3512 1219 3587 pm
