2700 4732
521 204 608 277 tlte,
618 204 657 265 11.
698 204 788 266 ChP.
810 204 861 266 Vl.
1181 214 1241 279 223

126 368 185 429 qnae
205 348 289 410 nullis
315 348 559 411 machinamentis
584 348 736 441 quatefieri
765 362 882 487 potest,
901 350 1033 414 Mentem
1051 352 1179 413 hominis
1197 354 1240 413 sic

75 454 77 481 ;
128 426 256 485 alienatam
274 446 397 505 prorsus
416 448 432 486 a
452 426 510 485 ltei
529 428 653 501 iustitia,
678 440 711 485 nt
730 426 760 486 ni
783 426 804 486 il
823 450 884 488 non
904 428 1037 508 impium,
1056 443 1240 501 contortum,

75 506 77 515 '
128 498 234 577 laedam
250 500 411 583 impurum,
431 502 608 583 flagitiosum
620 504 778 584 concipiat,
798 524 891 564 conco
915 507 995 581 iscat,
1014 506 1166 568 moliatur:
1187 528 1241 567 cor

170 578 218 639 tati
240 598 356 639 veneno
378 580 419 639 ih
449 581 565 658 penitus
591 580 770 654 delibutum,
799 592 833 640 ut
864 526 936 643 nihil
955 604 1042 663 quam
1067 596 1239 663 corruptum

140 666 249 715 moreau
269 655 373 715 efflare
394 668 492 735 queat.
538 658 655 731 Quodsi
677 658 826 738 quippiam
852 659 999 718 interdum
1026 660 1096 719 honi
1123 662 1152 719 in
1172 682 1239 739 spe·

133 731 187 791 tien
201 744 358 807 ostentant,
377 744 508 792 mentem
527 744 626 793 tamen
647 754 763 814 semper
783 734 931 813 hypocrisi
951 748 981 795 ct
1002 738 1096 796 fallaci
1110 736 1238 815 ohliqui-

135 818 179 867 tate
192 808 354 887 involutam,
371 809 503 871 animum
520 811 660 875 interiori
678 812 864 891 perversitate
882 813 1027 893 illigatum
1046 832 1175 873 manere.

480 1198 740 1272 CAPUT
792 1200 849 1270 Vl.

165 1388 288 1453 Homini
306 1392 458 1475 perdito
477 1392 723 1475 quaerendam
747 1392 785 1453 in
805 1392 955 1457 Christo
975 1394 1198 1478 redemptio-

572 1508 652 1548 nem
672 1508 759 1554 esse.

182 1658 259 1715 Partes
274 1662 352 1715 huius
371 1663 480 1735 Capitis:
498 1666 528 1733 l)
546 1666 691 1719 Doctrinae
708 1667 741 1719 de
759 1664 863 1718 Christo
881 1666 1066 1737 Redemptore,
1082 1686 1186 1737 semper
1202 1671 1235 1719 ah

136 1744 212 1799 adeda
227 1746 276 1799 Dei
293 1764 443 1819 perceptae,
464 1752 571 1813 utilitas,
593 1766 651 1804 teet.
671 1752 695 1802 1.
712 1785 747 1798 -
779 1752 811 1818 2)
830 1751 959 1813 Christus,
974 1752 1108 1820 utriunque
1125 1754 1237 1806 foederis

135 1824 248 1895 hamur,
263 1834 326 1887 fidei
342 1835 449 1905 piorum
469 1837 640 1889 Israelitarnm
656 1857 702 1889 sen
719 1837 809 1889 veteris
825 1837 919 1905 populi
937 1835 985 1887 suit
1004 1836 1143 1897 ohiectum,
1160 1851 1189 1889 ut
1207 1857 1236 1889 ea

132 1914 287 1971 &nidorum
304 1918 366 1981 ritu,
385 1919 498 1972 familiae
514 1922 657 1973 Abrahami
675 1920 808 1983 electione,
824 1916 931 1975 flavidis
950 1920 1054 1989 eiusque
1070 1935 1235 1989 posterorum

131 1996 226 2063 ΗΜ
240 2004 330 2075 liquet,
345 2020 408 2059 sect.
424 2008 449 2059 2
467 2036 499 2048 -
532 2006 567 2074 3)
583 2007 647 2059 lude
664 2006 818 2067 consolatio,
836 2007 931 2065 rohur,
947 2004 1043 2057 fiducia
1062 2021 1086 2057 et
1102 2026 1160 2074 spes
1176 2006 1237 2075 pio-

129 2102 173 2139 ΙΙΙι
190 2088 235 2141 arrh
254 2088 338 2155 Lege,
364 2110 432 2159 quoa
456 2092 490 2143 ad
510 2090 642 2144 Christum
668 2090 784 2145 eoelestia
800 2088 878 2143 Pater
901 2090 977 2143 variis
1002 2091 1088 2145 modia
1115 2091 1237 2155 inritavit,

128 2172 207 2227 acu
221 2187 245 2225 et
259 2174 285 2227 4

187 2344 212 2405 1.
245 2338 346 2415 Quum
371 2339 401 2399 in
423 2339 503 2399 Adae
529 2362 654 2422 persona
679 2343 802 2423 perierit
824 2353 921 2402 totum
948 2341 1106 2401 humanum
1131 2362 1236 2424 genus,

129 2412 197 2477 ”hit
210 2418 282 2478 adeo
302 2416 375 2476 nihil
395 2418 548 2497 prodesset
573 2419 632 2495 illa,
652 2441 738 2498 quam
757 2421 990 2491 memoravimus,
1009 2419 1130 2497 originis
1171 2441 1236 2480 rae·

75 2504 78 2551 ;
124 2492 211 2553 mata
228 2506 257 2554 et
276 2493 425 2564 nobilitas,
445 2506 477 2553 ut
493 2500 584 2578 magis
596 2497 681 2556 cedat
700 2498 730 2555 in
752 2498 893 2556 maiorem
913 2494 1119 2577 ignominiam,
1160 2518 1238 2557 onec

75 2582 80 2651 [
123 2566 224 2629 irtitit
241 2572 284 2631 sui
304 2570 449 2707 uniqeniti
470 2592 594 2651 persona
614 2574 797 2653 Redemptor
822 2584 961 2651 appareat
980 2571 1081 2647 Deus,
1111 2575 1160 2651 qui
1181 2574 1236 2632 ho·

122 2644 199 2706 aiau
217 2659 334 2727 peccato
368 2648 491 2707 oedntos
510 2661 542 2708 et
561 2663 715 2731 corruptos
741 2671 796 2729 pro
823 2671 876 2709 suo
898 2668 989 2728 opere
1010 2670 1070 2709 non
1092 2651 1235 2729 agnoseit

122 2720 189 2813 lap
206 2735 355 2805 postquam
376 2724 531 2785 excidimus
551 2748 567 2785 a
587 2729 645 2786 vita
666 2731 696 2785 in
717 2740 858 2800 mortem,
877 2726 988 2785 inutilis
1008 2738 1083 2785 esset
1102 2739 1164 2786 tota
1184 2726 1236 2785 illa

124 2794 334 2875 llneremoris,
354 2801 392 2860 de
433 2824 467 2860 ua
488 2803 687 2878 disseruimus,
707 2804 856 2883 cognitio,
883 2804 936 2861 nisi
956 2803 1128 2861 succederet
1148 2805 1235 2861 etiam

127 2870 196 2947 filet,
217 2875 315 2935 Deum
340 2879 369 2936 in
391 2822 513 2939 Christo
539 2882 654 2938 Patrem
680 2880 765 2941 nohis
793 2900 972 2959 proponens.
1024 2880 1096 2936 Erat
1116 2881 1234 2956 quidem

128 2946 166 3009 hir
177 2954 408 3033 genuinusordo,
429 2966 461 3013 ut
480 2957 580 3015 mundi
600 2956 709 3017 lubrica
728 2956 815 3019 nohis
834 2956 934 3015 schola
947 2965 1023 3014 essct
1043 2957 1076 3014 ad
1099 2956 1236 3032 pictatem

126 3024 286 3103 fiendam,
306 3032 385 3091 unde
405 3029 440 3090 ad
453 3045 600 3092 aeternam
620 3034 710 3093 vitam
731 3046 761 3093 et
781 3034 942 3111 perlectam
964 3032 1132 3091 felicitatem
1152 3032 1236 3089 lieret

82 3168 88 3181 ,
125 3110 252 3167 Μῦες
277 3110 330 3168 sed
350 3118 417 3187 post
437 3107 648 3187 perfectionem
668 3128 846 3188 quocunque
864 3121 1012 3167 vertamus
1032 3106 1152 3184 oculos,
1171 3129 1235 3167 sur·

78 3186 82 3193 '
124 3200 173 3247 ΙΙ
189 3195 218 3243 et
234 3185 371 3243 deorsum
393 3186 523 3244 occurrit
541 3186 600 3245 Dei
620 3186 797 3254 maledictio,
818 3207 893 3265 quac
915 3186 982 3243 dum
1005 3185 1132 3244 innoxiae
1153 3205 1234 3244 crea·

123 3264 186 3317 lna
202 3260 285 3339 culpa
307 3274 406 3320 nostra
428 3274 552 3341 occupat
573 3275 603 3321 et
623 3262 753 3337 involvit,
773 3262 978 3340 desperatione
992 3262 1100 3320 arrinras
1121 3273 1234 3320 nostras

75 3400 88 3439 ν-
119 3330 442 3473 aegestate
459 3339 522 3473 tt}
535 3341 621 3474 cic
641 3338 1233 3493 c·ttsdcertitudinem

75 3538 79 3559 ‚
121 3486 245 3571 colligere
265 3511 329 3549 non
349 3489 433 3563 licet,
458 3489 509 3549 nbi
536 3512 590 3551 nos
611 3458 689 3552 intus
711 3504 798 3573 urget
818 3491 1015 3563 conscientia,
1045 3491 1233 3569 ostenditque

119 3560 205 3625 bran
224 3566 254 3625 in
274 3579 398 3647 peccato
417 3565 607 3627 abdicationis
627 3590 739 3628 eausam
762 3587 841 3638 esse,
868 3587 905 3625 ne
926 3587 981 3647 pro
1001 3567 1067 3627 filiis
1089 3589 1144 3625 nos
1164 3588 1234 3625 ren-

75 3662 77 3671 ·
119 3642 263 3702 wlleus
282 3643 329 3703 vel
348 3654 474 3723 reputet.
521 3645 646 3704 Accedit
672 3657 702 3704 et
727 3645 863 3703 socordia
889 3655 919 3701 et
943 3644 1135 3721 ingratitudo:
1166 3643 1233 3720 quia

118 3732 163 3777 ate
177 3732 289 3779 tuentes
308 3732 440 3793 nostrae,
469 3730 501 3778 nt
519 3732 588 3781 sunt
606 3734 796 3791 excoecatae,
821 3719 889 3798 quid
910 3739 1013 3778 verum
1038 3718 1075 3779 sit
1094 3730 1232 3778 cernunt:

75 3818 78 3867 ς
118 3797 284 3876 etutpravi
302 3807 371 3855 suut
394 3815 497 3856 omnes
521 3818 621 3856 sensus
645 3799 754 3865 nostri,
788 3798 884 3855 Deum
910 3796 1037 3877 maligne
1061 3815 1112 3855 sua
1137 3795 1233 3874 gloria

75 3894 97 3932 ι·
117 3864 274 3932 hudamos.
323 3872 428 3951 ltaque
460 3873 636 3932 veniendum
668 3875 702 3933 ad
724 3873 807 3933 ¹illud
837 3872 919 3932 Pauli
945 3872 985 3949 (Ι.
1008 3873 1080 3931 Cor.
1100 3878 1134 3943 l,
1153 3872 1231 3945 at.):
1287 3906 1293 3918 ·

112 3944 273 4021 aduentam
294 3949 324 4007 in
344 3950 484 4027 sapientia
504 3948 560 4008 Dei
586 3971 647 4009 non
674 3950 814 4029 cognovit
838 3949 962 4008 mundus
988 3970 1042 4028 per
1060 3948 1231 4025 sapientiam

113 4018 213 4097 lleum,
233 4024 344 4105 placuit
362 4025 430 4085 Deo
450 4046 504 4104 per
523 4026 675 4085 stultitiam
697 4025 918 4104 praedicationis
939 4024 1030 4084 salvos
1052 4025 1146 4083 facere
1166 4043 1232 4081 cre·

113 4096 235 4161 imter‘t
271 4101 454 4181 Sapientiam
475 4102 532 4161 Ilei
557 4105 683 4181 appellat
704 4102 889 4183 magnificum
913 4102 968 4159 hoc
990 4101 1133 4159 theatrum
1155 4098 1231 4157 coeli

110 4184 136 4233 et
151 4188 261 4249 terrae,
280 4177 441 4237 innumeris·
461 4180 606 4239 miraculis
622 4182 783 4251 'relectunr,
804 4199 835 4235 ex
857 4178 936 4236 cuius
957 4178 1063 4235 intuitu
1083 4176 1232 4255 sapienter

109 4248 195 4313 lleum
214 4274 398 4336 cognoscere
423 4254 560 4314 decebat:
591 4258 641 4315 scd
663 4259 729 4335 quia
760 4269 817 4314 tarn
850 4254 925 4312 male
955 4253 1014 4312 illic
1040 4252 1231 4334 proiecimus,

106 4344 218 4393 revocat
235 4352 292 4393 nos
310 4332 349 4392 ad
366 4331 456 4392 iidem
473 4330 594 4407 Christi,
613 4354 688 4412 qnae
708 4330 748 4393 oh
768 4329 907 4392 stultitiae
926 4329 1052 4410 speciem
1073 4328 1231 4395 incredulis
