2700 4732
501 202 577 263 LlB.
596 204 650 262 tv,
690 201 779 267 ChP.
798 144 858 263 nt.
1183 200 1242 265 217

106 347 180 408 lium
201 348 386 424 annuntiare,
405 358 436 407 et
450 359 627 408 sacramenta
643 337 852 406 administrare.
881 343 1145 419 ··Docendi¹2antem
1162 342 1240 405 ratio
1295 410 1298 417 ,

104 444 171 485 non
191 425 228 516 in·
242 424 366 515 publicis
384 435 499 484 tanturn
519 425 711 483 concionibus
725 424 866 494 consistit,
885 421 935 482 sed
957 421 991 480 ed
1013 422 1136 501 privatas
1153 420 1242 480 etiam

108 501 326 563 admonitiones
345 501 483 580 pertinet.
522 501 566 559 lta
579 500 684 560 Paulus
703 512 792 560 testes
812 501 880 558 citat
892 497 1047 578 Ephesios,
1068 498 1146 576 quod
1168 496 1242 555 nibil

106 576 268 659 suffugerit
287 596 400 649 eorum,
420 576 544 655 quaein
565 596 627 635 rem
646 577 775 656 ipsorum
798 586 891 649 eraut,
911 575 982 654 quin
1003 574 1189 633 annuntiaret
1207 592 1243 633 ae

108 654 234 713 doceret
253 673 305 712 eos
319 652 441 731 publice
468 665 497 712 et
523 673 576 732 per
601 653 728 733 singulas
749 653 868 723 domos,
891 651 1047 710 testificans
1066 651 1183 711 Iudaeis
1201 650 1241 709 si-

105 730 172 791 mul
197 751 230 789 ac
250 727 373 789 Graecis
398 732 610 810 poenitentiam
636 742 666 788 et
690 729 776 787 bdem
801 730 831 787 in
853 726 1002 787 Christum
1021 729 1102 862 tht.
1122 734 1176 801 20,
1193 732 1242 791 211.

107 818 143 867 et
161 809 233 884 31).
272 806 348 864 Item
368 806 456 884 paulo
477 818 558 884 post,
579 806 671 879 Quod
691 826 752 864 non
774 804 917 865 destiterit
937 825 1002 863 curu
1034 805 1156 884 acrymis
1175 824 1243 863 mo-

61 904 64 909 ·
107 902 184 943 nere
204 899 442 961 unumquemque
463 904 574 941 eorum.
620 882 724 960 Neque
746 893 847 940 tamen
871 880 1032 959 praesentis
1056 881 1179 940 instituti
1199 891 1243 940 est

106 959 238 1040 singulas
263 958 335 1017 boni
359 960 483 1037 pastoris
510 960 594 1019 dotes
618 959 770 1037 persequi,
799 957 850 1018 sed
883 967 995 1019 tantum
1018 957 1147 1017 indicare
1173 957 1243 1036 quid

106 1035 315 1115 profiteantur,
327 1036 376 1113 qui
395 1055 426 1095 se
446 1047 576 1115 pastores
587 1035 748 1114 appellant:
767 1053 873 1114 nempe
892 1035 933 1094 ita
951 1052 983 1094 se
1001 1034 1243 1170 praeesseeccle-

107 1112 185 1186 siae,
205 1132 267 1170 non
288 1123 320 1169 ut
337 1115 462 1172 otiosam
484 1113 611 1172 babeant
630 1112 816 1192 dignitatem,
846 1109 897 1171 sed
921 1123 955 1170 ut
975 1110 999 1169 C
1024 1111 1083 1169 risti
1109 1111 1243 1174 doctrine

106 1186 251 1267 populum
272 1187 307 1246 ad
318 1208 417 1247 reram
439 1188 574 1268 pietatem
596 1191 758 1263 instituant,
777 1192 859 1248 secra
877 1180 1244 1268 mysteria-fadministrenn

107 1277 222 1324 rectam
243 1264 423 1344 disciplinam
449 1277 624 1325 conservent
647 1277 747 1344 atque.
760 1276 921 1324 exerceant.
967 1266 1145 1342 Quicunque
1165 1266 1243 1324 enim

106 1342 309 1420 speculatores
327 1341 416 1432 positi
434 1353 503 1400 sunt
523 1343 551 1400 in
573 1342 703 1415 ecelesia,
722 1341 933 1400 illisDominus
953 1342 1106 1425 anquntiat
1120 1342 1244 1421 (Ezeeh.

105 1420 226 1496 3,18.),
245 1417 349 1497 siquis
369 1437 421 1497 per
439 1418 647 1498 ignorantiam,
668 1438 771 1478 eorum
791 1417 972 1500 negligentia
993 1431 1105 1498 pereat,
1125 1419 1245 1500 sangui-

107 1513 181 1553 nem
200 1513 231 1554 se
252 1494 288 1553 de
308 1496 437 1573 ipsorum
458 1497 589 1554 manibus
610 1496 825 1574 requisiturum.
872 1497 908 1554 In
930 1513 981 1556 eos
1001 1514 1120 1574 quoque
1140 1514 1244 1556 omnes

103 1572 256 1652 competit
275 1571 354 1650 quod
375 1571 411 1629 de
431 1592 462 1631 se
482 1573 522 1630 ait
541 1571 647 1631 Paulus
667 1573 705 1647 (l.
728 1572 798 1632 Cor.
817 1578 847 1643 9,
866 1572 945 1647 tm:
978 1573 1063 1646 „Vae
1082 1571 1168 1646 mihi,
1188 1573 1244 1633 nisi

110 1647 324 1730 evangelizem,
345 1669 434 1727 quum
445 1649 623 1730 dispensatio
643 1648 714 1708 mibi
734 1649 771 1708 sit
790 1648 974 1708 sommissn.“
1011 1649 1148 1726 Denique
1163 1649 1244 1729 quod

109 1723 182 1785 orbi
207 1724 342 1784 universo
363 1727 572 1804 praestiterunt
590 1725 743 1807 Apostoli,
762 1726 791 1786 id
811 1725 895 1808 gregi
914 1745 984 1802 suo,
1016 1725 1064 1787 eui
1084 1726 1244 1786 destinatus

113 1810 171 1876 est,
189 1800 280 1860 debet
299 1811 399 1880 pastor
418 1802 625 1881 unusquisque.
710 1826 714 1833 ·
1020 1832 1024 1841 ·

84 1880 112 1911 '·
189 1883 216 1943 7.
253 1876 317 1936 Etsi
342 1878 411 1938 dum
437 1877 557 1960 singulis
583 1880 760 1961 assignamus
783 1900 847 1940 suas
872 1877 1023 1951 ecclesias,
1043 1878 1160 1939 interim
1181 1898 1244 1938 non

109 1971 254 2034 negamur
274 1955 345 2046 quin
366 1954 436 2015 alias
457 1955 591 2016 ecclesias
617 1957 714 2016 iuvare
732 1958 756 2016 is
777 1956 878 2035 possit,
899 1957 948 2034 qui
968 1954 1018 2014 uni
1039 1967 1083 2015 est
1101 1953 1244 2037 alligatus,

109 2029 173 2093 sive
194 2030 263 2111 quid
283 2031 423 2091 inciderit
442 2032 604 2105 turbarum,
624 2033 704 2113 quod
725 2033 785 2093 eius
805 2032 998 2113 praesentiam
1019 2032 1164 2110 requirat:
1185 2033 1245 2093 sive

112 2106 237 2186 abipso
258 2119 374 2187 petatur
395 2109 431 2167 dc
456 2128 488 2167 re
518 2107 613 2188 aliqua
634 2110 804 2171 obscuriore
830 2108 993 2171 consilium.
1041 2108 1099 2167 Sed
1122 2109 1188 2200 quia
1208 2109 1245 2168 ad

109 2184 297 2244 retinendam
318 2185 576 2264 ecclesiaepacem
598 2187 756 2246 necessaria
781 2197 825 2245 cst
854 2185 908 2245 ista
937 2185 1055 2265 politia,
1086 2186 1246 2265 unicuique

110 2280 177 2320 esse
196 2260 377 2354 propositum
399 2263 478 2340 quod
499 2275 575 2341 agat,
595 2284 633 2322 ne
651 2263 735 2322 simul
752 2283 854 2322 omnes
873 2261 1097 2337 tumultuentur,
1116 2264 1179 2321 sine
1191 2283 1246 2323 vo·

111 2337 233 2399 catione
252 2339 355 2399 incerti
368 2339 542 2411 discurrant,
561 2340 590 2398 in
612 2360 701 2398 unum
714 2361 815 2399 omnes
835 2339 932 2398 locum
952 2351 1064 2398 temere
1083 2340 1246 2415 confluant,

111 2424 147 2473 et
165 2434 204 2473 ue
222 2435 325 2475 vacuas
345 2414 479 2475 ecclesias
500 2436 554 2494 pro
576 2415 696 2474 libidine
717 2417 866 2490 deserant,
887 2417 937 2495 qui
957 2417 993 2474 de
1013 2437 1061 2474 sua
1082 2415 1245 2476 commodi-

110 2502 176 2551 tate
196 2493 286 2573 megis
307 2512 391 2568 quarn
418 2492 454 2549 de
479 2491 616 2552 ecclesiae
642 2494 845 2552 aedificatione
864 2504 932 2552 sunt
951 2492 1084 2553 solliciti:
1112 2492 1181 2552 baec
1202 2493 1246 2551 di-

109 2567 252 2630 stributio
274 2568 370 2647 quoad
396 2567 463 2628 licet
483 2568 632 2628 observari
653 2571 848 2630 communiter
867 2569 970 2643 debet,
996 2582 1028 2629 ut
1046 2569 1104 2629 suis
1124 2571 1247 2650 quisque

111 2643 221 2704 finibus
243 2656 414 2719 contentus,
441 2646 471 2703 in
490 2645 614 2704 alicuem
636 2648 815 2740 provinciam
838 2667 898 2706 non
918 2647 1007 2705 irrum
1032 2658 1068 2705 at.
1107 2648 1176 2706 Nec·
1191 2648 1247 2706 hu-

109 2740 231 2780 manum
257 2733 301 2783 est
324 2723 488 2794 inventum,
512 2722 562 2781 sed
589 2722 646 2783 Der
669 2724 756 2802 ipsius
782 2723 954 2781 institutum.
1007 2669 1143 2801 llegimus
1168 2726 1246 2782 enim

113 2797 199 2874 (Act.
218 2805 266 2873 14,
286 2799 366 2873 13),
381 2797 501 2856 Paulum
523 2811 552 2857 et
571 2799 734 2858 Barnabam
755 2819 867 2857 creasse
886 2820 941 2877 per
959 2799 1086 2880 singulas
1101 2799 1247 2876 Lystren-

113 2874 202 2950 sium,
214 2875 480 2950 Antiochenorum‚
501 2877 698 2935 iconiensium
712 2876 855 2947 ecclesias,
876 2875 1078 2957 presbyteros:
1101 2889 1130 2934 et
1140 2877 1247 2937 Paulus

112 2951 180 3029 ipse
201 2951 271 3011 Tito
291 2956 339 3027 (1,
359 2953 402 3027 5.)
427 2953 585 3034 praecipit,
615 2966 647 3012 ut
671 2952 832 3034 oppidatim
864 2953 1050 3033 presbyteros
1081 2953 1247 3016 constituat.

113 3027 168 3089 Sic
192 3028 262 3087 alibi
281 3027 514 3108 Philippensium
541 3031 711 3109 episcopos,
743 3040 772 3088 et
797 3030 864 3089 alibi
885 3030 1065 3108 Archippum
1087 3029 1248 3089 Colossen-

112 3107 189 3168 sium
211 3105 379 3185 episcopum
401 3118 610 3165 commemorat
630 3108 722 3183 (Phil.
743 3114 771 3181 1,
792 3116 818 3172 1.
846 3107 914 3167 Col.
933 3113 962 3178 4,
981 3109 1053 3179 1⁸11).
1099 3107 1138 3167 Et
1158 3119 1249 3170 exstat

111 3182 238 3262 insignis
268 3183 329 3241 eius
361 3183 467 3241 concio
498 3205 512 3241 a
537 3183 574 3241 ud
598 3184 973 3262 Lucam(hct.2ll,18.),
1004 3184 1040 3242 ad
1061 3182 1247 3265 presbyteros

115 3260 258 3319 ecclesiae
281 3258 453 3337 Ephesinae.
507 3204 647 3338 dirisquis
678 3281 749 3343 ergo
776 3261 915 3321 ecclesiae
940 3259 1025 3318 unius
1051 3261 1182 3342 regimen
1214 3284 1248 3323 ac

117 3354 218 3396 euram
242 3338 418 3415 susceperit,
443 3337 509 3397 huic
535 3337 649 3396 divinae
673 3338 835 3397 vocationis
858 3337 917 3417 legi
943 3336 1105 3418 obligatum
1130 3358 1164 3411 se·
1187 3357 1250 3400 esse

115 3411 205 3472 sciat:
229 3431 288 3471 non
301 3413 379 3489 quod
401 3413 489 3472 veluti
510 3413 613 3494 glebae
633 3415 763 3474 addictus
783 3418 832 3489 (ut
850 3413 1055 3474 Iurisconsulti
1074 3415 1199 3491 dicunt),
1219 3417 1250 3476 id

115 3499 173 3560 est,
193 3489 372 3578 mancipatus
393 3492 512 3568 etquasi
533 3490 639 3562 affixus,
659 3492 763 3570 pedena
783 3491 851 3549 iude
871 3510 990 3550 movere
1010 3502 1146 3570 nequeat,
1165 3493 1189 3551 si
1210 3493 1250 3554 ita

76 3594 85 3601 ·
113 3565 234 3659 publica
254 3566 363 3624 utilitas
383 3567 553 3645 postularit,
577 3567 667 3626 modo
693 3569 720 3626 id
743 3568 796 3626 rite
818 3579 848 3625 et
867 3566 971 3627 ordine
991 3567 1052 3628 het:
1084 3569 1134 3626 sed
1156 3568 1178 3629 is
1199 3570 1250 3648 qui

115 3663 149 3701 sn
169 3664 259 3702 unum
287 3641 385 3709 locum
406 3656 524 3702 vocatus
545 3654 604 3715 est,
629 3663 690 3701 non
711 3644 800 3702 debet
823 3644 884 3723 ipse
905 3645 941 3702 de
966 3645 1140 3725 migratione
1167 3646 1251 3726 cogi·

115 3729 196 3791 tare,
227 3738 297 3792 ncc,
327 3731 417 3798 prout
435 3720 490 3777 sibi
510 3721 696 3778 commodum
717 3721 842 3799 putarit,
873 3741 1013 3799 quaerere
1033 3721 1250 3797 liberationem.

115 3794 254 3869 Deinde,
287 3797 310 3854 si
352 3817 416 3855 uern
438 3797 570 3875 expedint
595 3797 652 3855 nlio
679 3797 844 3868 transferri,
871 3818 932 3855 non
957 3809 1056 3857 tamen
1078 3797 1165 3857 debet
1193 3800 1251 3861 boc

114 3874 233 3954 privato
255 3817 378 3932 consilio
399 3885 525 3945 tentare,
546 3872 597 3932 sed
619 3885 784 3951 exspectare
804 3872 949 3952 publicam
969 3873 1183 3935 auctoritatem.

194 3953 224 4013 8.
267 3948 422 4008 Caeterum
445 3951 522 4027 quod
545 3949 715 4028 episcopm,
736 3961 766 4008 et
785 3950 986 4029 presbyteros,
1007 3962 1037 4008 et
1057 3964 1202 4028 pastores,
1222 3967 1252 4015 et

115 4025 268 4086 ministros
288 4028 453 4104 promiscue
473 4029 573 4087 vocavi
593 4027 643 4104 qui
664 4026 798 4086 ecclesias
819 4038 941 4109 regunt,
961 4027 990 4085 id
1011 4026 1067 4087 ieci
1081 4029 1254 4109 Scripturas

117 4123 191 4173 usu,
217 4121 291 4180 quae
316 4103 466 4163 vocabula‘
490 4104 542 4162 ista
573 4102 743 4163 confundit:
776 4102 883 4182 quicun
908 4125 944 4164 ue
968 4105 1044 4164 enim
1064 4104 1146 4165 verbi
1167 4109 1254 4166 mini-

117 4179 211 4238 sterio
230 4179 412 4270 iunguntur,
436 4179 469 4239 iis
495 4178 612 4238 titulum
632 4181 837 4259 episcoporum
857 4125 968 4241 tribuit.
1011 4181 1062 4241 Sic
1081 4181 1157 4261 apud
1177 4187 1254 4244 Pau·

119 4253 198 4330 lum,
222 4256 273 4314 ubi
295 4278 384 4315 iussus
406 4267 449 4314 est
468 4256 553 4315 Titus
574 4256 753 4317 constituere
773 4255 961 4338 presbyteros
981 4259 1161 4340 oppidatim,
1181 4283 1255 4323 con-

118 4331 205 4396 tiuuo
224 4332 380 4396 subiicitur
398 4333 477 4414 (tic.
493 4340 523 4412 1,
537 4333 599 4413 b·)t
618 4330 771 4416 „Oportet
790 4333 868 4397 euim
888 4335 1060 4421 episcopum
1078 4355 1144 4403 esse
1159 4339 1263 4402 inent-
1284 4371 1288 4377 ·
