<?xml version="1.0" encoding="UTF-8"?>
<!DOCTYPE html PUBLIC "-//W3C//DTD XHTML 1.0 Transitional//EN"
    "http://www.w3.org/TR/xhtml1/DTD/xhtml1-transitional.dtd">
<html xmlns="http://www.w3.org/1999/xhtml" xml:lang="en" lang="en">
 <head>
  <title>
</title>
<meta http-equiv="Content-Type" content="text/html;charset=utf-8" />
  <meta name='ocr-system' content='tesseract 3.04.00' />
  <meta name='ocr-capabilities' content='ocr_page ocr_carea ocr_par ocr_line ocrx_word'/>
</head>
<body>
  <div class='ocr_page' id='page_1' title='image "./ioanniscalvinii02tholgoog/ioanniscalvinii02tholgoog_0737.png"; bbox 0 0 2596 4726; ppageno 0'>
   <div class='ocr_carea' id='block_1_1' title="bbox 117 212 874 303">
    <p class='ocr_par' dir='ltr' id='par_1_1' title="bbox 117 212 874 303">
     <span class='ocr_line' id='line_1_1' title="bbox 117 212 874 303; baseline 0.011 -23"><span class='ocrx_word' id='word_1_1' title='bbox 117 212 178 303; x_wconf 58' lang='lat'>233</span> <span class='ocrx_word' id='word_1_2' title='bbox 501 229 577 289; x_wconf 76' lang='lat' dir='ltr'>arn.</span> <span class='ocrx_word' id='word_1_3' title='bbox 598 228 654 288; x_wconf 83' lang='lat' dir='ltr'>tv.</span> <span class='ocrx_word' id='word_1_4' title='bbox 694 228 784 295; x_wconf 84' lang='lat' dir='ltr'>cae.</span> <span class='ocrx_word' id='word_1_5' title='bbox 804 226 874 288; x_wconf 80' lang='lat' dir='ltr'>vu.</span> 
     </span>
    </p>
   </div>
   <div class='ocr_carea' id='block_1_2' title="bbox 121 372 1263 2742">
    <p class='ocr_par' dir='ltr' id='par_1_2' title="bbox 121 372 1263 1355">
     <span class='ocr_line' id='line_1_2' title="bbox 121 372 1262 450; baseline -0.003 -10"><span class='ocrx_word' id='word_1_6' title='bbox 121 388 202 441; x_wconf 89' lang='lat' dir='ltr'>cont.</span> <span class='ocrx_word' id='word_1_7' title='bbox 221 375 333 437; x_wconf 83' lang='lat' dir='ltr'>Donat</span> <span class='ocrx_word' id='word_1_8' title='bbox 354 386 384 435; x_wconf 90' lang='lat' dir='ltr'>et</span> <span class='ocrx_word' id='word_1_9' title='bbox 404 373 498 450; x_wconf 79' lang='lat' dir='ltr'>alibi).</span> <span class='ocrx_word' id='word_1_10' title='bbox 549 373 651 434; x_wconf 83' lang='lat' dir='ltr'>Vincit</span> <span class='ocrx_word' id='word_1_11' title='bbox 674 372 734 435; x_wconf 83' lang='lat' dir='ltr'>illic</span> <span class='ocrx_word' id='word_1_12' title='bbox 761 372 960 435; x_wconf 68' lang='lat' dir='ltr'>Caecilianum</span> <span class='ocrx_word' id='word_1_13' title='bbox 986 372 1127 435; x_wconf 84' lang='lat' dir='ltr'>Donatus</span> <span class='ocrx_word' id='word_1_14' title='bbox 1149 392 1170 435; x_wconf 79' lang='lat' dir='ltr'>a</span> <span class='ocrx_word' id='word_1_15' title='bbox 1194 374 1262 437; x_wconf 84' lang='lat' dir='ltr'>casis</span> 
     </span>
     <span class='ocr_line' id='line_1_3' title="bbox 123 450 1263 538; baseline -0.004 -22"><span class='ocrx_word' id='word_1_16' title='bbox 123 454 214 538; x_wconf 89' lang='lat' dir='ltr'>nigris</span> <span class='ocrx_word' id='word_1_17' title='bbox 239 454 317 514; x_wconf 89' lang='lat' dir='ltr'>cadit</span> <span class='ocrx_word' id='word_1_18' title='bbox 343 451 460 512; x_wconf 90' lang='lat' dir='ltr'>actione</span> <span class='ocrx_word' id='word_1_19' title='bbox 486 450 682 525; x_wconf 89' lang='lat' dir='ltr'>calumniosa,</span> <span class='ocrx_word' id='word_1_20' title='bbox 706 456 858 531; x_wconf 82' lang='lat' dir='ltr'>p&#39;rosocat.</span> <span class='ocrx_word' id='word_1_21' title='bbox 900 450 1115 512; x_wconf 86' lang='lat' dir='ltr'>Constantinus</span> <span class='ocrx_word' id='word_1_22' title='bbox 1138 450 1263 533; x_wconf 83' lang='lat' dir='ltr'>appella·</span> 
     </span>
     <span class='ocr_line' id='line_1_4' title="bbox 122 522 1260 608; baseline -0.005 -14"><span class='ocrx_word' id='word_1_23' title='bbox 122 533 213 594; x_wconf 87' lang='lat' dir='ltr'>tionis</span> <span class='ocrx_word' id='word_1_24' title='bbox 243 530 384 589; x_wconf 91' lang='lat' dir='ltr'>iudicium</span> <span class='ocrx_word' id='word_1_25' title='bbox 415 528 572 587; x_wconf 87' lang='lat' dir='ltr'>demandat</span> <span class='ocrx_word' id='word_1_26' title='bbox 604 528 744 608; x_wconf 86' lang='lat' dir='ltr'>episcopo</span> <span class='ocrx_word' id='word_1_27' title='bbox 771 527 952 588; x_wconf 77' lang='lat' dir='ltr'>Arelatensi:</span> <span class='ocrx_word' id='word_1_28' title='bbox 977 528 1063 589; x_wconf 85' lang='lat' dir='ltr'>sedet</span> <span class='ocrx_word' id='word_1_29' title='bbox 1087 522 1139 589; x_wconf 90' lang='lat' dir='ltr'>ille</span> <span class='ocrx_word' id='word_1_30' title='bbox 1169 530 1260 603; x_wconf 77' lang='lat' dir='ltr'>iudet,</span> 
     </span>
     <span class='ocr_line' id='line_1_5' title="bbox 123 603 1262 688; baseline -0.002 -21"><span class='ocrx_word' id='word_1_31' title='bbox 123 620 158 669; x_wconf 92' lang='lat' dir='ltr'>ut</span> <span class='ocrx_word' id='word_1_32' title='bbox 188 618 255 688; x_wconf 90' lang='lat' dir='ltr'>post</span> <span class='ocrx_word' id='word_1_33' title='bbox 279 608 445 666; x_wconf 77' lang='lat' dir='ltr'>Romanum</span> <span class='ocrx_word' id='word_1_34' title='bbox 467 604 643 665; x_wconf 82' lang='lat' dir='ltr'>Pontificem</span> <span class='ocrx_word' id='word_1_35' title='bbox 670 604 750 684; x_wconf 86' lang='lat' dir='ltr'>quod</span> <span class='ocrx_word' id='word_1_36' title='bbox 771 605 862 664; x_wconf 89' lang='lat' dir='ltr'>visum</span> <span class='ocrx_word' id='word_1_37' title='bbox 890 603 980 663; x_wconf 89' lang='lat' dir='ltr'>fuerit</span> <span class='ocrx_word' id='word_1_38' title='bbox 1003 606 1195 685; x_wconf 83' lang='lat' dir='ltr'>pronuntiet.</span> <span class='ocrx_word' id='word_1_39' title='bbox 1230 606 1262 665; x_wconf 85' lang='lat' dir='ltr'>Si</span> 
     </span>
     <span class='ocr_line' id='line_1_6' title="bbox 123 680 1261 761; baseline -0.001 -18"><span class='ocrx_word' id='word_1_40' title='bbox 123 685 257 745; x_wconf 83' lang='lat' dir='ltr'>Romana</span> <span class='ocrx_word' id='word_1_41' title='bbox 276 682 359 743; x_wconf 85' lang='lat' dir='ltr'>sedes</span> <span class='ocrx_word' id='word_1_42' title='bbox 378 702 519 742; x_wconf 87' lang='lat' dir='ltr'>summam</span> <span class='ocrx_word' id='word_1_43' title='bbox 544 680 633 740; x_wconf 88' lang='lat' dir='ltr'>habet</span> <span class='ocrx_word' id='word_1_44' title='bbox 658 692 833 761; x_wconf 88' lang='lat' dir='ltr'>potestatem</span> <span class='ocrx_word' id='word_1_45' title='bbox 859 680 923 741; x_wconf 86' lang='lat' dir='ltr'>sine</span> <span class='ocrx_word' id='word_1_46' title='bbox 970 682 1184 742; x_wconf 84' lang='lat' dir='ltr'>rovocatioue:</span> <span class='ocrx_word' id='word_1_47' title='bbox 1214 702 1261 742; x_wconf 89' lang='lat' dir='ltr'>cur</span> 
     </span>
     <span class='ocr_line' id='line_1_7' title="bbox 125 700 1260 849; baseline -0.004 -28"><span class='ocrx_word' id='word_1_48' title='bbox 125 760 182 822; x_wconf 89' lang='lat' dir='ltr'>sibi</span> <span class='ocrx_word' id='word_1_49' title='bbox 205 772 264 820; x_wconf 92' lang='lat' dir='ltr'>tam</span> <span class='ocrx_word' id='word_1_50' title='bbox 290 760 434 841; x_wconf 81' lang='lat' dir='ltr'>insignem</span> <span class='ocrx_word' id='word_1_51' title='bbox 459 758 648 849; x_wconf 68' lang='lat' dir='ltr'>ignominiam</span> <span class='ocrx_word' id='word_1_52' title='bbox 673 757 801 839; x_wconf 88' lang='lat' dir='ltr'>irrogari</span> <span class='ocrx_word' id='word_1_53' title='bbox 821 760 932 838; x_wconf 89' lang='lat' dir='ltr'>patitur</span> <span class='ocrx_word' id='word_1_54' title='bbox 948 700 1128 832; x_wconf 68' lang='lat' dir='ltr'>Klelciades,</span> <span class='ocrx_word' id='word_1_55' title='bbox 1157 770 1193 818; x_wconf 90' lang='lat' dir='ltr'>ut</span> <span class='ocrx_word' id='word_1_56' title='bbox 1209 758 1260 819; x_wconf 86' lang='lat' dir='ltr'>sibi</span> 
     </span>
     <span class='ocr_line' id='line_1_8' title="bbox 126 832 1260 933; baseline -0.002 -36"><span class='ocrx_word' id='word_1_57' title='bbox 126 841 224 933; x_wconf 86' lang='lat' dir='ltr'>cpisco</span> <span class='ocrx_word' id='word_1_58' title='bbox 247 858 280 895; x_wconf 92' lang='lat' dir='ltr'>us</span> <span class='ocrx_word' id='word_1_59' title='bbox 313 836 492 895; x_wconf 75' lang='lat' dir='ltr'>Arelatensis</span> <span class='ocrx_word' id='word_1_60' title='bbox 524 832 724 913; x_wconf 77' lang='lat' dir='ltr'>praeferatur?</span> <span class='ocrx_word' id='word_1_61' title='bbox 775 835 814 891; x_wconf 85' lang='lat' dir='ltr'>Et</span> <span class='ocrx_word' id='word_1_62' title='bbox 846 834 910 913; x_wconf 87' lang='lat' dir='ltr'>quis</span> <span class='ocrx_word' id='word_1_63' title='bbox 939 835 1109 913; x_wconf 76' lang='lat' dir='ltr'>Imperator</span> <span class='ocrx_word' id='word_1_64' title='bbox 1141 834 1260 895; x_wconf 79' lang='lat' dir='ltr'>hocta·</span> 
     </span>
     <span class='ocr_line' id='line_1_9' title="bbox 127 858 1258 990; baseline -0.002 -17"><span class='ocrx_word' id='word_1_65' title='bbox 127 913 186 973; x_wconf 74' lang='lat' dir='ltr'>ert?</span> <span class='ocrx_word' id='word_1_66' title='bbox 226 858 440 973; x_wconf 75' lang='lat' dir='ltr'>lionstaotinus</span> <span class='ocrx_word' id='word_1_67' title='bbox 460 909 588 981; x_wconf 87' lang='lat' dir='ltr'>scilicet,</span> <span class='ocrx_word' id='word_1_68' title='bbox 618 930 707 990; x_wconf 87' lang='lat' dir='ltr'>quem</span> <span class='ocrx_word' id='word_1_69' title='bbox 731 909 839 970; x_wconf 88' lang='lat' dir='ltr'>iactant</span> <span class='ocrx_word' id='word_1_70' title='bbox 864 930 925 969; x_wconf 90' lang='lat' dir='ltr'>uon</span> <span class='ocrx_word' id='word_1_71' title='bbox 951 909 1043 969; x_wconf 92' lang='lat' dir='ltr'>modo</span> <span class='ocrx_word' id='word_1_72' title='bbox 1070 929 1164 969; x_wconf 85' lang='lat' dir='ltr'>omne</span> <span class='ocrx_word' id='word_1_73' title='bbox 1183 932 1258 971; x_wconf 80' lang='lat' dir='ltr'>suun</span> 
     </span>
     <span class='ocr_line' id='line_1_10' title="bbox 125 984 1260 1065; baseline -0.002 -16"><span class='ocrx_word' id='word_1_74' title='bbox 125 990 271 1062; x_wconf 87' lang='lat' dir='ltr'>studium,</span> <span class='ocrx_word' id='word_1_75' title='bbox 290 988 341 1047; x_wconf 89' lang='lat' dir='ltr'>sed</span> <span class='ocrx_word' id='word_1_76' title='bbox 362 1006 464 1045; x_wconf 87' lang='lat' dir='ltr'>omnes</span> <span class='ocrx_word' id='word_1_77' title='bbox 485 986 547 1045; x_wconf 89' lang='lat' dir='ltr'>fere</span> <span class='ocrx_word' id='word_1_78' title='bbox 570 986 686 1065; x_wconf 84' lang='lat' dir='ltr'>imperii</span> <span class='ocrx_word' id='word_1_79' title='bbox 705 1006 777 1065; x_wconf 89' lang='lat' dir='ltr'>opes</span> <span class='ocrx_word' id='word_1_80' title='bbox 796 986 956 1046; x_wconf 77' lang='lat' dir='ltr'>contulisse</span> <span class='ocrx_word' id='word_1_81' title='bbox 976 984 1013 1045; x_wconf 90' lang='lat' dir='ltr'>ad</span> <span class='ocrx_word' id='word_1_82' title='bbox 1032 986 1260 1065; x_wconf 76' lang='lat' dir='ltr'>amplificandam</span> 
     </span>
     <span class='ocr_line' id='line_1_11' title="bbox 126 1062 1260 1145; baseline -0.002 -20"><span class='ocrx_word' id='word_1_83' title='bbox 126 1066 202 1125; x_wconf 86' lang='lat' dir='ltr'>sedis</span> <span class='ocrx_word' id='word_1_84' title='bbox 221 1084 291 1125; x_wconf 88' lang='lat' dir='ltr'>suae</span> <span class='ocrx_word' id='word_1_85' title='bbox 312 1064 495 1145; x_wconf 84' lang='lat' dir='ltr'>dignitatem.</span> <span class='ocrx_word' id='word_1_86' title='bbox 533 1062 675 1123; x_wconf 83' lang='lat' dir='ltr'>Videmus</span> <span class='ocrx_word' id='word_1_87' title='bbox 702 1082 773 1143; x_wconf 87' lang='lat' dir='ltr'>ergo</span> <span class='ocrx_word' id='word_1_88' title='bbox 800 1063 859 1123; x_wconf 91' lang='lat' dir='ltr'>iam</span> <span class='ocrx_word' id='word_1_89' title='bbox 879 1072 1022 1142; x_wconf 89' lang='lat' dir='ltr'>quantum</span> <span class='ocrx_word' id='word_1_90' title='bbox 1046 1062 1147 1123; x_wconf 87' lang='lat' dir='ltr'>modis</span> <span class='ocrx_word' id='word_1_91' title='bbox 1173 1064 1260 1124; x_wconf 89' lang='lat' dir='ltr'>omui-</span> 
     </span>
     <span class='ocr_line' id='line_1_12' title="bbox 126 1136 1261 1218; baseline -0.003 -16"><span class='ocrx_word' id='word_1_92' title='bbox 126 1142 182 1202; x_wconf 89' lang='lat' dir='ltr'>bus</span> <span class='ocrx_word' id='word_1_93' title='bbox 207 1140 336 1201; x_wconf 87' lang='lat' dir='ltr'>abfuerit</span> <span class='ocrx_word' id='word_1_94' title='bbox 355 1152 425 1199; x_wconf 87' lang='lat' dir='ltr'>tunc</span> <span class='ocrx_word' id='word_1_95' title='bbox 444 1138 593 1198; x_wconf 79' lang='lat' dir='ltr'>Romanus</span> <span class='ocrx_word' id='word_1_96' title='bbox 613 1136 750 1199; x_wconf 79' lang='lat' dir='ltr'>Pontifex</span> <span class='ocrx_word' id='word_1_97' title='bbox 770 1138 806 1199; x_wconf 87' lang='lat' dir='ltr'>ab</span> <span class='ocrx_word' id='word_1_98' title='bbox 826 1138 875 1199; x_wconf 88' lang='lat' dir='ltr'>illa</span> <span class='ocrx_word' id='word_1_99' title='bbox 894 1157 1031 1218; x_wconf 85' lang='lat' dir='ltr'>suprema</span> <span class='ocrx_word' id='word_1_100' title='bbox 1049 1138 1261 1215; x_wconf 86' lang='lat' dir='ltr'>dominatione,</span> 
     </span>
     <span class='ocr_line' id='line_1_13' title="bbox 127 1214 1262 1298; baseline 0.001 -21"><span class='ocrx_word' id='word_1_101' title='bbox 127 1238 213 1298; x_wconf 87' lang='lat' dir='ltr'>quam</span> <span class='ocrx_word' id='word_1_102' title='bbox 233 1215 289 1276; x_wconf 86' lang='lat' dir='ltr'>sibi</span> <span class='ocrx_word' id='word_1_103' title='bbox 310 1215 340 1274; x_wconf 89' lang='lat' dir='ltr'>in</span> <span class='ocrx_word' id='word_1_104' title='bbox 360 1236 463 1277; x_wconf 90' lang='lat' dir='ltr'>omnes</span> <span class='ocrx_word' id='word_1_105' title='bbox 477 1216 610 1277; x_wconf 87' lang='lat' dir='ltr'>ecclesias</span> <span class='ocrx_word' id='word_1_106' title='bbox 631 1215 726 1275; x_wconf 86' lang='lat' dir='ltr'>datam</span> <span class='ocrx_word' id='word_1_107' title='bbox 747 1234 810 1276; x_wconf 87' lang='lat' dir='ltr'>essc</span> <span class='ocrx_word' id='word_1_108' title='bbox 829 1214 979 1276; x_wconf 83' lang='lat' dir='ltr'>aClrristo</span> <span class='ocrx_word' id='word_1_109' title='bbox 999 1215 1114 1289; x_wconf 74' lang='lat' dir='ltr'>amerit,</span> <span class='ocrx_word' id='word_1_110' title='bbox 1134 1228 1168 1277; x_wconf 89' lang='lat' dir='ltr'>et</span> <span class='ocrx_word' id='word_1_111' title='bbox 1179 1236 1262 1296; x_wconf 83' lang='lat' dir='ltr'>quam</span> 
     </span>
     <span class='ocr_line' id='line_1_14' title="bbox 126 1290 1192 1355; baseline -0.002 0"><span class='ocrx_word' id='word_1_112' title='bbox 126 1291 248 1355; x_wconf 85' lang='lat' dir='ltr'>saeculis</span> <span class='ocrx_word' id='word_1_113' title='bbox 268 1291 404 1352; x_wconf 88' lang='lat' dir='ltr'>omnibus</span> <span class='ocrx_word' id='word_1_114' title='bbox 424 1311 455 1353; x_wconf 87' lang='lat' dir='ltr'>se</span> <span class='ocrx_word' id='word_1_115' title='bbox 476 1292 566 1352; x_wconf 89' lang='lat' dir='ltr'>totius</span> <span class='ocrx_word' id='word_1_116' title='bbox 587 1291 666 1352; x_wconf 87' lang='lat' dir='ltr'>orbis</span> <span class='ocrx_word' id='word_1_117' title='bbox 686 1311 832 1353; x_wconf 90' lang='lat' dir='ltr'>consensu</span> <span class='ocrx_word' id='word_1_118' title='bbox 851 1290 1015 1351; x_wconf 85' lang='lat' dir='ltr'>obtinuisse</span> <span class='ocrx_word' id='word_1_119' title='bbox 1033 1292 1192 1353; x_wconf 90' lang='lat' dir='ltr'>mentitur.-</span> 
     </span>
    </p>

    <p class='ocr_par' dir='ltr' id='par_1_3' title="bbox 121 1367 1262 2593">
     <span class='ocr_line' id='line_1_15' title="bbox 202 1367 1261 1459; baseline 0.002 -32"><span class='ocrx_word' id='word_1_120' title='bbox 202 1376 250 1433; x_wconf 83' lang='lat'>11.</span> <span class='ocrx_word' id='word_1_121' title='bbox 289 1367 360 1428; x_wconf 91' lang='lat' dir='ltr'>Scio</span> <span class='ocrx_word' id='word_1_122' title='bbox 383 1390 469 1449; x_wconf 86' lang='lat' dir='ltr'>quam</span> <span class='ocrx_word' id='word_1_123' title='bbox 490 1368 598 1428; x_wconf 88' lang='lat' dir='ltr'>multae</span> <span class='ocrx_word' id='word_1_124' title='bbox 621 1369 680 1427; x_wconf 90' lang='lat' dir='ltr'>sint</span> <span class='ocrx_word' id='word_1_125' title='bbox 706 1368 862 1459; x_wconf 70' lang='lat' dir='ltr'>epistolae,</span> <span class='ocrx_word' id='word_1_126' title='bbox 914 1388 980 1427; x_wconf 86' lang='lat' dir='ltr'>uam</span> <span class='ocrx_word' id='word_1_127' title='bbox 1004 1368 1099 1428; x_wconf 86' lang='lat' dir='ltr'>multa</span> <span class='ocrx_word' id='word_1_128' title='bbox 1122 1369 1261 1451; x_wconf 87' lang='lat' dir='ltr'>rescripta</span> 
     </span>
     <span class='ocr_line' id='line_1_16' title="bbox 126 1388 1262 1539; baseline -0.001 -33"><span class='ocrx_word' id='word_1_129' title='bbox 126 1456 158 1506; x_wconf 90' lang='lat' dir='ltr'>et</span> <span class='ocrx_word' id='word_1_130' title='bbox 177 1445 288 1519; x_wconf 87' lang='lat' dir='ltr'>edicta,</span> <span class='ocrx_word' id='word_1_131' title='bbox 318 1445 423 1539; x_wconf 64' lang='lat' dir='ltr'>quibus</span> <span class='ocrx_word' id='word_1_132' title='bbox 443 1442 603 1505; x_wconf 87' lang='lat' dir='ltr'>Pontifices</span> <span class='ocrx_word' id='word_1_133' title='bbox 624 1446 651 1504; x_wconf 92' lang='lat' dir='ltr'>ei</span> <span class='ocrx_word' id='word_1_134' title='bbox 674 1443 749 1503; x_wconf 79' lang='lat' dir='ltr'>nthrt</span> <span class='ocrx_word' id='word_1_135' title='bbox 774 1464 836 1503; x_wconf 93' lang='lat' dir='ltr'>non</span> <span class='ocrx_word' id='word_1_136' title='bbox 862 1388 997 1504; x_wconf 77' lang='lat' dir='ltr'>tribuunt</span> <span class='ocrx_word' id='word_1_137' title='bbox 1022 1455 1054 1503; x_wconf 89' lang='lat' dir='ltr'>et</span> <span class='ocrx_word' id='word_1_138' title='bbox 1079 1444 1262 1505; x_wconf 87' lang='lat' dir='ltr'>confidenter</span> 
     </span>
     <span class='ocr_line' id='line_1_17' title="bbox 125 1520 1261 1600; baseline 0.001 -18"><span class='ocrx_word' id='word_1_139' title='bbox 125 1521 284 1582; x_wconf 81' lang='lat' dir='ltr'>vindicant.</span> <span class='ocrx_word' id='word_1_140' title='bbox 323 1520 382 1580; x_wconf 78' lang='lat' dir='ltr'>bed</span> <span class='ocrx_word' id='word_1_141' title='bbox 403 1520 461 1581; x_wconf 89' lang='lat' dir='ltr'>hoc</span> <span class='ocrx_word' id='word_1_142' title='bbox 482 1542 600 1600; x_wconf 84' lang='lat' dir='ltr'>quoque</span> <span class='ocrx_word' id='word_1_143' title='bbox 621 1540 740 1595; x_wconf 90' lang='lat' dir='ltr'>omnes,</span> <span class='ocrx_word' id='word_1_144' title='bbox 764 1522 815 1600; x_wconf 92' lang='lat' dir='ltr'>qui</span> <span class='ocrx_word' id='word_1_145' title='bbox 835 1520 882 1579; x_wconf 86' lang='lat' dir='ltr'>vel</span> <span class='ocrx_word' id='word_1_146' title='bbox 906 1521 1060 1579; x_wconf 88' lang='lat' dir='ltr'>minimum</span> <span class='ocrx_word' id='word_1_147' title='bbox 1088 1520 1202 1582; x_wconf 88' lang='lat' dir='ltr'>babent</span> <span class='ocrx_word' id='word_1_148' title='bbox 1219 1522 1261 1583; x_wconf 85' lang='lat' dir='ltr'>iu·</span> 
     </span>
     <span class='ocr_line' id='line_1_18' title="bbox 126 1596 1260 1689; baseline 0.002 -32"><span class='ocrx_word' id='word_1_149' title='bbox 126 1598 206 1680; x_wconf 87' lang='lat' dir='ltr'>genii</span> <span class='ocrx_word' id='word_1_150' title='bbox 222 1610 253 1656; x_wconf 86' lang='lat' dir='ltr'>et</span> <span class='ocrx_word' id='word_1_151' title='bbox 265 1597 426 1671; x_wconf 90' lang='lat' dir='ltr'>doctrinae,</span> <span class='ocrx_word' id='word_1_152' title='bbox 445 1598 541 1656; x_wconf 88' lang='lat' dir='ltr'>sciunt</span> <span class='ocrx_word' id='word_1_153' title='bbox 559 1599 597 1657; x_wconf 93' lang='lat' dir='ltr'>ita</span> <span class='ocrx_word' id='word_1_154' title='bbox 617 1596 724 1657; x_wconf 81' lang='lat' dir='ltr'>insulsa</span> <span class='ocrx_word' id='word_1_155' title='bbox 742 1616 803 1657; x_wconf 91' lang='lat' dir='ltr'>esse</span> <span class='ocrx_word' id='word_1_156' title='bbox 820 1597 962 1689; x_wconf 89' lang='lat' dir='ltr'>pleraque</span> <span class='ocrx_word' id='word_1_157' title='bbox 974 1617 1009 1656; x_wconf 82' lang='lat' dir='ltr'>ex</span> <span class='ocrx_word' id='word_1_158' title='bbox 1023 1596 1106 1676; x_wconf 86' lang='lat' dir='ltr'>ipsis,</span> <span class='ocrx_word' id='word_1_159' title='bbox 1125 1599 1260 1679; x_wconf 88' lang='lat' dir='ltr'>utprimo</span> 
     </span>
     <span class='ocr_line' id='line_1_19' title="bbox 124 1664 1259 1755; baseline 0 -21"><span class='ocrx_word' id='word_1_160' title='bbox 124 1686 212 1755; x_wconf 87' lang='lat' dir='ltr'>gustu</span> <span class='ocrx_word' id='word_1_161' title='bbox 234 1664 318 1734; x_wconf 81' lang='lat' dir='ltr'>tacitt</span> <span class='ocrx_word' id='word_1_162' title='bbox 337 1675 374 1734; x_wconf 89' lang='lat' dir='ltr'>sit</span> <span class='ocrx_word' id='word_1_163' title='bbox 394 1674 626 1750; x_wconf 84' lang='lat' dir='ltr'>deprehendere,</span> <span class='ocrx_word' id='word_1_164' title='bbox 638 1694 671 1732; x_wconf 78' lang='lat' dir='ltr'>ex</span> <span class='ocrx_word' id='word_1_165' title='bbox 683 1673 865 1752; x_wconf 85' lang='lat' dir='ltr'>quaofficrna</span> <span class='ocrx_word' id='word_1_166' title='bbox 879 1672 1053 1753; x_wconf 78' lang='lat' dir='ltr'>prodierint.</span> <span class='ocrx_word' id='word_1_167' title='bbox 1094 1674 1174 1748; x_wconf 87' lang='lat' dir='ltr'>Quis</span> <span class='ocrx_word' id='word_1_168' title='bbox 1188 1676 1259 1736; x_wconf 88' lang='lat' dir='ltr'>euim</span> 
     </span>
     <span class='ocr_line' id='line_1_20' title="bbox 126 1748 1259 1831; baseline 0 -20"><span class='ocrx_word' id='word_1_169' title='bbox 126 1773 212 1811; x_wconf 89' lang='lat' dir='ltr'>sanus</span> <span class='ocrx_word' id='word_1_170' title='bbox 233 1772 266 1809; x_wconf 89' lang='lat' dir='ltr'>ac</span> <span class='ocrx_word' id='word_1_171' title='bbox 286 1749 400 1810; x_wconf 90' lang='lat' dir='ltr'>sobrius</span> <span class='ocrx_word' id='word_1_172' title='bbox 421 1751 555 1809; x_wconf 78' lang='lat' dir='ltr'>Anacleti</span> <span class='ocrx_word' id='word_1_173' title='bbox 583 1770 645 1809; x_wconf 86' lang='lat' dir='ltr'>esse</span> <span class='ocrx_word' id='word_1_174' title='bbox 665 1761 750 1828; x_wconf 91' lang='lat' dir='ltr'>putet</span> <span class='ocrx_word' id='word_1_175' title='bbox 774 1750 920 1831; x_wconf 82' lang='lat' dir='ltr'>egregiam</span> <span class='ocrx_word' id='word_1_176' title='bbox 941 1748 1019 1808; x_wconf 90' lang='lat' dir='ltr'>illam</span> <span class='ocrx_word' id='word_1_177' title='bbox 1038 1750 1259 1831; x_wconf 87' lang='lat' dir='ltr'>interpretatio·</span> 
     </span>
     <span class='ocr_line' id='line_1_21' title="bbox 125 1823 1257 1909; baseline -0.001 -23"><span class='ocrx_word' id='word_1_178' title='bbox 125 1847 205 1901; x_wconf 90' lang='lat' dir='ltr'>nem,</span> <span class='ocrx_word' id='word_1_179' title='bbox 226 1847 301 1906; x_wconf 88' lang='lat' dir='ltr'>quae</span> <span class='ocrx_word' id='word_1_180' title='bbox 321 1827 374 1886; x_wconf 91' lang='lat' dir='ltr'>sub</span> <span class='ocrx_word' id='word_1_181' title='bbox 395 1826 531 1886; x_wconf 78' lang='lat' dir='ltr'>Anacleti</span> <span class='ocrx_word' id='word_1_182' title='bbox 550 1827 670 1886; x_wconf 89' lang='lat' dir='ltr'>nomine</span> <span class='ocrx_word' id='word_1_183' title='bbox 689 1826 719 1885; x_wconf 93' lang='lat' dir='ltr'>in</span> <span class='ocrx_word' id='word_1_184' title='bbox 741 1823 885 1886; x_wconf 89' lang='lat' dir='ltr'>Gratiano</span> <span class='ocrx_word' id='word_1_185' title='bbox 908 1825 1035 1885; x_wconf 87' lang='lat' dir='ltr'>refertur</span> <span class='ocrx_word' id='word_1_186' title='bbox 1048 1826 1133 1905; x_wconf 90' lang='lat' dir='ltr'>(dist.</span> <span class='ocrx_word' id='word_1_187' title='bbox 1144 1834 1257 1909; x_wconf 60' lang='lat' dir='ltr'>neap.</span> 
     </span>
     <span class='ocr_line' id='line_1_22' title="bbox 126 1901 1257 1994; baseline 0 -31"><span class='ocrx_word' id='word_1_188' title='bbox 126 1902 343 1979; x_wconf 86' lang='lat' dir='ltr'>Sacrosaucta),</span> <span class='ocrx_word' id='word_1_189' title='bbox 363 1922 469 1981; x_wconf 84' lang='lat' dir='ltr'>nempe</span> <span class='ocrx_word' id='word_1_190' title='bbox 489 1904 570 1994; x_wconf 79' lang='lat' dir='ltr'>quod</span> <span class='ocrx_word' id='word_1_191' title='bbox 583 1902 699 1983; x_wconf 84' lang='lat' dir='ltr'>Cephas</span> <span class='ocrx_word' id='word_1_192' title='bbox 718 1902 757 1961; x_wconf 87' lang='lat' dir='ltr'>sit</span> <span class='ocrx_word' id='word_1_193' title='bbox 775 1902 883 1982; x_wconf 81' lang='lat' dir='ltr'>capnt?</span> <span class='ocrx_word' id='word_1_194' title='bbox 911 1901 1049 1962; x_wconf 89' lang='lat' dir='ltr'>Plurimis</span> <span class='ocrx_word' id='word_1_195' title='bbox 1069 1905 1133 1965; x_wconf 89' lang='lat' dir='ltr'>eius</span> <span class='ocrx_word' id='word_1_196' title='bbox 1154 1905 1257 1965; x_wconf 85' lang='lat' dir='ltr'>farinae</span> 
     </span>
     <span class='ocr_line' id='line_1_23' title="bbox 124 1976 1256 2061; baseline 0 -23"><span class='ocrx_word' id='word_1_197' title='bbox 124 1980 221 2061; x_wconf 89' lang='lat' dir='ltr'>nugis,</span> <span class='ocrx_word' id='word_1_198' title='bbox 241 2000 311 2059; x_wconf 89' lang='lat' dir='ltr'>quas</span> <span class='ocrx_word' id='word_1_199' title='bbox 331 1980 393 2039; x_wconf 89' lang='lat' dir='ltr'>sine</span> <span class='ocrx_word' id='word_1_200' title='bbox 414 1979 522 2039; x_wconf 82' lang='lat' dir='ltr'>ludicro</span> <span class='ocrx_word' id='word_1_201' title='bbox 539 1979 753 2039; x_wconf 87' lang='lat' dir='ltr'>consarcinavit</span> <span class='ocrx_word' id='word_1_202' title='bbox 764 1976 932 2051; x_wconf 85' lang='lat' dir='ltr'>Gratianus,</span> <span class='ocrx_word' id='word_1_203' title='bbox 951 1978 1155 2041; x_wconf 85' lang='lat' dir='ltr'>Romanenses</span> <span class='ocrx_word' id='word_1_204' title='bbox 1175 1980 1256 2041; x_wconf 87' lang='lat' dir='ltr'>bodie</span> 
     </span>
     <span class='ocr_line' id='line_1_24' title="bbox 124 2055 1254 2130; baseline 0.003 -16"><span class='ocrx_word' id='word_1_205' title='bbox 124 2069 230 2115; x_wconf 89' lang='lat' dir='ltr'>contra</span> <span class='ocrx_word' id='word_1_206' title='bbox 251 2076 305 2115; x_wconf 89' lang='lat' dir='ltr'>nos</span> <span class='ocrx_word' id='word_1_207' title='bbox 325 2055 487 2115; x_wconf 88' lang='lat' dir='ltr'>abutuntur</span> <span class='ocrx_word' id='word_1_208' title='bbox 512 2056 548 2114; x_wconf 87' lang='lat' dir='ltr'>ad</span> <span class='ocrx_word' id='word_1_209' title='bbox 572 2055 647 2116; x_wconf 89' lang='lat' dir='ltr'>sedis</span> <span class='ocrx_word' id='word_1_210' title='bbox 674 2075 742 2115; x_wconf 88' lang='lat' dir='ltr'>suae</span> <span class='ocrx_word' id='word_1_211' title='bbox 767 2055 984 2115; x_wconf 79' lang='lat' dir='ltr'>defensionem:</span> <span class='ocrx_word' id='word_1_212' title='bbox 1011 2067 1041 2114; x_wconf 86' lang='lat' dir='ltr'>et</span> <span class='ocrx_word' id='word_1_213' title='bbox 1060 2055 1136 2118; x_wconf 87' lang='lat' dir='ltr'>tales</span> <span class='ocrx_word' id='word_1_214' title='bbox 1156 2057 1254 2130; x_wconf 73' lang='lat' dir='ltr'>funos,</span> 
     </span>
     <span class='ocr_line' id='line_1_25' title="bbox 125 2130 1254 2211; baseline 0.002 -20"><span class='ocrx_word' id='word_1_215' title='bbox 125 2132 232 2211; x_wconf 84' lang='lat' dir='ltr'>quibus</span> <span class='ocrx_word' id='word_1_216' title='bbox 251 2133 403 2211; x_wconf 88' lang='lat' dir='ltr'>imperitos</span> <span class='ocrx_word' id='word_1_217' title='bbox 424 2132 494 2192; x_wconf 93' lang='lat' dir='ltr'>olim</span> <span class='ocrx_word' id='word_1_218' title='bbox 518 2132 549 2190; x_wconf 91' lang='lat' dir='ltr'>in</span> <span class='ocrx_word' id='word_1_219' title='bbox 574 2131 704 2191; x_wconf 90' lang='lat' dir='ltr'>tenebris</span> <span class='ocrx_word' id='word_1_220' title='bbox 724 2130 880 2207; x_wconf 78' lang='lat' dir='ltr'>ludebant,</span> <span class='ocrx_word' id='word_1_221' title='bbox 911 2131 1006 2191; x_wconf 87' lang='lat' dir='ltr'>adbuc</span> <span class='ocrx_word' id='word_1_222' title='bbox 1033 2131 1064 2191; x_wconf 89' lang='lat' dir='ltr'>iu</span> <span class='ocrx_word' id='word_1_223' title='bbox 1090 2144 1174 2195; x_wconf 85' lang='lat' dir='ltr'>tanta</span> <span class='ocrx_word' id='word_1_224' title='bbox 1198 2134 1254 2193; x_wconf 85' lang='lat' dir='ltr'>luce</span> 
     </span>
     <span class='ocr_line' id='line_1_26' title="bbox 123 2207 1253 2289; baseline 0.004 -22"><span class='ocrx_word' id='word_1_225' title='bbox 123 2208 255 2268; x_wconf 79' lang='lat' dir='ltr'>vendere</span> <span class='ocrx_word' id='word_1_226' title='bbox 267 2207 380 2267; x_wconf 90' lang='lat' dir='ltr'>volunt.</span> <span class='ocrx_word' id='word_1_227' title='bbox 421 2207 483 2268; x_wconf 90' lang='lat' dir='ltr'>Sed</span> <span class='ocrx_word' id='word_1_228' title='bbox 502 2228 559 2289; x_wconf 92' lang='lat' dir='ltr'>ego</span> <span class='ocrx_word' id='word_1_229' title='bbox 579 2207 704 2268; x_wconf 88' lang='lat' dir='ltr'>multum</span> <span class='ocrx_word' id='word_1_230' title='bbox 724 2228 832 2288; x_wconf 86' lang='lat' dir='ltr'>operae</span> <span class='ocrx_word' id='word_1_231' title='bbox 852 2228 966 2288; x_wconf 89' lang='lat' dir='ltr'>ponere</span> <span class='ocrx_word' id='word_1_232' title='bbox 985 2209 1015 2269; x_wconf 91' lang='lat' dir='ltr'>iu</span> <span class='ocrx_word' id='word_1_233' title='bbox 1035 2209 1072 2269; x_wconf 87' lang='lat' dir='ltr'>iis</span> <span class='ocrx_word' id='word_1_234' title='bbox 1092 2210 1253 2271; x_wconf 80' lang='lat' dir='ltr'>refellendis</span> 
     </span>
     <span class='ocr_line' id='line_1_27' title="bbox 122 2283 1252 2366; baseline 0.003 -23"><span class='ocrx_word' id='word_1_235' title='bbox 122 2283 213 2358; x_wconf 88' lang='lat' dir='ltr'>nolo,</span> <span class='ocrx_word' id='word_1_236' title='bbox 238 2304 313 2364; x_wconf 87' lang='lat' dir='ltr'>quae</span> <span class='ocrx_word' id='word_1_237' title='bbox 338 2304 369 2344; x_wconf 89' lang='lat' dir='ltr'>se</span> <span class='ocrx_word' id='word_1_238' title='bbox 396 2283 457 2364; x_wconf 93' lang='lat' dir='ltr'>ipsa</span> <span class='ocrx_word' id='word_1_239' title='bbox 482 2296 605 2366; x_wconf 87' lang='lat' dir='ltr'>propter</span> <span class='ocrx_word' id='word_1_240' title='bbox 629 2285 746 2345; x_wconf 91' lang='lat' dir='ltr'>nimiam</span> <span class='ocrx_word' id='word_1_241' title='bbox 773 2284 965 2345; x_wconf 88' lang='lat' dir='ltr'>insulsitatem</span> <span class='ocrx_word' id='word_1_242' title='bbox 990 2283 1087 2364; x_wconf 89' lang='lat' dir='ltr'>palam</span> <span class='ocrx_word' id='word_1_243' title='bbox 1111 2287 1252 2348; x_wconf 85' lang='lat' dir='ltr'>refellunt.</span> 
     </span>
     <span class='ocr_line' id='line_1_28' title="bbox 122 2360 1252 2445; baseline 0.007 -28"><span class='ocrx_word' id='word_1_244' title='bbox 122 2360 234 2419; x_wconf 81' lang='lat' dir='ltr'>Fateor</span> <span class='ocrx_word' id='word_1_245' title='bbox 253 2371 363 2420; x_wconf 83' lang='lat' dir='ltr'>exstare</span> <span class='ocrx_word' id='word_1_246' title='bbox 383 2362 472 2420; x_wconf 92' lang='lat' dir='ltr'>ctiam</span> <span class='ocrx_word' id='word_1_247' title='bbox 491 2381 573 2421; x_wconf 86' lang='lat' dir='ltr'>veras</span> <span class='ocrx_word' id='word_1_248' title='bbox 593 2361 731 2441; x_wconf 88' lang='lat' dir='ltr'>epistolas</span> <span class='ocrx_word' id='word_1_249' title='bbox 750 2361 913 2441; x_wconf 90' lang='lat' dir='ltr'>priscorum</span> <span class='ocrx_word' id='word_1_250' title='bbox 934 2361 1129 2439; x_wconf 87' lang='lat' dir='ltr'>Pontificum,</span> <span class='ocrx_word' id='word_1_251' title='bbox 1156 2364 1252 2445; x_wconf 81' lang='lat' dir='ltr'>quibus</span> 
     </span>
     <span class='ocr_line' id='line_1_29' title="bbox 122 2435 1252 2527; baseline 0.004 -32"><span class='ocrx_word' id='word_1_252' title='bbox 122 2435 199 2495; x_wconf 85' lang='lat' dir='ltr'>sedis</span> <span class='ocrx_word' id='word_1_253' title='bbox 223 2456 291 2495; x_wconf 86' lang='lat' dir='ltr'>suae</span> <span class='ocrx_word' id='word_1_254' title='bbox 315 2436 535 2527; x_wconf 90' lang='lat' dir='ltr'>amplitudinem</span> <span class='ocrx_word' id='word_1_255' title='bbox 562 2438 725 2519; x_wconf 84' lang='lat' dir='ltr'>magnificis</span> <span class='ocrx_word' id='word_1_256' title='bbox 751 2438 854 2519; x_wconf 86' lang='lat' dir='ltr'>elogiis</span> <span class='ocrx_word' id='word_1_257' title='bbox 873 2438 1040 2498; x_wconf 86' lang='lat' dir='ltr'>venditant:</span> <span class='ocrx_word' id='word_1_258' title='bbox 1073 2441 1177 2519; x_wconf 86' lang='lat' dir='ltr'>quales</span> <span class='ocrx_word' id='word_1_259' title='bbox 1194 2450 1252 2503; x_wconf 82' lang='lat' dir='ltr'>suut</span> 
     </span>
     <span class='ocr_line' id='line_1_30' title="bbox 121 2510 1251 2593; baseline 0.004 -23"><span class='ocrx_word' id='word_1_260' title='bbox 121 2510 235 2591; x_wconf 87' lang='lat' dir='ltr'>aliquae</span> <span class='ocrx_word' id='word_1_261' title='bbox 254 2512 399 2571; x_wconf 75' lang='lat' dir='ltr'>Leonas.</span> <span class='ocrx_word' id='word_1_262' title='bbox 439 2514 507 2571; x_wconf 89' lang='lat' dir='ltr'>Fuit</span> <span class='ocrx_word' id='word_1_263' title='bbox 528 2516 604 2572; x_wconf 88' lang='lat' dir='ltr'>enim</span> <span class='ocrx_word' id='word_1_264' title='bbox 626 2514 669 2571; x_wconf 90' lang='lat' dir='ltr'>vir</span> <span class='ocrx_word' id='word_1_265' title='bbox 689 2514 753 2586; x_wconf 87' lang='lat' dir='ltr'>ille,</span> <span class='ocrx_word' id='word_1_266' title='bbox 778 2528 811 2574; x_wconf 90' lang='lat' dir='ltr'>ut</span> <span class='ocrx_word' id='word_1_267' title='bbox 831 2515 960 2574; x_wconf 90' lang='lat' dir='ltr'>eruditus</span> <span class='ocrx_word' id='word_1_268' title='bbox 979 2535 1013 2574; x_wconf 91' lang='lat' dir='ltr'>ac</span> <span class='ocrx_word' id='word_1_269' title='bbox 1033 2515 1194 2593; x_wconf 86' lang='lat' dir='ltr'>facundus,</span> <span class='ocrx_word' id='word_1_270' title='bbox 1219 2518 1251 2575; x_wconf 88' lang='lat' dir='ltr'>ita</span> 
     </span>
    </p>

    <p class='ocr_par' dir='ltr' id='par_1_4' title="bbox 121 2588 1250 2742">
     <span class='ocr_line' id='line_1_31' title="bbox 144 2588 1250 2670; baseline 0.008 -27"><span class='ocrx_word' id='word_1_271' title='bbox 144 2588 235 2647; x_wconf 90' lang='lat' dir='ltr'>loriae</span> <span class='ocrx_word' id='word_1_272' title='bbox 268 2601 298 2647; x_wconf 91' lang='lat' dir='ltr'>ct</span> <span class='ocrx_word' id='word_1_273' title='bbox 327 2589 535 2648; x_wconf 90' lang='lat' dir='ltr'>dominationis</span> <span class='ocrx_word' id='word_1_274' title='bbox 565 2591 790 2669; x_wconf 89' lang='lat' dir='ltr'>supramodum</span> <span class='ocrx_word' id='word_1_275' title='bbox 819 2592 953 2670; x_wconf 89' lang='lat' dir='ltr'>cupidus:</span> <span class='ocrx_word' id='word_1_276' title='bbox 983 2592 1094 2651; x_wconf 88' lang='lat' dir='ltr'>sedan</span> <span class='ocrx_word' id='word_1_277' title='bbox 1121 2593 1250 2655; x_wconf 85' lang='lat' dir='ltr'>ecclesiae</span> 
     </span>
     <span class='ocr_line' id='line_1_32' title="bbox 121 2608 1248 2742; baseline 0.006 -19"><span class='ocrx_word' id='word_1_278' title='bbox 121 2608 209 2723; x_wconf 70' lang='lat' dir='ltr'>fidem</span> <span class='ocrx_word' id='word_1_279' title='bbox 230 2677 299 2725; x_wconf 91' lang='lat' dir='ltr'>tunc</span> <span class='ocrx_word' id='word_1_280' title='bbox 321 2666 478 2725; x_wconf 85' lang='lat' dir='ltr'>habuerint</span> <span class='ocrx_word' id='word_1_281' title='bbox 498 2667 560 2725; x_wconf 92' lang='lat' dir='ltr'>eius</span> <span class='ocrx_word' id='word_1_282' title='bbox 581 2666 768 2742; x_wconf 87' lang='lat' dir='ltr'>testimonio,</span> <span class='ocrx_word' id='word_1_283' title='bbox 788 2668 855 2725; x_wconf 92' lang='lat' dir='ltr'>dum</span> <span class='ocrx_word' id='word_1_284' title='bbox 877 2669 915 2727; x_wconf 89' lang='lat' dir='ltr'>ita</span> <span class='ocrx_word' id='word_1_285' title='bbox 935 2688 966 2726; x_wconf 90' lang='lat' dir='ltr'>se</span> <span class='ocrx_word' id='word_1_286' title='bbox 987 2669 1116 2741; x_wconf 81' lang='lat' dir='ltr'>extollit,</span> <span class='ocrx_word' id='word_1_287' title='bbox 1138 2673 1168 2730; x_wconf 91' lang='lat' dir='ltr'>id</span> <span class='ocrx_word' id='word_1_288' title='bbox 1188 2690 1248 2730; x_wconf 82' lang='lat' dir='ltr'>vero</span> 
     </span>
    </p>
   </div>
   <div class='ocr_carea' id='block_1_3' title="bbox 119 2742 1250 2987">
    <p class='ocr_par' dir='ltr' id='par_1_5' title="bbox 119 2742 1250 2987">
     <span class='ocr_line' id='line_1_33' title="bbox 122 2742 1250 2824; baseline 0.005 -24"><span class='ocrx_word' id='word_1_289' title='bbox 122 2753 165 2801; x_wconf 89' lang='lat' dir='ltr'>cst</span> <span class='ocrx_word' id='word_1_290' title='bbox 186 2742 266 2821; x_wconf 88' lang='lat' dir='ltr'>quod</span> <span class='ocrx_word' id='word_1_291' title='bbox 287 2743 445 2822; x_wconf 90' lang='lat' dir='ltr'>quaeritur.</span> <span class='ocrx_word' id='word_1_292' title='bbox 491 2743 623 2824; x_wconf 71' lang='lat' dir='ltr'>Apparet</span> <span class='ocrx_word' id='word_1_293' title='bbox 649 2756 746 2802; x_wconf 88' lang='lat' dir='ltr'>autem</span> <span class='ocrx_word' id='word_1_294' title='bbox 766 2744 875 2803; x_wconf 90' lang='lat' dir='ltr'>multos</span> <span class='ocrx_word' id='word_1_295' title='bbox 896 2746 956 2804; x_wconf 90' lang='lat' dir='ltr'>cius</span> <span class='ocrx_word' id='word_1_296' title='bbox 976 2744 1143 2806; x_wconf 90' lang='lat' dir='ltr'>ambitione</span> <span class='ocrx_word' id='word_1_297' title='bbox 1163 2747 1250 2807; x_wconf 90' lang='lat' dir='ltr'>offcu·</span> 
     </span>
     <span class='ocr_line' id='line_1_34' title="bbox 120 2819 1250 2901; baseline 0.005 -24"><span class='ocrx_word' id='word_1_298' title='bbox 120 2839 179 2892; x_wconf 88' lang='lat' dir='ltr'>sos,</span> <span class='ocrx_word' id='word_1_299' title='bbox 200 2819 261 2878; x_wconf 90' lang='lat' dir='ltr'>eius</span> <span class='ocrx_word' id='word_1_300' title='bbox 281 2841 400 2899; x_wconf 90' lang='lat' dir='ltr'>quoque</span> <span class='ocrx_word' id='word_1_301' title='bbox 422 2822 574 2900; x_wconf 91' lang='lat' dir='ltr'>cupiditati</span> <span class='ocrx_word' id='word_1_302' title='bbox 594 2820 741 2880; x_wconf 90' lang='lat' dir='ltr'>restitisse.</span> <span class='ocrx_word' id='word_1_303' title='bbox 780 2820 898 2879; x_wconf 75' lang='lat' dir='ltr'>alicubi</span> <span class='ocrx_word' id='word_1_304' title='bbox 918 2820 971 2898; x_wconf 86' lang='lat' dir='ltr'>(cf.</span> <span class='ocrx_word' id='word_1_305' title='bbox 992 2825 1077 2901; x_wconf 90' lang='lat' dir='ltr'>epist.</span> <span class='ocrx_word' id='word_1_306' title='bbox 1096 2825 1163 2899; x_wconf 83' lang='lat'>85.)</span> <span class='ocrx_word' id='word_1_307' title='bbox 1182 2825 1250 2885; x_wconf 86' lang='lat' dir='ltr'>vices</span> 
     </span>
     <span class='ocr_line' id='line_1_35' title="bbox 119 2895 1249 2987; baseline 0.005 -33"><span class='ocrx_word' id='word_1_308' title='bbox 119 2915 184 2954; x_wconf 88' lang='lat' dir='ltr'>suas</span> <span class='ocrx_word' id='word_1_309' title='bbox 205 2896 460 2957; x_wconf 86' lang='lat' dir='ltr'>Thessalonicensi</span> <span class='ocrx_word' id='word_1_310' title='bbox 481 2899 621 2978; x_wconf 89' lang='lat' dir='ltr'>episcopo</span> <span class='ocrx_word' id='word_1_311' title='bbox 647 2898 801 2957; x_wconf 91' lang='lat' dir='ltr'>demandat</span> <span class='ocrx_word' id='word_1_312' title='bbox 818 2916 875 2987; x_wconf 89' lang='lat' dir='ltr'>per</span> <span class='ocrx_word' id='word_1_313' title='bbox 895 2895 1049 2958; x_wconf 89' lang='lat' dir='ltr'>Graeciam</span> <span class='ocrx_word' id='word_1_314' title='bbox 1071 2912 1102 2959; x_wconf 94' lang='lat' dir='ltr'>et</span> <span class='ocrx_word' id='word_1_315' title='bbox 1121 2902 1191 2962; x_wconf 86' lang='lat' dir='ltr'>alias</span> <span class='ocrx_word' id='word_1_316' title='bbox 1208 2920 1249 2960; x_wconf 86' lang='lat' dir='ltr'>re·</span> 
     </span>
    </p>
   </div>
   <div class='ocr_carea' id='block_1_4' title="bbox 46 2973 1252 4434">
    <p class='ocr_par' dir='ltr' id='par_1_6' title="bbox 46 2973 1252 3945">
     <span class='ocr_line' id='line_1_36' title="bbox 141 2973 1250 3057; baseline 0.009 -28"><span class='ocrx_word' id='word_1_317' title='bbox 141 2992 223 3031; x_wconf 88' lang='lat' dir='ltr'>rones</span> <span class='ocrx_word' id='word_1_318' title='bbox 247 2974 374 3033; x_wconf 81' lang='lat' dir='ltr'>vicinas:</span> <span class='ocrx_word' id='word_1_319' title='bbox 408 2973 478 3032; x_wconf 90' lang='lat' dir='ltr'>alibi</span> <span class='ocrx_word' id='word_1_320' title='bbox 497 2979 558 3055; x_wconf 93' lang='lat' dir='ltr'>(ep.</span> <span class='ocrx_word' id='word_1_321' title='bbox 578 2976 641 3050; x_wconf 79' lang='lat'>83.)</span> <span class='ocrx_word' id='word_1_322' title='bbox 662 2973 840 3046; x_wconf 75' lang='lat' dir='ltr'>Arelatensi,</span> <span class='ocrx_word' id='word_1_323' title='bbox 868 2987 918 3033; x_wconf 92' lang='lat' dir='ltr'>aut</span> <span class='ocrx_word' id='word_1_324' title='bbox 942 2975 1026 3034; x_wconf 90' lang='lat' dir='ltr'>alteri</span> <span class='ocrx_word' id='word_1_325' title='bbox 1051 2974 1181 3056; x_wconf 80' lang='lat' dir='ltr'>cuipiar&#39;n</span> <span class='ocrx_word' id='word_1_326' title='bbox 1203 2994 1250 3057; x_wconf 80' lang='lat' dir='ltr'>pet</span> 
     </span>
     <span class='ocr_line' id='line_1_37' title="bbox 119 2990 1248 3131; baseline 0.006 -26"><span class='ocrx_word' id='word_1_327' title='bbox 119 2990 241 3107; x_wconf 62' lang='lat' dir='ltr'>fiallias.</span> <span class='ocrx_word' id='word_1_328' title='bbox 286 3049 336 3108; x_wconf 89' lang='lat' dir='ltr'>Sic</span> <span class='ocrx_word' id='word_1_329' title='bbox 362 3050 547 3108; x_wconf 85' lang='lat' dir='ltr'>llormisdam</span> <span class='ocrx_word' id='word_1_330' title='bbox 574 3070 589 3108; x_wconf 94' lang='lat' dir='ltr'>e</span> <span class='ocrx_word' id='word_1_331' title='bbox 612 3052 743 3129; x_wconf 88' lang='lat' dir='ltr'>iscopum</span> <span class='ocrx_word' id='word_1_332' title='bbox 769 3049 970 3131; x_wconf 87' lang='lat' dir='ltr'>llispalensem</span> <span class='ocrx_word' id='word_1_333' title='bbox 997 3052 1145 3114; x_wconf 80' lang='lat' dir='ltr'>vicarium</span> <span class='ocrx_word' id='word_1_334' title='bbox 1174 3074 1248 3116; x_wconf 84' lang='lat' dir='ltr'>suum</span> 
     </span>
     <span class='ocr_line' id='line_1_38' title="bbox 117 3072 1251 3209; baseline 0.01 -30"><span class='ocrx_word' id='word_1_335' title='bbox 117 3143 173 3201; x_wconf 90' lang='lat' dir='ltr'>per</span> <span class='ocrx_word' id='word_1_336' title='bbox 193 3124 345 3202; x_wconf 88' lang='lat' dir='ltr'>Hispanias</span> <span class='ocrx_word' id='word_1_337' title='bbox 367 3125 533 3185; x_wconf 83' lang='lat' dir='ltr'>constituit:</span> <span class='ocrx_word' id='word_1_338' title='bbox 554 3072 609 3185; x_wconf 74' lang='lat' dir='ltr'>sedp</span> <span class='ocrx_word' id='word_1_339' title='bbox 626 3126 735 3206; x_wconf 87' lang='lat' dir='ltr'>ubique</span> <span class='ocrx_word' id='word_1_340' title='bbox 756 3128 876 3206; x_wconf 82' lang='lat' dir='ltr'>excipit,</span> <span class='ocrx_word' id='word_1_341' title='bbox 898 3148 931 3187; x_wconf 90' lang='lat' dir='ltr'>ea</span> <span class='ocrx_word' id='word_1_342' title='bbox 952 3128 1017 3209; x_wconf 86' lang='lat' dir='ltr'>lege</span> <span class='ocrx_word' id='word_1_343' title='bbox 1036 3149 1068 3188; x_wconf 92' lang='lat' dir='ltr'>se</span> <span class='ocrx_word' id='word_1_344' title='bbox 1090 3131 1163 3192; x_wconf 91' lang='lat' dir='ltr'>dare</span> <span class='ocrx_word' id='word_1_345' title='bbox 1182 3131 1251 3190; x_wconf 87' lang='lat' dir='ltr'>eius·</span> 
     </span>
     <span class='ocr_line' id='line_1_39' title="bbox 46 3198 1250 3289; baseline 0.011 -35"><span class='ocrx_word' id='word_1_346' title='bbox 46 3260 53 3271; x_wconf 80' lang='lat'>.</span> <span class='ocrx_word' id='word_1_347' title='bbox 117 3198 199 3257; x_wconf 92' lang='lat' dir='ltr'>modi</span> <span class='ocrx_word' id='word_1_348' title='bbox 218 3201 368 3274; x_wconf 89' lang='lat' dir='ltr'>mandata,</span> <span class='ocrx_word' id='word_1_349' title='bbox 389 3213 421 3258; x_wconf 92' lang='lat' dir='ltr'>ut</span> <span class='ocrx_word' id='word_1_350' title='bbox 440 3201 516 3260; x_wconf 90' lang='lat' dir='ltr'>salva</span> <span class='ocrx_word' id='word_1_351' title='bbox 539 3213 568 3259; x_wconf 89' lang='lat' dir='ltr'>ct</span> <span class='ocrx_word' id='word_1_352' title='bbox 588 3204 700 3282; x_wconf 88' lang='lat' dir='ltr'>integra</span> <span class='ocrx_word' id='word_1_353' title='bbox 720 3216 856 3262; x_wconf 89' lang='lat' dir='ltr'>maneant</span> <span class='ocrx_word' id='word_1_354' title='bbox 875 3205 992 3282; x_wconf 87' lang='lat' dir='ltr'>antiqua</span> <span class='ocrx_word' id='word_1_355' title='bbox 1017 3206 1173 3289; x_wconf 88' lang='lat' dir='ltr'>privilegia</span> <span class='ocrx_word' id='word_1_356' title='bbox 1194 3208 1250 3267; x_wconf 81' lang='lat' dir='ltr'>lle·</span> 
     </span>
     <span class='ocr_line' id='line_1_40' title="bbox 117 3273 1250 3360; baseline 0.011 -28"><span class='ocrx_word' id='word_1_357' title='bbox 117 3273 277 3351; x_wconf 90' lang='lat' dir='ltr'>tropolitis.</span> <span class='ocrx_word' id='word_1_358' title='bbox 327 3277 418 3354; x_wconf 78' lang='lat' dir='ltr'>Atqui</span> <span class='ocrx_word' id='word_1_359' title='bbox 450 3278 507 3337; x_wconf 87' lang='lat' dir='ltr'>boc</span> <span class='ocrx_word' id='word_1_360' title='bbox 533 3300 620 3336; x_wconf 88' lang='lat' dir='ltr'>unum</span> <span class='ocrx_word' id='word_1_361' title='bbox 649 3300 711 3338; x_wconf 89' lang='lat' dir='ltr'>esse</span> <span class='ocrx_word' id='word_1_362' title='bbox 732 3299 764 3337; x_wconf 84' lang='lat' dir='ltr'>ex</span> <span class='ocrx_word' id='word_1_363' title='bbox 788 3280 842 3339; x_wconf 90' lang='lat' dir='ltr'>illis</span> <span class='ocrx_word' id='word_1_364' title='bbox 885 3281 1022 3360; x_wconf 78' lang='lat' dir='ltr'>rivilegiis</span> <span class='ocrx_word' id='word_1_365' title='bbox 1043 3281 1250 3344; x_wconf 82' lang='lat' dir='ltr'>declaratLeo</span> 
     </span>
     <span class='ocr_line' id='line_1_41' title="bbox 117 3302 1251 3441; baseline 0.011 -33"><span class='ocrx_word' id='word_1_366' title='bbox 117 3350 180 3428; x_wconf 88' lang='lat' dir='ltr'>ipse</span> <span class='ocrx_word' id='word_1_367' title='bbox 200 3353 261 3426; x_wconf 89' lang='lat' dir='ltr'>(ep.</span> <span class='ocrx_word' id='word_1_368' title='bbox 281 3354 355 3425; x_wconf 75' lang='lat' dir='ltr'>So),</span> <span class='ocrx_word' id='word_1_369' title='bbox 376 3365 407 3410; x_wconf 91' lang='lat' dir='ltr'>ut</span> <span class='ocrx_word' id='word_1_370' title='bbox 426 3354 450 3412; x_wconf 87' lang='lat' dir='ltr'>si</span> <span class='ocrx_word' id='word_1_371' title='bbox 472 3376 528 3432; x_wconf 85' lang='lat' dir='ltr'>qua</span> <span class='ocrx_word' id='word_1_372' title='bbox 549 3355 644 3419; x_wconf 60' lang='lat' dir='ltr'>dese</span> <span class='ocrx_word' id='word_1_373' title='bbox 669 3355 805 3415; x_wconf 88' lang='lat' dir='ltr'>inciderit</span> <span class='ocrx_word' id='word_1_374' title='bbox 825 3302 985 3430; x_wconf 83' lang='lat' dir='ltr'>dubitatio,</span> <span class='ocrx_word' id='word_1_375' title='bbox 1006 3358 1251 3441; x_wconf 83' lang='lat' dir='ltr'>Metropolitanus</span> 
     </span>
     <span class='ocr_line' id='line_1_42' title="bbox 102 3424 1250 3513; baseline 0.013 -31"><span class='ocrx_word' id='word_1_376' title='bbox 102 3424 211 3505; x_wconf 80' lang='lat' dir='ltr'>primo</span> <span class='ocrx_word' id='word_1_377' title='bbox 234 3432 301 3484; x_wconf 91' lang='lat' dir='ltr'>loco</span> <span class='ocrx_word' id='word_1_378' title='bbox 323 3428 500 3487; x_wconf 90' lang='lat' dir='ltr'>consulatur.</span> <span class='ocrx_word' id='word_1_379' title='bbox 541 3431 602 3490; x_wconf 88' lang='lat' dir='ltr'>llac</span> <span class='ocrx_word' id='word_1_380' title='bbox 623 3452 694 3513; x_wconf 91' lang='lat' dir='ltr'>ergo</span> <span class='ocrx_word' id='word_1_381' title='bbox 715 3433 886 3492; x_wconf 87' lang='lat' dir='ltr'>conditione</span> <span class='ocrx_word' id='word_1_382' title='bbox 911 3446 995 3492; x_wconf 88' lang='lat' dir='ltr'>eraut</span> <span class='ocrx_word' id='word_1_383' title='bbox 1015 3435 1087 3495; x_wconf 87' lang='lat' dir='ltr'>istae</span> <span class='ocrx_word' id='word_1_384' title='bbox 1107 3437 1198 3513; x_wconf 86' lang='lat' dir='ltr'>vices,</span> <span class='ocrx_word' id='word_1_385' title='bbox 1215 3454 1250 3497; x_wconf 85' lang='lat' dir='ltr'>ae</span> 
     </span>
     <span class='ocr_line' id='line_1_43' title="bbox 116 3502 1251 3583; baseline 0.012 -22"><span class='ocrx_word' id='word_1_386' title='bbox 116 3513 166 3561; x_wconf 90' lang='lat' dir='ltr'>aut</span> <span class='ocrx_word' id='word_1_387' title='bbox 187 3502 339 3580; x_wconf 90' lang='lat' dir='ltr'>episcopus</span> <span class='ocrx_word' id='word_1_388' title='bbox 361 3506 501 3583; x_wconf 81' lang='lat' dir='ltr'>quispiam</span> <span class='ocrx_word' id='word_1_389' title='bbox 523 3507 552 3564; x_wconf 90' lang='lat' dir='ltr'>iu</span> <span class='ocrx_word' id='word_1_390' title='bbox 574 3508 720 3568; x_wconf 90' lang='lat' dir='ltr'>ordinaria</span> <span class='ocrx_word' id='word_1_391' title='bbox 739 3530 789 3568; x_wconf 91' lang='lat' dir='ltr'>sua</span> <span class='ocrx_word' id='word_1_392' title='bbox 815 3509 1035 3583; x_wconf 89' lang='lat' dir='ltr'>iurisdictione,</span> <span class='ocrx_word' id='word_1_393' title='bbox 1067 3527 1121 3572; x_wconf 86' lang='lat' dir='ltr'>aut</span> <span class='ocrx_word' id='word_1_394' title='bbox 1141 3514 1251 3575; x_wconf 80' lang='lat' dir='ltr'>Metro·</span> 
     </span>
     <span class='ocr_line' id='line_1_44' title="bbox 116 3578 1252 3668; baseline 0.011 -31"><span class='ocrx_word' id='word_1_395' title='bbox 116 3578 207 3668; x_wconf 87' lang='lat' dir='ltr'>polita</span> <span class='ocrx_word' id='word_1_396' title='bbox 229 3580 257 3637; x_wconf 92' lang='lat' dir='ltr'>in</span> <span class='ocrx_word' id='word_1_397' title='bbox 280 3582 492 3660; x_wconf 84' lang='lat' dir='ltr'>cognoscendis</span> <span class='ocrx_word' id='word_1_398' title='bbox 518 3583 779 3662; x_wconf 88' lang='lat' dir='ltr'>appellationibus,</span> <span class='ocrx_word' id='word_1_399' title='bbox 809 3598 859 3644; x_wconf 91' lang='lat' dir='ltr'>aut</span> <span class='ocrx_word' id='word_1_400' title='bbox 883 3586 1063 3665; x_wconf 86' lang='lat' dir='ltr'>provinciale</span> <span class='ocrx_word' id='word_1_401' title='bbox 1085 3592 1252 3652; x_wconf 84' lang='lat' dir='ltr'>Concilium</span> 
     </span>
     <span class='ocr_line' id='line_1_45' title="bbox 115 3655 1252 3742; baseline 0.013 -31"><span class='ocrx_word' id='word_1_402' title='bbox 115 3676 146 3712; x_wconf 90' lang='lat' dir='ltr'>rn</span> <span class='ocrx_word' id='word_1_403' title='bbox 168 3655 379 3716; x_wconf 89' lang='lat' dir='ltr'>constituendis</span> <span class='ocrx_word' id='word_1_404' title='bbox 401 3657 528 3718; x_wconf 86' lang='lat' dir='ltr'>ecclesiis</span> <span class='ocrx_word' id='word_1_405' title='bbox 550 3662 747 3740; x_wconf 83' lang='lat' dir='ltr'>impediretur.</span> <span class='ocrx_word' id='word_1_406' title='bbox 797 3662 864 3721; x_wconf 90' lang='lat' dir='ltr'>Hoc</span> <span class='ocrx_word' id='word_1_407' title='bbox 884 3674 980 3721; x_wconf 89' lang='lat' dir='ltr'>autem</span> <span class='ocrx_word' id='word_1_408' title='bbox 1002 3664 1072 3742; x_wconf 88' lang='lat' dir='ltr'>quid</span> <span class='ocrx_word' id='word_1_409' title='bbox 1092 3666 1172 3727; x_wconf 89' lang='lat' dir='ltr'>aliud</span> <span class='ocrx_word' id='word_1_410' title='bbox 1192 3677 1252 3728; x_wconf 82' lang='lat' dir='ltr'>erat</span> 
     </span>
     <span class='ocr_line' id='line_1_46' title="bbox 115 3731 1250 3809; baseline 0.013 -20"><span class='ocrx_word' id='word_1_411' title='bbox 115 3752 201 3809; x_wconf 84' lang='lat' dir='ltr'>quam</span> <span class='ocrx_word' id='word_1_412' title='bbox 222 3731 303 3791; x_wconf 91' lang='lat' dir='ltr'>omui</span> <span class='ocrx_word' id='word_1_413' title='bbox 323 3733 522 3793; x_wconf 88' lang='lat' dir='ltr'>iurisdictione</span> <span class='ocrx_word' id='word_1_414' title='bbox 550 3737 709 3797; x_wconf 88' lang='lat' dir='ltr'>abstinere:</span> <span class='ocrx_word' id='word_1_415' title='bbox 734 3739 784 3797; x_wconf 92' lang='lat' dir='ltr'>sed</span> <span class='ocrx_word' id='word_1_416' title='bbox 809 3759 839 3798; x_wconf 90' lang='lat' dir='ltr'>se</span> <span class='ocrx_word' id='word_1_417' title='bbox 865 3740 901 3797; x_wconf 88' lang='lat' dir='ltr'>ad</span> <span class='ocrx_word' id='word_1_418' title='bbox 925 3740 1066 3801; x_wconf 88' lang='lat' dir='ltr'>sedandas</span> <span class='ocrx_word' id='word_1_419' title='bbox 1092 3742 1250 3805; x_wconf 83' lang='lat' dir='ltr'>discordias</span> 
     </span>
     <span class='ocr_line' id='line_1_47' title="bbox 113 3806 1251 3927; baseline 0.013 -63"><span class='ocrx_word' id='word_1_420' title='bbox 113 3806 316 3927; x_wconf 68' lang='lat' dir='ltr'>interponepe,</span> <span class='ocrx_word' id='word_1_421' title='bbox 337 3811 475 3869; x_wconf 84' lang='lat' dir='ltr'>duntaxat</span> <span class='ocrx_word' id='word_1_422' title='bbox 488 3822 625 3890; x_wconf 87' lang='lat' dir='ltr'>quantum</span> <span class='ocrx_word' id='word_1_423' title='bbox 646 3814 705 3873; x_wconf 88' lang='lat' dir='ltr'>fert</span> <span class='ocrx_word' id='word_1_424' title='bbox 724 3813 768 3872; x_wconf 81' lang='lat' dir='ltr'>les</span> <span class='ocrx_word' id='word_1_425' title='bbox 782 3826 811 3874; x_wconf 90' lang='lat' dir='ltr'>ct</span> <span class='ocrx_word' id='word_1_426' title='bbox 831 3833 933 3876; x_wconf 89' lang='lat' dir='ltr'>natura</span> <span class='ocrx_word' id='word_1_427' title='bbox 945 3816 1251 3882; x_wconf 87' lang='lat' dir='ltr'>ecclesiasticaecom·</span> 
     </span>
     <span class='ocr_line' id='line_1_48' title="bbox 112 3902 274 3945; baseline 0.019 -4"><span class='ocrx_word' id='word_1_428' title='bbox 112 3902 274 3945; x_wconf 85' lang='lat' dir='ltr'>munrotus.</span> 
     </span>
    </p>

    <p class='ocr_par' dir='ltr' id='par_1_7' title="bbox 105 3957 1249 4434">
     <span class='ocr_line' id='line_1_49' title="bbox 190 3957 1249 4052; baseline 0.014 -35"><span class='ocrx_word' id='word_1_429' title='bbox 190 3966 236 4024; x_wconf 87' lang='lat'>12.</span> <span class='ocrx_word' id='word_1_430' title='bbox 277 3957 456 4043; x_wconf 89' lang='lat' dir='ltr'>Gregorii</span> <span class='ocrx_word' id='word_1_431' title='bbox 482 3975 615 4043; x_wconf 88' lang='lat' dir='ltr'>tempore</span> <span class='ocrx_word' id='word_1_432' title='bbox 641 3964 698 4023; x_wconf 89' lang='lat' dir='ltr'>iam</span> <span class='ocrx_word' id='word_1_433' title='bbox 723 3966 846 4027; x_wconf 92' lang='lat' dir='ltr'>multum</span> <span class='ocrx_word' id='word_1_434' title='bbox 872 3981 981 4029; x_wconf 89' lang='lat' dir='ltr'>mutata</span> <span class='ocrx_word' id='word_1_435' title='bbox 1003 3982 1067 4031; x_wconf 87' lang='lat' dir='ltr'>erat</span> <span class='ocrx_word' id='word_1_436' title='bbox 1086 3972 1181 4052; x_wconf 87' lang='lat' dir='ltr'>prisca</span> <span class='ocrx_word' id='word_1_437' title='bbox 1201 3971 1249 4032; x_wconf 87' lang='lat' dir='ltr'>illa</span> 
     </span>
     <span class='ocr_line' id='line_1_50' title="bbox 111 4036 1248 4125; baseline 0.015 -33"><span class='ocrx_word' id='word_1_438' title='bbox 111 4036 199 4094; x_wconf 91' lang='lat' dir='ltr'>ratio.</span> <span class='ocrx_word' id='word_1_439' title='bbox 240 4036 390 4098; x_wconf 87' lang='lat' dir='ltr'>Convulso</span> <span class='ocrx_word' id='word_1_440' title='bbox 412 4040 489 4097; x_wconf 90' lang='lat' dir='ltr'>enim</span> <span class='ocrx_word' id='word_1_441' title='bbox 511 4061 544 4098; x_wconf 89' lang='lat' dir='ltr'>ac</span> <span class='ocrx_word' id='word_1_442' title='bbox 564 4040 691 4100; x_wconf 90' lang='lat' dir='ltr'>lacerato</span> <span class='ocrx_word' id='word_1_443' title='bbox 712 4043 847 4121; x_wconf 86' lang='lat' dir='ltr'>imperio,</span> <span class='ocrx_word' id='word_1_444' title='bbox 868 4067 957 4125; x_wconf 87' lang='lat' dir='ltr'>quum</span> <span class='ocrx_word' id='word_1_445' title='bbox 969 4045 1086 4107; x_wconf 85' lang='lat' dir='ltr'>Galliae</span> <span class='ocrx_word' id='word_1_446' title='bbox 1103 4050 1197 4108; x_wconf 90' lang='lat' dir='ltr'>etllis</span> <span class='ocrx_word' id='word_1_447' title='bbox 1218 4070 1248 4109; x_wconf 88' lang='lat' dir='ltr'>a·</span> 
     </span>
     <span class='ocr_line' id='line_1_51' title="bbox 110 4070 1247 4207; baseline 0.013 -39"><span class='ocrx_word' id='word_1_448' title='bbox 110 4111 177 4201; x_wconf 73' lang='lat' dir='ltr'>niae</span> <span class='ocrx_word' id='word_1_449' title='bbox 197 4111 294 4173; x_wconf 90' lang='lat' dir='ltr'>multis</span> <span class='ocrx_word' id='word_1_450' title='bbox 314 4112 438 4174; x_wconf 90' lang='lat' dir='ltr'>subinde</span> <span class='ocrx_word' id='word_1_451' title='bbox 458 4116 584 4195; x_wconf 87' lang='lat' dir='ltr'>acceptis</span> <span class='ocrx_word' id='word_1_452' title='bbox 606 4116 734 4177; x_wconf 88' lang='lat' dir='ltr'>cladibus</span> <span class='ocrx_word' id='word_1_453' title='bbox 755 4120 880 4181; x_wconf 81' lang='lat' dir='ltr'>afflictae</span> <span class='ocrx_word' id='word_1_454' title='bbox 894 4135 1001 4196; x_wconf 85' lang='lat' dir='ltr'>essent,</span> <span class='ocrx_word' id='word_1_455' title='bbox 1023 4070 1247 4207; x_wconf 77' lang='lat' dir='ltr'>vastatumlli&#39;y·</span> 
     </span>
     <span class='ocr_line' id='line_1_52' title="bbox 108 4190 1246 4269; baseline 0.014 -25"><span class='ocrx_word' id='word_1_456' title='bbox 108 4208 217 4261; x_wconf 86' lang='lat' dir='ltr'>rreum,</span> <span class='ocrx_word' id='word_1_457' title='bbox 248 4201 350 4250; x_wconf 84' lang='lat' dir='ltr'>vexata</span> <span class='ocrx_word' id='word_1_458' title='bbox 374 4203 450 4252; x_wconf 87' lang='lat' dir='ltr'>esset</span> <span class='ocrx_word' id='word_1_459' title='bbox 470 4193 571 4269; x_wconf 86' lang='lat' dir='ltr'>ltalia,</span> <span class='ocrx_word' id='word_1_460' title='bbox 602 4190 702 4253; x_wconf 84' lang='lat' dir='ltr'>Africa</span> <span class='ocrx_word' id='word_1_461' title='bbox 723 4215 793 4255; x_wconf 90' lang='lat' dir='ltr'>vero</span> <span class='ocrx_word' id='word_1_462' title='bbox 814 4199 932 4259; x_wconf 89' lang='lat' dir='ltr'>assiduis</span> <span class='ocrx_word' id='word_1_463' title='bbox 953 4199 1164 4260; x_wconf 88' lang='lat' dir='ltr'>calamitatibus</span> <span class='ocrx_word' id='word_1_464' title='bbox 1184 4201 1246 4261; x_wconf 86' lang='lat' dir='ltr'>fere</span> 
     </span>
     <span class='ocr_line' id='line_1_53' title="bbox 106 4263 1244 4344; baseline 0.014 -24"><span class='ocrx_word' id='word_1_465' title='bbox 106 4263 237 4340; x_wconf 88' lang='lat' dir='ltr'>perdita:</span> <span class='ocrx_word' id='word_1_466' title='bbox 265 4286 325 4344; x_wconf 89' lang='lat' dir='ltr'>quo</span> <span class='ocrx_word' id='word_1_467' title='bbox 350 4266 381 4325; x_wconf 90' lang='lat' dir='ltr'>iu</span> <span class='ocrx_word' id='word_1_468' title='bbox 407 4278 487 4330; x_wconf 66' lang='lat' dir='ltr'>unm</span> <span class='ocrx_word' id='word_1_469' title='bbox 505 4288 604 4328; x_wconf 87' lang='lat' dir='ltr'>rerum</span> <span class='ocrx_word' id='word_1_470' title='bbox 624 4269 750 4331; x_wconf 85' lang='lat' dir='ltr'>civilium</span> <span class='ocrx_word' id='word_1_471' title='bbox 771 4275 964 4335; x_wconf 67' lang='lat' dir='ltr'>convulsione</span> <span class='ocrx_word' id='word_1_472' title='bbox 989 4276 1058 4336; x_wconf 87' lang='lat' dir='ltr'>fidei</span> <span class='ocrx_word' id='word_1_473' title='bbox 1077 4276 1179 4337; x_wconf 87' lang='lat' dir='ltr'>saltem</span> <span class='ocrx_word' id='word_1_474' title='bbox 1198 4277 1244 4336; x_wconf 89' lang='lat' dir='ltr'>iu-</span> 
     </span>
     <span class='ocr_line' id='line_1_54' title="bbox 105 4338 1241 4434; baseline 0.013 -39"><span class='ocrx_word' id='word_1_475' title='bbox 105 4338 225 4423; x_wconf 84' lang='lat' dir='ltr'>tegritas</span> <span class='ocrx_word' id='word_1_476' title='bbox 243 4354 392 4419; x_wconf 86' lang='lat' dir='ltr'>maneret,</span> <span class='ocrx_word' id='word_1_477' title='bbox 422 4356 474 4405; x_wconf 85' lang='lat' dir='ltr'>aut</span> <span class='ocrx_word' id='word_1_478' title='bbox 491 4356 573 4408; x_wconf 88' lang='lat' dir='ltr'>certe</span> <span class='ocrx_word' id='word_1_479' title='bbox 592 4365 655 4405; x_wconf 88' lang='lat' dir='ltr'>uon</span> <span class='ocrx_word' id='word_1_480' title='bbox 675 4368 794 4427; x_wconf 85' lang='lat' dir='ltr'>prorsus</span> <span class='ocrx_word' id='word_1_481' title='bbox 814 4338 965 4431; x_wconf 79' lang='lat' dir='ltr'>irfteriret,</span> <span class='ocrx_word' id='word_1_482' title='bbox 989 4371 1092 4415; x_wconf 87' lang='lat' dir='ltr'>omues</span> <span class='ocrx_word' id='word_1_483' title='bbox 1112 4352 1241 4434; x_wconf 83' lang='lat' dir='ltr'>undique</span> 
     </span>
    </p>
   </div>
   <div class='ocr_carea' id='block_1_5' title="bbox 0 0 1302 4726">
    <p class='ocr_par' dir='ltr' id='par_1_8' title="bbox 0 0 1302 4726">
     <span class='ocr_line' id='line_1_55' title="bbox 0 0 1302 4726; baseline 0 4"><span class='ocrx_word' id='word_1_484' title='bbox 0 0 1302 4726; x_wconf 95' lang='lat' dir='ltr'> </span> 
     </span>
    </p>
   </div>
   <div class='ocr_carea' id='block_1_6' title="bbox 485 4624 603 4670">
    <p class='ocr_par' dir='ltr' id='par_1_9' title="bbox 485 4624 603 4670">
     <span class='ocr_line' id='line_1_56' title="bbox 485 4624 603 4670; baseline 0 0"><span class='ocrx_word' id='word_1_485' title='bbox 485 4624 603 4670; x_wconf 61' lang='grc' dir='ltr'>Δαι-</span> 
     </span>
    </p>
   </div>
  </div>
 </body>
</html>
