2700 4732
112 206 151 266 16
388 194 395 207 ’
507 196 579 257 utu.
602 195 656 256 lll.
701 198 786 258 CAP.
808 197 858 257 xt.

114 343 229 404 animae
248 342 278 402 in
299 358 379 402 mera
399 352 429 401 et
448 343 534 403 unica
555 341 611 401 Dei
631 341 845 417 misericordia,
866 342 1017 403 Christum
1037 340 1178 423 implexis
1195 342 1261 425 spi-

114 421 160 481 nis
179 438 233 502 per
253 418 412 478 ludibrium
432 429 566 479 coronat.

190 501 237 561 12
276 496 337 555 Scd
361 496 500 574 quoniam
531 494 611 556 bona
641 515 708 575 para
733 494 885 557 homiuum
911 496 1049 556 iustitiam
1078 514 1113 557 ex
1139 494 1202 557 tide
1223 508 1252 559 et

113 572 254 654 operibus
274 572 465 651 compositam
486 572 673 651 imaginatur,
702 583 968 651 praemonstremus
993 572 1022 631 id
1046 592 1190 653 quoque,
1212 572 1252 635 aie

114 652 242 710 intense
262 649 383 707 dilicrre
402 648 470 707 fidei
491 668 614 727 operum
637 670 673 707 ue
693 648 845 722 iustitiam,
865 659 899 706 ut
917 648 1008 708 altera
1028 660 1127 709 eunte
1147 668 1250 711 neees-

112 728 190 788 sario
209 726 301 786 altera
320 734 475 783 evertatur.
521 725 603 783 Dicit
651 724 799 804 postolos,
824 744 856 784 se
875 725 973 783 omnia
995 744 1050 803 pro
1069 724 1251 787 stereoribus

112 816 262 884 reputasse
281 814 314 861 nt
334 800 483 861 Christum
504 799 700 876 lucrifaceret,
720 813 750 861 et
766 802 796 860 in
808 800 859 862 illo
872 802 1053 880 reperiretur
1065 822 1128 861 non
1142 800 1250 863 babeas

111 902 193 941 suam
212 880 359 952 iustitiam,
379 887 517 957 quaeest
536 896 569 935 ex
579 877 671 959 Lege,
690 877 741 937 aed
783 898 837 936 uae
856 888 901 937 est
920 898 953 936 cx
974 876 1030 937 fide
1047 876 1249 953 leuctrha}

111 958 249 1018 iustitiam
270 974 343 1035 quae
365 966 409 1013 est
428 972 462 1012 ex
481 953 549 1012 Deo
576 974 629 1033 per
650 953 770 1032 fidem(
799 952 846 1013 hil.
865 960 895 1026 3,
914 958 944 1018 8.
965 965 995 1012 et
1012 955 1068 1031 9.).
1107 954 1249 1015 Videaet

111 1033 329 1127 cpntrariorum
350 1049 412 1091 esse
432 1029 479 1089 hic
498 1032 766 1122 comparationem,
793 1042 822 1090 et
846 1030 968 1122 indicari
989 1050 1049 1122 pro
1073 1030 1147 1123 riam
1168 1030 1249 1091 inad-

110 1123 182 1248 {tt
201 1120 346 1246 tttltt.
363 1106 586 1256 ⁹3.l.‘.'‘.¹iilr⁰
597 1105 1059 1244 sltl‘t.d.t⁰:.t':¹.tih..
1079 1118 1248 1245 ΕΜ

111 1266 170 1340 dit,
195 1262 275 1343 quod
295 1281 374 1319 suam
394 1259 530 1319 volentes
550 1260 687 1319 iustitiam
707 1260 854 1333 stabilire,
877 1260 1004 1320 iustitiae
1023 1260 1082 1319 Dei
1102 1280 1168 1320 non
1187 1258 1249 1319 lae·

112 1352 182 1399 runt
200 1337 324 1399 subiecti
339 1336 442 1413 (Rom.
453 1338 566 1411 10,.·s).
606 1335 638 1395 Si
659 1336 806 1417 propriam
826 1336 965 1396 iustitiam
983 1335 1174 1412 stabiliendo,
1192 1334 1249 1395 net

111 1412 441 1477 iustitiamexcutimus:
467 1424 501 1471 ut
522 1411 596 1472 hanc
617 1432 845 1492 consequamur,
870 1425 991 1492 oportet
1009 1411 1149 1492 prolecto
1171 1410 1248 1473 illan

112 1492 228 1574 penitus
247 1488 369 1551 aboleri.
419 1488 454 1547 Id
475 1489 570 1569 ipsum
591 1510 710 1568 quoque
730 1490 873 1564 ostendit,
899 1511 989 1568 quum
1010 1501 1098 1571 negat
1116 1508 1174 1569 per
1191 1488 1248 1549 lae·

110 1590 179 1705 gpm
198 1565 311 1629 excludi
331 1564 539 1647 gloriationem
559 1578 705 1638 nostram,
734 1566 784 1624 sed
811 1586 864 1644 per
889 1567 976 1624 fidens
996 1566 1099 1643 (Rom.
1117 1570 1156 1641 3,
1175 1566 1247 1655 27..)-

142 1646 201 1707 nde
220 1645 367 1724 sequitur,
392 1641 563 1721 quantisper
587 1653 686 1701 manet
706 1643 902 1721 quantulacun
926 1662 963 1700 ue
982 1662 1106 1733 operum
1127 1641 1248 1715 tunna

110 1741 231 1785 manere
251 1719 338 1780 nobis
357 1718 528 1778 nonnullam
549 1718 695 1800 gloriandi
714 1719 875 1778 materiam.
905 1664 974 1777 lam
995 1742 1018 1778 ss
1040 1717 1111 1777 fides
1126 1736 1247 1779 omnen

131 1798 317 1861 loriationem
341 1795 482 1869 excludit,
507 1816 572 1854 cum
598 1794 705 1855 iustitia
731 1795 800 1853 sulci
823 1797 928 1855 sociari
949 1794 1032 1854 nullo
1057 1806 1146 1873 paeto
1166 1794 1248 1855 iuxti-

109 1893 151 1940 trn
175 1895 300 1957 operum
326 1883 433 1953 potest.
479 1871 514 1930 ln
544 1870 621 1930 lrunc
646 1891 763 1930 sensum
790 1882 847 1930 tam
874 1871 951 1931 clare
982 1870 1115 1951 loquitur
1139 1880 1245 1951 quareo

109 1976 174 2036 cap.
194 1952 230 2012 ad
250 1951 353 2021 Rom,
377 1960 410 2007 ut
430 1947 542 2006 nullum
562 1946 671 2007 cavillis
697 1959 747 2006 aut
767 1945 1057 2029 tergiversationibus
1078 1947 1180 2009 loeurn
1199 1964 1245 2007 re·

108 2034 231 2110 linquat
264 2027 318 2102 „Si
339 2023 478 2104 operibus
499 2024 822 2103 (iuquiteap.d,‘2.sq.)
842 2023 1010 2084 iustificatos
1029 2035 1074 2083 est
1088 2022 1247 2095 Abrabam,

109 2109 200 2170 babet
230 2103 387 2185 gloriam.“
444 2098 618 2181 Subiungit:
653 2100 765 2179 „lltqui
798 2121 857 2159 non
890 2100 980 2159 habet
1008 2100 1136 2181 gloriam
1169 2120 1187 2157 a
1207 2100 1245 2159 nal

109 2187 240 2245 Deum.“
283 2180 477 2255 Consequens
508 2196 580 2257 ergo
612 2190 671 2249 est,
702 2197 762 2235 non
791 2176 975 2236 iustificatum
1005 2196 1068 2237 esse
1093 2176 1182 2257 operi
1202 2198 1244 2237 aa.

108 2262 201 2349 Ponit
220 2256 328 2316 deinde
347 2254 471 2343 altepnm
492 2266 694 2348 argumeqtum
715 2275 731 2314 a
751 2253 915 2347 contrariis.
954 2251 1056 2344 Quum
1072 2253 1246 2345 rependitur

109 2328 666 2486 ttttlhdtttatlaltstidi}
688 2329 1245 2487 ”tt,3³⁶ddl·..l¹.l‘l.².ld.‡

108 2512 183 2551 rum.
221 2485 327 2544 Valeat
351 2484 441 2565 igitur
460 2502 562 2541 eorum
583 2483 740 2553 somnium,
760 2483 809 2562 qui
830 2484 965 2542 iustitiam
985 2501 1019 2540 ex
1038 2482 1096 2540 fide
1115 2490 1188 2543 eto
1210 2502 1241 2543 n-

107 2565 189 2626 ribus
208 2561 364 2624 conflatam
389 2559 658 2618 comminiscuntur.
697 2558 776 2636 [Vid.
796 2558 910 2619 Caluia.
928 2558 964 2620 ad
985 2557 1157 2620 Concilium
1204 2556 1242 2619 ri·

107 2641 269 2703 dentinum.

184 2724 231 2780 14.
269 2637 386 2775 luttite
406 2711 549 2791 elluginm
570 2709 679 2770 hahere
697 2729 730 2770 se
754 2721 860 2790 putant
882 2708 1044 2790 sophistae,
1063 2710 1116 2789 qui
1132 2710 1193 2771 sibi
1209 2728 1242 2771 ea

108 2794 277 2874 Scripturas
298 2790 508 2869 depravatione
534 2799 564 2847 et
591 2787 726 2847 inanibus
752 2788 860 2847 cavillis
886 2786 970 2845 ludos
997 2799 1028 2846 et
1053 2786 1177 2847 delicias
1201 2786 1241 2847 la-

108 2876 204 2934 ciuut:
238 2890 304 2928 nam
325 2886 417 2946 opera
442 2875 608 2944 exponunt,
640 2884 713 2942 quae
739 2864 889 2923 literaliter
907 2875 1018 2923 tantum
1039 2874 1069 2922 et
1089 2862 1242 2925 liberian-

107 2947 189 3008 bitrii
208 2956 316 3006 conatu
340 2955 419 3002 extra
440 2942 551 3002 Christi
571 2943 694 3033 gratiam
716 2940 826 2999 iaciunt
850 2940 983 2999 homines
1004 2939 1137 2999 nondum
1157 2958 1192 2999 re
1211 2958 1242 3001 e·

109 3024 179 3084 niti:
204 3021 233 3081 id
253 3040 325 3079 vero
346 3019 380 3077 ad
403 3038 493 3096 opera
513 3040 526 3077 s
549 3016 673 3077 iritualia
698 3029 830 3096 spectare
850 3029 968 3097 negant.
1020 3015 1063 3074 lta
1082 3037 1175 3076 secun
1196 3036 1242 3077 ιιι

108 3120 161 3160 eos
179 3111 238 3157 tam
258 3098 316 3155 hde
336 3116 422 3174 quam
443 3039 583 3174 operibus
604 3093 775 3152 iustihcatur
795 3092 901 3165 lrnmo,
925 3092 1014 3152 modo
1036 3111 1074 3151 ne
1093 3094 1156 3153 sint
1195 3112 1242 3153 rn-

128 3176 171 3234 ria
192 3174 392 3253 ipsiusopera,
411 3172 462 3230 sed
483 3171 560 3230 dona
581 3170 691 3231 Christi
713 3183 741 3227 et
761 3170 993 3250 regenerationis
1014 3167 1136 3229 fructus.
1166 3114 1241 3231 tlu-

106 3197 167 3312 lirm
188 3250 266 3310 euim
286 3270 347 3309 non
368 3247 423 3306 alia
443 3247 480 3305 de
499 3268 584 3307 causa
604 3247 644 3304 ita
664 3245 834 3324 loquutum,
861 3246 915 3305 nisi
936 3257 968 3303 ut
988 3244 1114 3305 ludaeos
1131 3246 1243 3307 viribus

107 3328 165 3391 suis
185 3325 277 3385 lretos
297 3325 498 3396 convinceret,
517 3324 606 3384 stulte
626 3321 682 3381 sibi
704 3342 854 3403 arrogasse
874 3323 1030 3395 iustitiam,
1051 3342 1143 3400 quum

26 3436 32 3449 ·
108 3404 219 3468 Christi
240 3402 366 3480 Spiritus
387 3420 450 3459 eam
471 3398 558 3460 nobis
578 3399 728 3471 conferat,
757 3420 818 3457 non
842 3399 969 3457 studium
990 3417 1024 3455 ex
1045 3418 1100 3477 pro
1123 3396 1173 3459 rio
1192 3416 1242 3459 aaa·

106 3495 192 3542 turae
211 3490 304 3538 motu.
343 3477 432 3556 Atqui
453 3497 513 3535 nou
536 3478 693 3536 observant
712 3478 742 3533 in
763 3474 899 3535 antithesi
922 3472 1035 3554 Legalis
1056 3485 1087 3533 et
1103 3420 1243 3557 hisenge-

107 3559 183 3619 licae
203 3554 345 3627 iustitiae,
363 3574 451 3632 quam
471 3553 541 3612 alibi
562 3552 668 3613 Paulus
690 3553 821 3624 adclusit,
841 3551 951 3609 excludi
994 3549 1122 3610 uaellbet
1141 3572 1243 3633 open,

107 3647 138 3695 et
158 3650 336 3712 quocunque
355 3642 499 3689 ornentur
518 3630 605 3690 titulo
625 3628 709 3704 (Gal.
721 3635 751 3701 3,
763 3636 809 3691 ll.
824 3640 853 3686 et
869 3629 941 3702 12).
1012 3638 1079 3685 ocet
1100 3628 1180 3687 enirn
1199 3628 1243 3687 in-

106 3711 214 3771 stitiam
235 3706 323 3788 Legis
344 3708 418 3766 hanc
444 3726 522 3779 esse,
549 3718 580 3766 ut
604 3706 725 3765 salutem
747 3705 895 3775 obtineat,
943 3705 970 3762 ui
998 3704 1144 3782 praestitit
1163 3704 1243 3785 qnod

108 3789 169 3847 Lex
188 3784 285 3844 iubet:
318 3784 455 3843 iustitiam
480 3803 552 3841 vcro
575 3782 658 3853 lidci,
688 3784 712 3840 si
737 3781 880 3839 cecidimus
901 3726 1049 3838 llhristunr
1075 3798 1139 3839 esse
1164 3800 1245 3841 nor·

106 3877 200 3935 tuum,
221 3873 250 3921 et
269 3860 458 3920 resurrexisse
478 3860 770 3939 (llom.10,5-9.).
810 3858 941 3929 aldbacc,
960 3854 1122 3916 videbimus
1141 3868 1245 3937 postea

106 3962 161 4001 suo
183 3940 267 4011 loco,
298 3938 407 3996 diversa
427 3955 489 3995 esse
510 3936 619 3994 Christi
641 3934 799 4005 beneficia,
825 3934 1087 3992 sanctificationem
1109 3944 1140 3991 et
1159 3933 1245 3993 inati-

107 4018 187 4076 tiam.
226 4014 315 4072 Unde
341 4013 474 4103 sequitur
493 4032 530 4069 ne
550 4010 709 4090 spiritualia
731 4011 847 4088 quidem
868 4030 956 4088 opera
979 4011 1007 4066 in
1029 4006 1176 4069 calculum
1195 4028 1246 4069 ve·

106 4094 171 4152 nire
205 4092 308 4150 ubivis
328 4088 502 4149 iustificandi
522 4087 590 4145 lsdei
602 4087 766 4146 ascribitur.
794 4088 857 4144 Nec
869 4106 939 4144 vern
954 4085 1071 4159 l'aulus,
1092 4086 1143 4146 ubi
1154 4096 1248 4169 negat

106 4138 202 4249 (quiid
231 4187 325 4246 nuper
349 4165 449 4240 citavi)
475 4164 623 4223 llbralsam
649 4162 759 4222 hahere
784 4185 836 4221 eur
859 4162 1004 4243 glorietur
1029 4162 1109 4298 apud
1133 4162 1248 4235 Deum,

106 4246 175 4324 quia
194 4245 334 4324 operibus
352 4245 444 4303 iustus
464 4262 524 4300 uon
545 4252 603 4316 est,
633 4240 771 4323 restringi
801 4240 856 4298 hoc
878 4240 966 4297 debet
985 4238 1022 4297 ad
1058 4238 1196 4301 iteealenr
1215 4250 1248 4301 et

105 4332 254 4382 externam
273 4320 413 4381 virtutum
431 4319 570 4399 speeiem,
589 4317 636 4377 vel
655 4316 740 4376 liberi
758 4315 872 4378 arbitrii
893 4327 1045 4379 conatum:
1066 4314 1119 4375 sed
1140 4335 1247 4393 quam·
