2700 4732
507 227 662 307 eruut
702 224 791 290 cae.
810 226 863 287 tv.
1196 234 1257 301 sm
1338 220 1341 225 ’

110 372 275 469 exprobrat
294 374 369 436 duro
389 384 421 436 et
444 372 595 464 obstinato
616 372 747 455 populo,
777 372 858 454 quod
885 392 1039 465 percussus
1062 394 1133 469 ιιοιι1
1152 384 1254 469 tamen
1283 408 1287 425 ·

108 452 204 516 factat
219 452 310 513 finem
323 450 471 587 peccandi
488 451 562 530 (Ier.
572 458 604 527 5,
614 451 667 527 3.)
706 452 774 510 Ηοι
789 470 876 511 sensu
889 462 1092 531 conqueritur,
1109 452 1253 532 hphrarm

110 550 178 591 esse
197 528 280 609 quasi
303 539 468 609 pacentam
493 527 531 588 ab
551 548 609 587 una
625 538 712 663 parte
738 527 896 600 torridam,
926 526 964 587 ab
990 526 1081 587 altera
1101 541 1185 607 parte
1204 529 1252 589 in-

110 618 230 669 coctam
250 606 339 681 (ilos.
358 611 394 679 7,
412 606 475 680 8.):
500 605 566 683 quia
592 626 632 665 scr
647 605 705 664 icet
726 601 1004 683 non,penetrabaut
1022 603 1052 663 iu
1073 605 1185 666 animos
1206 606 1253 667 fe-

110 682 212 753 rulae,
244 694 278 741 ut
296 682 372 741 vitiis
397 683 522 741 excoctis
547 680 674 761 populus
699 680 761 760 ipse
785 701 873 760 capax
897 680 1000 739 veniae
1025 680 1119 740 lieret.
1159 682 1251 743 Certe

111 759 166 839 qui
183 758 227 819 sic
247 756 395 838 loquitur,
419 757 564 829 ostendit,
589 756 710 817 simulac
736 757 800 835 quis
825 756 995 835 resipuerit,
1020 775 1054 817 se
1084 777 1152 817 mox
1184 759 1252 820 fore

110 831 298 927 placabilem,
316 833 431 912 sibique
452 845 551 895 nostra
571 834 730 913 pervicacia
742 832 873 913 exprimi,
885 853 971 911 quem
986 846 1102 895 exercet
1121 836 1250 917 rigorem

110 932 143 971 m
162 910 338 993 castigandis
352 908 476 985 delictis,
495 909 543 970 cui
563 908 726 970 voluntaria
738 910 886 970 correctio
899 921 1079 970 occurreret.
1119 910 1250 986 Quando

111 1000 269 1051 tamemea
287 997 332 1048 est
350 997 450 1046 nostra
476 985 607 1045 omnium
628 987 749 1047 durities
769 998 800 1046 ct
823 986 944 1060 ruditas,
963 1006 1037 1064 quae
1056 986 1251 1071 castigatione

112 1066 145 1125 iu
163 1064 332 1125 universum
352 1083 427 1143 opus
448 1062 568 1137 habeat,
598 1062 689 1122 visum
721 1073 765 1122 est
795 1062 1022 1142 prudentissimo
1041 1062 1123 1125 Patri
1147 1085 1251 1127 omues

111 1143 179 1201 sine
198 1140 372 1220 exceptione
396 1138 545 1198 communi
570 1138 689 1220 flagello
715 1160 769 1219 per
787 1150 879 1199 totam
900 1139 985 1197 vitam
1007 1159 1152 1201 exercere.
1192 1144 1251 1203 Mi·

111 1228 298 1279 remantem
318 1216 508 1289 est,cursic
528 1216 558 1274 iu
583 1237 673 1274 unum
692 1214 811 1275 Davidis
835 1214 998 1294 exemplum
1023 1216 1128 1277 oeulos
1153 1219 1250 1279 conii-

111 1294 207 1369 ciant,
225 1305 273 1353 tot
293 1290 429 1372 exemplis
449 1312 511 1350 non
531 1305 772 1371 permoveantur,
792 1294 822 1351 in
843 1291 948 1370 quibus
968 1294 1125 1373 gratuitam
1146 1315 1250 1375 pecce-

109 1380 213 1433 torum
232 1369 435 1429 remissiouem
455 1366 565 1427 licebat
575 1368 775 1447 contemplari.
807 1368 1115 1450 LegiturPuhlieanus
1127 1371 1250 1433 descen·

110 1446 190 1509 disse
213 1465 231 1506 e
254 1445 369 1524 templo
395 1443 562 1505 iustihcatur
587 1446 672 1521 (Luc.
693 1450 747 1519 18,
765 1446 842 1520 fd.):
871 1464 968 1525 poena
1000 1445 1079 1506 nulla
1105 1449 1248 1538 sequitur.

108 1524 220 1585 Petrus
239 1521 339 1582 delicti
357 1520 472 1583 veniam
493 1520 622 1581 obtinuit
640 1522 727 1599 (Luc.
739 1528 789 1597 22,
803 1522 876 1597 fif).
913 1520 1089 1602 „Laerymas
1108 1544 1181 1600 erus,
1201 1526 1249 1585 in·
1344 1541 1349 1547 ’

107 1600 201 1680 „quit
216 1597 389 1659 Ambrosius
418 1596 519 1676 [serm.
539 1603 587 1661 46.
609 1598 646 1657 de
666 1599 778 1677 poenit.
799 1598 903 1732 Petriq,
922 1597 1056 1679 legimus,
1074 1601 1250 1663 satisfactio-

108 1696 207 1754 „uem
226 1696 289 1735 uon
310 1674 463 1755 legimus.“
500 1674 540 1733 Et
558 1674 639 1734 audit
657 1674 833 1754 paralyticus
852 1676 886 1751 (h
900 1673 971 1734 atth.
986 1682 1016 1748 9,
1035 1677 1095 1753 2.):
1115 1677 1249 1760 „Surget

107 1754 325 1827 ,remittuntur
357 1750 412 1810 tihi
441 1762 561 1829 peccate
585 1758 671 1811 tua:“
703 1772 799 1831 poena
827 1771 887 1809 uon
920 1751 1090 1830 imponitur.
1135 1753 1249 1817 Omnes

108 1850 189 1911 quae
207 1829 240 1889 in
259 1829 412 1908 Scriptura
436 1839 706 1887 commemorantur
725 1827 941 1897 absolutiones,
965 1828 1112 1920 gratuitae
1138 1830 1249 1891 descri-

107 1906 236 1967 buntur.
273 1904 317 1963 Ex
338 1904 389 1963 hac
402 1903 601 1982 exemplorum
621 1904 785 1984 frequentia
797 1902 898 1984 regula
912 1916 1010 1983 potrus
1020 1904 1084 1996 peti
1095 1905 1250 1984 debuerat,

108 2004 202 2064 quam
220 1982 258 2042 ab
277 1980 367 2041 unico
387 1979 451 2054 illo,
472 1981 551 2058 quod
571 1981 671 2040 nescio
691 1981 761 2060 quid
780 1981 823 2041 siu
848 1978 927 2039 ulare
947 1992 1089 2041 continet.

101 2118 106 2127 ,
191 2064 240 2125 36.
277 2056 383 2116 Daniel
404 2078 453 2115 sua
473 2056 685 2133 exhortatione,
706 2078 762 2136 qua
778 2000 1197 2135 suadebatNebuetadnosor,
1214 2070 1251 2121 ut

107 2148 237 2217 peecata
255 2156 305 2193 sua
327 2134 434 2192 iustitia
454 2134 628 2208 redimeret,
648 2147 679 2193 et
699 2135 865 2224 iniquitates
884 2154 948 2193 suas
968 2134 1156 2195 miseratione
1172 2157 1251 2227 pau-

108 2232 219 2295 perum
237 2210 328 2283 (Dan.
342 2218 372 2284 d,
389 2212 467 2285 24.);
488 2231 549 2270 non
568 2211 661 2271 voluit
679 2210 855 2292 significare,
874 2209 1013 2270 iustitiam
1034 2222 1064 2269 et
1083 2212 1251 2275 miseriror-

107 2289 193 2351 dinsn
214 2307 276 2349 esse
295 2288 353 2348 Dei
374 2287 615 2366 propitiationem
646 2300 676 2346 et
703 2305 863 2367 poenarum
896 2288 1130 2381 redemptionem
1155 2289 1249 2369 (absit

106 2368 194 2427 euim
214 2365 321 2425 utalia
341 2384 470 2442 unquam
489 2362 579 2423 fuerit
598 2362 785 2437 ἀπολύτρωσις
804 2384 890 2442 quam
910 2385 1026 2449 saugms
1038 2364 1184 2447 Christi),
1195 2368 1248 2427 sed

106 2442 187 2507 illud
211 2439 366 2513 redimere,
396 2440 432 2499 ad
459 2438 593 2499 homines
622 2440 719 2521 potius
747 2461 833 2521 quam
858 2440 894 2500 ad
920 2440 1017 2500 ileum
1043 2442 1158 2503 retulit:
1189 2444 1249 2505 aeri

108 2520 248 2591 dixisset,
271 2516 450 2591 Exercuisti,
476 2538 495 2576 o
515 2537 579 2591 rex,
603 2518 739 2577 iniustam
768 2529 798 2576 et
823 2516 983 2576 violentam
1004 2514 1250 2595 dominationem,
1340 2584 1343 2589 ,

107 2596 286 2678 oppressisti
308 2593 445 2667 humiles,
479 2591 612 2673 spoliasti
639 2614 797 2673 pauperes,
828 2593 900 2652 dure
933 2606 964 2653 et
993 2595 1095 2673 inique
1118 2598 1248 2657 tractasti

107 2671 256 2755 populum
278 2683 373 2729 tuum:
400 2691 455 2749 pro
475 2670 586 2729 iniustis
607 2671 820 2742 exactionibus,
840 2690 895 2747 pro
916 2671 1053 2730 violentia
1075 2682 1104 2730 et
1124 2693 1248 2751 oppres-

112 2749 198 2811 sione
217 2770 296 2807 ιιιιιιι
317 2747 395 2805 refer
414 2746 640 2806 misericordiam
661 2759 691 2806 et
710 2747 856 2806 iustitiam.
895 2746 1037 2806 Similiter
1056 2747 1178 2808 Salomo
1199 2772 1248 2809 ca-

113 2826 201 2887 ritate
221 2825 333 2903 operiri
352 2821 568 2881 multitudinem
589 2835 777 2903 peccatorum
798 2823 852 2881 ait:
879 2843 939 2881 non
960 2824 1036 2901 apud
1056 2824 1170 2899 Deum,
1195 2826 1248 2887 sed

108 2905 192 2964 inter
212 2900 345 2962 homines
365 2902 452 2978 ipsos.
491 2900 541 2957 Sic
560 2903 637 2959 enim
658 2899 747 2959 babet
767 2900 881 2980 integer
894 2918 991 2960 versus
1002 2900 1247 2979 (ltror.10‚12.):

108 2978 249 3057 „Odium
270 2977 375 3036 excitat
393 2978 613 3035 contentiones:
639 2978 741 3036 caritas
759 2997 833 3034 vero
853 2977 951 3055 operit
971 2989 1088 3036 cunctas
1106 2977 1248 3057 iniquita-

108 3060 190 3118 tes.“
235 3054 306 3127 Quo
326 3073 424 3126 versu,
450 3073 533 3112 more
553 3074 622 3126 ειιο,
648 3073 702 3135 per
721 3051 893 3126 antithesin,
923 3053 998 3112 mala
1017 3072 1093 3132 quae
1119 3075 1153 3113 ex
1172 3055 1247 3114 odiis

107 3143 291 3206 narentur,
322 3151 387 3189 cum
412 3129 555 3190 fructibus
575 3129 701 3189 caritatis
722 3129 840 3189 confert
864 3130 892 3187 in
917 3129 995 3188 huuc
1019 3150 1151 3190 sensum:
1184 3129 1247 3207 Qui

107 3212 193 3271 inter
210 3229 241 3269 se
262 3208 406 3278 oderunt,
424 3206 546 3266 vicissim
566 3207 718 3282 mordent,
738 3218 876 3284 carpunt,
897 3226 929 3263 ex
952 3205 1088 3282 rohsant,
1106 3206 1248 3285 lacerant,

107 3285 213 3347 omnia
232 3285 305 3343 uitio
325 3293 457 3344 vertunt:
479 3294 589 3344 atvero
603 3284 654 3360 qui
673 3301 704 3342 se
725 3282 863 3363 diligunt,
883 3228 975 3342 rnuita
995 3284 1073 3343 iuter
1091 3304 1123 3344 se
1141 3296 1247 3347 mutuo

108 3361 310 3435 dissimulant,
337 3360 374 3418 ad
393 3359 483 3417 multa
508 3360 684 3434 connivent,
708 3358 799 3417 multa
821 3360 946 3419 vicissim
971 3359 1157 3420 condonante
1182 3382 1247 3421 non

108 3438 195 3520 quod
216 3438 288 3497 alter
307 3435 424 3496 alterius
443 3435 512 3495 vitia
532 3436 656 3514 probet,
679 3436 730 3495 sed
750 3435 869 3507 tolerat,
889 3448 919 3495 et
938 3435 1124 3497 admonendo
1144 3438 1247 3499 mede·-

108 3528 178 3590 tur,
219 3515 295 3574 otius
316 3533 402 3591 quam
429 3512 600 3572 insectando
622 3511 777 3571 exulceret.
820 3511 933 3570 Eodem
953 3534 1040 3572 seusu
1060 3514 1180 3574 citatum
1201 3514 1246 3575 lo-

109 3614 182 3652 cum
197 3536 279 3649 bunc
299 3611 315 3648 a
336 3590 426 3649 Petro
447 3589 486 3662 (1.
505 3589 570 3647 Pet.
591 3596 620 3657 4,
638 3592 681 3661 S.)
710 3587 784 3646 nihil
803 3588 1009 3669 ambigendum
1030 3602 1090 3664 est,
1120 3591 1174 3650 nisi
1194 3590 1247 3651 de·

134 3681 251 3728 navatae
279 3665 417 3756 vasteque
447 3666 580 3724 detortae
606 3664 776 3754 scripturae
807 3664 974 3725 insimulare
1004 3686 1071 3723 eum
1102 3666 1246 3728 volumus.

110 3691 176 3803 ilbi
195 3764 265 3803 vero
285 3742 485 3801 misericordia
506 3753 536 3800 et
556 3741 739 3821 benignitate
751 3741 838 3800 docet
851 3741 958 3821 expiari
979 3742 1246 3821 peccatum(Prov.

108 3828 161 3894 16,
180 3822 235 3895 6.),
255 3841 316 3879 non
336 3819 475 3899 intelligit
496 3817 552 3878 illis
572 3839 671 3878 coram
692 3817 766 3877 facie
785 3817 907 3878 Domini
927 3819 1121 3897 compensari,
1141 3830 1174 3878 ut
1192 3820 1246 3880 tali

106 3896 312 3960 satisfactione
338 3907 455 3972 pacatus
475 3894 571 3965 Deus,
594 3915 719 3973 poenam
741 3915 826 3972 quam
850 3894 958 3973 alioqui
979 3906 1042 3953 erat
1067 3895 1247 3974 expetiturus

107 3975 259 4035 reruittat:
290 3972 341 4031 sed
373 3971 506 4030 familiari
526 3971 696 4049 Scripturas
722 3992 806 4029 ruore
826 3971 950 4045 iudicat,
975 3970 1055 4049 quod
1075 3972 1168 4051 ipsum
1189 3972 1246 4033 sibi

108 4050 272 4143 propitium
304 4049 449 4127 reperturi
478 4048 551 4119 siut,
572 4048 621 4125 qui
641 4047 716 4105 vitiis
745 4068 778 4105 ac
807 4047 943 4126 nequitiis
960 4046 1119 4127 prioribus
1147 4048 1247 4110 valere

108 4129 211 4200 russis,
230 4147 284 4204 per
325 4125 442 4183 ietatem
464 4136 493 4181 et
516 4126 668 4183 veritatem
689 4124 724 4181 ad
749 4125 843 4202 ipsum
863 4135 1093 4183 coruvertuutur:
1118 4126 1174 4185 acsi
1200 4126 1246 4186 di-

109 4215 205 4276 ceret,
224 4147 430 4260 innitemini
452 4200 592 4272 residere,
611 4201 807 4279 acquiescere
828 4199 889 4260 eius
909 4201 1057 4274 iudicium,
1071 4202 1120 4259 uhi
1133 4224 1149 4260 a
1161 4202 1247 4283 flagi·

110 4282 159 4341 tiis
179 4282 288 4339 nostris
308 4278 489 4357 quiescimus.
532 4276 597 4334 Nec
615 4297 687 4336 vcro
708 4297 821 4335 calisam
848 4279 963 4348 veniae,
987 4277 1037 4337 sed
1064 4278 1161 4355 potius
1181 4298 1246 4339 mo·

112 4357 181 4419 dum
208 4374 295 4419 verae
320 4352 518 4417 consessionis
546 4353 694 4417 describit.
744 4352 838 4412 Sicuti
871 4352 1042 4434 frequenter
1071 4354 1248 4416 denuntient
