2700 4732
100 188 176 297 'sss
508 224 585 288 sm.
603 223 645 286 11.
684 221 881 321 csrqxus.

119 376 152 446 4,
168 368 230 448 s),
244 360 406 431 ‘continuo
431 381 502 452 post
525 369 681 432 subiiciens
698 366 854 430 malunt
870 387 1004 442 oman,
1023 377 1158 427 naturam
1177 377 1262 429 cute
1307 381 1309 386 '

121 445 263 528 designat.
306 446 357 508 Sic
381 458 413 507 et
431 467 513 508 nono
534 468 597 526 cap.
617 450 658 526 (r.
677 448 722 526 5.)
751 446 849 506 Deum
870 444 1057 506 benedictum
1077 443 1261 524 praedicans,
1302 470 1305 475 ·

120 538 254 586 seorsum
280 522 384 604 ponit,
415 523 583 585 Secundum
613 543 730 585 carnem
756 542 790 583 ex
814 521 930 582 Iudaeis
950 521 1138 581 descendere.
1194 520 1261 581 Iam

120 601 179 660 nisi
197 618 267 658 vere
285 601 404 680 genitur
424 612 500 661 esset
520 620 554 659 ex
573 601 684 661 semine
702 599 837 673 Daridis3
857 598 926 678 quid
946 597 1057 657 valebit
1073 596 1130 657 ista
1150 594 1261 676 loquu-

121 675 178 749 tio‚
197 675 338 736 Fructum
359 697 421 738 esse
439 677 549 737 ventris
569 677 648 737 eius?
669 675 749 751 Quid
783 674 917 735 romissio
928 675 981 735 ista
998 673 1088 752 (Psal.
1100 678 1167 747 132,
1179 673 1260 765 11.)s

99 753 187 828 '‚‚Ex
207 750 313 813 lumbis
332 753 389 812 tuis
410 751 578 826 descendet,
602 752 652 832 qui
672 696 802 812 manciit
825 756 857 812 in
876 750 952 811 solio
980 747 1073 810 tun?“
1094 748 1207 810 Puero
1227 771 1260 811 ιιι

125 818 236 890 Christi
255 827 446 910 genealogia,
472 828 563 908 qualis
583 828 711 888 refertur
729 848 745 888 a
765 828 930 898 lllattlraeo,
961 846 994 887 so
1017 825 1118 886 histice
1138 824 1258 887 ludunt:

124 903 181 964 etsi
201 904 279 964 enim
299 925 360 964 nnn
380 917 517 966 recenset
534 904 645 965 Mariae
664 904 888 984 parentes,·sed
908 848 1043 980 loseplii‚
1075 901 1147 980 qnia-
1160 913 1260 962 tamen

125 979 164 1039 de
183 1000 216 1039 re
235 991 307 1040 tunc
326 979 415 1073 vulgo
436 992 586 1062 comperta
606 981 694 1041 verba
715 979 802 1056 lacit,
820 981 888 1040 satis
913 978 1002 1041 habet
1020 977 1187 1054 ostendere,
1206 977 1260 1038 Io-

122 1055 247 1136 sephum
268 1076 302 1116 ex
320 1056 442 1119 Davrdis
462 1059 574 1119 semine
594 1069 693 1118 ortum
713 1076 792 1130 esse,
804 1110 809 1117 .
823 1078 912 1136 quum
929 1055 1007 1117 satis
1026 1065 1177 1117 constaret
1195 1055 1260 1116 lla-

122 1132 198 1193 riam
218 1152 252 1191 cx
272 1131 374 1192 eadem
394 1154 457 1195 esse
474 1133 592 1195 familia.
640 1134 733 1214 Magis
759 1134 846 1195 etiam
871 1145 958 1214 urget
976 1133 1081 1204 Lucas,
1098 1129 1258 1193 salutema

125 1208 247 1270 Christo
270 1209 386 1271 allatam
409 1211 467 1272 toti
486 1208 735 1293 genuinumne
755 1230 941 1270 communem
961 1229 1024 1269 esst
1043 1207 1168 1280 docens,
1191 1207 1260 1287 quia

126 1282 261 1347 Christus
282 1298 385 1347 auctor
403 1287 502 1348 salutis
530 1307 563 1347 ex
586 1287 681 1346 Adam
706 1285 855 1346 communi
880 1286 1010 1345 omniurn
1068 1296 1113 1343 tre
1132 1285 1169 1345 rit
1188 1304 1261 1363 pro·

124 1361 250 1443 genitus.
277 1362 399 1423 ·Fatenr
419 1364 553 1443 equidem
574 1383 608 1423 ex
626 1360 796 1445 genealogia
817 1384 877 1422 non
897 1361 983 1423 aliter
999 1382 1035 1421 co
1049 1361 1098 1441 ligi
1107 1356 1260 1421 Christum

126 1456 190 1497 esse
208 1437 317 1499 Filium
338 1438 475 1511 navitis,
506 1440 561 1501 nisi
580 1452 723 1519 quatenus
743 1459 777 1498 ex
796 1439 918 1520 Virgine
939 1436 1111 1518 progenitus
1129 1447 1195 1496 ests·
1207 1437 1260 1497 sed

125 1513 213 1573 nimis
232 1513 359 1592 superbe
379 1517 448 1578 nori
465 1515 660 1577 Marcionitae
680 1515 806 1583 fucandi.
822 1516 930 1575 erroris
953 1515 997 1575 sui
1023 1534 1123 1588 causa,
1150 1532 1261 1594 nempe

125 1599 160 1650 ut
180 1589 330 1650 Christum
350 1591 387 1651 de
406 1591 498 1653 nihilo
518 1613 624 1672 corpus
642 1590 797 1671 sumpsisse
816 1590 960 1664 evincant,
976 1590 1115 1650 mulieres
1134 1601 1261 1650 conten·

99 1730 101 1734 a
121 1664 202 1725 (iuni
221 1685 282 1727 etse
303 1665 454 1742 ἆσπόρουςε
473 1681 562 1748 atque
583 1668 622 1728 ita
642 1679 910 1729 evertuntnaturae
921 1666 1074 1728 elementa.
1107 1664 1260 1742 Quonim

125 1753 224 1801 autem
244 1741 346 1803 theoln
369 1743 413 1804 ica
433 1765 495 1804 non
514 1756 559 1805 est
578 1745 649 1804 haec
669 1743 837 1824 disputatio,
855 1756 887 1803 et
906 1745 1065 1818 rationum,
1084 1741 1261 1822 quar-adve-

123 1815 209 1890 hunt,
229 1837 263 1879 ea
283 1832 327 1879 est
345 1762 466 1881 drtilitas
485 1839 560 1901 quae
578 1820 660 1881 nullo
681 1821 803 1901 negotio
824 1819 920 1891 refelli
939 1831 1045 1900 queat,
1063 1818 1259 1901 quaephilo-

123 1893 246 1973 sophiae
264 1907 333 1955 sunt
352 1908 382 1956 et
401 1896 471 1958 artis
490 1897 621 1958 medicae
639 1917 700 1957 non
719 1896 876 1977 attingam:
908 1918 940 1957 ac
972 1895 1085 1955 diluere
1104 1896 1180 1957 satis
1192 1895 1262 1972 erit,

125 1989 201 2050 quae
221 1991 255 2031 ex
274 1971 339 2031 Scri
361 1985 427 2032 tura
446 1973 602 2048 obiiciunt,
621 1992 728 2052 nempe
748 1972 847 2032 Aaron
869 1983 899 2032 et
916 1971 1037 2035 loiadah
1056 1972 1169 2035 duxisse
1186 1993 1260 2033 uxo·

124 2066 173 2107 res
192 2066 228 2137 cx
245 2048 326 2107 tribu
341 1993 490 2141 iehudab,
502 2102 505 2109 .
516 2062 616 2185 niue.
624 2048 663 2109 ita
683 2048 841 2140 confusam,
852 2059 925 2109 tunc
944 2048 1032 2111 luisse
1049 2048 1259 2140 triltuumdis-

118 2134 306 2199 cretionem,
329 2146 353 2185 ιι
372 2137 482 2186 rnesset
500 2148 548 2185 rnu
563 2146 616 2186 serr
633 2137 835 2207 generativum
854 2144 965 2187 semen.
1002 2125 1093 2204 Atqui
1112 2132 1258 2186 saturno-

125 2209 190 2289 tqm
215 2212 269 2274 est,
293 2213 434 2282 quantum
452 2201 488 2262 ad
509 2202 662 2282 politicum
688 2201 821 2262 ordinem
844 2212 978 2281 spectat,
1005 2201 1122 2262 censeri
1143 2240 1147 2247 ·
1171 2208 1260 2283 toge-

124 2295 204 2335 nrcm
236 2297 271 2336 cx
293 2278 370 2338 virili
392 2277 520 2338 semine:
551 2298 648 2357 neque
670 2289 768 2339 tamen
793 2278 1146 2357 praestantiamsexuso
1183 2286 1258 2352 tare,

125 2351 283 2441 quominus
302 2353 332 2413 in
352 2354 522 2436 generando
542 2365 628 2415 coeat
646 2374 746 2415 semen
766 2352 904 2414 mulieris.
943 2355 1033 2422 Haeo
1045 2354 1258 2433 quoquesnlu-

124 2438 169 2488 tro
189 2428 224 2489 ad
245 2450 348 2491 omnes
389 2432 556 2511 enealngias
576 2431 749 2492 extenditur.
788 2429 884 2510 Saepe
903 2429 955 2491 ubi
975 2430 1138 2510 nottingum
1159 2427 1257 2489 borni»

125 2523 196 2563 num
216 2519 351 2566 recenset
366 2448 435 2568 {cri
456 2520 531 2582 tura,
549 2507 630 2569 solos
649 2508 727 2568 viros
747 2507 893 2568 nominat:
913 2527 951 2569 nn
964 2505 1120 2571 dicendum
1133 2517 1177 2565 est
1190 2526 1256 2565 mu-

123 2577 213 2641 lieres
232 2582 306 2641 nihil
327 2582 407 2644 esse?
442 2604 491 2643 mo
511 2583 608 2663 pueris
627 2583 696 2664 ipsis
717 2595 819 2642 notum
832 2594 884 2658 est,
905 2602 953 2643 eas
970 2582 1024 2642 sub
1040 2581 1256 2660 ririscompre-

124 2653 226 2716 hendi.
283 2659 347 2720 Hac
372 2661 488 2721 ratione
513 2661 650 2720 dicuntur
669 2660 938 2738 foeminaeparere
950 2657 1014 2719 >suis
1024 2657 1158 2719 maritis:
1185 2657 1256 2735 quia

123 2731 251 2794 familiae
271 2756 380 2798 nomen
400 2756 491 2818 penes
510 2736 653 2797 masculos
672 2756 788 2816 semper
806 2735 925 2796 residet.
972 2734 1034 2793 lana
1049 2732 1145 2794 sicuti
1165 2733 1256 2795 virilis

124 2828 207 2871 sexus
227 2815 420 2891 praestantiae
439 2813 498 2874 hoc
509 2812 697 2888 conceditur,
712 2824 745 2872 ut
765 2832 798 2871 cx
817 2825 934 2892 patrum
952 2811 1122 2872 conditione
1142 2809 1259 2872 nobiles

125 2900 302 2949 censeantur
321 2889 375 2950 filii
392 2889 466 2951 veli
490 2889 618 2950 nobiles:
650 2890 691 2949 ita
717 2891 803 2948 etiam
830 2889 859 2948 in
880 2888 1038 2963 servitute,
1067 2898 1166 2967 partus
1185 2905 1258 2946 ren·

124 2972 200 3023 trem
219 2965 361 3044 sequitur,
378 2910 539 3028 securium
559 2966 789 3026 iurisconsultos.
833 2965 921 3023 Unde
942 2963 1081 3045 colligere
1102 2963 1203 3023 licebit
1222 2983 1259 3023 ex

124 3052 259 3101 materno
279 3044 390 3103 semine
410 3046 523 3104 loetum
544 3042 705 3123 procreari:
736 3055 767 3102 et
792 3040 942 3101 communi
966 3042 1097 3122 gentium
1122 3061 1174 3099 usu
1195 3040 1256 3118 pri-

27 3137 30 3143 ·
125 3113 193 3174 dem
213 3129 364 3196 receptum
383 3119 449 3192 suit,
469 3131 577 3180 matres
595 3119 692 3180 vocari
711 3117 882 3199 genitrices:
897 3117 958 3177 >cui
976 3128 1007 3176 et
1024 3115 1162 3177 Les.Dei
1174 3136 1257 3175 ,con-

122 3193 215 3252 sentit
233 3194 344 3269 (Levit.
359 3201 436 3273 18),
456 3215 530 3275 quae
550 3214 702 3274 perperam
722 3194 832 3273 alioqui
851 3192 1019 3273 coniugium
1038 3191 1175 3251 avunculi
1190 3212 1257 3252 cum

124 3279 214 3346 nepte
233 3290 285 3330 sua
303 3284 425 3345 vetaret,
446 3273 512 3351 quia
531 3270 611 3331 nullu
631 3283 708 3332 esset
726 3268 970 3352 consanguinitas.
1009 3270 1084 3328 Viro
1103 3270 1191 3327 etiam
1213 3269 1257 3331 las

124 3354 201 3403 esset
219 3366 352 3407 sororem
372 3348 515 3408 uterinam
535 3347 566 3408 in
586 3347 674 3409 conio
696 3349 755 3407 ium
773 3344 1027 3426 accipere,·mndo
1048 3365 1081 3403 ex
1093 3344 1187 3404 altero
1222 3365 1257 3405 a·

123 3428 171 3509 tre
191 3433 267 3480 esset
285 3424 393 3504 genita.
442 3424 535 3484 Sicuti
557 3435 653 3484 autem
673 3367 771 3484 iateor
789 3423 847 3485 rim
866 3422 1004 3502 passivam
1024 3420 1129 3481 ascribi
1150 3365 1257 3481 mulie·

122 3495 220 3556 ntus:
251 3498 290 3558 ita
309 3500 475 3580 responden
497 3500 533 3559 de
552 3499 607 3560 illis
626 3501 794 3580 promiscue
813 3499 890 3558 idem
910 3498 1086 3579 praedicari,
1117 3497 1197 3576 quod
1218 3497 1257 3559 de

123 3573 202 3633 viris.
240 3574 346 3653 Neque
365 3577 444 3637 enim
465 3576 599 3638 Christus
616 3578 679 3658 ipso
699 3576 806 3637 dicitur
825 3575 918 3636 lactus
937 3595 992 3655 per
1009 3573 1174 3647 mulierem,
1202 3574 1256 3635 scd

124 3667 159 3708 ex
182 3649 306 3711 muliere
330 3650 413 3730 (Gal.
433 3660 462 3728 4,
480 3655 534 3731 4.).
572 3653 617 3714 Ac
649 3653 766 3733 quidam
791 3672 826 3712 ex
849 3670 951 3711 eorum
976 3662 1105 3725 caterva,
1135 3670 1256 3712 excusso

80 3796 87 3809 .
123 3725 255 3804 pudore,
287 3728 371 3790 nimis
397 3743 536 3809 proterve
561 3741 723 3809 quaerunt,
754 3749 792 3789 an
819 3728 917 3788 dicere
942 3727 1063 3790 velimus
1089 3729 1255 3788 exsemine

121 3803 291 3865 menstruali
311 3805 440 3887 Virginis
460 3819 645 3887 procreatum
667 3805 913 3866 esse'Clrristum:
961 3805 1008 3864 uia
1029 3802 1156 3865 vicissim
1176 3805 1255 3864 esci·

121 3877 216 3957 piam,
247 3901 346 3941 annon
367 3882 509 3943 coaluerit
527 3883 557 3941 in
578 3881 677 3942 matris
696 3883 855 3963 sanguine,
883 3825 963 3961 quoi
994 3880 1078 3939 lateri
1099 3892 1255 3970 cogentur.

122 3955 151 4013 Α
174 3968 202 4014 te
222 3976 293 4038 ergo
315 3978 348 4016 es
359 3960 499 4020 Matthaei
519 3958 614 4018 verbis
629 3958 799 4032 coniicitur,
818 3957 886 4037 quia
904 3956 1062 4017 eanrin
1079 3968 1198 4036 genitus
1211 3967 1258 4017 est

121 3977 265 4106 Clristuq
287 4047 472 4113 procreatum
492 4053 554 4094 esse
574 4055 609 4094 ex
627 4033 689 4095 eius
708 4034 833 4094 semine:
853 4034 937 4096 sicuti
949 4055 1038 4113 quum
1050 4032 1256 4097 dieiturBooz

117 4108 236 4243 gpnitus
257 4110 421 4186 sellebach,
440 4111 539 4171 similis
559 4121 679 4171 notatur
698 4113 851 4191 generatio
870 4114 916 4187 (1,
936 4117 963 4176 5.
983 4111 1056 4186 td).
1093 4109 1157 4169 Nec
1181 4130 1255 4170 uero

154 4185 285 4247 atthacus
306 4187 351 4247 hic
370 4188 425 4246 Vir
447 4186 634 4278 iuemquasi.
647 4185 777 4247 canalem
798 4185 959 4261 describit‚-
978 4206 1032 4266 per
1054 4205 1143 4266 quem
1161 4185 1256 4247 liuse-

121 4260 161 4319 rit
180 4260 330 4323 Christus:
353 4262 405 4324 sed
426 4207 513 4324 lunc.
527 4263 701 4325 mirificum.
727 4262 868 4323 enecandi
890 4282 1005 4322 morem
1024 4282 1041 4321 a
1060 4261 1174 4407 vulgari
1194 4262 1253 4324 dis·

119 4337 230 4414 cernit,
258 4338 338 4419 quod
362 4359 417 4420 per
442 4358 507 4403 eam
535 4348 572 4403 es·
587 4338 700 4403 semine
747 4337 836 4405 aridis
863 4339 981 4422 genitus
999 4334 1089 4400 suerit
1138 4339 1254 4404 hristus.
