2596 4726
428 220 484 284 hl)
504 220 649 285 REGEM
669 223 858 287 thhlhlt.
1175 232 1214 319 η

10 358 16 471 ,’
66 375 197 453 inuncti
221 389 258 448 et
283 375 487 461 consecrati,
511 369 628 450 infulis
648 372 760 450 modo
785 389 819 449 et
844 371 938 448 lituis
959 372 1109 475 insigniti
1133 372 1212 466 sint,

66 491 250 568 ecelesiam
274 507 557 594 repraesentant,
583 507 619 567 et
644 520 711 595 pro
735 488 878 569 ecclesia
909 488 1032 565 haberi
1064 490 1211 569 debent:

66 609 145 685 ideo
178 637 248 683 nec
274 636 393 683 errare
424 625 580 711 possunt.
638 609 711 705 Qui
734 609 806 684 sic?
839 607 921 710 quia
950 623 1108 709 pastores
1129 627 1213 687 snut

67 726 250 811 ecclesiae,
278 741 314 800 et
338 726 532 802 consecrati
556 725 724 802 Domino.
776 731 822 801 Et
842 734 981 812 Aaron,
1011 727 1210 837 caeterique

69 841 234 947 praelecti
264 840 373 918 lsrael
405 871 524 918 nonne
553 861 711 947 pastores
745 846 865 917 erant?
914 847 1036 918 Aaron
1062 872 1148 918 vero
1174 860 1210 919 et

70 960 129 1037 hlii
140 962 212 1037 eius
228 962 301 1035 iam
314 958 523 1035 Sacerdotes
538 958 717 1063 designati,
731 976 935 1035 erraverunt
947 977 1079 1049 tamen,
1097 989 1209 1063 quum

67 1077 212 1155 situlum
226 1076 486 1153 fabricaverunt
498 1077 642 1176 (Exod.
655 1082 717 1165 32,
730 1078 790 1169 4.).
824 1081 898 1151 Cur
909 1076 1102 1154 secundum
1115 1079 1210 1154 hano

66 1196 256 1283 rationem,
289 1191 470 1269 ecclesiam
502 1223 576 1272 non
612 1211 928 1300 repraesentassent
964 1193 1211 1298 quadringenti

19 1390 23 1411 ¹
66 1311 112 1388 illi
134 1312 334 1416 prophetae
357 1315 400 1409 (l.
413 1312 658 1412 Regnent.
671 1312 748 1416 sq),
774 1312 967 1415 quihchab
992 1312 1210 1389 mentieban-

64 1432 144 1506 tur?
187 1439 236 1531 At
251 1427 398 1505 ecclesia
426 1428 539 1506 stabat
559 1460 580 1507 a
604 1430 762 1533 partibus
780 1429 909 1519 Micha,
932 1429 1037 1506 solius
1064 1430 1207 1534 quidem

64 1567 98 1623 et
122 1544 415 1651 contemptibilis,
446 1545 507 1621 sed
532 1576 573 1622 er
599 1547 696 1637 cuius
718 1576 782 1621 ore
805 1575 929 1623 verum
954 1547 1207 1651 egrediebatur.
1277 1618 1282 1629 .

62 1671 196 1742 Nonne
227 1682 264 1741 et
289 1692 423 1740 nomen
455 1682 490 1738 et
516 1663 641 1739 faciem
674 1663 838 1740 ecclesiae
866 1693 953 1770 prae
983 1696 1020 1742 se
1049 1667 1208 1743 serebant

61 1782 280 1887 Prophetae,
302 1810 416 1885 quum
437 1807 511 1858 uno
535 1781 670 1885 impetu
695 1782 861 1858 adversus
886 1783 1068 1859 Ieremiam
1092 1784 1207 1860 insur-

62 1917 188 2007 gerent
204 1915 240 1975 et
266 1899 420 1975 minaces
442 1900 610 1975 iactarent
633 1898 895 1997 (Ier.18‚18.),
915 1901 991 1976 fieri
1016 1930 1089 1976 non
1103 1929 1227 2004 posse-

64 2035 105 2094 ut
126 2018 258 2122 periret
275 2020 351 2092 Lex
373 2045 398 2095 ‚a
416 2014 616 2105 Sacerdote,
637 2016 857 2093 consilium‘a
871 2016 1036 2121 sapiente,
1058 2019 1208 2095 verbum

68 2166 90 2211 a
111 2134 308 2240 propheta?
339 2131 517 2211 Adversus
535 2152 646 2210 totam
667 2134 921 2237 prophetarum
945 2135 1122 2210 nationem
1150 2165 1210 2212 so-

68 2254 132 2329 lus.
145 2249 304 2329 Ieremias
327 2251 495 2340 mittitur,
510 2252 569 2353 qui
588 2280 607 2326 a
623 2252 782 2328 Domino
805 2251 985 2328 denuntiet
1010 2252 1209 2348 (Intrabit),

67 2371 147 2445 lore
179 2386 218 2446 ut
238 2374 314 2445 Lex
346 2384 468 2472 pereat
494 2397 513 2443 a
540 2367 749 2461 Sacerdote,
778 2369 961 2448 consilium
989 2399 1008 2445 a
1042 2370 1208 2472 sapiente,

66 2486 214 2563 verbum
239 2515 260 2561 a
281 2485 465 2589 propheta.
516 2491 646 2563 Nonne
661 2486 739 2563 talis
764 2485 931 2591 splendor
954 2486 1148 2589 refulgebat
1167 2487 1205 2563 in

64 2636 109 2681 eo
133 2601 293 2680 Concilio
317 2600 417 2705 quod
441 2603 649 2693 Pontifices,
670 2605 812 2680 Scrihae
838 2622 872 2679 ct
895 2604 1073 2679 Pharisaei
1099 2604 1207 2680 colle-

64 2736 202 2824 gerunt,
225 2718 369 2795 consilia
393 2718 438 2793 de
462 2720 704 2798 interficiendo
723 2722 864 2797 Christo
886 2721 1079 2824 captaturi?
1115 2727 1208 2798 Eant

64 2868 170 2927 nunc,
195 2853 229 2911 et
253 2837 289 2911 in
301 2853 440 2913 externa
459 2834 555 2913 larva
580 2840 756 2929 haereant,
780 2855 819 2915 ut
836 2840 1013 2914 Christum
1036 2857 1070 2912 et
1084 2869 1206 2915 omnes

64 2958 132 3034 Dei
143 2954 342 3057 Prophetas
369 2955 497 3030 saciant
523 2956 777 3033 schismaticos:
802 2963 951 3032 Satanae
977 2985 1117 3032 rursum
1140 2956 1207 3031 mi-

66 3058 335 3149 nistros'laciant
350 3071 497 3175 Spiritus
513 3074 622 3148 sancti
641 3104 783 3178 organa.
805 3118 857 3129 -
881 3072 1019 3170 Quodsi
1032 3103 1071 3149 ex
1088 3072 1205 3148 animo

65 3191 268 3294 loquuntur,
291 3187 527 3291 respondeant
551 3191 637 3267 mihi
660 3190 753 3266 bona
779 3191 861 3280 fide,
882 3192 1025 3268 ubinam
1049 3190 1205 3291 gentium

67 3338 105 3386 ac
126 3309 290 3384 locorum
315 3305 506 3386 Ecclesiam
530 3305 683 3383 residere
707 3308 917 3397 existiment,
942 3338 982 3384 ex
1008 3336 1080 3409 quo
1106 3307 1205 3382 Basi-

66 3425 177 3503 lieusis
199 3424 350 3502 Concilii
372 3424 513 3500 decreto
541 3422 693 3499 deiectus
720 3442 753 3500 et
780 3425 959 3508 abdicatus
986 3442 1036 3499 est
1056 3425 1207 3499 Pontifi-

67 3562 142 3620 catu
153 3542 345 3645 Eugenius,
358 3543 548 3644 subrogato
569 3541 695 3618 ineius
714 3541 833 3618 locum
844 3541 1029 3618 Amadeo?
1056 3545 1206 3641 Negare,

68 3659 118 3736 vel
141 3661 171 3735 si
193 3676 420 3764 rumpantur,
445 3676 639 3762 nequeunt,
662 3659 858 3735 Concilium
880 3676 1049 3762 quantum
1076 3655 1121 3731 ad
1148 3686 1207 3732 er-

28 3787 37 3879 l·
68 3794 182 3852 ternos
205 3778 292 3855 ritus
317 3778 438 3855 attinet
463 3777 568 3852 luisse
591 3776 793 3880 legitimum,
819 3805 884 3852 nec
902 3775 946 3851 ab
972 3804 1046 3850 uno
1068 3789 1205 3847 tantum

30 3906 33 3927 ²
68 3895 251 3985 Pontifice,
288 3892 395 3970 seda
429 3892 570 3970 duobus
597 3886 793 3972 indictum.¹
840 3900 1034 3969 Damnatus
1062 3886 1206 3964 estillic

32 3998 36 4049 3
70 4013 242 4116 Eugenius
267 4011 479 4100 schismatis,
506 4010 725 4102 rebellionis,
754 4010 980 4115 pertinaciae,
1012 4035 1093 4082 cum
1127 4020 1205 4079 toto

74 4117 308 4205 Cardinalium'
332 4147 366 4204 et
388 4128 649 4233 Episcoporum
674 4157 791 4231 grege,
815 4127 974 4230 quicum
999 4152 1042 4197 co
1058 4119 1208 4196 Concilii

37 4296 40 4305 ·
75 4242 331 4324 dissolutionem
354 4243 515 4323 admoliti
541 4264 649 4335 erant.
698 4240 828 4322 Postea
854 4259 972 4318 tamen
1001 4237 1208 4340 Principum

35 4386 38 4393 ·
76 4361 187 4442 lavore
226 4362 445 4461 sublevatus,
484 4362 621 4447 salsum
648 4360 901 4441 Pontificatum
941 4356 1110 4460 recepit'
1144 4348 1210 4427 llla

80 4482 162 4532 onus
185 4486 342 4535 raama
881 4460 903 4520 2
