2700 4732
495 220 570 281 esu.
591 221 647 280 111.
688 221 775 282 cae.
797 218 876 281 xm.
1211 222 1268 309 aaa

122 361 227 422 colore
251 371 354 445 tegent
376 383 456 423 suam
481 365 695 447 arrogantiam,
720 388 808 445 quum
830 363 960 443 oblique
970 363 1068 422 Deum
1094 361 1263 423 insimulent

120 435 229 496 stultae
249 437 474 519 incogitantiae:
495 445 576 521 quasi
596 442 769 520 periculum,
788 443 834 503 eui
854 440 1018 520 prudenter
1028 458 1185 499 occurrere
1204 437 1260 499 sibi

120 513 269 586 videntur,
286 536 350 573 non
371 516 565 595 praeviderit?
598 518 740 598 Quisquis
759 519 850 600 igitur
861 515 1134 597 praedestinationis
1148 514 1259 585 docui·

121 610 189 647 nam
208 589 315 649 invidia
341 604 460 672 gravat,
491 606 593 673 aperte
619 596 767 656 maledicit
786 596 870 656 Deo:
903 593 961 653 acsi
986 591 1204 652 inconsiderate
1231 591 1259 653 ei

120 664 250 745 elapsum
272 666 352 725 loret
372 669 452 746 quod
473 683 518 729 est
537 673 677 732 ecclesiae
696 673 825 732 nouum.
990 682 1004 723 ·'
1084 677 1088 689 '

197 749 227 807 5.
266 743 587 822 Praedestinationem,
607 770 663 826 qua
684 748 765 809 Deus
785 748 858 808 alios
878 745 907 805 in
927 765 1008 824 spem
1029 744 1103 804 vitae
1122 744 1256 822 adoptat,

119 815 193 878 alios
212 817 357 878 adiudicat
376 834 513 882 aeternae
533 828 638 897 morti,
659 845 764 898 nemo,
791 824 841 904 qui
860 822 930 884 velit
951 823 1014 901 pius
1035 821 1165 893 censeri,
1183 822 1254 879 sim-

119 892 237 974 pliciter
257 916 366 976 negare
386 897 487 958 audet:
509 901 559 959 sed
581 921 644 960 eam
664 901 760 961 multis
772 899 878 961 cavillis
898 898 1062 968 involvunt,
1083 896 1254 975 praesertim

116 989 190 1031 vero
211 970 262 1049 qui
282 974 501 1050 praescientiam
522 977 634 1036 faciunt
648 979 709 1038 eius
722 999 845 1038 causam.
884 975 927 1034 Ac
942 995 996 1033 nos
1006 974 1124 1053 quidem
1144 985 1254 1031 utram·

142 1065 179 1105 oe
198 1046 228 1105 iu
239 1046 306 1106 Deo
326 1050 492 1110 statuimus:
512 1054 562 1112 sed
584 1066 774 1133 praepostere
790 1054 911 1113 dicimus
924 1050 1042 1110 alteram
1054 1048 1138 1109 alteri
1150 1049 1255 1109 subiici

118 1067 193 1257 trid.
213 1144 277 1204 cap.
295 1130 344 1187 ‘lb
364 1128 500 1206 sect.1..]
539 1129 765 1190 Praescientiam
786 1152 874 1208 quum
894 1126 1049 1186 tribuimus
1067 1126 1145 1199 Deo,
1164 1125 1255 1206 signi·

142 1220 239 1259 cauam
258 1202 357 1260 omnia
375 1223 435 1262 sem
460 1225 492 1263 er
519 1206 606 1266 tuisse
626 1228 658 1266 ac
679 1219 824 1285 perpetuo
851 1223 969 1264 manere
989 1201 1043 1262 sub
1063 1205 1124 1261 cius
1145 1202 1252 1262 oculis:

116 1286 152 1335 nt
168 1275 230 1335 eius
241 1276 364 1338 notitiae
375 1226 457 1340 nihil
466 1280 596 1341 futurum
616 1295 666 1342 aut
684 1285 884 1362 praeteritum,
903 1280 956 1340 sed
975 1281 1072 1339 omnia
1091 1279 1149 1338 sint
1169 1297 1253 1357 prae-

116 1352 226 1413 seutia:
247 1354 336 1413 etsie
357 1356 475 1433 quidem
497 1360 675 1436 praesentia,
695 1371 727 1418 ut
747 1380 808 1418 non
830 1380 862 1418 ex
882 1357 955 1418 ideis
976 1366 1087 1414 tanturn
1108 1355 1252 1435 imagine-

115 1438 166 1488 tur
185 1427 326 1507 (qualiter
344 1431 430 1492 nobis
450 1433 644 1494 obversantur
658 1455 702 1510 ea,
715 1456 841 1515 quorum
862 1432 1029 1493 memoriam
1049 1450 1132 1491 mens
1152 1442 1252 1490 nostra

114 1504 258 1580 retinet),
289 1506 341 1566 sed
372 1520 510 1602 tanquam
537 1522 656 1572 antece
682 1512 777 1592 posita
803 1531 871 1571 vere
897 1511 1045 1568 intueatur
1077 1527 1111 1567 ac
1140 1518 1251 1567 cernat.

113 1580 217 1660 Atque
237 1581 308 1642 haec
327 1587 519 1661 praescientia
540 1587 576 1646 ad
591 1589 755 1649 universum
777 1587 878 1649 mundi
891 1584 1031 1645 ambitum
1049 1595 1079 1642 et
1095 1583 1130 1642 ad
1147 1601 1252 1643 omnes

116 1667 266 1717 creaturas
296 1661 471 1721 extenditur.
521 1663 822 1725 Praedestinationem
847 1683 986 1723 vocamus
1015 1669 1166 1719 aeteruum
1191 1658 1251 1719 Dei

117 1733 280 1809 decretum,
300 1758 360 1815 qno
380 1739 456 1818 apud
476 1759 507 1800 se
527 1744 717 1801 constitutum
729 1739 840 1814 habuit,
854 1738 971 1818 quidde
992 1754 1173 1814 unoquoque
1194 1734 1249 1795 ho-

116 1808 197 1869 mine
216 1808 280 1870 fleri
299 1813 396 1873 vellet
433 1817 503 1875 Non
525 1818 602 1876 enim
623 1819 685 1896 pari
705 1817 878 1877 conditione
898 1825 1034 1875 creantur
1053 1809 1249 1872 omnesr'sed

114 1883 180 1947 aliis
203 1887 261 1946 rita
283 1900 419 1964 aeterna,
449 1892 509 1952 aliis
541 1893 687 1953 damnatio
713 1905 832 1954 aeterna
860 1891 1093 1972 praeordinatur.
1145 1888 1250 1976 ltaque

114 1974 208 2041 prout
226 1962 256 2021 in
282 1965 454 2027 alterutrum
485 1969 570 2029 finem
592 1971 713 2049 quisque
737 1969 873 2030 conditus
893 1979 953 2040 est,
983 1967 1021 2026 ita
1041 1964 1086 2023 vel
1105 1965 1142 2023 ad
1161 1975 1248 2024 urtam

114 2036 163 2099 vel
183 2038 221 2098 ad
238 2054 364 2101 mortem
385 2045 630 2133 praedestinatum
651 2048 782 2106 dicimus.
807 2079 843 2091 -
883 2046 967 2104 llanc
992 2061 1064 2101 vero
1083 2040 1164 2100 Deus
1184 2059 1248 2099 non

113 2114 207 2176 modo
236 2116 268 2175 in
291 2119 412 2199 singulis
437 2124 570 2211 personis
595 2135 714 2184 testatus
734 2135 794 2197 est,
814 2121 865 2182 sed
885 2120 1036 2200 specimen.
1053 2117 1116 2177 eius
1135 2117 1164 2176 in
1184 2126 1248 2176 tota

113 2190 253 2253 Abrabae
271 2194 376 2254 sobole
397 2197 503 2272 edidit,
532 2199 610 2258 unde
636 2199 730 2280 palam
761 2200 862 2272 fieret,
893 2196 1005 2257 ineius
1030 2192 1153 2254 arbitrio
1174 2211 1248 2267 esse,

101 2267 207 2360 'qualis
227 2270 366 2351 cuiusque
386 2276 481 2355 gentis
503 2277 597 2336 littura
617 2279 654 2337 sit
674 2276 816 2336 conditio.
854 2275 979 2349 „Quum
997 2270 1139 2331 divideret
1158 2268 1247 2331 Allie-

112 2364 203 2405 samus
222 2360 334 2424 gentes,
355 2361 385 2408 et
396 2365 543 2430 separaret
556 2351 630 2413 lilios
640 2353 745 2427 Adam,
764 2373 829 2432 pars
850 2353 911 2411 eius
931 2350 986 2409 luit
1006 2345 1132 2429 populus
1144 2345 1247 2421 Israel,

112 2418 261 2482 funiculus
292 2423 475 2487 baereditatis
504 2430 587 2488 eius“
616 2430 719 2507 (Dent
739 2436 793 2503 32,
812 2432 840 2493 8.
861 2440 891 2487 el
909 2428 962 2502 9·)·
1012 2423 1093 2484 Λῦῐθ
1116 2423 1247 2483 ⁰m¹¹l¹¹¹⁰

113 2496 219 2559 oculos
239 2512 283 2559 est
302 2505 481 2583 segregatio:
503 2506 531 2563 in
552 2506 689 2566 Abrabae
708 2527 849 2586 persona,
870 2504 950 2584 quasi
975 2504 1005 2563 in
1029 2499 1112 2561 arido
1131 2512 1249 2572 trunco,

113 2575 240 2653 populus
266 2599 339 2638 unus
365 2581 425 2640 aliis
452 2582 566 2642 reiectis
596 2583 783 2663 peculiariter
808 2581 940 2663 eligitur:
974 2599 1059 2640 eausa
1085 2596 1155 2636 vero
1186 2596 1247 2658 non

111 2664 252 2730 apparet,
286 2655 340 2714 nisi
361 2658 440 2735 quod
461 2659 574 2733 Moses,
605 2674 638 2720 ut
680 2660 784 2719 osteris
804 2679 902 2718 ansam
922 2654 1069 2737 gloriandi
1090 2652 1248 2731 praecidat,

135 2728 242 2787 ratuito
264 2742 373 2790 tantum
385 2734 442 2792 Dei
463 2755 562 2794 amore
583 2682 724 2796 excellere
744 2757 794 2796 eos
815 2735 911 2794 docet.
949 2729 1147 2790 liberationis
1168 2727 1246 2785 enlm

110 2745 189 2864 banc
209 2807 466 2888 assignateausam,
483 2813 561 2890 quod
583 2813 683 2882 „Deus
698 2813 797 2871 Patres
809 2810 951 2882 dilexerit,
971 2820 1001 2866 et
1013 2806 1137 2940 elegerit
1147 2821 1247 2889 semen

111 2901 219 2941 eorum
239 2896 307 2961 post
326 2894 397 2945 eos“
417 2888 642 2966 (Deut.d,37.).
681 2888 849 2967 Expressius
865 2886 923 2945 alio
936 2885 1055 2962 capite(
1087 2881 1245 2956 eos.7‚u):

133 2957 204 3016 Nun
225 2961 292 3038 quia
310 2963 437 3041 reliquas
457 2978 560 3045 gentes
576 2968 730 3045 superastis
750 2984 886 3037 nurnero,
906 2959 1083 3050 complacuit
1102 2957 1129 3016 ei
1149 2957 1179 3014 in
1191 2974 1246 3015 vo-

110 3001 157 3094 bis
177 3046 211 3093 ut
236 3057 287 3096 vos
313 3038 447 3119 eligeret:
471 3041 521 3100 sed
548 3043 613 3120 quia
639 3042 738 3100 dilexit
761 3046 844 3100 vos.“
894 3040 1016 3118 Saepius
1040 3035 1142 3094 eadem
1167 3029 1246 3122 apud

110 3111 208 3190 ipsum
233 3114 394 3176 admonitio
419 3118 563 3197 repetitur
590 3119 863 3196 (Deur.10.tt.)=
889 3116 957 3189 „En
983 3112 1103 3171 D⁰¹¹¹l¹¹l
1124 3110 1180 3167 Del
1201 3119 1245 3167 ²¹¹¹

111 3188 230 3249 coelum
250 3204 303 3263 est,
323 3205 410 3265 terra,
432 3207 460 3251 ct
480 3214 673 3274 quaecunque
692 3197 722 3253 in
737 3214 769 3253 ea
789 3205 873 3254 sunt:
895 3203 924 3251 et
944 3186 1147 3249 tantummodo
1161 3205 1244 3245 com-

111 3265 225 3344 placuit
242 3270 297 3328 sibi
318 3270 346 3327 in
368 3271 498 3349 patribus
519 3271 590 3344 tuis,
621 3284 651 3330 et
674 3272 779 3330 amavit
798 3291 866 3341 eos,
896 3268 1042 3347 elegitque
1068 3284 1118 3323 vos
1143 3278 1244 3322 semen

113 3347 252 3401 eorum.“
291 3345 366 3405 ltcm
387 3347 442 3406 illis
462 3347 530 3405 alibi
551 3347 741 3406 sanctificatio
763 3347 954 3425 praecipitur,
979 3342 1057 3433 quod
1079 3341 1164 3401 electi
1184 3339 1244 3428 sint

110 3420 145 3478 in
165 3419 306 3498 populum
328 3422 501 3502 peculiarem
527 3425 631 3497 (Dent.
651 3429 705 3497 2¹3,
724 3425 780 3498 b)-
831 3423 870 3481 Εἰ
899 3421 967 3480 alibi
992 3431 1097 3478 ¹¹0f⁰¹¹¹
1123 3415 1242 3475 ‘mecm'

109 3496 251 3555 asseritur
277 3519 339 3557 esse
366 3501 558 3576 protectionis
587 3521 679 3559 causa.
732 3499 822 3572 Quod
844 3499 929 3557 etiam
958 3494 1058 3555 fideles
1088 3514 1145 3553 una
1172 3509 1244 3550 voce

109 3573 282 3652 praedicant
301 3575 393 3653 (Psal.
409 3580 524 3650 47,5.)=
546 3576 665 3656 „Elegit
683 3575 770 3635 nobis
792 3575 998 3633 haereditatem
1019 3583 1158 3641 nostram,
1177 3566 1244 3646 glo·

109 3650 187 3709 riam
198 3650 288 3711 Iacob
310 3674 395 3730 quesn
417 3653 545 3712 dilexite*
584 3655 678 3713 Dotes
691 3652 781 3726 euim,
794 3651 898 3730 quibus
918 3649 1014 3709 ornati
1032 3647 1129 3709 aDeo
1150 3654 1246 3714 eraut,

110 3747 216 3804 omnes
236 3729 265 3786 in
283 3730 443 3808 gratuitum
463 3750 594 3789 amorem
614 3728 825 3789 transcribunt:
847 3749 908 3787 non
928 3726 1017 3783 ursulo
1030 3725 1096 3802 quia
1113 3721 1248 3781 sciebant

109 3800 200 3864 nullis
222 3823 269 3863 eas
290 3807 399 3865 meritis
419 3825 450 3865 se
470 3806 606 3886 adeptos,
631 3806 681 3865 sed
701 3826 740 3863 ne
758 3817 890 3864 sanetrnn
910 3802 1027 3881 quidem
1047 3795 1246 3858 Patriarcbam

109 3900 147 3940 ea
168 3879 256 3939 luisse
270 3882 375 3939 virtute
387 3883 560 3962 praeditum,
580 3896 613 3942 ut
631 3880 686 3941 sibi
707 3894 737 3939 et
756 3881 880 3961 posteris
901 3890 1008 3938 tarsum
1028 3876 1148 3935 honoris
1181 3892 1246 3931 rae·

108 3955 276 4037 rogativam
297 3961 471 4035 acquireret.
510 3961 559 4034 Et,
579 3956 768 4037 quovalidius
781 3966 914 4016 conterat
932 3974 1048 4013 omnem
1069 3896 1246 4030 superlliam,

111 4033 272 4111 exprobrat
292 4035 364 4092 nihil
385 4036 443 4094 tale
464 4035 549 4094 luisse
570 4034 760 4114 promeritos,
779 4056 867 4112 quurn
889 4029 1013 4111 populus
1032 4028 1069 4088 sit
1090 4039 1246 4117 contumax

112 4130 149 4168 ae
171 4108 260 4169 durae
280 4111 397 4171 cervicis
418 4113 621 4245 (Deut.9,6.p.
661 4111 756 4189 Saepe
777 4108 864 4170 etiam
885 4109 987 4168 odiose
1007 4118 1037 4164 et
1055 4104 1158 4184 probra
1177 4103 1245 4161 loco

112 4185 193 4243 hane
213 4185 390 4246 electionem
411 4189 579 4265 Prophetae
616 4188 713 4246 udaeis
733 4188 891 4260 obiiciunt,
937 4182 1055 4243 uoniam
1074 4180 1110 4240 ab
1132 4200 1166 4239 ea
1185 4191 1248 4267 tur:

138 4260 195 4319 iter
216 4262 406 4323 desciverant.
456 4264 605 4344 Quicquid
632 4264 685 4337 rit,
706 4285 784 4324 nunc
810 4263 841 4322 in
866 4207 993 4321 medium
1012 4258 1172 4341 prodeant,
1196 4276 1248 4334 qur

114 4283 176 4399 bei
195 4337 374 4403 electionem
394 4339 502 4404 solunt
519 4341 682 4426 astringere
701 4341 748 4404 rel
767 4339 904 4424 dignitati
922 4336 1090 4413 bominum,
1106 4332 1155 4398 vel
1173 4349 1250 4425 ope·
