<?xml version="1.0" encoding="UTF-8"?>
<!DOCTYPE html PUBLIC "-//W3C//DTD XHTML 1.0 Transitional//EN"
    "http://www.w3.org/TR/xhtml1/DTD/xhtml1-transitional.dtd">
<html xmlns="http://www.w3.org/1999/xhtml" xml:lang="en" lang="en">
 <head>
  <title>
</title>
<meta http-equiv="Content-Type" content="text/html;charset=utf-8" />
  <meta name='ocr-system' content='tesseract 3.04.00' />
  <meta name='ocr-capabilities' content='ocr_page ocr_carea ocr_par ocr_line ocrx_word'/>
</head>
<body>
  <div class='ocr_page' id='page_1' title='image "./ioanniscalvinii02tholgoog/ioanniscalvinii02tholgoog_0251.png"; bbox 0 0 2700 4732; ppageno 0'>
   <div class='ocr_carea' id='block_1_1' title="bbox 83 199 813 271">
    <p class='ocr_par' dir='ltr' id='par_1_1' title="bbox 83 199 813 271">
     <span class='ocr_line' id='line_1_1' title="bbox 83 199 813 271; baseline 0 -12"><span class='ocrx_word' id='word_1_1' title='bbox 83 204 146 269; x_wconf 71' lang='lat'>238</span> <span class='ocrx_word' id='word_1_2' title='bbox 453 199 531 261; x_wconf 84' lang='lat' dir='ltr'><strong>LIB.</strong></span> <span class='ocrx_word' id='word_1_3' title='bbox 550 199 591 259; x_wconf 88' lang='lat'>11.</span> <span class='ocrx_word' id='word_1_4' title='bbox 631 200 726 261; x_wconf 66' lang='lat' dir='ltr'>CAE-</span> <span class='ocrx_word' id='word_1_5' title='bbox 743 200 813 271; x_wconf 77' lang='lat' dir='ltr'>vlt.</span> 
     </span>
    </p>
   </div>
   <div class='ocr_carea' id='block_1_2' title="bbox 31 343 1049 4401">
    <p class='ocr_par' dir='ltr' id='par_1_2' title="bbox 31 343 1049 4401">
     <span class='ocr_line' id='line_1_2' title="bbox 85 343 1048 423; baseline -0.005 -16"><span class='ocrx_word' id='word_1_6' title='bbox 85 362 149 407; x_wconf 83' lang='lat' dir='ltr'>suos</span> <span class='ocrx_word' id='word_1_7' title='bbox 170 343 293 405; x_wconf 82' lang='lat' dir='ltr'>fuissent</span> <span class='ocrx_word' id='word_1_8' title='bbox 311 343 470 405; x_wconf 83' lang='lat' dir='ltr'>institutae.</span> <span class='ocrx_word' id='word_1_9' title='bbox 513 344 588 407; x_wconf 91' lang='lat' dir='ltr'>ldeo</span> <span class='ocrx_word' id='word_1_10' title='bbox 606 344 714 407; x_wconf 85' lang='lat' dir='ltr'>Paulus</span> <span class='ocrx_word' id='word_1_11' title='bbox 732 345 820 423; x_wconf 82' lang='lat' dir='ltr'>(Col.</span> <span class='ocrx_word' id='word_1_12' title='bbox 838 350 869 418; x_wconf 78' lang='grc'>2,</span> <span class='ocrx_word' id='word_1_13' title='bbox 887 346 961 422; x_wconf 76' lang='grc'><strong>17.),</strong></span> <span class='ocrx_word' id='word_1_14' title='bbox 991 353 1025 405; x_wconf 90' lang='lat' dir='ltr'>ut</span> <span class='ocrx_word' id='word_1_15' title='bbox 1044 364 1048 397; x_wconf 79' lang='grc' dir='ltr'>ι</span> 
     </span>
     <span class='ocr_line' id='line_1_3' title="bbox 84 422 1048 503; baseline -0.004 -20"><span class='ocrx_word' id='word_1_16' title='bbox 84 422 281 489; x_wconf 67' lang='lat' dir='ltr'>servationem</span> <span class='ocrx_word' id='word_1_17' title='bbox 302 442 363 481; x_wconf 91' lang='lat' dir='ltr'>non</span> <span class='ocrx_word' id='word_1_18' title='bbox 374 440 581 503; x_wconf 82' lang='lat' dir='ltr'>supervacuam</span> <span class='ocrx_word' id='word_1_19' title='bbox 601 423 703 501; x_wconf 90' lang='lat' dir='ltr'>modo,</span> <span class='ocrx_word' id='word_1_20' title='bbox 723 422 774 483; x_wconf 82' lang='lat' dir='ltr'>scd</span> <span class='ocrx_word' id='word_1_21' title='bbox 794 424 907 489; x_wconf 82' lang='lat' dir='ltr'>noxiam</span> <span class='ocrx_word' id='word_1_22' title='bbox 929 440 1048 500; x_wconf 84' lang='lat' dir='ltr'>quoque</span> 
     </span>
     <span class='ocr_line' id='line_1_4' title="bbox 86 496 1048 578; baseline -0.002 -21"><span class='ocrx_word' id='word_1_23' title='bbox 86 498 152 573; x_wconf 76' lang='lat' dir='ltr'>bet,</span> <span class='ocrx_word' id='word_1_24' title='bbox 184 497 303 558; x_wconf 80' lang='lat' dir='ltr'>umbrae</span> <span class='ocrx_word' id='word_1_25' title='bbox 321 498 409 559; x_wconf 85' lang='lat' dir='ltr'>luisse</span> <span class='ocrx_word' id='word_1_26' title='bbox 428 499 534 573; x_wconf 87' lang='lat' dir='ltr'>docet,</span> <span class='ocrx_word' id='word_1_27' title='bbox 555 520 676 578; x_wconf 87' lang='lat' dir='ltr'>quarum</span> <span class='ocrx_word' id='word_1_28' title='bbox 696 500 783 559; x_wconf 88' lang='lat' dir='ltr'>nohis</span> <span class='ocrx_word' id='word_1_29' title='bbox 803 510 892 559; x_wconf 83' lang='lat' dir='ltr'>exstat</span> <span class='ocrx_word' id='word_1_30' title='bbox 910 498 943 557; x_wconf 91' lang='lat' dir='ltr'>in</span> <span class='ocrx_word' id='word_1_31' title='bbox 964 496 1048 557; x_wconf 83' lang='lat' dir='ltr'>Chris</span> 
     </span>
     <span class='ocr_line' id='line_1_5' title="bbox 89 572 1048 657; baseline 0 -24"><span class='ocrx_word' id='word_1_32' title='bbox 89 574 229 635; x_wconf 77' lang='lat' dir='ltr'>Videmus</span> <span class='ocrx_word' id='word_1_33' title='bbox 260 594 334 657; x_wconf 85' lang='lat' dir='ltr'>erge</span> <span class='ocrx_word' id='word_1_34' title='bbox 362 587 396 634; x_wconf 87' lang='lat' dir='ltr'>ut</span> <span class='ocrx_word' id='word_1_35' title='bbox 423 576 454 634; x_wconf 90' lang='lat' dir='ltr'>in</span> <span class='ocrx_word' id='word_1_36' title='bbox 487 595 587 634; x_wconf 85' lang='lat' dir='ltr'>earum</span> <span class='ocrx_word' id='word_1_37' title='bbox 619 574 784 635; x_wconf 81' lang='lat' dir='ltr'>abolitione</span> <span class='ocrx_word' id='word_1_38' title='bbox 807 575 911 635; x_wconf 90' lang='lat' dir='ltr'>melius</span> <span class='ocrx_word' id='word_1_39' title='bbox 935 572 1048 656; x_wconf 76' lang='lat' dir='ltr'>refulge</span> 
     </span>
     <span class='ocr_line' id='line_1_6' title="bbox 84 650 1030 731; baseline -0.004 -20"><span class='ocrx_word' id='word_1_40' title='bbox 84 673 173 731; x_wconf 84' lang='lat' dir='ltr'>quam</span> <span class='ocrx_word' id='word_1_41' title='bbox 193 652 219 711; x_wconf 85' lang='lat' dir='ltr'>si</span> <span class='ocrx_word' id='word_1_42' title='bbox 237 652 332 711; x_wconf 90' lang='lat' dir='ltr'>adhuc</span> <span class='ocrx_word' id='word_1_43' title='bbox 352 653 456 731; x_wconf 92' lang='lat' dir='ltr'>procul</span> <span class='ocrx_word' id='word_1_44' title='bbox 477 664 508 711; x_wconf 86' lang='lat' dir='ltr'>et</span> <span class='ocrx_word' id='word_1_45' title='bbox 528 652 608 731; x_wconf 81' lang='lat' dir='ltr'>quasi</span> <span class='ocrx_word' id='word_1_46' title='bbox 628 652 754 712; x_wconf 90' lang='lat' dir='ltr'>obtento</span> <span class='ocrx_word' id='word_1_47' title='bbox 773 651 841 712; x_wconf 83' lang='lat' dir='ltr'>velo</span> <span class='ocrx_word' id='word_1_48' title='bbox 861 650 1030 725; x_wconf 78' lang='lat' dir='ltr'>Christum,</span> 
     </span>
     <span class='ocr_line' id='line_1_7' title="bbox 84 726 1048 809; baseline -0.001 -23"><span class='ocrx_word' id='word_1_49' title='bbox 84 732 238 809; x_wconf 74' lang='lat' dir='ltr'>apparuit,</span> <span class='ocrx_word' id='word_1_50' title='bbox 257 727 427 809; x_wconf 83' lang='lat' dir='ltr'>figurarent.</span> <span class='ocrx_word' id='word_1_51' title='bbox 465 728 540 788; x_wconf 87' lang='lat' dir='ltr'>ldeo</span> <span class='ocrx_word' id='word_1_52' title='bbox 561 740 591 788; x_wconf 92' lang='lat' dir='ltr'>et</span> <span class='ocrx_word' id='word_1_53' title='bbox 611 727 721 789; x_wconf 85' lang='lat' dir='ltr'>Christi</span> <span class='ocrx_word' id='word_1_54' title='bbox 748 740 843 789; x_wconf 89' lang='lat' dir='ltr'>morte</span> <span class='ocrx_word' id='word_1_55' title='bbox 862 726 959 788; x_wconf 88' lang='lat' dir='ltr'>velum</span> <span class='ocrx_word' id='word_1_56' title='bbox 978 738 1048 805; x_wconf 75' lang='lat' dir='ltr'>temp</span> 
     </span>
     <span class='ocr_line' id='line_1_8' title="bbox 84 802 1048 885; baseline -0.004 -20"><span class='ocrx_word' id='word_1_57' title='bbox 84 816 186 885; x_wconf 84' lang='lat' dir='ltr'>partes</span> <span class='ocrx_word' id='word_1_58' title='bbox 204 805 324 865; x_wconf 85' lang='lat' dir='ltr'>scissum</span> <span class='ocrx_word' id='word_1_59' title='bbox 344 804 465 865; x_wconf 85' lang='lat' dir='ltr'>cecidit:</span> <span class='ocrx_word' id='word_1_60' title='bbox 487 808 554 884; x_wconf 91' lang='lat' dir='ltr'>quia</span> <span class='ocrx_word' id='word_1_61' title='bbox 575 806 630 863; x_wconf 85' lang='lat' dir='ltr'>iam</span> <span class='ocrx_word' id='word_1_62' title='bbox 650 806 715 864; x_wconf 87' lang='lat' dir='ltr'>viva</span> <span class='ocrx_word' id='word_1_63' title='bbox 735 817 766 864; x_wconf 90' lang='lat' dir='ltr'>et</span> <span class='ocrx_word' id='word_1_64' title='bbox 785 823 917 885; x_wconf 81' lang='lat' dir='ltr'>expressa</span> <span class='ocrx_word' id='word_1_65' title='bbox 936 802 1048 863; x_wconf 86' lang='lat' dir='ltr'>coelest</span> 
     </span>
     <span class='ocr_line' id='line_1_9' title="bbox 84 879 1049 963; baseline 0 -24"><span class='ocrx_word' id='word_1_66' title='bbox 84 902 152 947; x_wconf 78' lang='lat' dir='ltr'>mm</span> <span class='ocrx_word' id='word_1_67' title='bbox 172 880 270 963; x_wconf 89' lang='lat' dir='ltr'>imago</span> <span class='ocrx_word' id='word_1_68' title='bbox 291 880 322 939; x_wconf 88' lang='lat' dir='ltr'>in</span> <span class='ocrx_word' id='word_1_69' title='bbox 343 879 437 941; x_wconf 90' lang='lat' dir='ltr'>lucem</span> <span class='ocrx_word' id='word_1_70' title='bbox 457 882 624 960; x_wconf 80' lang='lat' dir='ltr'>prodierat,</span> <span class='ocrx_word' id='word_1_71' title='bbox 648 900 723 961; x_wconf 82' lang='lat' dir='ltr'>quae</span> <span class='ocrx_word' id='word_1_72' title='bbox 743 880 874 943; x_wconf 81' lang='lat' dir='ltr'>obscuris</span> <span class='ocrx_word' id='word_1_73' title='bbox 900 892 1012 941; x_wconf 81' lang='lat' dir='ltr'>tarrturn</span> <span class='ocrx_word' id='word_1_74' title='bbox 1039 879 1049 938; x_wconf 96' lang='lat' dir='ltr'>l</span> 
     </span>
     <span class='ocr_line' id='line_1_10' title="bbox 85 954 1038 1036; baseline -0.002 -19"><span class='ocrx_word' id='word_1_75' title='bbox 85 958 226 1019; x_wconf 81' lang='lat' dir='ltr'>inchoata</span> <span class='ocrx_word' id='word_1_76' title='bbox 256 956 368 1029; x_wconf 81' lang='lat' dir='ltr'>suerat,</span> <span class='ocrx_word' id='word_1_77' title='bbox 399 958 487 1017; x_wconf 85' lang='lat' dir='ltr'>sicuti</span> <span class='ocrx_word' id='word_1_78' title='bbox 522 957 653 1035; x_wconf 91' lang='lat' dir='ltr'>loquitur</span> <span class='ocrx_word' id='word_1_79' title='bbox 689 968 793 1017; x_wconf 83' lang='lat' dir='ltr'>auctor</span> <span class='ocrx_word' id='word_1_80' title='bbox 828 956 968 1036; x_wconf 83' lang='lat' dir='ltr'>epistolae</span> <span class='ocrx_word' id='word_1_81' title='bbox 998 954 1038 1015; x_wconf 89' lang='lat' dir='ltr'>ad</span> 
     </span>
     <span class='ocr_line' id='line_1_11' title="bbox 81 1032 1029 1113; baseline 0.008 -23"><span class='ocrx_word' id='word_1_82' title='bbox 81 1036 152 1109; x_wconf 66' lang='lat' dir='ltr'>(it),</span> <span class='ocrx_word' id='word_1_83' title='bbox 171 1034 224 1110; x_wconf 73' lang='grc'><strong>1.).</strong></span> <span class='ocrx_word' id='word_1_84' title='bbox 269 1034 337 1092; x_wconf 88' lang='lat' dir='ltr'>Huc</span> <span class='ocrx_word' id='word_1_85' title='bbox 355 1034 486 1113; x_wconf 79' lang='lat' dir='ltr'>pertinet</span> <span class='ocrx_word' id='word_1_86' title='bbox 504 1033 613 1093; x_wconf 86' lang='lat' dir='ltr'>dictum</span> <span class='ocrx_word' id='word_1_87' title='bbox 634 1034 744 1097; x_wconf 78' lang='lat' dir='ltr'>Christi</span> <span class='ocrx_word' id='word_1_88' title='bbox 775 1032 863 1111; x_wconf 85' lang='lat' dir='ltr'>(Luc.</span> <span class='ocrx_word' id='word_1_89' title='bbox 882 1040 931 1107; x_wconf 80' lang='lat'>16,</span> <span class='ocrx_word' id='word_1_90' title='bbox 949 1033 1029 1109; x_wconf 71' lang='lat' dir='ltr'>to),</span> 
     </span>
     <span class='ocr_line' id='line_1_12' title="bbox 86 1108 1048 1191; baseline -0.002 -22"><span class='ocrx_word' id='word_1_91' title='bbox 86 1108 252 1191; x_wconf 79' lang='lat' dir='ltr'>Prophetas</span> <span class='ocrx_word' id='word_1_92' title='bbox 271 1109 358 1169; x_wconf 83' lang='lat' dir='ltr'>fnisse</span> <span class='ocrx_word' id='word_1_93' title='bbox 377 1130 471 1190; x_wconf 74' lang='lat' dir='ltr'>usqne</span> <span class='ocrx_word' id='word_1_94' title='bbox 490 1110 527 1171; x_wconf 86' lang='lat' dir='ltr'>ad</span> <span class='ocrx_word' id='word_1_95' title='bbox 545 1110 702 1171; x_wconf 87' lang='lat' dir='ltr'>Ioannem:</span> <span class='ocrx_word' id='word_1_96' title='bbox 732 1130 768 1170; x_wconf 79' lang='lat' dir='ltr'>ex</span> <span class='ocrx_word' id='word_1_97' title='bbox 796 1130 833 1171; x_wconf 92' lang='lat' dir='ltr'>eo</span> <span class='ocrx_word' id='word_1_98' title='bbox 859 1128 981 1190; x_wconf 80' lang='lat' dir='ltr'>regnum</span> <span class='ocrx_word' id='word_1_99' title='bbox 1008 1108 1048 1167; x_wconf 82' lang='lat' dir='ltr'>Dr</span> 
     </span>
     <span class='ocr_line' id='line_1_13' title="bbox 85 1183 1049 1278; baseline -0.004 -31"><span class='ocrx_word' id='word_1_100' title='bbox 85 1183 309 1267; x_wconf 51' lang='lat' dir='ltr'>,evangelizarit</span> <span class='ocrx_word' id='word_1_101' title='bbox 329 1207 391 1245; x_wconf 91' lang='lat' dir='ltr'>non</span> <span class='ocrx_word' id='word_1_102' title='bbox 411 1186 493 1266; x_wconf 90' lang='lat' dir='ltr'>quod</span> <span class='ocrx_word' id='word_1_103' title='bbox 508 1187 750 1278; x_wconf 84' lang='lat' dir='ltr'>praedicatione,</span> <span class='ocrx_word' id='word_1_104' title='bbox 803 1205 856 1247; x_wconf 89' lang='lat' dir='ltr'>uae</span> <span class='ocrx_word' id='word_1_105' title='bbox 875 1206 960 1265; x_wconf 88' lang='lat' dir='ltr'>spem</span> <span class='ocrx_word' id='word_1_106' title='bbox 976 1184 1049 1247; x_wconf 87' lang='lat' dir='ltr'>salut</span> 
     </span>
     <span class='ocr_line' id='line_1_14' title="bbox 86 1207 1048 1343; baseline -0.002 -20"><span class='ocrx_word' id='word_1_107' title='bbox 86 1275 229 1327; x_wconf 73' lang='lat' dir='ltr'>aeternae</span> <span class='ocrx_word' id='word_1_108' title='bbox 248 1262 516 1343; x_wconf 82' lang='lat' dir='ltr'>continet‚·privatr</span> <span class='ocrx_word' id='word_1_109' title='bbox 529 1263 645 1323; x_wconf 81' lang='lat' dir='ltr'>¹suerint</span> <span class='ocrx_word' id='word_1_110' title='bbox 663 1264 756 1325; x_wconf 85' lang='lat' dir='ltr'>saneti</span> <span class='ocrx_word' id='word_1_111' title='bbox 775 1207 892 1323; x_wconf 64' lang='lat' dir='ltr'>datter:</span> <span class='ocrx_word' id='word_1_112' title='bbox 912 1262 963 1323; x_wconf 87' lang='lat' dir='ltr'>sed</span> <span class='ocrx_word' id='word_1_113' title='bbox 1004 1264 1048 1321; x_wconf 86' lang='lat' dir='ltr'>uia</span> 
     </span>
     <span class='ocr_line' id='line_1_15' title="bbox 85 1284 1048 1419; baseline -0.004 -19"><span class='ocrx_word' id='word_1_114' title='bbox 85 1339 141 1400; x_wconf 85' lang='lat' dir='ltr'>sub</span> <span class='ocrx_word' id='word_1_115' title='bbox 161 1338 337 1401; x_wconf 82' lang='lat' dir='ltr'>umbraculis</span> <span class='ocrx_word' id='word_1_116' title='bbox 356 1339 456 1399; x_wconf 86' lang='lat' dir='ltr'>intuiti</span> <span class='ocrx_word' id='word_1_117' title='bbox 475 1341 700 1414; x_wconf 81' lang='lat' dir='ltr'>suntduntaxat,</span> <span class='ocrx_word' id='word_1_118' title='bbox 720 1341 799 1419; x_wconf 93' lang='lat' dir='ltr'>quod</span> <span class='ocrx_word' id='word_1_119' title='bbox 821 1339 910 1399; x_wconf 88' lang='lat' dir='ltr'>hodie</span> <span class='ocrx_word' id='word_1_120' title='bbox 930 1339 960 1397; x_wconf 92' lang='lat' dir='ltr'>in</span> <span class='ocrx_word' id='word_1_121' title='bbox 974 1284 1048 1418; x_wconf 78' lang='lat' dir='ltr'>pilon</span> 
     </span>
     <span class='ocr_line' id='line_1_16' title="bbox 81 1414 1048 1567; baseline -0.003 -92"><span class='ocrx_word' id='word_1_122' title='bbox 81 1414 234 1555; x_wconf 46' lang='lat' dir='ltr'>:pppiprus</span> <span class='ocrx_word' id='word_1_123' title='bbox 272 1415 452 1553; x_wconf 55' lang='lat' dir='ltr'>Cupuautem</span> <span class='ocrx_word' id='word_1_124' title='bbox 472 1416 622 1553; x_wconf 45' lang='lat' dir='ltr'>illeiis]</span> <span class='ocrx_word' id='word_1_125' title='bbox 641 1418 700 1479; x_wconf 84' lang='lat' dir='ltr'>Dei</span> <span class='ocrx_word' id='word_1_126' title='bbox 721 1416 759 1550; x_wconf 68' lang='lat' dir='ltr'>albl</span> <span class='ocrx_word' id='word_1_127' title='bbox 777 1414 1048 1567; x_wconf 51' lang='lat' dir='ltr'>illistrurgmerptii‘</span> 
     </span>
     <span class='ocr_line' id='line_1_17' title="bbox 179 1512 969 1552; baseline -0.001 -1"><span class='ocrx_word' id='word_1_128' title='bbox 179 1512 195 1551; x_wconf 88' lang='lat' dir='ltr'>e</span> <span class='ocrx_word' id='word_1_129' title='bbox 248 1513 267 1551; x_wconf 95' lang='lat' dir='ltr'>o</span> <span class='ocrx_word' id='word_1_130' title='bbox 311 1515 326 1551; x_wconf 95' lang='lat' dir='ltr'>r</span> <span class='ocrx_word' id='word_1_131' title='bbox 360 1512 401 1552; x_wconf 88' lang='lat' dir='ltr'>err</span> <span class='ocrx_word' id='word_1_132' title='bbox 463 1516 479 1551; x_wconf 83' lang='lat' dir='ltr'>r</span> <span class='ocrx_word' id='word_1_133' title='bbox 761 1514 777 1551; x_wconf 86' lang='lat' dir='ltr'>a</span> <span class='ocrx_word' id='word_1_134' title='bbox 813 1515 836 1550; x_wconf 82' lang='lat' dir='ltr'>rs</span> <span class='ocrx_word' id='word_1_135' title='bbox 931 1512 969 1551; x_wconf 94' lang='lat' dir='ltr'>uo</span> 
     </span>
     <span class='ocr_line' id='line_1_18' title="bbox 85 1505 1048 1650; baseline -0.003 -21"><span class='ocrx_word' id='word_1_136' title='bbox 85 1588 141 1629; x_wconf 88' lang='lat' dir='ltr'>sen</span> <span class='ocrx_word' id='word_1_137' title='bbox 161 1512 229 1629; x_wconf 43' lang='lat' dir='ltr'>dacii</span> <span class='ocrx_word' id='word_1_138' title='bbox 244 1513 309 1641; x_wconf 53' lang='lat' dir='ltr'>sii?</span> <span class='ocrx_word' id='word_1_139' title='bbox 329 1505 426 1650; x_wconf 77' lang='lat' dir='ltr'>gratiil</span> <span class='ocrx_word' id='word_1_140' title='bbox 441 1513 590 1633; x_wconf 52' lang='lat' dir='ltr'>duiehiaet</span> <span class='ocrx_word' id='word_1_141' title='bbox 605 1514 716 1630; x_wconf 56' lang='lat' dir='ltr'>iiiiii</span> <span class='ocrx_word' id='word_1_142' title='bbox 732 1516 797 1648; x_wconf 87' lang='lat' dir='ltr'>perp</span> <span class='ocrx_word' id='word_1_143' title='bbox 806 1514 902 1628; x_wconf 81' lang='lat' dir='ltr'>Iesiim</span> <span class='ocrx_word' id='word_1_144' title='bbox 924 1569 998 1628; x_wconf 85' lang='lat' dir='ltr'>lacta</span> <span class='ocrx_word' id='word_1_145' title='bbox 1021 1568 1048 1645; x_wconf 88' lang='lat' dir='ltr'>(l</span> 
     </span>
     <span class='ocr_line' id='line_1_19' title="bbox 89 1643 1048 1726; baseline -0.004 -23"><span class='ocrx_word' id='word_1_146' title='bbox 89 1643 169 1719; x_wconf 88' lang='lat' dir='ltr'>Quia</span> <span class='ocrx_word' id='word_1_147' title='bbox 190 1644 244 1704; x_wconf 85' lang='lat' dir='ltr'>etsi</span> <span class='ocrx_word' id='word_1_148' title='bbox 261 1665 330 1715; x_wconf 82' lang='lat' dir='ltr'>vere</span> <span class='ocrx_word' id='word_1_149' title='bbox 350 1646 485 1726; x_wconf 79' lang='lat' dir='ltr'>expiatio.</span> <span class='ocrx_word' id='word_1_150' title='bbox 503 1647 536 1711; x_wconf 83' lang='lat' dir='ltr'>in</span> <span class='ocrx_word' id='word_1_151' title='bbox 567 1646 715 1706; x_wconf 85' lang='lat' dir='ltr'>veteribus</span> <span class='ocrx_word' id='word_1_152' title='bbox 745 1646 890 1705; x_wconf 87' lang='lat' dir='ltr'>sacrificiis</span> <span class='ocrx_word' id='word_1_153' title='bbox 918 1644 1048 1725; x_wconf 31' lang='lat' dir='ltr'>promissi</span> 
     </span>
     <span class='ocr_line' id='line_1_20' title="bbox 88 1720 1048 1803; baseline -0.001 -23"><span class='ocrx_word' id='word_1_154' title='bbox 88 1741 155 1793; x_wconf 84' lang='lat' dir='ltr'>arca</span> <span class='ocrx_word' id='word_1_155' title='bbox 174 1720 302 1781; x_wconf 83' lang='lat' dir='ltr'>foederis</span> <span class='ocrx_word' id='word_1_156' title='bbox 322 1734 442 1783; x_wconf 87' lang='lat' dir='ltr'>certum.</span> <span class='ocrx_word' id='word_1_157' title='bbox 455 1722 511 1781; x_wconf 83' lang='lat' dir='ltr'>luit</span> <span class='ocrx_word' id='word_1_158' title='bbox 556 1722 729 1781; x_wconf 81' lang='lat' dir='ltr'>aterni-Dei</span> <span class='ocrx_word' id='word_1_159' title='bbox 757 1723 864 1781; x_wconf 85' lang='lat' dir='ltr'>favoris</span> <span class='ocrx_word' id='word_1_160' title='bbox 888 1723 1009 1803; x_wconf 87' lang='lat' dir='ltr'>pignus:</span> <span class='ocrx_word' id='word_1_161' title='bbox 1043 1720 1048 1779; x_wconf 93' lang='lat' dir='ltr'>l</span> 
     </span>
     <span class='ocr_line' id='line_1_21' title="bbox 88 1796 1048 1881; baseline 0.001 -24"><span class='ocrx_word' id='word_1_162' title='bbox 88 1796 245 1859; x_wconf 82' lang='lat' dir='ltr'>umbratile</span> <span class='ocrx_word' id='word_1_163' title='bbox 263 1798 375 1873; x_wconf 78' lang='lat' dir='ltr'>suisset,</span> <span class='ocrx_word' id='word_1_164' title='bbox 395 1799 449 1858; x_wconf 82' lang='lat' dir='ltr'>nisi</span> <span class='ocrx_word' id='word_1_165' title='bbox 469 1798 499 1857; x_wconf 93' lang='lat' dir='ltr'>in</span> <span class='ocrx_word' id='word_1_166' title='bbox 533 1798 631 1859; x_wconf 89' lang='lat' dir='ltr'>-hristi</span> <span class='ocrx_word' id='word_1_167' title='bbox 648 1800 742 1881; x_wconf 86' lang='lat' dir='ltr'>gratia</span> <span class='ocrx_word' id='word_1_168' title='bbox 762 1798 925 1871; x_wconf 81' lang='lat' dir='ltr'>fundatum,</span> <span class='ocrx_word' id='word_1_169' title='bbox 944 1796 995 1856; x_wconf 90' lang='lat' dir='ltr'>ubi</span> <span class='ocrx_word' id='word_1_170' title='bbox 1015 1818 1048 1858; x_wconf 87' lang='lat' dir='ltr'>re</span> 
     </span>
     <span class='ocr_line' id='line_1_22' title="bbox 82 1874 1049 1954; baseline -0.007 -14"><span class='ocrx_word' id='word_1_171' title='bbox 82 1874 146 1939; x_wconf 88' lang='lat' dir='ltr'>lida</span> <span class='ocrx_word' id='word_1_172' title='bbox 165 1887 344 1954; x_wconf 83' lang='lat' dir='ltr'>aeternaque</span> <span class='ocrx_word' id='word_1_173' title='bbox 362 1874 512 1935; x_wconf 83' lang='lat' dir='ltr'>stabilitas.</span> <span class='ocrx_word' id='word_1_174' title='bbox 551 1876 617 1935; x_wconf 89' lang='lat' dir='ltr'>lloc</span> <span class='ocrx_word' id='word_1_175' title='bbox 630 1875 746 1953; x_wconf 88' lang='lat' dir='ltr'>quidem</span> <span class='ocrx_word' id='word_1_176' title='bbox 767 1876 852 1935; x_wconf 87' lang='lat' dir='ltr'>lixnrn</span> <span class='ocrx_word' id='word_1_177' title='bbox 872 1886 999 1947; x_wconf 79' lang='lat' dir='ltr'>naancat,</span> <span class='ocrx_word' id='word_1_178' title='bbox 1019 1896 1049 1953; x_wconf 82' lang='lat' dir='ltr'>qr</span> 
     </span>
     <span class='ocr_line' id='line_1_23' title="bbox 84 1944 1048 2043; baseline 0.007 -39"><span class='ocrx_word' id='word_1_179' title='bbox 84 1951 149 2011; x_wconf 80' lang='lat' dir='ltr'>nari</span> <span class='ocrx_word' id='word_1_180' title='bbox 168 1944 310 2011; x_wconf 80' lang='lat' dir='ltr'>desierint</span> <span class='ocrx_word' id='word_1_181' title='bbox 327 1952 400 2011; x_wconf 89' lang='lat' dir='ltr'>ritus</span> <span class='ocrx_word' id='word_1_182' title='bbox 419 1950 539 2033; x_wconf 81' lang='lat' dir='ltr'>legales,</span> <span class='ocrx_word' id='word_1_183' title='bbox 559 1952 622 2043; x_wconf 84' lang='lat' dir='ltr'>ipso</span> <span class='ocrx_word' id='word_1_184' title='bbox 633 1964 730 2011; x_wconf 88' lang='lat' dir='ltr'>tamen</span> <span class='ocrx_word' id='word_1_185' title='bbox 751 1952 809 2011; x_wconf 84' lang='lat' dir='ltr'>bne</span> <span class='ocrx_word' id='word_1_186' title='bbox 829 1951 930 2011; x_wconf 88' lang='lat' dir='ltr'>melius</span> <span class='ocrx_word' id='word_1_187' title='bbox 951 1970 1048 2031; x_wconf 82' lang='lat' dir='ltr'>cogno</span> 
     </span>
     <span class='ocr_line' id='line_1_24' title="bbox 88 2026 1048 2107; baseline 0.002 -21"><span class='ocrx_word' id='word_1_188' title='bbox 88 2026 178 2089; x_wconf 85' lang='lat' dir='ltr'>luerit</span> <span class='ocrx_word' id='word_1_189' title='bbox 197 2045 301 2097; x_wconf 85' lang='lat' dir='ltr'>eorum</span> <span class='ocrx_word' id='word_1_190' title='bbox 321 2028 525 2091; x_wconf 74' lang='lat' dir='ltr'>utilitasante</span> <span class='ocrx_word' id='word_1_191' title='bbox 553 2028 665 2089; x_wconf 77' lang='lat' dir='ltr'>(bricti</span> <span class='ocrx_word' id='word_1_192' title='bbox 689 2028 863 2104; x_wconf 83' lang='lat' dir='ltr'>adrentum,</span> <span class='ocrx_word' id='word_1_193' title='bbox 894 2026 945 2107; x_wconf 89' lang='lat' dir='ltr'>qui</span> <span class='ocrx_word' id='word_1_194' title='bbox 969 2048 1048 2088; x_wconf 83' lang='lat' dir='ltr'>usum</span> 
     </span>
     <span class='ocr_line' id='line_1_25' title="bbox 87 2102 736 2185; baseline -0.003 -20"><span class='ocrx_word' id='word_1_195' title='bbox 87 2104 145 2166; x_wconf 88' lang='lat' dir='ltr'>vim</span> <span class='ocrx_word' id='word_1_196' title='bbox 166 2114 197 2162; x_wconf 91' lang='lat' dir='ltr'>et</span> <span class='ocrx_word' id='word_1_197' title='bbox 216 2102 360 2163; x_wconf 85' lang='lat' dir='ltr'>ellectum.</span> <span class='ocrx_word' id='word_1_198' title='bbox 374 2126 426 2183; x_wconf 82' lang='lat' dir='ltr'>sua</span> <span class='ocrx_word' id='word_1_199' title='bbox 445 2117 542 2165; x_wconf 89' lang='lat' dir='ltr'>morte</span> <span class='ocrx_word' id='word_1_200' title='bbox 562 2104 736 2185; x_wconf 83' lang='lat' dir='ltr'>obsignarit.</span> 
     </span>
     <span class='ocr_line' id='line_1_26' title="bbox 96 2178 1048 2260; baseline -0.005 -17"><span class='ocrx_word' id='word_1_201' title='bbox 96 2229 140 2249; x_wconf 90' lang='grc'>,,.</span> <span class='ocrx_word' id='word_1_202' title='bbox 164 2184 213 2245; x_wconf 79' lang='lat'>17.</span> <span class='ocrx_word' id='word_1_203' title='bbox 251 2178 360 2238; x_wconf 83' lang='lat' dir='ltr'>Paulo·</span> <span class='ocrx_word' id='word_1_204' title='bbox 389 2179 433 2240; x_wconf 86' lang='lat' dir='ltr'>lus</span> <span class='ocrx_word' id='word_1_205' title='bbox 452 2180 629 2241; x_wconf 79' lang='lat' dir='ltr'>difficultatis</span> <span class='ocrx_word' id='word_1_206' title='bbox 650 2181 748 2253; x_wconf 75' lang='lat' dir='ltr'>habet,</span> <span class='ocrx_word' id='word_1_207' title='bbox 763 2199 843 2260; x_wconf 67' lang='lat' dir='ltr'>¹(puae</span> <span class='ocrx_word' id='word_1_208' title='bbox 862 2192 983 2239; x_wconf 87' lang='lat' dir='ltr'>notatur</span> <span class='ocrx_word' id='word_1_209' title='bbox 1002 2200 1019 2239; x_wconf 86' lang='lat' dir='ltr'>a</span> <span class='ocrx_word' id='word_1_210' title='bbox 1038 2178 1048 2238; x_wconf 90' lang='lat' dir='ltr'>l</span> 
     </span>
     <span class='ocr_line' id='line_1_27' title="bbox 88 2203 1034 2337; baseline -0.003 -18"><span class='ocrx_word' id='word_1_211' title='bbox 88 2254 176 2337; x_wconf 83' lang='lat' dir='ltr'>(Col.</span> <span class='ocrx_word' id='word_1_212' title='bbox 195 2264 227 2329; x_wconf 79' lang='lat'>2,</span> <span class='ocrx_word' id='word_1_213' title='bbox 245 2256 323 2333; x_wconf 61' lang='lat' dir='ltr'>tibba</span> <span class='ocrx_word' id='word_1_214' title='bbox 343 2203 403 2330; x_wconf 70' lang='lat' dir='ltr'>„dt</span> <span class='ocrx_word' id='word_1_215' title='bbox 422 2276 474 2317; x_wconf 88' lang='lat' dir='ltr'>vos</span> <span class='ocrx_word' id='word_1_216' title='bbox 493 2278 584 2336; x_wconf 84' lang='lat' dir='ltr'>quum</span> <span class='ocrx_word' id='word_1_217' title='bbox 604 2258 704 2317; x_wconf 84' lang='lat' dir='ltr'>essetis</span> <span class='ocrx_word' id='word_1_218' title='bbox 723 2257 835 2316; x_wconf 90' lang='lat' dir='ltr'>mortui</span> <span class='ocrx_word' id='word_1_219' title='bbox 853 2276 907 2336; x_wconf 90' lang='lat' dir='ltr'>per</span> <span class='ocrx_word' id='word_1_220' title='bbox 927 2256 1034 2316; x_wconf 89' lang='lat' dir='ltr'>delicta</span> 
     </span>
     <span class='ocr_line' id='line_1_28' title="bbox 86 2332 1048 2407; baseline 0.002 -16"><span class='ocrx_word' id='word_1_221' title='bbox 86 2332 181 2407; x_wconf 82' lang='lat' dir='ltr'>„tium</span> <span class='ocrx_word' id='word_1_222' title='bbox 202 2332 300 2399; x_wconf 82' lang='lat' dir='ltr'>carnis</span> <span class='ocrx_word' id='word_1_223' title='bbox 316 2344 446 2407; x_wconf 77' lang='lat' dir='ltr'>uestrae,</span> <span class='ocrx_word' id='word_1_224' title='bbox 476 2333 688 2399; x_wconf 82' lang='lat' dir='ltr'>convivificavit</span> <span class='ocrx_word' id='word_1_225' title='bbox 706 2356 772 2393; x_wconf 90' lang='lat' dir='ltr'>cum</span> <span class='ocrx_word' id='word_1_226' title='bbox 793 2332 856 2407; x_wconf 83' lang='lat' dir='ltr'>illo,</span> <span class='ocrx_word' id='word_1_227' title='bbox 888 2332 1003 2393; x_wconf 89' lang='lat' dir='ltr'>donans</span> <span class='ocrx_word' id='word_1_228' title='bbox 1020 2354 1048 2393; x_wconf 83' lang='lat' dir='ltr'>vt</span> 
     </span>
     <span class='ocr_line' id='line_1_29' title="bbox 84 2407 1046 2491; baseline 0.001 -25"><span class='ocrx_word' id='word_1_229' title='bbox 84 2407 230 2485; x_wconf 51' lang='lat' dir='ltr'>„delietm</span> <span class='ocrx_word' id='word_1_230' title='bbox 255 2408 356 2469; x_wconf 89' lang='lat' dir='ltr'>delens</span> <span class='ocrx_word' id='word_1_231' title='bbox 379 2409 614 2489; x_wconf 80' lang='lat' dir='ltr'>qnod&#39;adrersus</span> <span class='ocrx_word' id='word_1_232' title='bbox 635 2428 688 2470; x_wconf 84' lang='lat' dir='ltr'>nos</span> <span class='ocrx_word' id='word_1_233' title='bbox 709 2423 772 2469; x_wconf 89' lang='lat' dir='ltr'>erat</span> <span class='ocrx_word' id='word_1_234' title='bbox 790 2409 1016 2491; x_wconf 77' lang='lat' dir='ltr'>chirographum</span> <span class='ocrx_word' id='word_1_235' title='bbox 1037 2410 1046 2467; x_wconf 89' lang='lat' dir='ltr'>i</span> 
     </span>
     <span class='ocr_line' id='line_1_30' title="bbox 85 2484 1048 2567; baseline 0.001 -23"><span class='ocrx_word' id='word_1_236' title='bbox 85 2485 275 2565; x_wconf 82' lang='lat' dir='ltr'>„quoderat</span> <span class='ocrx_word' id='word_1_237' title='bbox 299 2484 387 2546; x_wconf 86' lang='lat' dir='ltr'>uobis</span> <span class='ocrx_word' id='word_1_238' title='bbox 413 2490 608 2555; x_wconf 82' lang='lat' dir='ltr'>contrarium:</span> <span class='ocrx_word' id='word_1_239' title='bbox 639 2498 670 2546; x_wconf 90' lang='lat' dir='ltr'>et</span> <span class='ocrx_word' id='word_1_240' title='bbox 694 2488 790 2567; x_wconf 79' lang='lat' dir='ltr'>ipsum</span> <span class='ocrx_word' id='word_1_241' title='bbox 813 2486 880 2546; x_wconf 90' lang='lat' dir='ltr'>tulit</span> <span class='ocrx_word' id='word_1_242' title='bbox 912 2485 1048 2545; x_wconf 87' lang='lat' dir='ltr'>emedio</span> 
     </span>
     <span class='ocr_line' id='line_1_31' title="bbox 128 2561 1048 2645; baseline 0 -24"><span class='ocrx_word' id='word_1_243' title='bbox 128 2561 222 2639; x_wconf 86' lang='lat' dir='ltr'>ruci,“</span> <span class='ocrx_word' id='word_1_244' title='bbox 243 2573 299 2622; x_wconf 89' lang='lat' dir='ltr'>etc.</span> <span class='ocrx_word' id='word_1_245' title='bbox 323 2562 450 2623; x_wconf 84' lang='lat' dir='ltr'>Videtur</span> <span class='ocrx_word' id='word_1_246' title='bbox 469 2565 545 2625; x_wconf 89' lang='lat' dir='ltr'>enim</span> <span class='ocrx_word' id='word_1_247' title='bbox 566 2564 653 2645; x_wconf 81' lang='lat' dir='ltr'>Legis</span> <span class='ocrx_word' id='word_1_248' title='bbox 671 2562 865 2624; x_wconf 86' lang='lat' dir='ltr'>abolitionem</span> <span class='ocrx_word' id='word_1_249' title='bbox 885 2561 1048 2641; x_wconf 79' lang='lat' dir='ltr'>aliquantus</span> 
     </span>
     <span class='ocr_line' id='line_1_32' title="bbox 99 2638 1048 2786; baseline -0.004 -87"><span class='ocrx_word' id='word_1_250' title='bbox 99 2651 190 2711; x_wconf 78' lang='lat' dir='ltr'>atam,</span> <span class='ocrx_word' id='word_1_251' title='bbox 209 2649 240 2701; x_wconf 88' lang='lat' dir='ltr'>ut</span> <span class='ocrx_word' id='word_1_252' title='bbox 253 2638 326 2703; x_wconf 89' lang='lat' dir='ltr'>nihil</span> <span class='ocrx_word' id='word_1_253' title='bbox 339 2638 397 2699; x_wconf 86' lang='lat' dir='ltr'>iam</span> <span class='ocrx_word' id='word_1_254' title='bbox 407 2640 493 2786; x_wconf 69' lang='lat' dir='ltr'>napis</span> <span class='ocrx_word' id='word_1_255' title='bbox 509 2643 620 2709; x_wconf 83' lang='lat' dir='ltr'>sitcom</span> <span class='ocrx_word' id='word_1_256' title='bbox 633 2641 709 2701; x_wconf 86' lang='lat' dir='ltr'>illius</span> <span class='ocrx_word' id='word_1_257' title='bbox 729 2640 861 2701; x_wconf 86' lang='lat' dir='ltr'>decretis.</span> <span class='ocrx_word' id='word_1_258' title='bbox 881 2640 990 2698; x_wconf 79' lang='lat' dir='ltr'>Errant</span> <span class='ocrx_word' id='word_1_259' title='bbox 1002 2640 1048 2698; x_wconf 89' lang='lat' dir='ltr'>eni</span> 
     </span>
     <span class='ocr_line' id='line_1_33' title="bbox 86 2714 1048 2797; baseline -0.002 -22"><span class='ocrx_word' id='word_1_260' title='bbox 86 2714 205 2797; x_wconf 87' lang='lat' dir='ltr'>pliciter</span> <span class='ocrx_word' id='word_1_261' title='bbox 225 2714 261 2775; x_wconf 93' lang='lat' dir='ltr'>de</span> <span class='ocrx_word' id='word_1_262' title='bbox 281 2714 348 2797; x_wconf 84' lang='lat' dir='ltr'>lege</span> <span class='ocrx_word' id='word_1_263' title='bbox 362 2719 472 2787; x_wconf 72' lang='lat' dir='ltr'>¹lauteri</span> <span class='ocrx_word' id='word_1_264' title='bbox 491 2717 655 2796; x_wconf 84' lang='lat' dir='ltr'>accipiunt,</span> <span class='ocrx_word' id='word_1_265' title='bbox 686 2716 767 2775; x_wconf 83' lang='lat' dir='ltr'>cuius</span> <span class='ocrx_word' id='word_1_266' title='bbox 786 2728 884 2775; x_wconf 89' lang='lat' dir='ltr'>tamen</span> <span class='ocrx_word' id='word_1_267' title='bbox 904 2716 1048 2775; x_wconf 82' lang='lat' dir='ltr'>inexorabi</span> 
     </span>
     <span class='ocr_line' id='line_1_34' title="bbox 86 2789 1048 2871; baseline -0.002 -18"><span class='ocrx_word' id='word_1_268' title='bbox 86 2789 284 2867; x_wconf 67' lang='lat' dir='ltr'>seueritatem,</span> <span class='ocrx_word' id='word_1_269' title='bbox 326 2814 391 2859; x_wconf 86' lang='lat' dir='ltr'>narn</span> <span class='ocrx_word' id='word_1_270' title='bbox 411 2794 575 2861; x_wconf 80' lang='lat' dir='ltr'>doctrinam</span> <span class='ocrx_word' id='word_1_271' title='bbox 595 2794 734 2853; x_wconf 87' lang='lat' dir='ltr'>abolitam</span> <span class='ocrx_word' id='word_1_272' title='bbox 754 2794 995 2871; x_wconf 77' lang='lat' dir='ltr'>interpretantur.</span> <span class='ocrx_word' id='word_1_273' title='bbox 1036 2796 1048 2851; x_wconf 81' lang='lat' dir='ltr'>l</span> 
     </span>
     <span class='ocr_line' id='line_1_35' title="bbox 87 2867 1045 2951; baseline -0.003 -22"><span class='ocrx_word' id='word_1_274' title='bbox 87 2867 305 2950; x_wconf 81' lang='lat' dir='ltr'>pensiculantes</span> <span class='ocrx_word' id='word_1_275' title='bbox 334 2870 406 2931; x_wconf 79' lang='lat' dir='ltr'>’auli</span> <span class='ocrx_word' id='word_1_276' title='bbox 424 2870 523 2946; x_wconf 80' lang='lat' dir='ltr'>uerba,</span> <span class='ocrx_word' id='word_1_277' title='bbox 542 2871 723 2950; x_wconf 87' lang='lat' dir='ltr'>perspiciunt</span> <span class='ocrx_word' id='word_1_278' title='bbox 742 2869 773 2928; x_wconf 92' lang='lat' dir='ltr'>in</span> <span class='ocrx_word' id='word_1_279' title='bbox 794 2870 889 2951; x_wconf 89' lang='lat' dir='ltr'>legem</span> <span class='ocrx_word' id='word_1_280' title='bbox 907 2888 1045 2929; x_wconf 88' lang='lat' dir='ltr'>ceremon</span> 
     </span>
     <span class='ocr_line' id='line_1_36' title="bbox 88 2945 1048 3085; baseline -0.002 -80"><span class='ocrx_word' id='word_1_281' title='bbox 88 2946 359 3085; x_wconf 56' lang='lat' dir='ltr'>P‘ffimp‘iirm</span> <span class='ocrx_word' id='word_1_282' title='bbox 383 2958 416 3041; x_wconf 74' lang='lat' dir='ltr'>et</span> <span class='ocrx_word' id='word_1_283' title='bbox 434 2948 743 3083; x_wconf 57' lang='lat' dir='ltr'>⁰⁵i⁸⁰d⁰⁰i’1id1,”⁰·⁰</span> <span class='ocrx_word' id='word_1_284' title='bbox 764 2947 853 3007; x_wconf 86' lang='lat' dir='ltr'>semel</span> <span class='ocrx_word' id='word_1_285' title='bbox 878 2946 955 3035; x_wconf 78' lang='lat' dir='ltr'>apud</span> <span class='ocrx_word' id='word_1_286' title='bbox 976 2945 1048 3079; x_wconf 63' lang='lat' dir='ltr'>ll&#39;ard</span> 
     </span>
     <span class='ocr_line' id='line_1_37' title="bbox 86 3026 1048 3187; baseline -0.008 -24"><span class='ocrx_word' id='word_1_287' title='bbox 86 3026 588 3180; x_wconf 58' lang='lat' dir='ltr'>to.32¹¹,¹1¹1pa⁰⁰ttfp„l:ta:‚</span> <span class='ocrx_word' id='word_1_288' title='bbox 608 3045 665 3181; x_wconf 65' lang='lat' dir='ltr'>qt</span> <span class='ocrx_word' id='word_1_289' title='bbox 678 3035 1048 3187; x_wconf 59' lang='lat' dir='ltr'>sitituttttttthft:</span> 
     </span>
     <span class='ocr_line' id='line_1_38' title="bbox 85 3174 1048 3253; baseline -0.005 -16"><span class='ocrx_word' id='word_1_290' title='bbox 85 3175 242 3253; x_wconf 82' lang='lat' dir='ltr'>„datorum</span> <span class='ocrx_word' id='word_1_291' title='bbox 263 3176 292 3235; x_wconf 92' lang='lat' dir='ltr'>in</span> <span class='ocrx_word' id='word_1_292' title='bbox 313 3174 437 3239; x_wconf 84' lang='lat' dir='ltr'>decretis</span> <span class='ocrx_word' id='word_1_293' title='bbox 455 3177 538 3245; x_wconf 86' lang='lat' dir='ltr'>sitam</span> <span class='ocrx_word' id='word_1_294' title='bbox 560 3196 716 3249; x_wconf 80' lang='lat' dir='ltr'>evacuans,</span> <span class='ocrx_word' id='word_1_295' title='bbox 736 3188 768 3234; x_wconf 93' lang='lat' dir='ltr'>nt</span> <span class='ocrx_word' id='word_1_296' title='bbox 787 3175 862 3235; x_wconf 84' lang='lat' dir='ltr'>dnos</span> <span class='ocrx_word' id='word_1_297' title='bbox 881 3176 1024 3234; x_wconf 81' lang='lat' dir='ltr'>coudecet</span> <span class='ocrx_word' id='word_1_298' title='bbox 1044 3198 1048 3232; x_wconf 82' lang='lat' dir='ltr'>t</span> 
     </span>
     <span class='ocr_line' id='line_1_39' title="bbox 97 3250 1048 3336; baseline -0.002 -26"><span class='ocrx_word' id='word_1_299' title='bbox 97 3252 139 3327; x_wconf 76' lang='lat' dir='ltr'>‚in</span> <span class='ocrx_word' id='word_1_300' title='bbox 160 3272 249 3311; x_wconf 90' lang='lat' dir='ltr'>unum</span> <span class='ocrx_word' id='word_1_301' title='bbox 270 3270 378 3313; x_wconf 89' lang='lat' dir='ltr'>novum</span> <span class='ocrx_word' id='word_1_302' title='bbox 398 3252 580 3313; x_wconf 80' lang='lat' dir='ltr'>hominem.“</span> <span class='ocrx_word' id='word_1_303' title='bbox 619 3253 666 3311; x_wconf 88' lang='lat' dir='ltr'>Dc</span> <span class='ocrx_word' id='word_1_304' title='bbox 687 3252 860 3311; x_wconf 81' lang='lat' dir='ltr'>ceremoniis</span> <span class='ocrx_word' id='word_1_305' title='bbox 876 3250 964 3311; x_wconf 92' lang='lat' dir='ltr'>illica</span> <span class='ocrx_word' id='word_1_306' title='bbox 989 3251 1008 3323; x_wconf 80' lang='lat' dir='ltr'>i,</span> <span class='ocrx_word' id='word_1_307' title='bbox 1028 3272 1048 3336; x_wconf 90' lang='lat'>¹¹.</span> 
     </span>
     <span class='ocr_line' id='line_1_40' title="bbox 85 3270 1049 3479; baseline 0 -16"><span class='ocrx_word' id='word_1_308' title='bbox 85 3270 1049 3479; x_wconf 35' lang='lat' dir='ltr'>tac=sistuanuslacerareranzuh2</span> 
     </span>
     <span class='ocr_line' id='line_1_41' title="bbox 86 3426 1043 3563; baseline -0.002 -22"><span class='ocrx_word' id='word_1_309' title='bbox 86 3462 145 3561; x_wconf 68' lang='lat' dir='ltr'>gne</span> <span class='ocrx_word' id='word_1_310' title='bbox 165 3426 297 3541; x_wconf 77' lang='lat' dir='ltr'>noridum</span> <span class='ocrx_word' id='word_1_311' title='bbox 317 3480 394 3545; x_wconf 85' lang='lat' dir='ltr'>bene</span> <span class='ocrx_word' id='word_1_312' title='bbox 415 3444 551 3563; x_wconf 81' lang='lat' dir='ltr'>explicari</span> <span class='ocrx_word' id='word_1_313' title='bbox 570 3502 653 3543; x_wconf 85' lang='lat' dir='ltr'>mens</span> <span class='ocrx_word' id='word_1_314' title='bbox 670 3428 810 3560; x_wconf 72' lang='lat' dir='ltr'>lhpoatoli</span> <span class='ocrx_word' id='word_1_315' title='bbox 829 3482 900 3540; x_wconf 90' lang='lat' dir='ltr'>mihi</span> <span class='ocrx_word' id='word_1_316' title='bbox 919 3450 1043 3541; x_wconf 81' lang='lat' dir='ltr'>ridetur.</span> 
     </span>
     <span class='ocr_line' id='line_1_42' title="bbox 84 3556 1046 3639; baseline 0.003 -24"><span class='ocrx_word' id='word_1_317' title='bbox 84 3557 133 3619; x_wconf 88' lang='lat' dir='ltr'>ios</span> <span class='ocrx_word' id='word_1_318' title='bbox 153 3557 227 3617; x_wconf 88' lang='lat' dir='ltr'>duos</span> <span class='ocrx_word' id='word_1_319' title='bbox 247 3556 330 3617; x_wconf 86' lang='lat' dir='ltr'>locos</span> <span class='ocrx_word' id='word_1_320' title='bbox 355 3559 440 3619; x_wconf 90' lang='lat' dir='ltr'>simul</span> <span class='ocrx_word' id='word_1_321' title='bbox 472 3580 526 3639; x_wconf 89' lang='lat' dir='ltr'>per</span> <span class='ocrx_word' id='word_1_322' title='bbox 550 3558 649 3619; x_wconf 88' lang='lat' dir='ltr'>omnia</span> <span class='ocrx_word' id='word_1_323' title='bbox 673 3579 739 3617; x_wconf 81' lang='lat' dir='ltr'>coni</span> <span class='ocrx_word' id='word_1_324' title='bbox 762 3557 852 3630; x_wconf 85' lang='lat' dir='ltr'>arari,</span> <span class='ocrx_word' id='word_1_325' title='bbox 883 3557 964 3617; x_wconf 92' lang='lat' dir='ltr'>nullo</span> <span class='ocrx_word' id='word_1_326' title='bbox 997 3578 1046 3618; x_wconf 89' lang='lat' dir='ltr'>mo</span> 
     </span>
     <span class='ocr_line' id='line_1_43' title="bbox 84 3579 1048 3715; baseline -0.001 -22"><span class='ocrx_word' id='word_1_327' title='bbox 84 3633 229 3715; x_wconf 82' lang='lat' dir='ltr'>Ephesios</span> <span class='ocrx_word' id='word_1_328' title='bbox 271 3654 339 3693; x_wconf 91' lang='lat' dir='ltr'>uum</span> <span class='ocrx_word' id='word_1_329' title='bbox 359 3634 466 3695; x_wconf 89' lang='lat' dir='ltr'>desua</span> <span class='ocrx_word' id='word_1_330' title='bbox 486 3636 517 3695; x_wconf 91' lang='lat' dir='ltr'>in</span> <span class='ocrx_word' id='word_1_331' title='bbox 544 3637 717 3696; x_wconf 88' lang='lat' dir='ltr'>societatem</span> <span class='ocrx_word' id='word_1_332' title='bbox 738 3579 855 3695; x_wconf 72' lang='lat' dir='ltr'>israelis</span> <span class='ocrx_word' id='word_1_333' title='bbox 870 3636 1048 3713; x_wconf 82' lang='lat' dir='ltr'>cooptation</span> 
     </span>
     <span class='ocr_line' id='line_1_44' title="bbox 85 3655 1048 3800; baseline -0.007 -29"><span class='ocrx_word' id='word_1_334' title='bbox 85 3711 185 3773; x_wconf 85' lang='lat' dir='ltr'>facere</span> <span class='ocrx_word' id='word_1_335' title='bbox 203 3655 304 3787; x_wconf 79' lang='lat' dir='ltr'>veliet,</span> <span class='ocrx_word' id='word_1_336' title='bbox 323 3710 577 3790; x_wconf 85' lang='lat' dir='ltr'>impedimentum,</span> <span class='ocrx_word' id='word_1_337' title='bbox 596 3734 656 3790; x_wconf 92' lang='lat' dir='ltr'>quo</span> <span class='ocrx_word' id='word_1_338' title='bbox 672 3710 848 3800; x_wconf 76' lang='lat' dir='ltr'>arcebantur</span> <span class='ocrx_word' id='word_1_339' title='bbox 860 3710 942 3783; x_wconf 85' lang='lat' dir='ltr'>olim,</span> <span class='ocrx_word' id='word_1_340' title='bbox 960 3710 1048 3771; x_wconf 77' lang='lat' dir='ltr'>sublat</span> 
     </span>
     <span class='ocr_line' id='line_1_45' title="bbox 84 3786 1048 3855; baseline -0.007 -6"><span class='ocrx_word' id='word_1_341' title='bbox 84 3786 158 3855; x_wconf 86' lang='lat' dir='ltr'>illud</span> <span class='ocrx_word' id='word_1_342' title='bbox 179 3798 243 3848; x_wconf 90' lang='lat' dir='ltr'>erat</span> <span class='ocrx_word' id='word_1_343' title='bbox 261 3787 290 3846; x_wconf 89' lang='lat' dir='ltr'>in</span> <span class='ocrx_word' id='word_1_344' title='bbox 311 3789 495 3849; x_wconf 86' lang='lat' dir='ltr'>ceremoniis.</span> <span class='ocrx_word' id='word_1_345' title='bbox 542 3788 627 3847; x_wconf 85' lang='lat' dir='ltr'>Ritus</span> <span class='ocrx_word' id='word_1_346' title='bbox 648 3807 726 3847; x_wconf 90' lang='lat' dir='ltr'>cmm</span> <span class='ocrx_word' id='word_1_347' title='bbox 746 3787 931 3847; x_wconf 88' lang='lat' dir='ltr'>ablutionum</span> <span class='ocrx_word' id='word_1_348' title='bbox 957 3798 986 3846; x_wconf 93' lang='lat' dir='ltr'>et</span> <span class='ocrx_word' id='word_1_349' title='bbox 1013 3807 1048 3845; x_wconf 69' lang='lat' dir='ltr'>sa&lt;</span> 
     </span>
     <span class='ocr_line' id='line_1_46' title="bbox 107 3861 1048 3936; baseline -0.003 -12"><span class='ocrx_word' id='word_1_350' title='bbox 107 3864 193 3925; x_wconf 87' lang='lat' dir='ltr'>uibus</span> <span class='ocrx_word' id='word_1_351' title='bbox 212 3861 313 3923; x_wconf 86' lang='lat' dir='ltr'>Iudaei</span> <span class='ocrx_word' id='word_1_352' title='bbox 323 3862 456 3925; x_wconf 87' lang='lat' dir='ltr'>Domino</span> <span class='ocrx_word' id='word_1_353' title='bbox 476 3864 735 3936; x_wconf 84' lang='lat' dir='ltr'>consecrabantur,</span> <span class='ocrx_word' id='word_1_354' title='bbox 756 3884 808 3927; x_wconf 89' lang='lat' dir='ltr'>eos</span> <span class='ocrx_word' id='word_1_355' title='bbox 827 3862 1004 3923; x_wconf 86' lang='lat' dir='ltr'>aGentibus</span> <span class='ocrx_word' id='word_1_356' title='bbox 1021 3882 1048 3922; x_wconf 86' lang='lat' dir='ltr'>se</span> 
     </span>
     <span class='ocr_line' id='line_1_47' title="bbox 115 3938 1048 4031; baseline -0.004 -30"><span class='ocrx_word' id='word_1_357' title='bbox 115 3953 127 4001; x_wconf 89' lang='lat' dir='ltr'>t</span> <span class='ocrx_word' id='word_1_358' title='bbox 144 3942 177 4000; x_wconf 92' lang='lat' dir='ltr'>in</span> <span class='ocrx_word' id='word_1_359' title='bbox 196 3940 322 4019; x_wconf 90' lang='lat' dir='ltr'>epistola</span> <span class='ocrx_word' id='word_1_360' title='bbox 341 3941 378 4000; x_wconf 89' lang='lat' dir='ltr'>ad</span> <span class='ocrx_word' id='word_1_361' title='bbox 400 3939 591 4003; x_wconf 74' lang='lat' dir='ltr'>colossenses</span> <span class='ocrx_word' id='word_1_362' title='bbox 612 3938 1048 4031; x_wconf 81' lang='lat' dir='ltr'>sublimiusmysteriumatting</span> 
     </span>
     <span class='ocr_line' id='line_1_48' title="bbox 85 4016 1048 4097; baseline -0.005 -19"><span class='ocrx_word' id='word_1_363' title='bbox 85 4016 201 4089; x_wconf 78' lang='lat' dir='ltr'>rideat?</span> <span class='ocrx_word' id='word_1_364' title='bbox 221 4016 380 4081; x_wconf 88' lang='lat' dir='ltr'>Certamen</span> <span class='ocrx_word' id='word_1_365' title='bbox 400 4028 445 4077; x_wconf 80' lang='lat' dir='ltr'>est</span> <span class='ocrx_word' id='word_1_366' title='bbox 463 4017 581 4097; x_wconf 89' lang='lat' dir='ltr'>quidem</span> <span class='ocrx_word' id='word_1_367' title='bbox 601 4016 660 4077; x_wconf 91' lang='lat' dir='ltr'>illic</span> <span class='ocrx_word' id='word_1_368' title='bbox 680 4016 717 4075; x_wconf 89' lang='lat' dir='ltr'>de</span> <span class='ocrx_word' id='word_1_369' title='bbox 737 4018 872 4076; x_wconf 86' lang='lat' dir='ltr'>hlosaicis</span> <span class='ocrx_word' id='word_1_370' title='bbox 893 4016 1048 4081; x_wconf 75' lang='lat' dir='ltr'>observant</span> 
     </span>
     <span class='ocr_line' id='line_1_49' title="bbox 31 4092 1048 4249; baseline -0.006 -16"><span class='ocrx_word' id='word_1_371' title='bbox 31 4128 35 4135; x_wconf 80' lang='grc'><strong>’</strong></span> <span class='ocrx_word' id='word_1_372' title='bbox 85 4092 454 4249; x_wconf 62' lang='lat' dir='ltr'>tlttattlllttstth</span> <span class='ocrx_word' id='word_1_373' title='bbox 472 4094 672 4231; x_wconf 53' lang='lat' dir='ltr'>&amp;tillet</span> <span class='ocrx_word' id='word_1_374' title='bbox 684 4092 1048 4231; x_wconf 57' lang='lat' dir='ltr'>atttltntletta</span> 
     </span>
     <span class='ocr_line' id='line_1_50' title="bbox 84 4195 1026 4328; baseline -0.005 -21"><span class='ocrx_word' id='word_1_375' title='bbox 84 4246 143 4309; x_wconf 80' lang='lat' dir='ltr'>tius</span> <span class='ocrx_word' id='word_1_376' title='bbox 167 4246 265 4321; x_wconf 88' lang='lat' dir='ltr'>ducit,</span> <span class='ocrx_word' id='word_1_377' title='bbox 296 4258 328 4308; x_wconf 92' lang='lat' dir='ltr'>et</span> <span class='ocrx_word' id='word_1_378' title='bbox 351 4195 571 4328; x_wconf 70' lang='lat' dir='ltr'>quodammpodo</span> <span class='ocrx_word' id='word_1_379' title='bbox 597 4248 633 4309; x_wconf 88' lang='lat' dir='ltr'>ad</span> <span class='ocrx_word' id='word_1_380' title='bbox 655 4246 774 4307; x_wconf 82' lang='lat' dir='ltr'>sontem.</span> <span class='ocrx_word' id='word_1_381' title='bbox 789 4268 872 4306; x_wconf 89' lang='lat' dir='ltr'>suurn</span> <span class='ocrx_word' id='word_1_382' title='bbox 893 4256 1026 4304; x_wconf 78' lang='lat' dir='ltr'>revocat:</span> 
     </span>
     <span class='ocr_line' id='line_1_51' title="bbox 83 4322 1048 4401; baseline -0.007 -16"><span class='ocrx_word' id='word_1_383' title='bbox 83 4322 163 4391; x_wconf 86' lang='lat' dir='ltr'>loeo.</span> <span class='ocrx_word' id='word_1_384' title='bbox 199 4322 276 4385; x_wconf 85' lang='lat' dir='ltr'>Nam</span> <span class='ocrx_word' id='word_1_385' title='bbox 296 4326 321 4391; x_wconf 81' lang='lat' dir='ltr'>ai</span> <span class='ocrx_word' id='word_1_386' title='bbox 339 4325 370 4387; x_wconf 91' lang='lat' dir='ltr'>in</span> <span class='ocrx_word' id='word_1_387' title='bbox 390 4322 495 4388; x_wconf 78' lang='lat' dir='ltr'>ritibus</span> <span class='ocrx_word' id='word_1_388' title='bbox 515 4325 590 4387; x_wconf 88' lang='lat' dir='ltr'>nibil</span> <span class='ocrx_word' id='word_1_389' title='bbox 615 4323 692 4389; x_wconf 90' lang='lat' dir='ltr'>aliud</span> <span class='ocrx_word' id='word_1_390' title='bbox 725 4324 893 4387; x_wconf 84' lang='lat' dir='ltr'>consideras</span> <span class='ocrx_word' id='word_1_391' title='bbox 924 4340 1011 4401; x_wconf 87' lang='lat' dir='ltr'>quam</span> <span class='ocrx_word' id='word_1_392' title='bbox 1043 4344 1048 4378; x_wconf 81' lang='lat' dir='ltr'>t</span> 
     </span>
    </p>
   </div>
   <div class='ocr_carea' id='block_1_3' title="bbox 0 0 1354 4732">
    <p class='ocr_par' dir='ltr' id='par_1_3' title="bbox 0 0 1354 4732">
     <span class='ocr_line' id='line_1_52' title="bbox 0 0 1354 4732; baseline 0 0"><span class='ocrx_word' id='word_1_393' title='bbox 0 0 1354 4732; x_wconf 95' lang='lat' dir='ltr'> </span> 
     </span>
    </p>
   </div>
  </div>
 </body>
</html>
