2700 4732
103 218 166 289 sm
480 206 557 271 tm.
575 208 645 272 tv:
670 208 762 273 css.
779 208 878 307 xm.-

103 354 274 424 ltabuerint.
312 354 470 417 Postremo
490 354 553 416 eius
570 352 699 418 adventu
718 356 886 438 oportuisse
903 352 1062 440 abrogari,
1079 358 1148 418 uon
1163 372 1249 445 seem

79 445 84 465 ⁸
106 449 196 518 atque
216 431 319 494 umbra
343 433 375 493 in
393 431 550 514 perspicua
573 432 643 494 solis
662 432 907 526 luceeranescit.
955 432 1017 507 Sed
1037 430 1109 526 quia
1127 430 1249 517 longio-

29 602 37 634 1
104 510 296 682 tritt:
317 509 385 648 t:-
399 509 988 665 ‘assessusasserite:
1020 508 1150 668 :les
1167 527 1248 648 rt:

106 678 180 729 attin
204 684 233 725 o.

60 806 70 822 ἱ
179 685 232 807 be.
272 738 365 800 Forte
384 736 506 800 miseros
524 737 596 799 istos
614 736 758 819 sophistas
779 740 962 820 deceperunt
972 738 1143 802 ¹immodica
1161 739 1246 801 etn'n

106 819 158 885 illa
177 818 436 879 sacramentorum
456 816 607 890 encomia,
633 834 708 895 quae
735 816 772 876 de
796 817 886 899 signis
905 817 1013 879 nostris
1033 816 1115 897 apud
1134 827 1246 877 veteres

105 896 254 979 leguntur.
294 892 392 967 Quale
412 901 456 950 est
474 889 545 950 illud
564 891 761 974 Augustini
781 895 931 973 (prooem.
942 893 976 953 iu
995 892 1043 953 Ps.
1056 893 1134 970 72),
1155 890 1244 969 Quod

107 971 235 1053 „veteris
254 968 342 1051 Legis
362 968 550 1028 Sacramenta
561 967 742 1030 Salvatorem
763 981 875 1030 tantum
896 968 1127 1063 promittebant:
1149 981 1246 1029 nostra

106 1069 179 1112 vero
200 1048 271 1107 daut
295 1045 451 1105 saturent·
499 1044 559 1105 ilas
590 1055 621 1105 et
649 1044 756 1107 similes
787 1040 905 1108 dicendi
935 1045 954 1105 b
997 1065 1043 1106 ras
1068 1066 1162 1125 quum
1186 1064 1246 1106 non

106 1123 374 1203 animadverterent
394 1117 597 1201 hyperbolicas
617 1140 690 1196 esse,
711 1134 742 1182 et
761 1121 817 1203 ipsi
835 1121 969 1204 hyperbo
982 1122 1026 1182 ica
1043 1142 1099 1182 sua
1110 1120 1247 1205 dogmata

107 1199 225 1284 promul
249 1207 349 1258 arunt:
381 1197 433 1256 sed
453 1216 573 1276 prorsus
592 1196 690 1258 alieno
711 1218 800 1279 sensu
819 1219 835 1259 a
854 1211 986 1259 veterum
1005 1198 1063 1259 scri
1086 1198 1134 1277 tis.
1177 1199 1247 1258 Non

109 1280 188 1340 enim
213 1218 290 1336 aliud
315 1272 387 1333 illic¹
401 1272 496 1334 voluit
514 1274 697 1362 Augustinus
717 1295 803 1355 quam
824 1274 904 1354 quod
927 1275 1005 1335 idem
1027 1218 1098 1335 alibi
1118 1276 1247 1411 &quaest-

107 1375 172 1434 sup.
191 1352 313 1413 Numer.
332 1370 358 1410 c.
374 1350 439 1425 33.)
463 1349 581 1428 scribut,
607 1351 797 1411 Sacramenta
822 1351 969 1423 Moesicae
991 1350 1067 1434 legis
1093 1350 1122 1413 C
1146 1351 1247 1411 rictum

105 1428 342 1512 praenuntiasse:
362 1438 462 1486 nostra
480 1445 555 1487 vero
575 1427 760 1490 annuntiare.
796 1428 838 1488 Et
855 1438 957 1489 contra
967 1428 1110 1492 Faustum
1122 1427 1190 1508 (lib.
1200 1432 1249 1492 19·

107 1510 219 1578 c.14.,
237 1503 339 1565 Fuisse
357 1500 421 1563 illas
461 1502 648 1567 :amisisses
661 1523 759 1565 rerum
771 1503 1027 1585 complendarum,
1045 1505 1122 1566 baec
1141 1504 1249 1566 indicia

108 1602 196 1661 comp
209 1592 338 1642 starum:
356 1579 415 1639 acsi
430 1522 552 1656 clueret,
570 1578 620 1640 illa
640 1579 778 1662 figurasse
789 1602 878 1661 quum
898 1581 992 1642 adbuc
1012 1592 1246 1662 exspectaretur:

107 1669 208 1720 nostra
220 1655 663 1736 velutpraesentemexbibere,
682 1659 733 1737 'qui
751 1658 809 1717 iam
830 1658 984 1737 praestitus
1004 1669 1057 1718 est
1096 1656 1198 1718 Porro
1211 1657 1248 1718 de

106 1735 200 1797 modo
220 1733 403 1817 significandi
422 1732 565 1812 loquitur,
585 1733 660 1794 sicut
680 1744 711 1793 et
729 1733 799 1810 alibi
818 1734 928 1795 iudicat
941 1737 1037 1812 (cont.
1050 1733 1143 1795 litter.
1156 1734 1245 1795 Petil.

107 1811 160 1872 lib.
179 1816 209 1875 2.
231 1833 255 1873 c.
276 1811 356 1902 fal:
385 1808 468 1884 „ber
489 1808 615 1890 (inquit)
640 1821 670 1869 et
694 1810 861 1901 Prophetae
881 1810 1072 1903 Sampmenu
1096 1810 1249 1873 habebant

107 1885 612 2054 :ztfii'lttttltttt'‚lttltg
630 1888 1248 2044 ttttllttlttttiltttfftltt.

107 2054 169 2103 tem
189 2041 227 2102 de
246 2059 279 2100 re
299 2051 330 2100 et
349 2037 479 2100 efficacia
498 2050 639 2114 senserat,
669 2038 802 2119 pluribus
828 2040 900 2103 locis
925 2039 1064 2121 explicet:
1094 2052 1133 2101 ut
1177 2046 1246 2103 dum

108 2118 180 2181 dicit
198 2118 293 2197 (bour.
313 2117 345 2176 iu
365 2114 470 2176 loano.
488 2115 563 2250 262,
582 2114 772 2176 Sacramenta
792 2116 972 2178 Indaeorum
995 2117 1025 2179 iu
1044 2115 1070 2179 ι’
1092 2117 1140 2178 nis
1173 2122 1246 2191 uisse

107 2194 235 2256 diversa:
254 2195 284 2253 iu·
304 2211 337 2252 re
357 2211 431 2285 quae
450 2191 525 2275 signi
550 2203 643 2266 catur,
663 2194 758 2283 paria,
777 2193 889 2256 diversa
906 2193 1005 2274 specie
1023 2194 1080 2257 risa
1103 2194 1148 2266 ili,
1167 2195 1246 2277 paria

105 2273 218 2337 virtute
236 2269 388 2407 inritualr.
431 2269 507 2329 ltem
527 2268 644 2347 (homil.
663 2290 695 2329 m
714 2270 819 2331 Ioann.
831 2273 909 2347 45·):
935 2270 994 2347 „Iu
1013 2270 1106 2362 siguis
1125 2272 1247 2334 dirersis

12 2406 14 2411 ,
105 2344 232 2426 „cadem
265 2347 328 2405 des:
348 2345 389 2406 sic
409 2345 440 2405 in
459 2344 688 2425 signisdisersis,
707 2347 791 2407 utin
809 2347 1058 2409 verbisdirersrs:
1075 2344 1244 2431 quiarerba

106 2444 218 2505 „sonos
237 2432 352 2515 mutant
370 2442 424 2502 per
442 2433 594 2510 tempora,
615 2435 645 2482 et
665 2424 771 2516 otique
786 2422 859 2484 nibil
878 2423 955 2485 aliud
975 2435 1046 2485 sunt
1059 2424 1257 2507 rerbaqnatu.

106 2501 224 2637 „effi
238 2497 1241 2639 „iibililliwiisilidilillliillnlllim‘s'fs'irlll'

103 2599 177 2732 {ilbi
203 2664 287 2733 petra
307 2650 458 2731 Christus:
489 2650 575 2710 uobis
603 2595 738 2714 Christis
764 2654 843 2733 quod
872 2654 902 2714 in
926 2619 1012 2714 attali
1035 2598 1165 2735 p‘elnitur.
1201 2620 1245 2715 Ei

107 2731 171 2809 „illi
192 2750 254 2823 pro·
267 2747 376 2823 magno
395 2739 578 2789 sacramento
600 2727 740 2791 biberunt
756 2751 870 2822 ,aquam
890 2732 1126 2824 profluenteme
1144 2742 1246 2812 petra:

106 2804 1247 2977 :zlttlllllllttrtttlllflltltsitlll¹{lnttffitlttf‘tllt

107 2960 236 3039 „tualem
257 2959 427 3021 biberunt.“
465 2958 545 3018 Alibi
565 2959 613 3038 (tn'
632 2960 797 3038 Psal.77.),
822 2961 926 3035 „Idem
951 2961 980 3019 in
1001 2963 1144 3043 mysterio
1164 2962 1245 3024 erbut

107 3051 161 3115 „et
181 3049 268 3116 potus
288 3035 405 3096 illorum
427 3036 476 3113 qui
497 3047 611 3095 noster:
631 3036 681 3096 sed
702 3036 918 3118 significatione
939 3037 1027 3111 idem,
1047 3057 1111 3097 non
1132 3039 1244 3120 specie:

107 3113 294 3205 „quiaidem
314 3113 377 3191 ipse
398 3111 532 3197 Christus
556 3111 612 3172 illis
643 3113 781 3250 3¹¹.g⁰²'²
810 3113 967 3194 figuratus,
996 3112 1086 3175 nobis
1104 3114 1138 3176 in
1159 3134 1244 3177 carne

107 3188 350 3270 „maurlestatus“
374 3188 427 3267 (cs.
448 3198 527 3247 cont
552 3187 650 3250 Faust.
674 3189 693 3249 lr
717 3234 725 3248 .
745 3197 791 3255 19.
819 3192 934 3267 c.13.).
985 3189 1167 3272 Quanquam
1193 3191 1245 3251 bre

109 3285 229 3348 quoque
253 3265 284 3324 in
317 3277 399 3345 parte
424 3263 532 3355 aliquid
561 3264 749 3327 differentiae
774 3287 836 3327 esse
862 3267 1060 3327 concedimus.
1112 3269 1262 3349 Utraque-

109 3347 186 3406 enim
212 3355 363 3423 paternam
389 3341 447 3400 Dei
472 3362 503 3400 m
530 3340 649 3403 Christo
676 3343 911 3404 benevolentiam
938 3364 972 3404 ac
997 3344 1127 3424 Spiritus
1152 3343 1242 3407 sancti

146 3421 216 3481 atias
236 3418 322 3478 nobis
344 3416 447 3478 olierri
466 3428 628 3479 testantur:
655 3421 705 3479 sed
727 3431 825 3480 nostra
845 3419 985 3480 illustrius
1005 3442 1038 3481 ac
1059 3420 1243 3482 luculentius.

95 3530 98 3537 ·
125 3520 145 3557 n
166 3496 297 3575 utrisque
308 3494 417 3556 Christi
430 3491 584 3555 exhibitio:
604 3494 655 3555 sed
676 3497 707 3554 in
727 3495 772 3555 bis
791 3497 913 3556 uberior
933 3517 966 3556 ac
987 3497 1115 3578 plenior,
1137 3515 1242 3578 nempe

108 3584 200 3655 prout
220 3573 278 3632 lert
296 3570 385 3658 illud,
412 3571 447 3630 de
467 3590 527 3649 quo
553 3593 640 3652 supra
660 3572 846 3633 disseruimus
867 3574 973 3633 veteris
994 3586 1025 3654 et
1044 3574 1119 3633 novi
1139 3574 1241 3635 Testa·

108 3650 200 3711 menti
221 3649 385 3710 discrimen.
423 3645 521 3726 Atque
540 3647 569 3707 id
590 3661 634 3708 est
653 3648 732 3728 quod
744 3649 838 3708 uoluit
857 3648 934 3710 idem
946 3650 1129 3732 Augustidus
1142 3655 1243 3731 (quem

107 3740 143 3788 ut
162 3726 305 3806 optimum
326 3746 359 3783 ex
377 3735 441 3814 tuta
460 3723 631 3814 antiquitate
651 3737 681 3784 et
696 3725 892 3786 fidelissimum
912 3736 1016 3818 testem
1032 3727 1153 3818 ¹saepius
1174 3728 1243 3790 cita·

107 3805 188 3880 u>
318 3799 418 3913 ‘¹:⁶¹²’
439 3798 1173 3941 tu:stttirsus:etsist:
1191 3825 1244 3960 u·

108 3896 460 4018 llneellbcbmiblisrtilibilll
472 3898 604 4034 claipist.
624 3899 819 4046 adgtaouars).
859 3902 1093 4036 Huiuquuoque
1113 3957 1158 4017 rei
1179 3957 1244 4041 bre·

107 4035 184 4096 viter
203 4031 369 4124 admonitos
390 4050 451 4123 esse
472 4026 599 4092 lectores
624 4032 758 4111 expedit,
783 4032 921 4112 quicquid
942 4033 978 4092 de
1004 4053 1097 4112 opere
1118 4047 1243 4114 operato

108 4107 494 4246 ‘'¹¹3²‘':ltultl‘lli’
506 4129 581 4265 ,¹:32
600 4108 825 4246 :taltlfltt
847 4108 1007 4246 ‘tt‘szfl
1023 4131 1243 4249 Pisili'ioii
1263 4189 1265 4194 >

107 4208 325 4326 :jamnium
344 4273 375 4324 et
397 4225 517 4361 inopis,
547 4258 621 4354 nibil
650 4272 769 4343 praeter
799 4228 1019 4326 dissicit-seni
1045 4283 1082 4325 eo
1108 4263 1244 4327 afferant
