2596 4726
109 170 262 283 m·
481 186 944 277 mmmm*

116 358 267 444 ligandum
300 359 338 421 sit
365 369 414 419 aut
446 357 635 430 solvendum,
665 359 782 435 nescio,
812 357 931 440 quaudo
956 348 1188 435 iustonclariu‘m
1207 379 1261 420 usn

117 456 220 498 careo:
241 436 291 497 sed
311 436 337 496 si
355 435 488 511 mereris,
505 448 537 495 te
557 435 688 497 absolvo.
726 436 771 498 Ac
780 436 954 497 tantundem
972 447 1091 517 posset,
1110 446 1173 496 non
1191 434 1262 497 dico

116 514 207 575 laicus
227 514 242 593 (
264 511 361 572 nando
381 512 411 585 id
431 512 533 592 aequis
552 513 671 573 auribus
691 534 752 574 non
774 514 921 593 ferrent),
939 513 991 573 sed
1011 512 1109 575 Tusca
1128 523 1181 573 ant
1200 511 1263 573 dia·

119 588 216 652 bolus.
243 534 290 649 ld
311 590 389 649 enim
409 601 454 649 cst
479 588 594 663 dicere,
624 589 755 661 Verbum
776 590 835 649 Dei
854 610 915 650 uon
936 589 1050 664 babeo,
1069 601 1181 649 certem
1201 588 1263 651 sol·

116 665 205 731 vendi
224 665 371 749 regulam:
402 665 453 727 sed
474 668 631 726 auctoritas
649 667 722 727 mibi
740 666 805 727 data
826 678 871 727 est
889 678 919 726 te
942 666 1134 743 absolvendi,
1166 665 1192 726 si
1220 666 1262 727 ita

117 754 187 806 suut
205 754 256 803 tua
275 745 388 803 merita.
439 741 581 805 Videmus
605 743 695 826 igitur
719 764 859 823 quorsum
879 745 1050 823 spectarint,
1069 763 1160 822 quum
1181 741 1262 801 diffi-

119 822 240 881 nierunt
257 818 308 893 (cf.
328 830 399 883 sect
419 820 494 896 tn),
514 819 609 879 claves
629 840 692 881 esse
712 821 915 880 anctoritatem
938 818 1124 880 discernendi
1135 830 1166 879 et
1179 838 1261 879 mse·

120 897 272 991 quntionis
286 907 479 976 potestatem:
499 896 649 957 scientiam
659 895 801 957 accedere
811 896 1021 970 consiliarium,
1040 908 1072 956 et
1081 895 1176 957 instar
1187 914 1262 956 con-

116 974 219 1035 siliarii
238 973 275 1033 ad
295 974 406 1033 bouum
426 994 509 1033 usum
531 992 602 1032 esse.
640 974 755 1054 Nempe
774 972 943 1050 libidinose,
961 972 1097 1048 licenter,
1114 971 1260 1033 sineDeo

117 1062 149 1112 et
166 1049 341 1111 verbosius
361 1047 521 1109 voluerunt
539 1069 676 1130 regnare..
1098 1074 1104 1087 ¹

192 1132 240 1190 bl·
279 1124 312 1185 si
333 1126 455 1206 excipiat
474 1126 629 1205 quispiam,
649 1125 796 1209 legitimos
816 1123 928 1187 Christi
947 1123 1096 1186 ministros
1120 1143 1185 1184 uon
1203 1122 1260 1183 mi·

115 1223 170 1263 nus
189 1199 346 1282 perplexos
366 1202 433 1263 lore
452 1203 482 1262 in
502 1224 556 1263 suo
577 1202 695 1278 officio,
715 1203 782 1283 quia
801 1202 963 1277 absolutio,
982 1222 1057 1282 quae
1076 1200 1163 1267 abde
1205 1220 1259 1259 en-

118 1278 185 1354 det,
215 1297 334 1357 semper
356 1278 492 1361 ambigua
514 1280 584 1339 erit:
618 1278 724 1340 deiude
744 1279 856 1340 nullum
877 1276 1082 1360 peccatoribus
1101 1289 1156 1337 aut
1174 1220 1258 1361 digi-

117 1355 187 1417 dum
206 1355 343 1415 solatium
363 1355 445 1431 sore,
465 1357 532 1435 quia
551 1356 685 1416 minister
704 1356 784 1436 ipse,
814 1356 864 1436 qui
883 1356 1007 1415 idoneus
1026 1355 1113 1413 iudex
1130 1373 1195 1414 non
1215 1364 1259 1413 est

115 1450 220 1493 eorum
240 1426 320 1505 fidei,
340 1431 377 1492 de
397 1452 500 1493 eorum
521 1432 708 1493 absolutione
727 1445 824 1493 certus
844 1454 905 1493 non
927 1444 986 1492 est:
1007 1431 1037 1490 in
1051 1441 1194 1510 promptu
1214 1440 1258 1490 est

114 1508 234 1572 solutio.
292 1507 405 1569 Dicunt
425 1508 504 1569 enim
524 1507 583 1583 illi,
614 1530 676 1568 non
696 1510 808 1570 remitti
826 1530 843 1570 a
863 1509 1017 1570 sacerdote
1036 1518 1173 1588 peccata,
1202 1505 1257 1567 nisi

115 1605 243 1677 quorum
262 1583 325 1664 ipse
344 1597 388 1647 est
408 1586 561 1667 cognitor:
593 1586 633 1645 ita
659 1586 819 1646 secuudum
841 1606 891 1646 eos
910 1584 1044 1646 remissio
1065 1604 1099 1644 ex
1118 1582 1256 1645 sacerdo·

112 1674 151 1723 trs
170 1660 280 1739 iudicio
302 1662 426 1743 pendet:
447 1663 498 1743 qui
518 1662 573 1723 nisi
593 1662 755 1742 prudenter
768 1662 926 1736 discernat,
946 1662 1064 1741 quinam
1085 1660 1172 1720 venia
1192 1659 1255 1741 ‹tig-

115 1739 148 1799 ni
167 1739 240 1813 sint,
271 1750 336 1799 tota
361 1738 437 1799 actio
464 1760 541 1799 cassa
567 1749 611 1799 est
635 1758 669 1798 ac
693 1739 783 1799 irritu.
823 1738 962 1817 Denique
981 1748 1123 1816 potestas,
1144 1736 1181 1797 de
1200 1756 1255 1817 qua
1295 1786 1297 1795 .

115 1814 291 1896 loquuntur,
310 1815 472 1876 iurisdictio
493 1827 537 1876 est
557 1815 681 1875 examini
701 1836 821 1889 annexa,
842 1815 877 1875 ad
898 1816 978 1896 quod
999 1811 1189 1905 restringitur
1206 1833 1255 1874 ve·

114 1894 163 1953 nia
183 1904 214 1952 et
232 1891 390 1953 absolutio.
442 1892 477 1951 ln
503 1893 556 1952 bac
576 1905 660 1971 parte
681 1892 755 1952 nibil
774 1892 889 1953 firmum
909 1913 941 1951 re
964 1890 1070 1950 eritur:
1103 1911 1164 1951 rmo
1185 1908 1254 1971 pro·

114 1968 206 2031 lunda
225 1980 270 2029 est
289 1968 421 2049 abyssus:
438 1970 508 2104 quia
527 1968 580 2028 ubi
599 1970 713 2106 integra
733 1990 795 2029 non
816 1981 860 2029 est
874 1912 1032 2042 condissio,
1051 1966 1155 2029 mutila
1168 1966 1254 2027 etiam

114 2057 160 2106 est
189 2065 255 2107 ses
286 2045 405 2105 veniae:
459 2045 545 2105 einde
571 2066 653 2105 sacer
674 2067 708 2107 os
733 2047 796 2125 ipse
820 2066 977 2125 suspensus
996 2045 1119 2107 baereat
1137 2060 1256 2106 necesse

116 2133 171 2198 est,
211 2143 260 2181 um
281 2123 374 2182 nescit
393 2142 432 2181 an
452 2121 532 2182 bona
552 2122 611 2182 fide
631 2134 784 2182 enumeret
801 2134 944 2202 peccator
962 2143 1014 2182 sua
1028 2119 1118 2181 mala:
1133 2132 1254 2201 postre-
1272 2128 1277 2145 ¹

115 2218 165 2259 mo
195 2201 286 2278 (quae
306 2198 419 2258 inscitia
440 2210 470 2258 et
488 2199 597 2258 ruditas
616 2200 801 2260 sacerdotum
830 2200 888 2274 est)
921 2198 1017 2258 maior
1041 2217 1107 2277 pars
1133 2196 1170 2257 ad
1198 2196 1254 2259 boc

114 2296 220 2335 munus
253 2275 448 2334 exercendum
477 2274 572 2335 nibilo
599 2277 697 2367 aptior
722 2288 872 2354 est-quam
891 2286 975 2335 sutor
993 2274 1028 2335 ad
1048 2296 1062 2335 a
1087 2294 1135 2335 ros
1155 2273 1255 2337 colen-

116 2350 183 2411 dos:
204 2350 253 2410 alii
273 2350 336 2410 sere
356 2372 459 2411 omnes
478 2351 535 2411 sibi
555 2367 661 2417 merito
680 2355 807 2431 suspecti
828 2371 890 2411 esse
910 2350 1029 2411 debent.
1064 2294 1148 2411 llinc
1167 2352 1256 2433 igitur

115 2426 291 2509 perplexitas
311 2439 341 2486 et
361 2427 504 2489 dubitatio
526 2428 562 2488 dc
582 2428 769 2489 absolutione
789 2428 901 2564 Pepali,
921 2428 1000 2507 quod
1022 2447 1084 2489 eam
1106 2426 1256 2489 fundatam

115 2524 178 2565 esse
197 2504 302 2565 volunt
323 2526 339 2565 a
358 2505 516 2564 sacerdotis
536 2526 678 2584 persona:
700 2525 797 2584 neque
814 2506 823 2563 i

116 2594 150 2641 ut
169 2592 283 2640 tantum
305 2582 340 2641 de
361 2582 449 2641 rebus
470 2581 581 2655 delatis,
602 2582 738 2661 quaesitis
759 2594 789 2641 et
809 2583 967 2660 compertis
987 2581 1105 2641 iudicet
1149 2580 1214 2641 lam
1232 2581 1255 2641 si

115 2659 180 2738 quis
200 2679 216 2717 a
237 2659 323 2718 bonis
343 2658 402 2718 istis
425 2658 596 2718 doctoribus
617 2671 748 2738 quaerat,
769 2659 1014 2718 reconcilieturne
1027 2660 1095 2718 Deo
1117 2668 1256 2737 peccator
1289 2666 1297 2725 ,²

137 2733 241 2795 coeatis
262 2734 433 2814 quibusdam
454 2737 590 2809 remissis,
609 2756 670 2795 non
689 2736 775 2795 video
793 2735 863 2814 qnid
875 2734 1087 2813 respondeant:
1109 2733 1255 2815 nisiquod

102 2757 201 2873 lateri
214 2824 369 2893 cogentur,
389 2812 604 2872 infructuosum
626 2832 687 2872 esse
707 2812 846 2891 quicquid
867 2812 1041 2891 pronuntiat
1060 2811 1201 2872 sacerdos
1220 2811 1255 2871 de

116 2890 242 2950 remissis
263 2889 401 2968 peccatis,
423 2910 549 2968 quorum
570 2890 773 2950 recitationem
799 2888 940 2961 audierit,
961 2887 1096 2966 quamdiu
1116 2888 1172 2949 alia
1193 2908 1253 2948 uon

114 2967 279 3026 eximuntur
298 2987 315 3025 a
335 2977 426 3025 reatu.
465 2966 507 3022 Ex
527 2977 610 3044 parte
631 2966 814 3040 confitentis,
834 2987 919 3045 quam
962 2965 1106 3024 erniciosa
1125 2966 1256 3025 anxietas
1295 3012 1297 3019 .

118 3042 330 3101 conscientiam
351 3042 513 3101 devinctam
533 3055 643 3117 teneat,
664 3042 731 3102 bine
753 3053 847 3121 patet,
869 2986 959 3121 quod
971 3041 1038 3101 dum
1058 3042 1208 3101 recumbit
1225 3041 1255 3101 in

116 3118 276 3178 sacerdotis
297 3119 520 3191 discretionem,
539 3131 573 3177 ut
592 3119 769 3198 loquuntur,
789 3117 861 3179 nibil
882 3139 915 3177 ex
936 3117 1027 3178 verbo
1048 3116 1106 3177 Dei
1126 3129 1256 3179 statuere

116 3205 223 3273 potest.
274 3195 319 3253 Ab
333 3236 337 3243 -
351 3196 394 3254 bis
415 3194 552 3254 omnihus
571 3194 702 3255 absurdis
723 3195 815 3255 libera
836 3208 865 3255 et
886 3195 1022 3255 immunis
1043 3207 1087 3255 est
1107 3194 1255 3270 doctriua,

117 3291 203 3349 quam
223 3271 373 3330 tradimus.
413 3271 628 3331 Conditionalis
648 3272 726 3330 enim
747 3284 791 3330 est
809 3272 971 3343 absolutio,
991 3272 1167 3332 utconbdat
1185 3291 1257 3354 pec·

27 3345 33 3364 '
117 3356 201 3406 cator
220 3346 276 3404 sibi
296 3347 456 3426 propitium
476 3367 537 3407 esse
558 3345 671 3419 Deum,
703 3349 793 3407 modo
818 3349 932 3409 sincere
955 3348 986 3406 in
1007 3347 1119 3410 Christi
1143 3348 1256 3409 sacrib-

117 3422 165 3483 eio
187 3422 382 3500 expiationem
415 3434 550 3503 quaerat,
584 3426 750 3501 acquiescat
769 3422 885 3484 oblatae
904 3425 959 3483 sibi
1002 3424 1100 3485 ratiae.
1139 3424 1187 3486 Ita
1208 3446 1257 3487 er-

114 3518 180 3559 rare
204 3520 265 3557 non
286 3511 385 3578 potest
404 3501 454 3579 qui
475 3521 529 3578 pro
548 3499 649 3561 officio
669 3503 840 3579 praeconis,
860 3500 940 3581 quod
960 3444 1016 3563 sibi
1037 3522 1070 3560 ex
1086 3501 1145 3561 Dei
1161 3502 1256 3563 verbo

119 3576 256 3635 dictatum
279 3587 338 3648 est,
360 3577 533 3658 promulgat.
571 3576 717 3637 Peccator
735 3597 806 3637 vero
826 3590 936 3637 certam
957 3591 988 3638 et
1007 3578 1146 3658 liquidam
1167 3579 1256 3642 abso·

117 3652 261 3712 lutionem
281 3652 419 3732 amplecti
439 3665 551 3732 potest,
581 3653 633 3713 ubi
662 3653 784 3735 simplex
810 3655 857 3713 illa
883 3654 1015 3716 conditio
1035 3656 1199 3735 apponitur
1218 3655 1257 3717 de

118 3729 306 3809 amplexanda
327 3730 436 3789 Clrristi
456 3731 563 3810 gratia,
593 3731 752 3791 secundum
773 3731 940 3813 generalem
961 3732 1040 3790 illam
1060 3732 1191 3814 magistri
1209 3732 1257 3815 ip-
1295 3750 1297 3755 '

118 3807 176 3869 sius
196 3826 228 3865 re
251 3807 337 3880 ulam,
357 3826 430 3885 quae
450 3807 539 3886 impie
559 3818 657 3886 spreta
677 3807 708 3866 in
729 3808 840 3887 Papatu
861 3808 929 3866 luit:
955 3808 1145 3883 „Secundum
1166 3808 1271 3870 fidem·
1292 3819 1298 3822 “

118 3895 197 3942 tuam
240 3894 269 3942 at
286 3883 365 3941 tibi“
384 3884 506 3959 (llattb.
525 3890 556 3956 9,
575 3885 648 3955 29.).

192 3966 241 4025 23.
281 3958 378 4033 Quam
400 3959 506 4019 insulse
525 3960 676 4034 misceant,
695 3981 771 4038 quae
792 3962 828 4019 ile
853 3961 973 4021 clavium
995 3973 1140 4039 potestate
1165 3958 1257 4024 docet

119 4036 283 4116 Scriptura,
304 4035 424 4115 promisi
442 4057 490 4093 mc
509 4036 577 4095 alibi
599 4036 743 4095 dicturum
764 4038 830 4117 (lib.
851 4046 879 4100 4.
900 4043 1023 4115 c.12.):
1046 4051 1076 4097 et
1094 4038 1176 4098 locus
1197 4041 1257 4099 erit

117 4114 316 4193 opportunior
336 4113 364 4169 in
389 4113 543 4171 tractando
569 4114 712 4194 regimine
745 4115 892 4175 ecclesiae.
931 4114 1122 4175 lllcmineriut
1152 4128 1255 4176 tamen
1291 4134 1297 4171 ,Ι

116 4190 242 4250 lectores
263 4200 452 4270 praepostere
476 4190 510 4248 ad
530 4188 721 4249 auricularem
743 4203 773 4249 et
791 4203 931 4251 secretam
952 4192 1170 4252 consessionem
1189 4204 1255 4253 tor·
1281 4210 1292 4235 ¹

104 4266 305 4359 ¹qucri,-quae
325 4265 429 4346 partim
449 4265 486 4325 de
506 4265 660 4347 Evangelii
684 4267 916 4346 praedicatione,
946 4269 1051 4347 partim
1072 4269 1110 4328 de
1134 4289 1254 4331 excom-

51 4422 57 4445 a
113 4343 349 4405 municatrouea
369 4339 488 4405 Cbristo
510 4342 680 4405 dictasunt.
731 4345 834 4418 Quare
861 4345 928 4404 dnm
954 4345 1102 4407 obiiciunt
1121 4346 1165 4407 ius
1190 4344 1254 4407 sol·

859 2505 960 2577 modo,
980 2504 1031 2563 sed
1044 2526 1060 2564 a
1072 2506 1256 2587 cognitione,
1291 2502 1297 2573 ¹⁶.
