2700 4732
69 234 72 241 ·
112 229 171 289 ino
207 270 210 275 ,
315 302 317 307 ,
493 224 569 285 nin.
589 225 613 284 i.
653 223 742 286 car.
762 223 848 285 xiii.

113 388 147 429 ae
166 366 331 449 distinguit,
351 390 439 448 quum
460 367 547 429 alium
568 388 631 429 esse
651 368 721 433 dicit
740 370 791 461 qui
809 368 1010 429 testimoninm
1035 366 1095 429 sibi
1112 368 1252 449 perhibet

112 446 174 521 (lo.
192 450 223 519 5,
241 452 289 508 32.
313 450 344 519 8,
363 446 435 521 itt).
483 446 580 524 lltque
599 446 656 506 liuc
676 447 773 505 tendit
791 448 872 525 quod
893 446 963 507 alibi
983 446 1099 515 dicitur,
1129 445 1250 509 Patrem

112 542 167 599 per
185 520 319 581 Verbum
338 526 435 582 omnia
456 543 579 597 creasse,
612 524 692 600 quod
712 543 773 581 riou
793 534 923 601 poterat,
953 522 1010 581 nisi
1029 522 1065 581 ab
1087 522 1151 601 ipso
1172 521 1251 601 quo-

112 598 269 658 dammodo
290 598 450 659 distinctus.
489 598 645 658 Practcrca
678 619 739 658 non
771 598 922 659 descendit
953 598 1043 658 Pater
1071 599 1251 671 interram,

111 675 163 735 scd
184 675 208 735 is
231 675 282 754 qui
302 695 318 734 a
338 675 427 734 Patre
446 676 528 733 exiit:
549 696 611 733 non
631 687 763 734 mortuiis
783 688 838 749 cst,
865 696 920 734 nec
940 675 1108 749 resurrexit,
1125 676 1177 735 sed
1198 678 1249 755 qiii

112 752 150 810 ab
170 770 207 810 co
227 752 329 810 missus
350 750 454 809 fuerat.
492 754 597 830 Neque
623 751 659 810 ali
685 764 829 829 assumpta
855 772 943 810 carne
968 751 1119 810 exordium
1145 751 1250 815 habuit

112 829 184 887 liuce
204 826 364 901 distinctio,
383 826 434 885 scd
455 839 539 886 antea
561 849 630 905 quoi
644 848 680 886 iic
700 828 884 905 unigenitum
905 829 935 886 in
955 829 1026 897 sinu
1042 828 1139 886 Patris
1159 829 1249 889 fuisse

111 903 296 964 manifestum
317 915 362 963 est
381 903 440 979 (Io.
460 910 490 977 1,
509 910 575 975 lla.)-
616 850 690 977 (luis
710 908 787 963 enini
806 923 935 963 asscrcre
946 904 1098 977 sustineat,
1116 915 1179 963 tum
1194 906 1249 963 de-

109 1002 192 1041 mum
209 980 304 1041 sinum
323 980 418 1040 Patris
437 980 598 1061 ingressum
620 980 738 1055 Filium,
770 1002 860 1058 quum
886 1000 903 1039 e
928 980 1014 1039 coelo
1035 980 1186 1040 descendit
1210 980 1249 1041 ad

111 1057 325 1136 suscipiendam
344 1056 570 1117 humanitatem?
593 1058 665 1115 Erat
684 1077 756 1137 ergo
777 1068 845 1114 ante
865 1056 895 1115 in
915 1057 981 1115 sinu
1001 1056 1095 1116 Patris
1116 1068 1146 1115 ct
1164 1078 1249 1117 suani

110 1134 188 1213 apud
208 1134 326 1193 Patrem
344 1132 469 1225 gloriam
489 1131 654 1192 obtinebat.
694 1132 822 1211 Spiritus
840 1134 933 1193 sancti
952 1155 968 1191 a
985 1133 1072 1193 Patre
1083 1132 1250 1193 distinctio-

111 1230 177 1268 iicm
199 1209 333 1269 Christus
353 1213 460 1283 innuit,
478 1230 567 1288 quum
589 1210 658 1268 dicit
677 1230 743 1267 euni
763 1232 778 1268 a
798 1210 886 1268 Patre
908 1211 1083 1288 procedere:
1105 1228 1165 1269 ase
1178 1210 1247 1289 ipso

112 1298 220 1358 autem,
240 1286 357 1365 quotics
376 1285 464 1345 alium
484 1298 581 1357 vocat,
601 1296 635 1344 ut
654 1302 742 1365 quum·
755 1286 841 1347 alium
852 1286 1070 1346 consolatorem
1087 1284 1124 1344 ab
1135 1306 1167 1345 se
1178 1286 1248 1347 mit·

111 1362 232 1423 tendum
253 1361 407 1421 denuntiat
426 1373 455 1421 et
475 1360 544 1421 alibi
564 1362 678 1441 saepius
699 1361 757 1453 (lo.
778 1369 827 1437 fl,
846 1368 873 1424 6.
894 1369 941 1433 15,
960 1368 1000 1425 26
1018 1373 1049 1421 et
1069 1369 1116 1433 14,
1136 1363 1209 1453 ld).

186 1442 234 1503 18.
272 1438 432 1498 llnimvcro
452 1438 564 1497 adsim
584 1438 778 1499 distinctionis
796 1438 1022 1516 exprimendam,
1042 1438 1248 1499 similitudines

110 1536 126 1575 a
146 1513 234 1575 rebus
252 1512 386 1575 humanis
406 1514 532 1573 mutuari
552 1517 652 1573 nescio
672 1536 708 1573 ari
729 1515 872 1594 expediat.
898 1514 1006 1573 Solent
1019 1514 1047 1572 id
1082 1515 1178 1573 uidem
1199 1516 1247 1575 in·
1264 1522 1268 1527 '

109 1592 226 1651 terdum
245 1590 343 1651 lucere
362 1602 489 1649 veteres:
516 1591 568 1649 sed
586 1589 672 1649 simul
693 1590 820 1650 fatentur
860 1590 995 1651 luriiuum
1016 1591 1044 1648 di
1072 1611 1138 1649 erre
1158 1591 1245 1669 quic·

110 1666 181 1747 quid
202 1686 257 1746 pro
278 1665 362 1727 simili
382 1660 562 1727 in‘medium
581 1668 723 1726 afferunt:
751 1688 810 1747 quo
839 1614 871 1725 bt
895 1679 927 1725 ut
953 1686 1071 1725 ornnem
1090 1666 1244 1727 audaciam

111 1745 158 1803 hic
178 1743 381 1817 reformidem,
402 1763 441 1801 ue
460 1745 482 1803 si
496 1744 564 1822 quid
578 1744 666 1802 intem
691 1744 779 1803 estive
799 1744 975 1823 productum
997 1743 1094 1817 fuerit,
1112 1755 1164 1803 aut
1182 1764 1246 1805 ma-

110 1820 196 1903 lignis
216 1820 390 1893 calumniae,
409 1831 461 1879 ant
480 1819 599 1879 rudibus
621 1766 851 1879 hallucinationis
865 1841 960 1879 ansani
974 1820 1123 1898 praebeat.
1144 1820 1246 1893 Quam

109 1908 207 1957 tainen
234 1896 393 1976 Scripturis
419 1908 549 1956 notatam
570 1897 788 1957 distinctionem
807 1896 1070 1970 animadvertimus,
1104 1894 1250 1957 subticeri

110 1994 173 2033 non
194 1976 342 2035 convenit.
390 1973 433 2033 Ea
457 1984 554 2033 autem
580 1984 624 2033 est
649 1973 728 2051 quod
753 1973 834 2031 Patri
862 1972 1036 2051 principium
1056 1972 1174 2053 agendi,
1195 1992 1247 2033 rc·

109 2069 234 2130 rumque
253 2051 384 2109 omnium
404 2049 472 2109 fotis
492 2063 522 2108 et
541 2049 688 2130 scaturigo
709 2050 894 2108 attribuitur:
914 2049 991 2108 Filio
1000 2051 1151 2141 sapientia,
1170 2069 1247 2111 cori·

109 2127 222 2195 silium,
251 2126 371 2206 ipsaque
391 2126 421 2185 iri
441 2124 529 2184 rebus
547 2126 666 2205 agendis
687 2126 879 2205 dispensatio:
911 2136 941 2184 at
960 2125 1082 2204 Spiritui
1101 2126 1194 2185 virtus
1214 2136 1247 2187 et

12 2208 15 2215 ’
108 2202 238 2262 efficacia
267 2203 429 2283 assignatur
449 2202 580 2263 actionis.
620 2203 717 2261 Porro
748 2221 915 2281 quanquam
945 2201 1039 2262 Patris
1074 2202 1246 2279 aeternitas,

108 2278 179 2339 tilii
200 2298 318 2359 quoque
339 2290 369 2338 et
388 2278 514 2433 Spiritus
535 2278 692 2337 aeternitas
713 2290 767 2352 est,
787 2279 905 2356 quando
926 2300 1074 2357 nunquam
1086 2279 1168 2338 Deus
1179 2279 1255 2339 sine'

108 2354 261 2434 sapientia,
291 2356 398 2415 virtute
422 2374 458 2413 ue
483 2374 534 2413 sua
561 2373 623 2414 esse
652 2356 763 2433 potuit:
804 2355 833 2413 iii
860 2355 1033 2414 aeternitate
1052 2366 1150 2415 autem
1180 2374 1245 2417 nori
1270 2368 1274 2377 '

109 2443 155 2491 cst
174 2431 374 2510 quaerendum
395 2431 473 2510 prius
493 2443 543 2489 aut
562 2431 720 2509 posterius:
748 2452 809 2490 non
830 2443 990 2491 esttamen
1012 2431 1105 2491 inanis
1124 2442 1176 2491 aut
1194 2454 1246 2493 su-

108 2528 252 2587 pervacua
272 2507 383 2567 ordinis
404 2506 582 2581 observatio,
602 2507 670 2565 dum
691 2508 801 2598 primus
820 2520 990 2567 recensetur
1010 2508 1109 2581 l'ater,
1135 2506 1245 2569 deinde

106 2604 189 2645 exeo
201 2583 302 2657 Filius,
323 2596 424 2662 postea
445 2603 478 2641 ex
497 2595 625 2662 utroque
646 2584 781 2661 Spiritus.
820 2586 894 2643 Nam
908 2596 938 2643 et
957 2604 1040 2644 mens
1060 2584 1245 2645 uniuscuius-

108 2679 167 2739 que
186 2680 223 2720 eo
243 2672 350 2739 sponte
370 2658 500 2733 inclinat,
521 2670 555 2718 nt
572 2660 668 2739 primo
688 2661 785 2721 Deum
812 2661 992 2736 consideret,
1013 2660 1121 2720 deinde
1144 2680 1243 2721 einer-

130 2747 227 2797 entem
248 2756 281 2795 er
301 2756 338 2795 co
358 2736 540 2815 sapientiam,
571 2748 637 2803 tum
655 2750 805 2815 postremo
826 2739 965 2796 virtutem
985 2759 1042 2817 qua
1062 2736 1177 2797 consilii
1197 2740 1243 2799 sui

107 2757 225 2873 decreta
244 2812 419 2892 exsequitur.
466 2814 535 2886 Qua
555 2814 670 2873 ratione
690 2834 706 2873 a
726 2815 813 2875 Patre
833 2815 967 2873 duntaxat
987 2816 1122 2873 exsistere
1134 2814 1245 2875 dicitur

17 2900 21 2911 “
105 2890 205 2963 Filius,
225 2910 241 2949 a
260 2889 348 2947 Patre
367 2886 452 2948 simul
472 2900 503 2949 et
522 2889 598 2948 Filio
619 2889 760 2969 Spiritus:
781 2890 878 2950 multis
900 2892 928 2948 id
949 2891 1066 2968 quidem
1087 2890 1170 2965 locis,
1190 2890 1244 2951 sed

106 2965 561 3118 atttfftdl‘ttlll‘„tlt·
580 2966 1054 3121 {iatlltttlttatlittltl
1070 2966 1243 3117 :latita

127 3118 272 3178 roniiscue
290 3131 427 3177 vocatur:
458 3138 555 3198 neque
574 3117 688 3181 iniuria.
727 3120 800 3180 Nam
822 3131 852 3179 et
871 3119 974 3177 Petrus
1000 3119 1040 3197 (I.
1061 3140 1108 3199 cp.
1127 3128 1157 3194 1,
1177 3124 1245 3197 21.)

104 3140 247 3275 Spiritum
269 3193 378 3255 Christi
401 3193 487 3254 fuisse
516 3206 650 3268 testatur,
679 3217 739 3274 quo
770 3196 921 3255 vaticinati
954 3209 1023 3254 sunt
1054 3196 1243 3275 Prophetae:

105 3292 196 3351 quum
220 3272 310 3330 toties
330 3271 482 3351 Scriptura
501 3270 606 3331 doceat
625 3272 769 3349 Spiritum
792 3272 878 3332 fuisse
897 3271 956 3330 Dei
974 3272 1080 3331 Patris.

180 3353 228 3411 19.
248 3347 345 3406 Porro
365 3346 601 3426 simplicissimam
621 3348 680 3407 Dei
699 3349 841 3408 unitatem
867 3348 942 3408 adeo
963 3369 1024 3407 nou
1043 3348 1167 3429 impedit
1186 3350 1245 3413 ista

105 3423 265 3497 distinctio,
294 3434 327 3482 ut
354 3423 459 3482 Filium
487 3424 555 3482 inde
586 3424 714 3504 probare
739 3425 836 3499 liceat,
867 3434 956 3483 unum
982 3445 1044 3485 csse
1065 3447 1130 3485 cuin
1151 3426 1245 3487 Patre

106 3500 215 3569 Deum,
246 3498 313 3635 quia
342 3520 402 3558 uno
423 3497 507 3558 simul
528 3521 593 3559 eum
615 3519 650 3561 eo
672 3501 785 3579 Spiritu
810 3513 938 3562 constet:
972 3500 1112 3579 Spiritum
1142 3516 1243 3563 autem

105 3596 167 3635 non
187 3576 244 3635 aliu
285 3594 347 3634 esse
367 3598 382 3633 a
404 3576 492 3634 Patre
512 3588 543 3635 et
562 3575 639 3641 Filio
659 3577 815 3650 diversum,
844 3580 911 3657 quia
935 3577 1029 3638 Patris
1055 3590 1086 3637 et
1110 3578 1178 3638 Filii
1203 3578 1245 3641 sit

106 3650 242 3733 Spiritus.
282 3651 433 3730 Siquidem
455 3654 484 3710 in
506 3672 679 3743 unaquaque
700 3652 849 3732 hypostasi
866 3666 928 3715 tota
941 3653 1117 3735 intelligitur
1128 3666 1244 3731 natura,

104 3750 170 3789 cuin
191 3728 260 3804 hoc,
289 3728 369 3807 quod
389 3727 498 3802 subest,
517 3748 568 3788 sua
589 3730 745 3808 uuicuique
766 3731 938 3810 proprietas.
976 3730 1071 3790 Pater
1096 3742 1178 3793 totns
1210 3733 1244 3793 in

102 3804 181 3865 Filio
201 3816 256 3877 est,
281 3815 362 3865 totus
382 3806 411 3863 in
432 3804 522 3864 Patre
540 3803 643 3880 l'ilius,
662 3807 908 3883 quemadmodum
929 3806 990 3885 ipsc
1015 3827 1135 3886 quoque
1160 3828 1243 3869 asse·

103 3881 142 3941 rit
161 3879 224 3958 (10.
244 3885 292 3954 14,
312 3881 385 3956 tlh),
404 3881 491 3959 „ugo
502 3881 532 3939 in
544 3881 632 3940 Patre
653 3893 684 3940 et
701 3880 792 3941 Pater
811 3883 842 3941 in
856 3888 937 3942 me:“
959 3902 1013 3943 nec
1026 3883 1084 3942 ulla
1096 3886 1243 3945 essentiae

103 3958 271 4018 differentia
288 3958 402 4038 seiungi
420 3957 544 4017 alterum
572 3956 609 4017 ab
629 3955 722 4017 altero
747 3960 905 4039 scriptores
925 3958 1112 4020 ecclesiastici
1132 3980 1243 4023 conce·

105 4034 188 4094 dunt.
227 4034 302 4107 „llis
314 4054 349 4111 ap
373 4033 559 4093 ellationibus
570 4054 645 4112 quae
658 4034 878 4095 distinctionem
890 4036 1034 4095 denotant
1052 4037 1163 4116 (inquit
1175 4040 1242 4097 Au·

104 4109 313 4190 „gustinus)
352 4055 409 4169 boc
435 4108 630 4190 significatur,
673 4110 752 4190 quod
779 4111 814 4170 ad
845 4130 876 4169 se
907 4111 1031 4170 invicem
1058 4111 1242 4191 referuntur,

105 4204 193 4259 „con
213 4184 274 4264 ipsa
292 4186 454 4247 substantia
475 4191 647 4264 qua'unum
664 4191 767 4247 suut“
817 4188 889 4263 Quo
921 4207 1008 4247 sensu
1037 4190 1242 4251 conciliandae

104 4270 172 4320 suiit
190 4260 270 4321 inter
294 4279 326 4322 se
351 4274 481 4321 veterum
507 4264 680 4338 sententiae,
732 4284 785 4323 une
812 4284 944 4345 pugnare
967 4263 1077 4344 alioqui
1102 4264 1241 4327 nonnihil

103 4332 283 4400 riderentur.
331 4338 418 4399 Nunc
450 4339 529 4398 enim
552 4338 670 4399 Patrem
704 4284 773 4400 llilii
795 4341 975 4421 principium
1012 4360 1075 4402 esse
1099 4342 1240 4405 tradunt:
