2700 4732
483 184 559 271 tto.
579 188 620 248 tt.
661 190 751 250 cae.
774 192 808 248 v.
1160 202 1218 261 ets

86 330 151 473 »aig
169 342 351 483 argo-rog>
381 331 520 412 proprius
543 332 574 393 in
592 332 680 415 Legis
706 335 881 395 tractatione
907 335 987 395 locus
1007 340 1063 395 erit
1086 344 1166 419 (cap.
1187 346 1213 405 7.

86 420 104 467 :t
169 430 195 467 a.
213 414 311 473 zet:
349 454 358 469 .

149 488 198 549 1⁰.
236 482 393 543 Secundus
425 499 668 565 argnmentorum
700 486 775 547 orilo
812 488 959 567 superiori
994 488 1131 550 bnitirnus
1160 506 1211 553 est.

86 558 213 641 bllcgaot
229 560 454 641 promissiones,
473 563 579 641 quibus
598 564 743 623 Dominus
768 588 833 623 cnm
863 564 1014 624 uoluntate
1041 580 1139 627 nostra
1160 591 1212 647 pa-

87 636 200 697 ciscitur.
245 634 359 711 Quales
383 651 453 699 sunt
478 640 637 715 (amosa,
663 650 709 705 11.
729 640 786 699 fer.
806 650 835 717 1,
855 646 913 717 1.);
940 644 1106 716 „Quaerite
1127 645 1212 704 boui-

87 722 184 787 ,uun
208 724 241 774 et
267 733 330 773 ooo
355 712 508 789 malitiam,
537 728 568 775 et
594 717 706 777 vivetis.
755 719 788 777 Si
814 718 966 778 solareritis
994 731 1024 778 et
1052 721 1212 797 audieritis,

89 788 175 870 „botta
191 800 292 849 terrae
311 792 489 851 comedetis:
510 792 615 871 quodsi
636 794 805 869 uolueritis,
852 794 943 853 ladius
969 796 1123 856 devorabit
1142 818 1210 859 voa:

90 865 162 945 ,asu
171 886 205 927 os
215 865 340 928 Domini
352 868 508 948 loquuturo
519 874 594 929 est.“
634 871 723 931 Item:
744 874 798 943 „st
810 816 963 931 alis-tuleris
973 871 1211 935 abominationes

92 954 160 1015 ,uss
177 964 194 1003 a
211 942 287 1003 facie
308 965 390 1017 mea,
415 966 477 1005 oon
498 946 663 1026 expelleris:
688 949 712 1009 si
736 948 862 1009 audieris
882 970 985 1009 vocem
1006 947 1134 1009 lebovae
1153 948 1211 1011 Dei

93 1020 153 1095 μ’,
169 1030 199 1079 et
217 1020 306 1081 facias
326 1034 358 1079 et
377 1022 522 1083 custodias
542 1023 642 1083 omnia
661 1026 794 1084 mandata
815 1028 885 1100 eins,
906 1025 994 1084 faciet
1014 1038 1044 1084 te
1063 1025 1210 1087 Dominus

93 1094 285 1165 „nedsiorem
312 1100 428 1159 cunctis
454 1099 602 1159 Gentibus
629 1107 746 1159 terrae“
772 1102 877 1177 (Dent.
901 1110 955 1171 25,
980 1108 1031 1173 1.).
1080 1103 1117 1162 tie
1141 1102 1210 1163 reli·

93 1192 152 1309 w
166 1174 276 1233 similes
295 1174 385 1251 (Les.
403 1182 452 1248 26,
470 1182 499 1241 3.
511 1180 593 1252 eto).
632 1179 806 1257 lrnportune
827 1189 856 1236 et
876 1199 928 1255 per
948 1179 1116 1253 ludibrium,
1135 1202 1209 1259 quae

154 1250 218 1310 inus
237 1256 268 1309 io
289 1252 535 1329 promissionibus
559 1253 652 1313 offert
672 1254 828 1325 beneficia,
853 1256 994 1315 voluntati
1021 1268 1138 1314 nostrae
1159 1257 1209 1315 de·

92 1322 164 1409 legari
183 1338 305 1407 putant,
334 1328 388 1387 nisi
414 1342 545 1389 nostrum
572 1331 610 1389 sit
630 1330 676 1391 illa
703 1330 747 1389 vel
766 1332 913 1401 stabilire,
933 1331 978 1388 vel
1000 1332 1080 1389 irritu
1103 1331 1207 1391 facere.

91 1400 121 1461 lb
141 1422 209 1465 tatae
242 1423 307 1463 rem
333 1406 416 1465 istam
450 1405 581 1466 faeurrdis
613 1408 806 1498 querimoniis
836 1406 1012 1487 anaplibcare
1039 1421 1207 1485 proruptum

92 1490 135 1563 tat:
162 1500 219 1541 noa
242 1480 406 1543 crudeliter
431 1504 446 1542 a
467 1484 597 1543 Domino
623 1485 722 1558 dludi,
751 1506 840 1563 quum
861 1484 1072 1576 benignitatem
1092 1506 1171 1544 snam
1191 1506 1208 1543 a

91 1556 223 1617 daotate
248 1570 351 1617 nostra
377 1560 507 1639 pendere
539 1560 708 1634 denuntiat,
737 1565 761 1621 si
781 1560 914 1621 voluntas
941 1582 1003 1638 ipso
1024 1561 1117 1619 nostri
1138 1559 1208 1620 iuris

92 1652 138 1693 aaa
155 1646 209 1695 est.
244 1634 404 1716 Egregiam
424 1656 494 1695 vero
520 1636 585 1697 fore
610 1638 684 1699 banc
705 1638 909 1698 liberalitatem
929 1638 998 1707 Dei,
1018 1638 1042 1695 si
1063 1636 1237 1696 beneficia'
1283 1708 1289 1715 .

90 1730 127 1771 fla
142 1710 181 1771 ita
200 1710 290 1771 nobis
310 1726 452 1791 exponat,
472 1734 510 1773 ne
531 1713 647 1774 fruendi
667 1715 725 1775 ulla
744 1715 782 1774 sit
802 1714 938 1775 facultas:
960 1713 1060 1772 miram
1082 1711 1206 1791 promis-

88 1786 188 1847 daun
205 1788 434 1865 certitudinem,
457 1812 531 1869 quae
552 1804 584 1851 ut
604 1813 753 1871 nunquam
769 1791 963 1869 impleantur,
984 1811 1000 1849 a
1021 1812 1052 1849 re
1074 1788 1206 1866 impossi-

88 1860 341 1943 tffitepeateaar.
379 1866 426 1925 De
473 1867 692 1929 comissionibus
717 1869 876 1942 eiusmodi,
903 1887 978 1946 quae
1002 1865 1205 1941 conditionem

88 1936 181 2001 libem
199 1962 216 2001 a
235 1944 385 2030 positam,
410 1890 480 2003 atili
501 1944 644 2005 dicemus:
669 1957 701 2004 ut
740 1944 812 2005 alain
835 1945 964 2004 loturum
984 1942 1036 2016 sit,
1055 1942 1085 2001 io
1106 1962 1205 2001 curum
1231 1956 1251 1981 ⁸

88 1962 244 2097 hpeibllr
268 2019 487 2099 complemento
518 2021 590 2079 raibil
616 2042 679 2082 esse
705 1968 830 2081 absurdi.
882 2021 1036 2095 Quantum
1066 2018 1102 2077 ad
1129 2015 1207 2077 hunc

88 2090 314 2170 lennattioet,
345 2117 423 2177 nego
443 2099 539 2157 Deum
566 2098 761 2157 inhumaniter
785 2096 908 2156 illudere
928 2096 1031 2170 nubis,
1062 2096 1130 2152 duni
1152 2114 1206 2153 noa

89 2168 271 2231 tdbeaebcio
291 2194 344 2233 sua
363 2173 538 2233 demerenda
559 2174 670 2247 invitat,
690 2197 764 2253 quos
786 2174 868 2233 novit
887 2194 949 2231 esse
970 2194 1089 2251 promus
1109 2171 1204 2248 impo-

89 2258 181 2307 tentes.
216 2248 369 2327 Siquidem
396 2272 484 2329 quum
511 2251 644 2311 fnlelibus
669 2252 745 2311 iuxta
772 2261 803 2311 et
827 2250 922 2328 impiis
949 2250 1116 2308 offerantur
1136 2267 1204 2325 pro-

89 2322 233 2399 missiones,
250 2348 336 2385 suum
349 2328 425 2405 apud
436 2340 575 2407 utrosque
591 2349 673 2389 usum
691 2329 811 2397 babent.
851 2325 1107 2401 Quemadmodum
1120 2342 1206 2401 prae·

89 2398 169 2481 neptis
242 2402 341 2461 iorum
361 2404 552 2464 conscientias
574 2408 678 2485 pungit
697 2405 794 2479 Deus,
816 2425 853 2463 ne
873 2404 998 2463 suaviter
1018 2401 1153 2460 asiaticum
1173 2399 1204 2459 iu

89 2478 199 2557 potatis
227 2478 393 2555 elicientur,
413 2480 492 2540 nulla
512 2481 687 2541 iudiciorum
706 2503 825 2541 suorum
845 2480 1001 2539 memoria:
1023 2479 1063 2537 ita
1084 2479 1113 2537 io
1134 2498 1205 2554 pro-

89 2554 257 2615 umentem
270 2557 490 2633 qarodammodo
510 2578 562 2617 eos
581 2570 744 2631 attestatur,
763 2579 849 2636 quam
870 2556 985 2635 indigni
1004 2557 1063 2619 sint
1081 2574 1132 2613 sua
1154 2553 1205 2611 be·

89 2630 224 2713 ligoilale.
249 2632 327 2705 Quis
348 2635 425 2691 enim
445 2635 649 2713 aequissinmm
664 2647 693 2694 et
707 2634 1086 2694 convenientissimumesse
1106 2640 1206 2711 neget,

90 2704 232 2769 Dominum
259 2710 294 2769 iis
314 2710 504 2784 benefacere,
523 2734 538 2770 a
559 2710 665 2788 quibus
691 2710 812 2769 colitur:
843 2709 1000 2770 maiestatis
1020 2721 1117 2766 autem
1137 2726 1207 2766 suae

91 2797 293 2867 contemptores
313 2808 367 2865 pro
388 2809 437 2847 sua
457 2801 612 2847 severitate
633 2787 750 2847 ulcisci?
788 2787 856 2845 Rite
876 2807 950 2867 ergo
970 2797 1001 2842 et
1021 2785 1126 2844 ordine
1146 2782 1207 2863 agit

93 2856 170 2936 Dru,
199 2864 269 2921 dum
296 2862 391 2941 impiis
412 2866 525 2943 peccati
551 2865 744 2944 compedibus
764 2863 924 2938 devinctis,
955 2860 1029 2921 banc
1054 2861 1206 2949 legemio
1278 2888 1288 2901 ·

93 2939 316 3013 missionibus
336 2940 422 3013 dicit,
453 2953 514 3000 tum
537 2944 654 3000 demum
684 2961 735 3001 sua
755 2939 897 2999 beneficia
918 2949 1127 3017 percepturos,
1145 2958 1169 2995 st
1190 2954 1206 2995 a

96 3020 210 3089 mutate
230 3017 429 3077 discesserint:
456 3019 504 3076 vel
524 3020 563 3077 ob
590 3019 646 3077 boc
670 3017 781 3092 solum,
814 3029 846 3076 nt
871 3016 1037 3094 intelligant
1059 3031 1090 3073 se
1115 3011 1206 3073 abiis

98 3090 179 3155 lttbo
196 3092 324 3167 excludi,
343 3114 417 3173 quae
437 3093 511 3153 veris
526 3094 583 3153 Dei
604 3093 766 3153 cultoribus
786 3093 941 3152 debentur.
980 3092 1118 3165 Rursum,
1139 3088 1206 3225 guia

99 3166 167 3229 ltf'u
187 3170 328 3230 omnibus
348 3169 383 3229 ad
409 3170 621 3248 implorandam
641 3191 722 3229 suum
747 3173 868 3249 gratiam
896 3167 995 3227 fideles
1023 3167 1206 3226 exstimuare

98 3242 182 3321 flet,
198 3267 386 3326 nequaquam
406 3249 462 3305 erit
481 3247 638 3323 absonum,
658 3248 681 3307 si
703 3247 783 3325 quod
804 3246 885 3305 illum
906 3244 998 3303 multo
1020 3264 1086 3301 cnm
1109 3242 1204 3301 fructu

97 3325 343 3403 quopraeceptis
370 3344 438 3403 erga
463 3343 514 3383 eos
538 3325 735 3398 ostendimus,
768 3324 798 3381 id
818 3341 938 3411 quoque
965 3319 1206 3399 promissionibus

95 3402 176 3459 Μ.
213 3401 262 3459 De
284 3399 435 3459 solariatate
455 3400 512 3457 Dei
534 3402 697 3479 praeceptis
717 3399 832 3472 edocti,
856 3398 990 3457 miseriae
1016 3408 1134 3455 nostrae
1154 3394 1206 3453 ad-

93 3490 236 3550 unemur,
278 3477 308 3536 ui
326 3478 368 3538 sic
388 3478 425 3534 ub
446 3476 494 3535 illa
517 3488 581 3537 toto
596 3490 717 3556 pectore
734 3476 918 3535 dissidemus:
938 3473 1023 3534 simul
1036 3474 1207 3553 instigamur

93 3498 323 3613 {invocandum
346 3553 407 3613 eius
417 3552 571 3632 Spiritum,
593 3573 745 3632 perquem
766 3552 795 3610 in
818 3563 925 3610 rectam
938 3554 1010 3609 viam
1032 3550 1205 3629 dirigamur:

93 3626 130 3685 nd
148 3632 212 3719 quia
238 3630 404 3710 praeceptis
427 3632 541 3709 ignavia
568 3641 666 3689 nostra
693 3649 754 3687 non
785 3628 854 3689 satis
885 3630 1012 3696 aeuitur,
1042 3626 1206 3685 subduntur

94 3708 298 3781 Phormiones,
318 3726 395 3784 quae
415 3706 570 3765 dulcedine
591 3706 715 3783 quadam
736 3705 772 3763 ad
793 3724 896 3763 eorum
917 3724 1046 3764 amorem
1068 3722 1122 3761 nos
1143 3699 1206 3757 alli-

93 3778 159 3841 riaat.
198 3786 272 3857 Quo
288 3796 385 3842 autem
406 3784 517 3842 maiore
536 3794 672 3841 tenemur
691 3782 817 3841 iustitiae
836 3782 993 3854 desiderio,
1013 3800 1049 3837 eo
1067 3778 1150 3835 lienus
1168 3773 1204 3833 ad

94 3866 269 3945 querendam
291 3860 348 3917 Dei
368 3860 491 3939 gratiam
511 3858 717 3917 ferventiores.
761 3859 807 3917 En
850 3858 980 3917 trorrtodo
1001 3855 1056 3915 illis
1076 3853 1206 3912 obtesta-

95 3934 213 4009 ltsoibus,
231 3940 258 3993 si
274 3936 436 4009 miseritis,
455 3938 483 3995 si
500 3934 667 4007 audieritis,
688 3955 783 4014 oeque
803 3880 922 3995 vbleodi
942 3932 1115 3993 audiendive
1134 3927 1209 3987 libe-

97 4026 143 4095 tm
159 4010 327 4073 facultatem
348 4012 435 4071 nobis
454 4012 601 4071 Dominus
623 4013 746 4087 tribuat,
766 4031 862 4090 neque
882 4024 977 4071 tamen
999 4008 1039 4068 ob
1060 4008 1208 4085 impoten-

98 4090 151 4143 lttn
166 4110 219 4149 nus
239 4089 367 4149 ludibrio
389 4089 505 4147 babeat.

158 4170 203 4226 11.
240 4168 338 4226 liabet
358 4179 388 4225 et
408 4165 495 4225 tertia
514 4164 610 4225 classis
630 4164 751 4223 multam
772 4186 836 4224 com
859 4162 915 4222 illis
932 4160 1112 4221 alfmitatem.
1151 4157 1210 4214 lao-

106 4243 225 4299 ‹ueni-
245 4244 429 4319 producunt,
448 4240 555 4321 quibus
584 4242 701 4322 ingrato
725 4263 764 4332 po
788 4241 837 4299 nlo
861 4240 938 4298 Deio
963 4235 1139 4315 exprobrat,
1158 4252 1211 4311 per

111 4326 159 4369 *stt
179 4316 307 4378 dutttaxat
324 4320 457 4392 stetisse,
483 4320 640 4398 quominus
666 4319 703 4379 ab
728 4264 910 4398 tndttlgeutia
936 4336 985 4375 sua
1005 4334 1094 4373 onme
1119 4330 1212 4392 genus
