2596 4726
982 128 994 157 t

451 227 525 287 titt
547 226 602 287 iii.
643 226 731 287 cii.
751 226 803 287 xi.
1032 202 1054 225 ¹
1154 232 1192 294 is

56 373 152 450 ciam,
170 368 202 432 el
220 391 274 432 nos
294 382 407 466 raptare
427 372 512 452 s'npra
533 372 642 447 nulics,
667 390 705 431 nc
724 370 847 454 gratiani
866 370 1037 452 expiationis
1055 371 1114 434 lide
1133 391 1194 432 aiii·

56 448 147 545 plexi,
165 449 263 509 Deum
284 450 389 533 quintis
408 450 510 510 animis
529 450 710 508 invocemus.
729 482 768 496 -
807 447 898 509 Ridet
908 468 959 511 eos
970 448 1127 525 Osiander,
1143 450 1194 528 qni

55 528 216 606 mossensi
233 527 343 586 docent
363 545 425 586 esse
443 525 567 585 verbum
588 525 720 584 forense:
754 525 821 604 qnia
847 537 985 607 oporteat
1005 546 1059 587 nos
1078 546 1111 586 re
1130 528 1192 606 ipsa

57 623 124 662 esse
143 604 248 663 iustos:
271 602 344 662 nihil
362 603 447 662 etiam
468 603 558 681 magis
577 622 623 662 res
646 603 699 678 uit,
718 623 803 683 quain
825 622 879 661 nos
900 602 1046 663 iustificari
1066 607 1193 684 gratuita

57 678 264 758 imputatione.
313 679 464 761 Agedum,
494 681 516 739 si
545 699 598 738 nos
618 622 699 737 bens
725 698 786 737 iion
806 678 941 739 iustificat
960 678 1140 740 absolvendo
1161 692 1193 739 et

56 755 67 814 i
91 756 254 827 noscendo,
274 755 342 836 qnid
362 757 417 818 sibi
436 754 500 816 vult
519 756 591 815 illud
611 753 696 815 Pauli
716 752 1083 844 (11.Cor.5,t9.et21.)i
1101 758 1194 831 „Erat

57 775 163 906 „gfleus
183 830 213 891 iii
235 830 354 893 Christo
376 832 514 892 mundum
534 832 590 892 sibi
611 830 819 906 reconcilians,
845 852 905 891 non
931 832 1077 913 impbtins
1097 833 1193 892 hoini-

57 908 168 983 „nibus
187 920 316 989 peccata.
354 909 430 970 Enni
451 910 530 968 enini
549 908 599 989 qui
619 918 769 987 peccatum
790 928 852 968 non
873 909 998 983 fecerat,
1031 930 1086 989 pro
1106 908 1193 971 nobis

56 997 232 1066 „peccatum
254 984 334 1061 fecit,
351 996 384 1046 iit
403 1006 529 1046 essemus
549 985 655 1046 iustitia
667 985 724 1044 Dei
745 985 775 1044 in
794 984 877 1044 illo.“
916 986 1045 1045 l’rinium
1058 985 1193 1061 obtineo,

57 1064 154 1122 iustos
173 1061 295 1136 censeri,
315 1063 365 1156 qni
385 1063 452 1122 Deo
473 1062 716 1122 reconciliantur:
736 1062 840 1121 modus
851 1061 997 1135 inseritur,
1017 1063 1097 1142 quod
1109 1062 1193 1124 Dens

58 1138 245 1231 ignoscendo
265 1139 416 1199 iustificet:
437 1140 521 1200 sicuti
541 1140 598 1199 alio
620 1137 686 1198 loco
707 1137 874 1198 iustificatio
894 1139 1071 1200 accusationi
1095 1159 1192 1220 oppe-

58 1227 142 1274 nitur
165 1214 267 1293 (Rom.
286 1219 315 1287 8,
334 1216 411 1293 33.:)
444 1236 518 1297 qnae
543 1213 693 1276 antithesis
718 1213 797 1275 clare
823 1214 1019 1290 demonstrat,
1048 1227 1192 1295 sumptam

58 1311 124 1353 esse
144 1291 285 1371 loquendi
304 1292 427 1353 formam
448 1313 464 1352 a
485 1293 595 1352 forensi
615 1313 677 1352 usu.
715 1291 779 1351 Nec
802 1311 874 1351 vcro
900 1292 1052 1373 qnisquam
1077 1292 1192 1353 medio-

58 1370 151 1428 criter
167 1368 197 1428 iii
214 1367 312 1450 lingua
329 1368 467 1430 hebraica
482 1381 614 1430 versatus
644 1368 750 1445 (modo
776 1367 853 1427 idem
873 1369 975 1430 sedato
994 1372 1033 1431 sit
1052 1368 1193 1447 cerebro)

57 1445 130 1504 inde
150 1456 244 1505 ortam
265 1463 327 1505 esse
346 1444 462 1525 phrasin
482 1445 555 1506 hanc
574 1446 708 1527 ignorat,
740 1444 846 1504 deinde
866 1466 1006 1524 quorsum
1028 1448 1142 1519 tendat,
1162 1457 1193 1506 et

56 1520 132 1601 quid
151 1521 253 1581 valeat.
302 1522 363 1582 Iani
383 1542 455 1583 vero
475 1521 545 1581 mihi
565 1522 743 1602 respondeat
762 1520 922 1595 Osiander,
945 1522 995 1582 ulii
1020 1523 1093 1584 dicit
1116 1523 1192 1583 Pau·

56 1599 116 1671 lus,
138 1597 297 1658 describis
317 1597 430 1658 Davidc
450 1599 587 1659 iustitiam
606 1600 669 1660 sine
689 1597 829 1680 operibus
849 1599 879 1658 iii
901 1599 944 1659 his
964 1599 1078 1675 verbis,
1108 1599 1193 1659 Beati

56 1695 186 1754 quorum
206 1674 342 1734 remissae
361 1686 430 1735 suut
448 1675 617 1755 iniquitates
648 1674 756 1753 (Rom.
774 1680 809 1746 d,
828 1680 855 1739 7.
889 1675 934 1735 Ps.
953 1680 1009 1749 32,
1028 1677 1085 1756 1.):
1116 1676 1193 1736 sitne

57 1751 149 1830 plena
169 1750 242 1810 haec
263 1750 410 1826 definitio,
441 1773 476 1811 an
498 1751 623 1811 dimidia.
663 1752 754 1811 Certe
784 1749 963 1843 Prophetam
989 1772 1049 1811 non
1075 1751 1194 1813 adducit

55 1839 180 1902 testem,
206 1827 263 1887 acsi
283 1828 405 1889 doceret
425 1839 535 1908 partein
555 1828 684 1888 iustitiae
702 1847 764 1889 esse
784 1847 897 1887 veniam
916 1840 1123 1921 peccatorum,
1146 1826 1193 1888 iel

57 1904 96 1965 ad
118 1904 265 1965 hominem
285 1904 493 1966 iustificandum
513 1921 707 1965 concurrere:
728 1903 779 1965 sed
802 1916 895 1964 totam
915 1904 1053 1964 rustitiani
1072 1905 1102 1964 in
1124 1923 1192 1987 gra-

55 1981 132 2041 tuita
152 1981 322 2042 remissione
341 1979 475 2057 includit,
496 1981 613 2041 beatum
635 1981 784 2042 hominem
804 1981 1103 2062 prountians,cuius
1114 1992 1193 2042 tecta

55 2068 129 2118 sunt
146 2070 281 2150 peccata,
315 2057 362 2118 ciii
382 2057 495 2118 remisit
513 2057 594 2118 Deus
614 2057 798 2137 iniquitates,
829 2071 860 2118 et
880 2058 926 2118 cui
945 2058 1192 2140 transgressiones

56 2154 122 2194 non
147 2145 283 2214 imputat:
314 2133 480 2194 felicitatem
508 2135 568 2194 eius
591 2134 660 2193 inde
684 2136 872 2195 aestimatx'et
896 2144 1012 2207 censet,
1041 2134 1108 2213 quia
1135 2135 1192 2195 hoc

55 2209 150 2271 inodo
169 2211 261 2271 iustus
281 2221 324 2270 est
344 2231 405 2270 non
426 2231 458 2270 re
478 2211 488 2269 i
510 2232 552 2287 sa,
571 2210 622 2270 sed
643 2211 846 2290 imputatione.
865 2249 904 2260 -
942 2211 1057 2292 Excipit
1084 2208 1191 2272 Osiai'i·

56 2287 123 2360 der,
142 2287 385 2347 contumeliosum
407 2285 463 2348 lioc
484 2231 549 2346 fhre
567 2287 653 2363 Deo,
674 2299 703 2347 et
722 2299 841 2348 naturae
862 2291 923 2347 eins
943 2288 1137 2362 contrarium,
1168 2287 1193 2348 si

56 2363 206 2439 iustificet,
227 2365 329 2444 quire
349 2364 411 2442 ipsa
431 2363 511 2443 inipii
531 2377 661 2424 manent.
699 2364 792 2444 Atqui
811 2365 971 2425 tenendum
985 2365 1126 2427 memoria
1138 2375 1194 2439 est,
1256 2401 1265 2411 ·

57 2441 217 2520 quodiam
244 2439 315 2515 dixi,
346 2460 406 2499 non
433 2442 560 2522 separari
581 2440 754 2501 iustificandi
774 2442 895 2523 gratiani
916 2462 931 2501 a
953 2442 1192 2525 regeneratione,

56 2518 129 2579 licet
159 2537 205 2576 res
235 2517 293 2577 sint
317 2516 480 2577 distinctae.
533 2517 592 2577 Sed
638 2519 685 2578 uia
710 2518 889 2598 experientia
916 2517 981 2599 plns
1000 2519 1066 2578 satis
1087 2529 1191 2577 notum

57 2605 120 2666 est,
149 2613 269 2653 manere
293 2613 409 2672 semper
434 2594 464 2652 in
488 2593 570 2654 iustis
590 2539 726 2674 reliquias
745 2594 868 2674 peccati,
897 2615 1017 2654 necesse
1037 2606 1081 2654 est
1100 2594 1191 2676 longe

55 2669 145 2732 aliter
163 2668 321 2744 iustificari,
341 2691 426 2803 quani
447 2670 645 2731 reformantur
664 2671 694 2731 iii
714 2672 790 2731 ritae
813 2671 986 2732 novitatem.
1037 2673 1112 2731 Nam
1135 2671 1191 2731 lioc

55 2747 218 2808 secundum
238 2747 279 2807 sic
299 2746 346 2805 inc
370 2758 419 2806 oat
437 2745 518 2806 Deus
537 2747 568 2806 in
589 2746 689 2807 electis
708 2749 776 2821 suis,
795 2758 922 2827 totoque
941 2748 1018 2807 vitae
1042 2748 1190 2807 curriculo

55 2822 209 2904 paulatim,
229 2834 259 2881 et
277 2822 424 2881 interdum
445 2821 525 2883 lente
545 2824 574 2881 in
597 2843 633 2882 eo
654 2823 859 2904 progreditur,
883 2835 916 2883 nt
934 2843 1050 2902 semper
1069 2823 1191 2884 obnoxii

54 2901 118 2960 sint
136 2900 212 2980 apud
233 2899 294 2959 eius
313 2896 441 2958 tribunal
466 2899 568 2959 mortis
592 2900 710 2960 iudicio.
769 2899 910 2960 iustificat
937 2909 1033 2959 autem
1063 2916 1124 2959 non
1157 2919 1192 2959 ex

55 2988 153 3057 parte,
172 2975 223 3036 sed
244 2986 277 3034 ut
295 2974 404 3046 libere,
424 2975 504 3056 quasi
525 2975 635 3037 Christi
654 2976 781 3056 puritate
800 2976 913 3051 induti,
942 2975 973 3033 in
999 2974 1089 3035 coelis
1109 2996 1191 3036 coni·

55 3064 187 3133 pareant
226 3053 330 3130 Neque
358 3052 435 3110 enirn
456 3053 649 3113 conscientias
669 3064 788 3133 pacaret
806 3052 901 3133 aliqua
926 3051 1054 3112 institiae
1079 3053 1191 3133 portio,

56 3131 155 3189 donec
174 3139 312 3189 statutum
332 3128 379 3201 sit,
398 3151 452 3190 nos
470 3128 537 3189 lien
559 3129 688 3208 placere:
708 3130 775 3209 quia
794 3131 856 3189 sine
876 3127 1048 3206 exceptione
1058 3129 1128 3189 iusti
1140 3151 1192 3191 cn·

55 3227 117 3266 rani
139 3207 202 3287 ipso
222 3226 328 3265 suniiis.
369 3206 456 3265 Unde
475 3207 608 3297 sequitur
627 3209 754 3297 perverti
779 3218 808 3266 et
836 3206 965 3266 funditus
990 3206 1082 3265 everti
1105 3205 1191 3267 iusti-

55 3283 200 3344 ficationis
214 3280 388 3357 doctrinam,
407 3281 459 3342 ubi
479 3281 582 3342 animis
601 3282 728 3342 iniicitur
747 3283 910 3358 dubitatio,
928 3282 1097 3343 concutitur
1116 3283 1192 3343 fidu-

55 3360 102 3421 cia
121 3359 231 3429 salutis,
251 3357 343 3418 libera
364 3371 394 3418 ct
414 3359 560 3438 intrepida
580 3358 727 3420 invocatio
748 3379 892 3419 remoram
913 3361 1037 3440 patitur:
1057 3360 1117 3421 imo
1138 3361 1190 3419 ubi

55 3457 118 3496 non
139 3434 286 3496 stabilitur
305 3436 386 3514 quies
407 3447 437 3494 et
453 3434 648 3514 tranquillitas
668 3457 734 3496 cum
758 3436 901 3517 spirituali
926 3436 1043 3519 gaudio.
1103 3437 1191 3495 Unde

55 3511 200 3572 Paulusa
226 3511 457 3593 repugnantibus
481 3512 593 3592 arguit,
623 3512 833 3572 haereditatem
858 3534 921 3573 non
947 3532 1008 3572 esse
1032 3531 1066 3570 ex
1099 3513 1192 3596 Lege,

55 3589 124 3669 quia
145 3587 201 3648 hoc
221 3588 311 3648 niodo
333 3586 476 3648 exinanita
496 3599 572 3648 esset
590 3587 661 3648 fides
680 3588 763 3667 (Gal.
783 3594 907 3666 3,18,),
928 3589 1046 3681 quaesi
1067 3609 1085 3648 o
1109 3608 1191 3649 eruin

55 3676 222 3757 respectum
243 3664 359 3736 habeat,
394 3663 525 3724 labascit:
557 3665 674 3744 quando
695 3686 783 3726 nemo
804 3686 837 3725 cx
856 3666 1041 3726 sanctissimis
1061 3610 1120 3723 illic
1141 3686 1190 3724 re-

79 3753 162 3816 erict,
182 3742 211 3800 iii
233 3762 292 3819 quo
313 3741 451 3800 confidat.
491 3741 558 3800 l·loe
579 3741 732 3801 discrimen
752 3741 925 3802 iustificandi
946 3753 976 3801 et
996 3741 1191 3833 regenerandi

54 3765 148 3898 iquae
169 3818 227 3876 duo
249 3817 434 3877 confundens
455 3816 612 3891 Osiander,
632 3818 669 3877 du
692 3817 777 3878 licem
799 3818 935 3878 iustitiam
955 3820 1105 3894 nominat)
1144 3818 1190 3877 ul-

57 3915 107 3955 cre
128 3894 297 3974 exprimitur
317 3915 331 3952 a
353 3894 460 3954 Paulo:
483 3915 548 3953 nain
571 3894 607 3953 de
626 3838 697 3953 reali
717 3915 767 3955 sua
787 3895 894 3956 iustitia
915 3894 1058 3984 loquens,
1085 3839 1190 3955 velde

20 3986 25 3995 ’
56 3973 242 4052 integritate,
261 3992 316 4049 qua
337 3971 461 4030 ‹lonatns
481 3984 543 4030 erat
563 3970 625 4049 (cui
646 3969 793 4032 Osiander
809 3969 924 4031 titulum
945 3973 1072 4051 imponit
1092 3989 1190 4030 essen·

32 4048 133 4107 'tialis
153 4048 295 4123 iustitiae)
316 4048 454 4106 flebiliter
473 4047 610 4107 eiii-laniat
630 4048 778 4125 (llom.7,
797 4051 877 4126 21.);
903 4048 1013 4119 „Miser
1032 4066 1106 4128 ego,
1127 4050 1191 4125 quis

57 4146 105 4184 iiie
125 4124 262 4183 liberabit
284 4145 316 4182 cx
338 4144 464 4203 corpore
483 4125 586 4182 mortis
608 4125 727 4184 linius'i'“
758 4127 802 4184 hil
830 4125 966 4185 iustitiam
993 4143 1063 4184 vero
1084 4124 1189 4183 confu-

56 4202 155 4282 giens,
176 4220 248 4281 quac
270 4200 380 4258 insola
402 4201 457 4258 liei
478 4202 675 4260 misericordia
696 4201 813 4262 fundata
835 4214 895 4275 est,
927 4200 1079 4282 magnifice
1101 4212 1130 4259 et
1150 4201 1190 4267 vi·

56 4289 105 4336 tae
126 4290 156 4336 et
174 4277 279 4345 morti,
311 4289 340 4335 et
360 4278 492 4354 probris,
513 4290 541 4336 et
560 4278 692 4350 inediae,
712 4289 742 4336 et
762 4276 870 4360 gladio,
890 4277 1035 4357 rebusque
1055 4276 1192 4337 omnihui

58 4353 184 4415 adversis
206 4353 330 4414 insultat.
370 4353 466 4428 „Quis
493 4353 640 4415 accusabit
664 4365 767 4416 contra
793 4355 902 4416 electos
922 4355 995 4427 Dei,
1025 4374 1100 4432 quos
1127 4353 1188 4433 ipse
