2700 4732
113 178 174 243 428
488 177 567 239 tttt
586 177 643 239 tlt.
682 178 771 242 CAP.
791 180 844 238 tv,

113 319 287 403 punientem
307 320 435 403 cogitat,
454 342 516 382 non
537 332 637 403 potest
656 324 712 385 nlsi
731 325 837 385 iratum
858 334 889 383 et
907 322 1059 384 adversum
1077 320 1135 383 sibi
1151 322 1257 383 eonci-

136 418 201 458 ere:
220 398 316 477 ipsum
335 418 407 459 vero
419 398 477 459 Dei
496 398 656 481 flagellum,
675 412 710 461 iit
728 400 966 462 maledictionem
987 412 1018 459 et
1036 400 1257 461 damnationem

113 418 267 535 detestari:
288 474 417 553 denique
436 494 467 535 se
487 475 583 537 aDeo
604 475 685 559 diligi
705 498 853 559 nunquam
875 476 1044 556 persuaderi
1083 478 1185 550 oterit,
1226 476 1266 537 ni·

112 550 157 611 sic
176 570 246 633 erga
265 570 298 611 se
318 551 458 611 allectum
478 552 602 623 sentiet,
627 566 660 611 ut
678 554 773 615 adliiic
797 554 903 645 punice
918 553 1000 613 velit.
1074 552 1110 615 ed
1130 552 1181 613 ille
1201 496 1257 611 de·

112 648 194 687 inum
213 626 268 687 sub
280 627 338 687 Dei
353 627 477 707 flagellis
495 626 624 707 proficit,
645 631 696 709 qui
713 631 857 691 suismtiis
877 632 1062 704 irascentem,
1081 628 1136 689 sitii
1155 640 1258 689 autem

112 704 278 785 propitium
303 726 337 764 ac
367 704 545 765 benevolum
575 706 669 785 ipsum
701 719 826 787 reputat.
874 706 997 787 Alioqui
1023 706 1102 765 enini
1132 724 1258 767 necesse

112 792 212 855 esset,
229 780 348 841 evenire
367 781 448 860 quod
468 781 619 863 Propheta
639 784 703 860 (Ps.
720 788 771 857 88,
791 784 855 861 17.)
883 804 915 844 se
940 795 1091 862 expertum
1120 800 1257 861 conque·

111 856 203 918 citur:
221 856 342 937 „Super
360 877 408 917 me
426 859 609 918 transierunt
627 859 742 920 lusores
753 861 807 934 tui,
819 861 911 933 Deus,
928 871 1059 920 terrores
1072 859 1116 919 tni
1128 878 1257 939 oppres-

110 944 215 995 serunt
233 940 312 995 me.“
350 933 426 993 Item
447 934 528 1014 quod
548 934 651 995 scribit
671 936 769 997 Moses
789 937 982 1015 (Ps.9o‚7.):
1004 935 1179 1010 „Quoniam
1199 934 1256 994 de-

110 1010 254 1087 „l'ecimus
274 1011 305 1071 in
326 1012 366 1071 ira
385 1022 448 1085 tua,
468 1011 548 1071 etin
567 1011 771 1094 indignatione
791 1027 840 1072 tua
860 1011 1030 1073 conturbati
1044 1034 1153 1073 snmus.
1191 1010 1257 1072 Po-

102 1086 215 1165 '„suisti
233 1088 404 1167 iniquitates
424 1099 540 1149 nostras
559 1088 590 1147 in
612 1099 773 1169 conspectu
794 1102 865 1165 trio,
892 1089 1009 1149 occulta
1034 1100 1134 1148 nostra
1154 1088 1186 1147 in
1207 1086 1256 1149 ln·

110 1164 211 1239 „mine
229 1164 326 1224 vultus
345 1164 400 1222 tui.
448 1164 600 1238 Quoniam
626 1185 728 1225 omues
749 1166 809 1226 dies
834 1169 928 1225 nostri
954 1176 1139 1225 recesserunt
1157 1164 1258 1225 inira

109 1250 197 1315 „tua,
222 1240 389 1318 consumpti
408 1253 478 1301 sunt
501 1241 572 1301 anni
597 1244 690 1301 nostri
715 1242 791 1302 sicut
809 1242 931 1304 verbum
958 1261 991 1300 ex
1011 1261 1065 1301 occ
1084 1242 1256 1301 emissum.“

111 1316 226 1378 Contra
244 1336 316 1377 vero
329 1316 424 1375 David
443 1316 480 1375 de
501 1318 629 1396 paternis
647 1318 897 1399 castigationibus,
918 1328 951 1375 ut
969 1316 1025 1377 illis
1045 1314 1177 1377 adiurati
1189 1318 1255 1377 nia·

109 1394 154 1475 gis
173 1390 275 1452 fideles
294 1393 523 1474 quamoppriiiii
541 1393 657 1467 doceat,
676 1393 717 1453 sic
733 1395 811 1454 canit
831 1392 1098 1471 (Ps.9t,12.13.):
1118 1392 1258 1465 ,‚ssesius

108 1466 234 1545 „bomo,
253 1488 342 1547 quein
361 1479 395 1527 tu
415 1468 604 1548 corripueris,
624 1469 764 1543 Domine,
784 1482 815 1529 et
833 1471 863 1529 in
872 1470 956 1551 Lege
975 1481 1025 1529 tua
1045 1468 1200 1542 erudieris,
1221 1480 1259 1531 nt

120 1556 259 1623 ,praestes
279 1544 322 1604 illi
341 1543 472 1623 quietem
484 1565 499 1603 a
511 1544 614 1605 diebus
631 1545 726 1621 malis,
745 1548 814 1606 duni
827 1547 938 1606 foditur
958 1546 1106 1627 peccatori
1126 1545 1257 1607 [Μεθ’

140 1641 193 1681 ura
211 1633 293 1681 certe
312 1624 451 1697 tentatio,
469 1621 521 1681 iibi
537 1623 617 1683 Deus
638 1643 760 1702 parcens
778 1622 947 1697 incredulis,
967 1634 997 1681 et
1016 1642 1118 1682 eorum
1138 1621 1264 1683 scelera-

108 1696 292 1759 dissimulans
309 1697 434 1779 rigidior
453 1717 524 1779 erga
541 1720 610 1759 suos
630 1712 759 1778 apparet.
796 1700 930 1779 Ideoque
950 1699 1045 1759 solatii
1065 1720 1149 1759 causa
1168 1700 1257 1761 addit

107 1776 197 1859 Legis
215 1774 462 1850 admonitionem,
480 1796 537 1855 qua
556 1776 667 1836 discant
684 1775 771 1836 saluti
791 1798 860 1837 suae
872 1774 995 1851 consuli,
1015 1776 1085 1835 duni
1105 1795 1255 1837 revocari-

106 1853 206 1915 turin
225 1850 321 1927 viam,
343 1852 427 1932 impii
445 1870 516 1913 tero
537 1853 711 1932 praecipites
730 1854 863 1914 ferantur
881 1853 912 1912 in
931 1875 1000 1913 suos
1019 1872 1153 1928 errores,
1173 1876 1256 1935 quo-

107 1950 174 1989 rum
193 1928 260 1989 finis
279 1942 324 1989 est
342 1929 441 1990 fovea.
481 1929 545 1990 Nec
557 1929 650 1990 refert
664 1928 740 1989 sitne
760 1943 878 1989 aeterna
898 1950 994 2009 poena
1008 1950 1043 1987 an
1060 1934 1254 2009 temporaria.

108 2007 184 2067 Tam
196 2006 275 2067 euim
295 2004 384 2082 bella,
403 2006 504 2081 lanies,
524 2004 718 2086 pestilentiae,
735 2006 842 2080 morbi,
862 2006 1085 2065 maledictiones
1093 2006 1153 2065 Dei
1170 2020 1254 2085 sunt,

129 2104 196 2143 nain
225 2082 321 2162 ipsum
350 2082 455 2143 mortis
480 2095 616 2143 aeternae
641 2082 795 2143 iudicium:
828 2085 896 2143 dum
922 2082 1093 2142 inseruntur
1121 2082 1153 2141 in
1181 2104 1253 2145 eutii

106 2104 214 2234 inem,
237 2171 272 2220 ut
290 2157 350 2220 sint
368 2159 670 2239 adi’ersus'reprobos
687 2159 750 2220 irae
768 2160 974 2240 vindictaeque
994 2158 1117 2219 Domini
1135 2160 1252 2223 instru-

105 2247 216 2297 menta.
576 2266 579 2271 ·
1034 2282 1040 2297 .

184 2318 233 2378 35.
253 2312 460 2405 «Perspiciunt
478 2332 558 2372 iiune
578 2332 680 2373 omnes
699 2313 745 2391 (ni
765 2312 878 2389 fallor,
899 2333 959 2391 quo
978 2323 1094 2392 spectet
1111 2310 1164 2373 illa
1182 2312 1251 2377 Do·

106 2389 180 2451 mini
200 2387 412 2449 animadversio
432 2390 463 2449 io
481 2388 640 2450 Davidem:
662 2409 769 2470 nempe
789 2402 822 2449 ut
841 2313 1050 2450 documentum
1071 2400 1161 2466 esset,
1178 2412 1250 2473 gra·

106 2466 184 2528 viter
208 2465 276 2526 Deo
303 2466 457 2544 displicere
484 2464 674 2527 homicidium
705 2478 735 2525 et
764 2465 955 2539 adulterium,
986 2468 1137 2528 adversum
1166 2468 1248 2548 quud

106 2552 222 2605 tautam
242 2541 441 2603 offensionem
460 2542 491 2601 in
512 2543 621 2604 dilecto
642 2554 673 2601 et
692 2542 772 2603 fideli
798 2564 883 2604 seri-o
903 2544 1093 2618 declarasset,
1123 2556 1160 2605 ut
1179 2564 1247 2605 erii-

108 2619 222 2681 disetur
240 2620 302 2701 ipse
322 2619 430 2693 David,
449 2640 489 2679 ne
508 2632 610 2699 postea
630 2620 688 2679 tale
709 2620 820 2680 lacinus
845 2620 980 2679 auderet:
1006 2640 1069 2679 non
1093 2632 1194 2681 autem
1216 2632 1249 2683 nt

130 2718 207 2759 uena
227 2708 313 2770 esset,
334 2698 683 2777 qna‘compensationem
703 2697 849 2777 quandam
870 2696 937 2755 Deo
962 2698 1099 2757 solveret.
1139 2698 1192 2758 Sic
1217 2710 1249 2759 et

107 2719 146 2835 de
165 2773 255 2835 altera
275 2774 466 2854 correptione
492 2773 679 2833 iudicandum
700 2785 759 2848 est,
784 2794 840 2926 qua
861 2773 1005 2832 Dominus
1031 2772 1176 2864 populum
1196 2792 1247 2835 ve·

107 2849 240 2912 hementi
264 2863 348 2931 peste
371 2850 476 2933 affligit
500 2849 556 2929 (ll.
576 2850 655 2910 Sam.
674 2856 729 2924 tt,
748 2857 795 2914 15.
819 2891 828 2920 ,
862 2848 901 2909 ob
922 2850 1043 2910 Davidis
1068 2850 1248 2911 inobedien-

107 2927 197 3002 tiam,
215 2928 251 2988 ad
271 2949 360 3007 quani
379 2928 411 2988 iu
431 2926 614 2988 recensendo
636 2928 700 3007 ipso
719 2928 831 3006 populu
849 2926 1004 3015 prolapsus
1024 2926 1130 2987 suerat.
1168 2927 1247 2987 Natu

107 3005 222 3085 pe'ccati
250 3004 369 3084 quidem
401 3026 506 3066 notam
529 3003 636 3063 Dsiidi
664 3004 755 3083 gratis
783 3004 908 3062 remisit:
941 3003 991 3062 sed
1019 3005 1086 3082 qnia
1116 3015 1181 3063 tum
1209 3004 1247 3064 ad

131 3080 260 3142 ublicuni
280 3082 410 3140 omnium
430 3079 614 3141 saeculorum
638 3078 818 3159 exemplum,
842 3091 904 3139 tuin
925 3080 960 3139 ad
981 3080 1105 3141 Davidis
1124 3099 1247 3161 quoque

106 3102 341 3219 bumiliationem
373 3157 558 3236 pertinebat,
588 3156 647 3216 tale
676 3154 788 3216 lacinus
821 3178 881 3215 noii
907 3158 1082 3236 impunitum
1109 3177 1248 3219 manere:

69 3302 71 3307 .
107 3237 202 3317 ipsum
221 3232 340 3314 flagello
360 3255 414 3295 suo
435 3233 593 3314 asperrime
613 3234 772 3325 castigavit.
814 3234 911 3306 Quem
931 3254 1053 3312 scopum
1073 3235 1102 3294 in
1124 3234 1247 3296 uuiver-

105 3312 160 3375 sali
181 3332 301 3390 quoque
321 3308 439 3370 humani
457 3310 574 3391 generis
593 3310 800 3370 maledictione
818 3330 888 3389 prae
908 3310 1001 3369 oculis
1020 3310 1131 3370 babere
1151 3312 1248 3373 decet.

108 3388 211 3463 Quum
232 3387 310 3447 enirn
329 3386 482 3466 impetratu
499 3386 601 3467 gratia,
621 3407 723 3447 omnes
742 3398 840 3445 tamen
860 3386 954 3445 adbuc
966 3388 1159 3467 perpetimur,
1170 3408 1249 3469 quae
1294 3416 1296 3425 ·

105 3465 137 3526 in
157 3464 270 3545 peccati
288 3483 415 3541 poenam
435 3465 549 3542 parenti
571 3476 673 3523 nostro
693 3464 823 3522 indictae
843 3461 973 3537 lucrant,
999 3464 1147 3524 miserias?
1177 3464 1249 3525 tali·
1293 3494 1296 3551 ᾗ

106 3543 162 3603 bus
181 3538 414 3601 exercitamentis
432 3539 584 3600 admoneri
605 3560 659 3601 nos
679 3540 831 3615 sentimus,
850 3561 937 3618 qnam
956 3540 1086 3621 graviter
1103 3541 1248 3603 DeoLe·
1294 3582 1296 3593 ·

105 3619 151 3703 gis
170 3636 240 3677 suae
266 3617 460 3707 transgressio
487 3616 652 3696 displiceat:
677 3638 737 3697 quo
763 3616 885 3675 miserae
910 3629 1029 3675 nostrae
1054 3619 1144 3677 sortis
1170 3640 1250 3679 con·
1293 3626 1296 3681 f

105 3695 227 3758 scienda
248 3692 354 3753 deiecti
375 3706 405 3752 et
425 3694 578 3765 humiliati,
598 3692 633 3752 ad
655 3714 752 3752 verani
774 3691 986 3751 beatitudinem
1000 3693 1149 3755 ardentius
1166 3695 1248 3777 aspi·
1293 3702 1296 3733 ¹

105 3792 213 3834 remus.
255 3768 447 3830 stultissimus
470 3790 541 3833 vero
567 3771 657 3830 fucrit
675 3771 700 3829 si
719 3769 782 3850 quis
801 3769 968 3843 arbitretur,
989 3771 1150 3849 praesentis
1167 3774 1249 3833 vitae

107 3848 283 3911 calamitates
302 3848 332 3905 in
353 3846 465 3925 peccati
486 3868 591 3906 noxam
612 3866 674 3907 esse
694 3847 780 3905 nobis
805 3845 965 3935 impositas.
1015 3847 1050 3904 ld
1071 3846 1143 3906 milii
1161 3849 1248 3909 vide·

105 3938 155 3986 tur
176 3922 250 3985 Chr
279 3935 461 3983 sostomus
482 3921 616 3996 voluisse,
636 3944 727 4002 qiiiim
748 3926 785 3981 ita
805 3922 921 4000 scripsit
942 3921 1059 4002 [lioniil.
1073 3930 1102 3987 3.
1115 3925 1153 3984 de
1173 3946 1247 4005 pso·
1291 3974 1296 3993 ,

104 4000 196 4081 iid.]:
231 3946 286 4076 „li
307 4000 346 4060 ob
368 4002 424 4060 boc
449 4020 559 4078 poenas
579 4000 669 4059 insert
688 3998 786 4072 Deus,
817 4011 850 4057 ut
870 3998 1004 4059 inmalis
1023 4012 1248 4134 gerseverantes
1294 4010 1296 4029 '

104 4078 166 4157 „ad
197 4076 410 4158 poenitentiam
436 4087 538 4151 vocet,
569 4087 686 4136 ostensa
705 4075 905 4154 poenitentia,
935 4095 1022 4155 super
1047 4098 1083 4135 ua
1107 4077 1166 4137 iam
1189 4081 1249 4141 erit
1293 4084 1296 4127 l

125 4159 254 4237 poena.“
305 4150 408 4226 Quare
427 4162 517 4232 prout
535 4152 762 4232 uniuscuiusque
782 4153 903 4234 ingenio
924 4152 1060 4231 expedire
1080 4155 1181 4230 novit,
1205 4158 1249 4217 ita
1293 4146 1296 4163 ¹

103 4198 185 4292 bunc
204 4229 311 4290 maiori
330 4228 498 4310 asperitate,
518 4227 600 4289 illuni
621 4228 800 4323 benigniore
819 4238 926 4289 tractat
945 4227 1136 4310 indulgentia.
1180 4231 1247 4295 Ita-

104 4327 165 4389 que
184 4307 236 4369 ubi
255 4307 366 4370 ducere
384 4302 462 4384 uult,
481 4326 513 4367 se
533 4326 595 4367 uon
616 4326 680 4369 esse
698 4328 729 4369 iu
750 4306 854 4386 poenis
874 4305 1023 4389 exigendis
1041 4306 1248 4390 immodicum,
