2700 4732
32 260 38 282 ,
102 200 163 281 sss
492 136 647 276 crustu.
687 194 778 263 cae,
797 194 841 258 11.

74 329 89 386 ⁸¹¹·
178 345 209 406 8.
248 340 359 399 Verum
378 349 447 399 ante
470 361 533 399 uanr
555 339 631 400 ultra
671 339 834 423 rogrediar,
854 338 994 421 quaedam
1036 339 1170 401 rooemia
1185 360 1240 403 ne·

104 416 227 480 e'ersaria
247 427 333 477 erunt
352 415 387 474 ad
407 360 708 497 nodoserplicandon
728 418 777 497 qui
795 415 978 478 obstaculum
999 360 1058 478 alio
1081 417 1109 475 ui
1130 410 1241 485 alieree

104 504 227 575 possent
246 491 416 552 lectoribus.
454 493 614 572 deprimo
635 493 788 553 refutanda
809 505 869 564 cst,
890 514 965 572 quae
985 495 1014 553 in
1035 438 1142 554 scholis
1162 495 1240 555 voli·
1282 565 1284 568 ¹

103 580 148 629 tat
167 569 321 651 nugatoria
343 569 410 628 fidei
432 569 574 629 lormatac
595 582 626 630 et
644 570 778 629 informis
792 570 939 630 distinctio
952 572 997 649 *).
1035 570 1242 652 Imaginantur

104 645 184 706 enim
209 665 260 705 eos
285 645 405 705 credere
426 645 563 725 quicquid
595 647 716 727 cognitu
747 647 940 707 necessarium
974 658 1018 706 est
1044 645 1241 726 adsalutem,

105 722 156 858 gui
176 721 258 781 nullo
279 721 386 781 timore
405 722 474 790 Dei,
495 719 576 806 nullo
597 723 711 803 pietatis
730 744 815 783 seusu
836 734 1006 803 tanguntur.
1053 722 1147 798 Quasi
1166 745 1239 786 vero

150 796 233 858 iritus
252 810 367 859 sanctus
388 798 476 857 corda
499 811 597 859 nostra
618 801 647 858 in
669 798 754 858 fidem
782 799 974 858 illuminando
1001 820 1062 860 non
1087 799 1126 858 sit
1150 798 1239 863 nobis

105 818 275 952 adoptionis
294 885 412 933 nostrae
437 877 519 939 testls
571 875 770 955 superciliose
795 888 908 950 tamen,
933 887 995 935 tota
1016 876 1167 954 Scriptura
1187 897 1239 937 re-

105 950 268 1024 clamante,
298 950 514 1030 persuasionem
546 951 623 1011 illam
651 951 758 1012 timore
783 952 840 1012 Dei
872 973 987 1011 vacuam
1019 953 1086 1012 fidei
1117 953 1239 1017 nomine
1293 951 1298 960 ’

104 1025 272 1109 dignantur.
324 1026 401 1086 Cum
426 1049 529 1087 eorum
555 1027 726 1088 definitione
752 1028 868 1110 longius
893 1028 1056 1088 conflictari
1076 1049 1152 1108 opus
1175 1050 1239 1089 non

105 1115 165 1176 est,
196 1124 282 1181 quam
308 1102 376 1162 fidei
402 1116 533 1163 naturam
559 1104 730 1183 simpliciter
750 1105 926 1175 enarrando,
947 1104 1038 1184 qualis
1065 1104 1159 1164 verbo
1180 1106 1240 1182 liei

59 1238 62 1243 .
103 1178 237 1241 traditur.
276 1178 363 1239 Unde
384 1178 497 1259 liquido
517 1181 646 1261 patebit,
666 1202 751 1261 quam
777 1181 913 1261 imperite
934 1193 963 1241 et
988 1179 1095 1242 insulse
1108 1182 1157 1240 'de
1176 1181 1240 1263 ipsa

105 1256 249 1316 strideant
267 1255 357 1337 magis
384 1278 469 1335 quam
496 1257 665 1334 loquantur.
714 1258 831 1317 Partem
852 1258 907 1314 iam
929 1259 1026 1338 attigi,
1051 1256 1162 1337 reliqua
1181 1280 1237 1320 suo

103 1330 173 1392 loco
194 1331 302 1391 deinde
321 1332 487 1406 subiit-iam.
525 1334 612 1394 Nunc
632 1333 712 1406 dico,
738 1332 812 1394 nihil
837 1354 939 1393 eorum
960 1347 1129 1395 commento
1151 1355 1239 1428 posse

104 1407 176 1502 fingi
195 1406 356 1469 absurdius.
395 1409 498 1468 tidem
518 1424 665 1469 assensum
686 1430 748 1469 esse
759 1408 872 1484 volunt,
892 1430 949 1491 qua
971 1410 1091 1488 recipiet
1112 1410 1241 1491 qurlibet

102 1482 162 1544 Der
173 1496 372 1564 contemptor,
392 1487 471 1564 quod
491 1506 525 1544 ex
535 1486 685 1564 Scriptura
706 1484 866 1565 profertur.
907 1486 999 1564 arqui
1021 1486 1115 1565 primo
1137 1487 1242 1547 viden·

104 1559 173 1625 dum
194 1573 268 1636 erat,
286 1561 381 1621 sibine
394 1561 516 1641 quisque
535 1562 657 1642 proprio
677 1575 768 1623 marte
788 1562 873 1619 lulum
894 1574 1033 1621 arcessat:
1055 1582 1090 1620 an
1111 1561 1241 1642 Spiritus

103 1651 220 1701 sanctur
263 1658 295 1696 cr
314 1659 376 1697 eam
397 1638 479 1698 testis
498 1639 536 1699 sit
554 1637 730 1718 adoptionis.
775 1637 878 1716 Itaque
905 1639 1057 1716 pueriliter
1080 1638 1241 1718 ineptiunt,

104 1658 273 1796 quaerendo
294 1736 332 1773 an
354 1714 454 1773 eadem
474 1715 512 1775 sit
537 1715 608 1774 fides
651 1736 716 1773 uam
741 1715 948 1794 superveniens
975 1714 1094 1792 qualitas
1120 1717 1241 1792 format,

58 1844 64 1848 .
104 1811 233 1853 ansero
254 1791 365 1850 diversa
390 1803 421 1851 et
445 1812 528 1852 nora.
580 1735 667 1850 Unde
694 1802 776 1850 certo
807 1804 930 1869 apparet
954 1790 993 1849 ita
1018 1790 1176 1882 garriendo
1202 1794 1241 1854 de

104 1867 245 1950 singulari
265 1866 391 1947 Spiritus
413 1867 492 1927 dono
515 1890 664 1948 nunquam
684 1870 843 1948 cogitasse:
876 1868 942 1946 quia
962 1868 1076 1925 initium
1097 1869 1241 1931 credendi

104 1943 159 2004 lam
179 1943 209 2002 in
229 1963 261 2004 se
279 1944 549 2011 reconciliationem
570 1944 713 2018 continet,
733 1944 799 2022 quia
824 1942 913 2002 homo
938 1943 974 2002 ad
995 1943 1093 2007 Deum,
1116 1947 1241 2008 accedit.

107 2018 224 2094 Quodsi
243 2019 444 2101 expenderent
462 2021 533 2080 illud
546 2021 638 2093 Pauli,
660 2019 760 2082 Corde
781 2020 909 2078 creditur
929 2019 964 2079 ad
985 2019 1124 2079 iustitiam
1134 2020 1239 2098 (hom.

104 2097 239 2174 10‚10.):
260 2098 371 2178 lingere
391 2097 559 2157 desinerent
579 2096 712 2178 frigidam
733 2094 998 2174 illamqualitatem.
1037 2096 1069 2155 Si
1089 2118 1148 2157 una
1168 2096 1241 2167 baec

104 2173 192 2237 nobis
210 2185 382 2252 suppeteret
401 2174 492 2245 ratio,
522 2173 619 2233 valere
639 2172 762 2231 deberet
781 2172 816 2230 ad
838 2173 917 2231 litem
939 2171 1108 2231 finiendam:
1139 2194 1240 2236 assert-

103 2249 216 2309 sionem
238 2249 457 2328 scilicetipsam
478 2251 562 2310 sicuti
583 2265 616 2308 ex
636 2261 718 2329 purte
738 2249 837 2329 attigi,
864 2260 893 2306 et
915 2248 1004 2308 fusius
1025 2249 1129 2311 iterum
1152 2270 1239 2332 repe.-

104 2335 175 2398 tam,
195 2326 291 2385 cordis
312 2346 373 2385 esse
393 2327 483 2406 magis
498 2349 582 2405 quam
605 2326 730 2399 cerebri,
750 2325 923 2385 et·allectus
944 2326 1032 2405 tnagis
1046 2348 1132 2403 quam
1152 2326 1240 2387 intel-

6 2430 13 2448 ·
105 2399 254 2480 ligentiac.
294 2401 361 2475 Qua
383 2406 497 2461 ratione
518 2402 687 2462 obedientia
708 2413 829 2460 vocatur
849 2401 917 2461 fidei
937 2401 1039 2478 (Rom.
1060 2411 1088 2475 1,
1108 2407 1168 2478 5.),
1189 2405 1239 2465 cui

104 2475 217 2537 nullum
237 2477 315 2537 aliud
336 2477 508 2558 obsequium
528 2479 658 2556 praelert
676 2479 836 2539 Domirurs:
863 2490 893 2536 et
913 2479 1036 2552 merito,
1057 2480 1174 2557 quando
1193 2479 1237 2541 illi

104 2555 298 2614 austeritate
319 2554 390 2613 nihil
412 2566 456 2614 est
475 2556 640 2646 pretiosius,
659 2576 744 2634 quam
765 2577 779 2613 a
801 2554 997 2626 credentibus,
1019 2555 1236 2633 quasisubtcri-

104 2629 209 2710 ptione
241 2631 316 2690 lacta
337 2630 485 2723 obsignari
532 2632 659 2692 loannes
690 2633 819 2711 Baptista
850 2643 895 2691 est
921 2631 1001 2690 testis
1030 2632 1089 2710 (lo.
1108 2637 1142 2702 3,
1159 2634 1235 2709 334).

107 2706 257 2781 Quoniam
278 2728 324 2767 res
344 2708 462 2767 mimme
483 2675 568 2768 dubia
590 2720 648 2783 est,
673 2728 732 2767 uno
754 2707 844 2766 verbo
871 2709 1036 2779 statuimus,
1066 2729 1115 2768 eos
1134 2708 1238 2788 inepte

105 2782 202 2862 loqui,
223 2794 312 2863 quum
332 2783 417 2843 fidem
444 2784 565 2844 formari
585 2786 686 2845 dicunt
718 2786 884 2843 accessione
915 2785 980 2862 piae
1007 2784 1174 2845 allectionis
1200 2786 1237 2847 ad

104 2879 251 2920 assensum
285 2860 377 2923 lacta:
408 2883 496 2940 quum
529 2882 660 2921 assensus
691 2881 809 2938 quoque
862 2861 888 2919 ia
921 2859 1081 2921 allectione
1112 2874 1241 2939 constet,

105 2934 199 3016 qualis
217 2936 319 2997 saltem
340 2937 370 2996 in
391 2934 549 3019 Scripturis
569 2939 794 2997 demonstratur.
840 2884 898 2996 bet
920 2936 1041 2996 alterum
1062 2937 1156 2997 nrulto
1178 2939 1240 3000 ela-

104 3011 164 3075 rius
184 3025 388 3093 argumentum
408 3034 439 3074 se
459 3015 615 3074 etiamnum
636 3014 735 3074 ollert.
776 3015 877 3087 Quum
898 3014 974 3072 enirn
996 3012 1065 3073 fides
1086 3014 1240 3076 Christum

104 3085 312 3167 amplectatur,
336 3101 370 3149 ut
389 3090 475 3150 nobis
496 3090 622 3150 ollertur
642 3112 657 3151 a
679 3089 780 3149 Patre:
805 3089 854 3148 ille
874 3110 945 3149 vero
966 3109 1027 3148 non
1047 3090 1076 3147 in
1098 3090 1240 3152 iustitiam

105 3162 207 3237 modo,
227 3177 416 3245 peccatorum
434 3168 634 3227 remissionem
657 3180 687 3225 et
707 3186 805 3246 pacem
827 3165 986 3239 offeratur,
1005 3164 1056 3225 sed
1077 3166 1106 3223 in
1127 3169 1240 3228 sancti·

105 3240 272 3303 ficationem
293 3263 412 3322 quoque
432 3254 463 3302 et
482 3244 593 3302 lontenr
620 3244 826 3321 aquaevivae,
859 3264 925 3302 eum
958 3241 1031 3300 haud
1060 3242 1147 3301 dubie
1182 3244 1241 3304 rite

105 3336 288 3397 cognoscere
313 3340 460 3396 nunquam
482 3320 608 3398 poterit,
628 3323 696 3396 quin
718 3320 977 3379 sanctificationem
999 3319 1125 3396 Spiritus
1151 3319 1240 3383 simul

106 3393 314 3475 apprehendat.
352 3395 444 3454 Autsi
466 3395 529 3474 quis
549 3398 676 3475 apertius
690 3396 719 3455 id
735 3395 841 3455 dictum
854 3396 963 3474 cupiat,
982 3395 1005 3454 F
1009 3396 1068 3454 ides
1081 3397 1110 3455 in
1127 3394 1242 3456 Christi

104 3468 210 3531 notitia
240 3470 294 3530 sita
324 3482 378 3529 est.
429 3470 561 3532 Christus
595 3472 648 3532 nisi
679 3493 745 3532 cum
776 3472 903 3553 Spiritus
934 3473 978 3531 sui
1009 3470 1241 3532 sanctificatione

104 3545 246 3627 cognosci
267 3546 378 3627 nequit
430 3548 646 3628 Consequitur,
677 3549 764 3608 fidem
788 3570 804 3607 a
826 3548 875 3628 pio
900 3549 1008 3610 all'ectu
1034 3549 1115 3608 nullo
1146 3551 1239 3611 modo

105 3639 168 3681 esse
188 3623 410 3685 distrahendam.

180 3704 209 3762 9.
250 3699 341 3772 Quod
361 3700 460 3760 solent
479 3700 640 3764 obtrudere
660 3700 739 3780 quod
760 3701 799 3761 ait
817 3699 939 3759 Paulusr
960 3699 992 3760 Si
1013 3699 1077 3780 quis
1097 3701 1242 3781 (scilicet)

104 3795 224 3837 omnem
243 3775 330 3836 fidem
356 3775 475 3854 babeat,
508 3790 541 3837 ut
564 3791 679 3838 montes
705 3777 875 3850 transferat,
909 3778 1058 3835 caritatem
1079 3797 1149 3836 raro
1176 3799 1240 3839 non

80 3926 81 3930 Ἰ
104 3849 222 3921 habeat,
243 3874 308 3910 eum
330 3853 402 3912 nibil
422 3874 484 3915 esse
504 3854 544 3932 (l.
566 3855 861 3944 Cor-13,2.),quo
883 3851 968 3912 hdem
990 3854 1109 3913 caritate
1129 3854 1241 3932 spolia-

104 3937 164 3989 tam
192 3928 373 3990 deforment:
399 3951 460 3992 non
485 3930 736 4006 animadvertunt,
767 3929 837 4009 qurd
869 3950 905 3989 eo
938 3929 1006 3990 loco
1032 3929 1069 3990 sit
1088 3930 1240 4010 Apostolo

173 4183 259 4304 qur.
277 4150 369 4238 nonu.
395 4187 440 4240 ns.
460 4187 486 4241 a
512 4186 568 4240 aaa
585 4190 627 4242 aa.
670 4187 737 4240 vu.
765 4164 962 4251 ..nassau
993 4187 1070 4240 aa...
1098 4188 1126 4241 aa
1152 4190 1241 4242 meaa.

104 4266 185 4371 aquen
201 4257 222 4308 l.
235 4320 242 4332 '
256 4253 320 4335 laem
336 4275 356 4306 r.
371 4254 412 4308 l‘l.
424 4269 449 4308 et
464 4255 515 4321 «ld,
531 4254 577 4308 ubi
595 4257 674 4311 fidem
692 4275 746 4309 non
766 4275 819 4309 esse
834 4255 891 4308 siue
908 4255 1013 4310 caritate
1031 4271 1056 4310 et
1072 4276 1126 4328 spe,
1143 4257 1241 4330 hasque

1 4363 2 4368 ,
105 4339 120 4372 a
157 4341 166 4372 r
187 4340 201 4371 a
219 4340 294 4386 gigur.
