2700 4732
106 206 166 269 m
496 164 918 260 mmfflm'

107 344 185 406 Nini
203 341 285 424 qnod
303 338 409 403 iubent
425 340 501 403 boul
519 351 633 424 patres,
655 360 774 402 omnem
799 340 953 420 utriusque
978 358 1060 400 serui
1084 338 1249 421 quotannis

107 416 199 481 semel
220 419 342 512 proprio
361 418 519 483 sacerdoti,
528 418 663 480 confiteri
678 418 775 477 omnia
794 429 923 498 peccata,
942 415 1030 477 faceti
1049 416 1183 477 homines
1201 413 1251 477 le-

108 496 180 587 pide
199 496 358 577 excipiunt,
377 494 435 558 lioe
454 506 614 586 praecepto
633 495 729 554 teneri
747 492 827 554 solos
848 492 1114 587 bermapbroditpi,
1133 492 1250 583 adne-

106 590 311 710 tzittittt
328 583 533 728 tftttttl
552 568 799 740 {illitati
815 570 960 726 {iiiiii
980 566 1250 736 littlt‘ff‘ttlt

107 666 1249 880 :trrius„:retinererisrizatgeuralltte:

106 877 146 939 ad
165 845 363 939 enuilieranda
380 887 500 957 peccata
519 875 653 936 bomines
673 875 768 958 cogit:
789 873 849 941 imo
868 875 983 935 fluxisse
1002 894 1096 936 annos
1114 841 1197 935 mille
1215 885 1249 934 et

108 952 254 1016 ducentos
276 974 293 1015 a
316 952 535 1016 resurrectione
555 950 678 1025 Christi,
695 963 851 1031 autequam
877 950 941 1012 talis
961 949 1018 1012 ulla
1038 950 1083 1010 lex
1109 950 1248 1011 serretur.

107 1028 215 1111 Itaque
243 1030 430 1111 tyrannidem
455 1027 530 1089 lianc
559 1027 646 1089 luisse
665 1029 782 1088 demum
801 1031 965 1104 invectam,
984 1049 1074 1107 quum
1103 1027 1247 1088 emuncta

107 1106 222 1243 rur
241 1102 1249 1244 ‘cruorirrisuituiueirscuuum

106 1202 350 1334 pppoffippsmp
365 1202 443 1339 ailla
465 1223 606 1337 ‘antiquos
630 1256 703 1318 alios
722 1257 905 1336 scriptores,
922 1277 996 1336 quae
1021 1256 1150 1317 doceant
1169 1255 1249 1319 bano

107 1333 198 1396 luisse
218 1333 367 1414 politicam
388 1333 581 1414 disciplinam,
599 1333 637 1394 ab
657 1333 811 1413 Episcopis
831 1335 1010 1407 institutam,
1029 1353 1090 1393 iion
1110 1331 1139 1393 le
1162 1352 1212 1394 em
1230 1352 1249 1393 a

109 1409 231 1475 Cbristo
252 1422 303 1471 aut
312 1409 465 1492 llpostolis
484 1410 618 1490 positam.
659 1410 757 1470 Unum
774 1409 910 1470 duntaxat
930 1430 946 1470 e
966 1408 1065 1469 multis
1084 1352 1249 1490 proiciam,

107 1486 190 1567 quod
216 1506 277 1547 non
301 1486 461 1549 obscurum
480 1486 542 1547 eius
568 1486 612 1546 rei
631 1485 840 1547 documentum
866 1487 932 1545 crit
973 1485 1078 1545 Refert
1097 1485 1250 1546 Soaonie-

106 1583 163 1624 nus
174 1563 209 1642 ⁴⁵)
229 1562 318 1625 fuisse
336 1562 413 1624 banc
432 1562 647 1643 Episcoporum
668 1562 909 1623 constitutionem
930 1561 1087 1645 diligenter
1105 1562 1249 1624 observa·

106 1648 167 1701 tani
197 1643 228 1699 in
253 1638 392 1701 Eccleiiis
418 1638 676 1715 occidentalibus,
707 1639 878 1719 praesertim
903 1659 974 1699 iero
1001 1638 1122 1698 liomae.
1172 1638 1248 1715 Quo

106 1714 252 1800 significat
280 1737 341 1777 nou
374 1715 461 1777 luisse
489 1714 652 1775 universale
678 1715 809 1775 omnium
839 1713 1034 1776 Ecclesiarum
1065 1714 1248 1777 institutum:

107 1813 200 1854 uuum
220 1803 316 1852 autem
337 1811 354 1853 e
373 1792 558 1871 Presbyteris
576 1790 762 1871 peculiariter
781 1791 958 1851 destinatum
984 1790 1071 1851 luisse
1091 1791 1174 1865 dicit,
1195 1792 1249 1873 qui

107 1868 177 1929 buic
196 1868 312 1929 muneri
337 1878 493 1948 praeesset.
532 1867 604 1943 Quo
624 1867 740 1929 abunde
760 1867 910 1941 confutat,
930 1868 1009 1947 quod
1030 1867 1079 1927 isti
1099 1866 1137 1927 de
1157 1867 1250 1929 claui·

105 1943 163 2006 bus
184 1945 321 2005 universo
340 1941 515 2007 sacerdotali
526 1943 627 2007 ordini
642 1945 673 2004 in
694 1943 771 2005 bunc
790 1964 875 2005 usum
893 1944 1058 2024 promiscue
1069 1943 1142 2004 datis
1159 1965 1249 2005 men-

105 2021 237 2082 tiuntur:
257 2020 400 2101 siquidem
421 2040 483 2082 uon
500 2019 631 2081 omnium
651 2021 837 2082 sacerdotum
855 2021 1018 2081 communis
1038 2031 1101 2080 erat
1120 2020 1250 2099 iunctio,

106 2096 160 2159 sed
179 2097 222 2158 siu
247 2096 341 2158 ulares
360 2102 447 2158 unius
466 2108 580 2178 partes,
605 2098 656 2176 qui
674 2095 711 2158 ad
731 2098 760 2157 id
780 2098 891 2157 electus
910 2096 947 2157 ab
967 2097 1122 2178 Episcopo¹
1139 2096 1248 2159 inerat.

106 2172 138 2265 ¹⁸.
157 2117 323 2267 esttdquem
344 2173 433 2234 bodie
452 2192 572 2264 quoqpe
591 2176 622 2232 iu
641 2172 761 2267 singulis
780 2172 992 2234 cathedralibus
1012 2172 1151 2234 Ecclesiis
1171 2192 1249 2254 poe-

104 2261 307 2310 nitentiarium
326 2250 448 2327 vocant)
468 2270 635 2330 graviorum
661 2251 833 2323 criminum,
863 2261 894 2310 et
917 2271 1042 2330 quorum
1066 2250 1247 2312 censura-ed

106 2326 271 2464 gepppupp
292 2327 600 2462 petili-npuupguipor.
639 2325 766 2463 Subppcit
785 2325 898 2462 deindp¹
911 2347 978 2386 eum
990 2345 1110 2463 quoppe
1125 2346 1247 2463 puoreipi

105 2422 242 2568 mirina?
251 2421 1249 2569 stlta:ztn’nttittntilli,itsbttatt‘fflt

103 2565 231 2617 texuisse
251 2554 432 2636 deprebensa
451 2565 536 2616 esset
578 2554 629 2616 Ob
649 2556 678 2615 id
699 2556 808 2617 facinus
827 2558 999 2631 Nectarius,
1022 2558 1066 2616 vir
1086 2568 1117 2616 ct
1135 2555 1248 2617 saneti·

104 2641 169 2693 tate
187 2642 218 2691 et
242 2630 410 2692 eruditione
430 2628 540 2707 clarus,
563 2631 639 2693 illius
664 2631 803 2693 ecclesiae
823 2633 1002 2723 Episcopus,
1021 2631 1185 2693 confitendi
1204 2632 1247 2693 ri-

105 2718 171 2799 tum
189 2706 351 2799 abrogavit
390 2707 457 2799 llic,
475 2706 523 2768 liic
542 2726 626 2769 aures
645 2709 719 2770 asini
738 2708 786 2768 isti
806 2722 944 2790 arrigunt.
983 2709 1016 2769 Si
1037 2708 1082 2771 lei
1100 2709 1158 2769 Dei
1179 2718 1247 2771 erat

107 2783 276 2845 auricularis
301 2783 466 2856 confessio,
497 2785 549 2864 qui
577 2806 663 2847 ausus
692 2797 768 2846 esset
787 2787 939 2847 Nectarius
969 2805 1033 2846 eaui
1057 2786 1185 2868 refigere
1210 2806 1247 2850 ae

106 2859 297 2923 convellere?
334 2860 503 2935 Nectarium
526 2874 658 2923 sanctum
676 2862 736 2921 Dei
761 2862 929 2937 bominem,
954 2862 1091 2923 omuibus
1110 2873 1247 2925 veterum

103 2937 255 3021 suffragiis
274 2936 451 3017 probatum,
477 2937 630 2999 haereseos
650 2949 680 2999 et
699 2938 858 2999 schismatis
877 2938 1070 2999 accusabunt?
1109 2937 1171 2999 Sed
1191 2958 1247 3001 eo·

105 3013 173 3074 dem
206 3014 319 3075 calculo
344 3014 524 3075 damnabunt
548 3014 699 3076 ecclesiam
726 3015 1101 3094 constantinopolitanam,
1130 3015 1161 3075 iu
1188 3037 1248 3097 qne

106 3090 269 3152 confitendi
288 3110 402 3151 morem
422 3112 483 3182 nou
504 3089 540 3151 ad
560 3103 674 3183 tempus
686 3091 776 3153 modo
787 3091 996 3151 dissimulatum
1016 3092 1114 3167 fuisse,
1133 3091 1188 3153 sed
1206 3092 1251 3153 ad-

105 3187 496 3333 affiittlttttttllt
509 3165 1053 3305 tltli‘ttttltibitibi?
1066 3169 1247 3307 risibili

104 3338 170 3409 reas
190 3331 288 3399 agant,
308 3340 384 3399 quae
403 3319 600 3379 inviolabilem
620 3322 660 3399 (si
679 3341 777 3381 verum
795 3321 911 3400 dicunt)
931 3321 1027 3404 legem
1047 3332 1077 3382 et
1096 3321 1246 3385 Christia-

104 3414 153 3456 nia
171 3395 309 3455 omuibus
328 3395 492 3455 mandatam
512 3395 714 3478 neglexerunt.

117 3520 131 3535 ..
182 3476 211 3537 8.
249 3472 337 3532 Hauc
356 3483 455 3531 autem
479 3471 706 3554 abrogationem
731 3484 777 3534 tot
797 3474 869 3535 locis
888 3474 1041 3534 evidenter
1062 3474 1246 3556 chrysosto-

103 3566 170 3609 mus
188 3559 330 3620 testatur,
363 3548 711 3629 Constantinopolitanae
738 3562 769 3611 et
793 3552 855 3630 ipse
882 3551 1022 3611 ecclesiae
1042 3550 1179 3626 Praesul,
1209 3563 1247 3617 ut

102 3623 210 3685 mirum
229 3625 268 3685 sit
286 3625 356 3684 istos
376 3624 485 3685 audere
505 3638 609 3687 contra
627 3627 744 3689 mutire.
764 3627 921 3704 „Peccata,
942 3628 1114 3708 inquiete),
1133 3639 1184 3689 tua
1198 3628 1250 3689 di-

50 3730 53 3735 c
103 3700 200 3778 „cito,
219 3711 252 3763 ut
271 3699 369 3762 deleas
388 3699 453 3761 illa:
471 3700 497 3762 si
517 3703 706 3764 confunderis
725 3703 813 3764 alicui
825 3705 922 3765 dicere
943 3724 1017 3783 quae
1036 3705 1176 3784 peccasti,
1196 3705 1246 3767 di-

103 3779 189 3855 „cito
209 3777 341 3858 qnotidie
361 3795 395 3837 ea
415 3777 444 3837 in
465 3779 558 3840 anima
577 3791 634 3839 tua.
677 3781 747 3842 Nou
768 3781 835 3841 dico
855 3794 889 3841 ut
908 3781 1076 3845 confitearis
1095 3800 1244 3843 conseruo

103 3865 191 3931 „tuo,
211 3854 261 3933 qui
281 3853 454 3933 exprobret:
474 3855 566 3916 dicito
585 3856 665 3931 Deo,
686 3859 736 3936 qui
756 3869 837 3917 curat
857 3878 900 3919 ea.
939 3858 1064 3917 Peccata
1083 3869 1134 3921 tua
1151 3878 1247 3939 super

102 3941 247 4008 ,emtum
266 3930 426 4007 confitere,
455 3942 489 3992 ut
518 3931 561 3992 ibi
588 3952 638 3994 suu
664 3932 740 3994 mala
766 3935 897 4013 quotidie
917 3934 1098 3996 couscientia
1121 3944 1174 3995 tua
1192 3952 1245 3997 re·

217 4183 317 4241 Ecelei.
333 4186 390 4240 laist.
407 4185 455 4241 lili.
473 4189 496 4241 7.
514 4208 571 4261 cap.
588 4190 629 4243 17.
646 4203 671 4241 et
688 4189 801 4261 'l'ripart
819 4191 876 4245 hist.
893 4190 938 4242 lib.
955 4190 980 4245 9.

159 4250 189 4284 ⁸*
221 4251 302 4307 Hom.
315 4256 341 4309 2
357 4254 386 4307 in
403 4253 470 4309 Pial.
486 4257 529 4311 ⁵0.
563 4255 645 4310 Seriu.
662 4257 695 4310 de
713 4260 813 4329 poenit
830 4272 855 4312 et
870 4260 978 4312 conless.
1011 4256 1130 4313 {lomb
1148 4258 1184 4314 de
1200 4256 1244 4317 in·

105 4319 336 4393 comprehensibili
349 4320 404 4381 nea·
418 4322 477 4381 Nat.
494 4338 564 4381 cont
579 4325 740 4383 Anemoeoi.
774 4325 840 4385 Itum
857 4327 931 4383 lioiu.
947 4329 973 4383 d
989 4325 1024 4385 de
1035 4324 1142 4385 Lauro.
