<?xml version="1.0" encoding="UTF-8"?>
<!DOCTYPE html PUBLIC "-//W3C//DTD XHTML 1.0 Transitional//EN"
    "http://www.w3.org/TR/xhtml1/DTD/xhtml1-transitional.dtd">
<html xmlns="http://www.w3.org/1999/xhtml" xml:lang="en" lang="en">
 <head>
  <title>
</title>
<meta http-equiv="Content-Type" content="text/html;charset=utf-8" />
  <meta name='ocr-system' content='tesseract 3.04.00' />
  <meta name='ocr-capabilities' content='ocr_page ocr_carea ocr_par ocr_line ocrx_word'/>
</head>
<body>
  <div class='ocr_page' id='page_1' title='image "./ioanniscalvinii02tholgoog/ioanniscalvinii02tholgoog_0464.png"; bbox 0 0 2700 4732; ppageno 0'>
   <div class='ocr_carea' id='block_1_1' title="bbox 447 178 1300 284">
    <p class='ocr_par' dir='ltr' id='par_1_1' title="bbox 447 178 1300 284">
     <span class='ocr_line' id='line_1_1' title="bbox 447 178 1300 284; baseline 0.013 -25"><span class='ocrx_word' id='word_1_1' title='bbox 447 202 540 263; x_wconf 77' lang='lat' dir='ltr'>sau.</span> <span class='ocrx_word' id='word_1_2' title='bbox 562 202 616 259; x_wconf 89' lang='grc' dir='ltr'>ιιι.</span> <span class='ocrx_word' id='word_1_3' title='bbox 656 202 745 263; x_wconf 80' lang='lat' dir='ltr'>cae.</span> <span class='ocrx_word' id='word_1_4' title='bbox 771 204 837 277; x_wconf 73' lang='grc' dir='ltr'>ιζιι.</span> <span class='ocrx_word' id='word_1_5' title='bbox 900 178 906 187; x_wconf 84' lang='grc'><strong>’</strong></span> <span class='ocrx_word' id='word_1_6' title='bbox 1156 208 1211 269; x_wconf 77' lang='lat' dir='ltr'>aas</span> <span class='ocrx_word' id='word_1_7' title='bbox 1297 276 1300 284; x_wconf 68' lang='grc'><em>,</em></span> 
     </span>
    </p>
   </div>
   <div class='ocr_carea' id='block_1_2' title="bbox 71 346 1274 2031">
    <p class='ocr_par' dir='ltr' id='par_1_2' title="bbox 71 346 1274 2031">
     <span class='ocr_line' id='line_1_2' title="bbox 71 346 1214 479; baseline 0.002 -74"><span class='ocrx_word' id='word_1_8' title='bbox 71 364 297 479; x_wconf 70' lang='lat' dir='ltr'>cqanuepnur.</span> <span class='ocrx_word' id='word_1_9' title='bbox 336 346 432 407; x_wconf 84' lang='lat' dir='ltr'>l&#39;orro</span> <span class='ocrx_word' id='word_1_10' title='bbox 454 367 638 426; x_wconf 81' lang='lat' dir='ltr'>nequaquam</span> <span class='ocrx_word' id='word_1_11' title='bbox 658 346 947 426; x_wconf 85' lang='lat' dir='ltr'>appetendum-quod</span> <span class='ocrx_word' id='word_1_12' title='bbox 966 348 1103 408; x_wconf 81' lang='lat' dir='ltr'>homiues</span> <span class='ocrx_word' id='word_1_13' title='bbox 1122 348 1214 429; x_wconf 79' lang='lat' dir='ltr'>magis</span> 
     </span>
     <span class='ocr_line' id='line_1_3' title="bbox 71 434 1274 483; baseline -0.002 0"><span class='ocrx_word' id='word_1_14' title='bbox 71 442 194 483; x_wconf 74' lang='lat' dir='ltr'>nastros</span> <span class='ocrx_word' id='word_1_15' title='bbox 227 434 294 482; x_wconf 78' lang='lat' dir='ltr'>arn</span> <span class='ocrx_word' id='word_1_16' title='bbox 1270 440 1274 447; x_wconf 91' lang='grc'><strong>“</strong></span> 
     </span>
     <span class='ocr_line' id='line_1_4' title="bbox 147 492 1211 581; baseline 0.004 -24"><span class='ocrx_word' id='word_1_17' title='bbox 147 492 178 565; x_wconf 67' lang='grc'>9.</span> <span class='ocrx_word' id='word_1_18' title='bbox 216 498 298 581; x_wconf 77' lang='lat' dir='ltr'>Ergo</span> <span class='ocrx_word' id='word_1_19' title='bbox 324 499 349 559; x_wconf 91' lang='lat' dir='ltr'>si</span> <span class='ocrx_word' id='word_1_20' title='bbox 368 519 488 561; x_wconf 86' lang='lat' dir='ltr'>omnem</span> <span class='ocrx_word' id='word_1_21' title='bbox 515 500 649 579; x_wconf 89' lang='lat' dir='ltr'>prosperi</span> <span class='ocrx_word' id='word_1_22' title='bbox 675 521 823 561; x_wconf 77' lang='lat' dir='ltr'><strong>successus</strong></span> <span class='ocrx_word' id='word_1_23' title='bbox 848 510 935 579; x_wconf 86' lang='lat' dir='ltr'>atque</span> <span class='ocrx_word' id='word_1_24' title='bbox 956 500 1094 580; x_wconf 84' lang='lat' dir='ltr'>optabilis</span> <span class='ocrx_word' id='word_1_25' title='bbox 1119 502 1211 561; x_wconf 91' lang='lat' dir='ltr'>catio·</span> 
     </span>
     <span class='ocr_line' id='line_1_5' title="bbox 71 574 1211 656; baseline 0.004 -23"><span class='ocrx_word' id='word_1_26' title='bbox 71 594 141 645; x_wconf 79' lang='lat' dir='ltr'>nem</span> <span class='ocrx_word' id='word_1_27' title='bbox 160 574 192 635; x_wconf 91' lang='lat' dir='ltr'>iu</span> <span class='ocrx_word' id='word_1_28' title='bbox 210 574 274 637; x_wconf 88' lang='lat' dir='ltr'>sola</span> <span class='ocrx_word' id='word_1_29' title='bbox 292 576 351 636; x_wconf 87' lang='lat' dir='ltr'>Dei</span> <span class='ocrx_word' id='word_1_30' title='bbox 370 574 580 637; x_wconf 86' lang='lat' dir='ltr'>benedictione</span> <span class='ocrx_word' id='word_1_31' title='bbox 599 578 744 637; x_wconf 90' lang='lat' dir='ltr'>eredimus</span> <span class='ocrx_word' id='word_1_32' title='bbox 763 598 827 637; x_wconf 83' lang='lat' dir='ltr'>esse</span> <span class='ocrx_word' id='word_1_33' title='bbox 848 577 988 656; x_wconf 89' lang='lat' dir='ltr'>positam,</span> <span class='ocrx_word' id='word_1_34' title='bbox 1013 599 1069 656; x_wconf 89' lang='lat' dir='ltr'>qua</span> <span class='ocrx_word' id='word_1_35' title='bbox 1090 577 1211 638; x_wconf 88' lang='lat' dir='ltr'>absente</span> 
     </span>
     <span class='ocr_line' id='line_1_6' title="bbox 71 650 1211 733; baseline -0.002 -18"><span class='ocrx_word' id='word_1_36' title='bbox 71 650 205 715; x_wconf 77' lang='lat' dir='ltr'>miseriae</span> <span class='ocrx_word' id='word_1_37' title='bbox 224 672 280 715; x_wconf 85' lang='lat' dir='ltr'>nos</span> <span class='ocrx_word' id='word_1_38' title='bbox 299 672 388 714; x_wconf 87' lang='lat' dir='ltr'>ornne</span> <span class='ocrx_word' id='word_1_39' title='bbox 408 674 501 733; x_wconf 76' lang='lat' dir='ltr'>genus</span> <span class='ocrx_word' id='word_1_40' title='bbox 527 666 558 713; x_wconf 89' lang='lat' dir='ltr'>et</span> <span class='ocrx_word' id='word_1_41' title='bbox 576 654 747 714; x_wconf 71' lang='lat' dir='ltr'>calamitatis</span> <span class='ocrx_word' id='word_1_42' title='bbox 776 665 929 713; x_wconf 88' lang='lat' dir='ltr'>maneant:</span> <span class='ocrx_word' id='word_1_43' title='bbox 962 666 1058 717; x_wconf 82' lang='lat' dir='ltr'>restat</span> <span class='ocrx_word' id='word_1_44' title='bbox 1071 655 1158 713; x_wconf 89' lang='lat' dir='ltr'>etiam</span> <span class='ocrx_word' id='word_1_45' title='bbox 1177 665 1211 713; x_wconf 89' lang='lat' dir='ltr'>nt</span> 
     </span>
     <span class='ocr_line' id='line_1_7' title="bbox 71 726 1210 822; baseline -0.002 -31"><span class='ocrx_word' id='word_1_46' title='bbox 71 748 109 791; x_wconf 80' lang='lat' dir='ltr'>ne</span> <span class='ocrx_word' id='word_1_47' title='bbox 130 726 252 810; x_wconf 85' lang='lat' dir='ltr'>&#39;propria</span> <span class='ocrx_word' id='word_1_48' title='bbox 270 728 315 791; x_wconf 81' lang='lat' dir='ltr'>uel</span> <span class='ocrx_word' id='word_1_49' title='bbox 336 730 447 822; x_wconf 72' lang='lat' dir='ltr'>ingenii</span> <span class='ocrx_word' id='word_1_50' title='bbox 467 730 657 804; x_wconf 74' lang='lat' dir='ltr'>dexteritate,</span> <span class='ocrx_word' id='word_1_51' title='bbox 683 730 729 789; x_wconf 85' lang='lat' dir='ltr'>vel</span> <span class='ocrx_word' id='word_1_52' title='bbox 748 730 903 791; x_wconf 86' lang='lat' dir='ltr'>sedulitate</span> <span class='ocrx_word' id='word_1_53' title='bbox 924 730 1009 804; x_wconf 88' lang='lat' dir='ltr'>freti,</span> <span class='ocrx_word' id='word_1_54' title='bbox 1035 752 1089 789; x_wconf 88' lang='lat' dir='ltr'>nec</span> <span class='ocrx_word' id='word_1_55' title='bbox 1115 726 1210 791; x_wconf 85' lang='lat' dir='ltr'>borni-</span> 
     </span>
     <span class='ocr_line' id='line_1_8' title="bbox 71 804 1210 884; baseline 0.003 -19"><span class='ocrx_word' id='word_1_56' title='bbox 71 826 141 867; x_wconf 87' lang='lat' dir='ltr'>num</span> <span class='ocrx_word' id='word_1_57' title='bbox 163 804 264 865; x_wconf 84' lang='lat' dir='ltr'>favore</span> <span class='ocrx_word' id='word_1_58' title='bbox 287 806 421 881; x_wconf 75' lang='lat' dir='ltr'>subnixi,</span> <span class='ocrx_word' id='word_1_59' title='bbox 453 805 497 867; x_wconf 88' lang='lat' dir='ltr'>vel</span> <span class='ocrx_word' id='word_1_60' title='bbox 523 808 603 866; x_wconf 91' lang='lat' dir='ltr'>inani</span> <span class='ocrx_word' id='word_1_61' title='bbox 630 807 767 867; x_wconf 79' lang='lat' dir='ltr'>fortunae</span> <span class='ocrx_word' id='word_1_62' title='bbox 792 806 1000 884; x_wconf 75' lang='lat' dir='ltr'>imaginatione</span> <span class='ocrx_word' id='word_1_63' title='bbox 1025 808 1146 880; x_wconf 87' lang='lat' dir='ltr'>conlisi,</span> <span class='ocrx_word' id='word_1_64' title='bbox 1173 807 1210 867; x_wconf 90' lang='lat' dir='ltr'>ad</span> 
     </span>
     <span class='ocr_line' id='line_1_9' title="bbox 71 880 1259 963; baseline 0.003 -22"><span class='ocrx_word' id='word_1_65' title='bbox 71 900 146 963; x_wconf 81' lang='lat' dir='ltr'>uper</span> <span class='ocrx_word' id='word_1_66' title='bbox 172 880 361 962; x_wconf 80' lang='lat' dir='ltr'>honoresque</span> <span class='ocrx_word' id='word_1_67' title='bbox 384 884 490 962; x_wconf 86' lang='lat' dir='ltr'>cupide</span> <span class='ocrx_word' id='word_1_68' title='bbox 520 884 745 943; x_wconf 81' lang='lat' dir='ltr'>contendamus:</span> <span class='ocrx_word' id='word_1_69' title='bbox 777 884 828 943; x_wconf 90' lang='lat' dir='ltr'>sed</span> <span class='ocrx_word' id='word_1_70' title='bbox 854 884 883 941; x_wconf 91' lang='lat' dir='ltr'>in</span> <span class='ocrx_word' id='word_1_71' title='bbox 909 883 1071 959; x_wconf 82' lang='lat' dir='ltr'>Dominum</span> <span class='ocrx_word' id='word_1_72' title='bbox 1095 903 1212 963; x_wconf 85' lang='lat' dir='ltr'>semper</span> <span class='ocrx_word' id='word_1_73' title='bbox 1256 940 1259 945; x_wconf 86' lang='lat'>.</span> 
     </span>
     <span class='ocr_line' id='line_1_10' title="bbox 71 958 1210 1039; baseline 0 -20"><span class='ocrx_word' id='word_1_74' title='bbox 71 978 117 1019; x_wconf 83' lang='lat' dir='ltr'>tes</span> <span class='ocrx_word' id='word_1_75' title='bbox 139 958 271 1032; x_wconf 76' lang='lat' dir='ltr'>iciamus,</span> <span class='ocrx_word' id='word_1_76' title='bbox 290 970 323 1019; x_wconf 92' lang='lat' dir='ltr'>ut</span> <span class='ocrx_word' id='word_1_77' title='bbox 342 960 405 1020; x_wconf 87' lang='lat' dir='ltr'>eius</span> <span class='ocrx_word' id='word_1_78' title='bbox 424 960 558 1039; x_wconf 84' lang='lat' dir='ltr'>auspiciis</span> <span class='ocrx_word' id='word_1_79' title='bbox 579 960 614 1019; x_wconf 92' lang='lat' dir='ltr'>ad</span> <span class='ocrx_word' id='word_1_80' title='bbox 628 979 833 1039; x_wconf 84' lang='lat' dir='ltr'>quamcunque</span> <span class='ocrx_word' id='word_1_81' title='bbox 849 960 899 1019; x_wconf 85' lang='lat' dir='ltr'>ille</span> <span class='ocrx_word' id='word_1_82' title='bbox 918 959 1080 1038; x_wconf 86' lang='lat' dir='ltr'>providerit</span> <span class='ocrx_word' id='word_1_83' title='bbox 1099 971 1210 1020; x_wconf 85' lang='lat' dir='ltr'>sortem</span> 
     </span>
     <span class='ocr_line' id='line_1_11' title="bbox 71 1034 1211 1127; baseline 0 -32"><span class='ocrx_word' id='word_1_84' title='bbox 71 1034 106 1095; x_wconf 80' lang='lat' dir='ltr'>de</span> <span class='ocrx_word' id='word_1_85' title='bbox 131 1055 261 1096; x_wconf 78' lang='lat' dir='ltr'>utamur.</span> <span class='ocrx_word' id='word_1_86' title='bbox 301 1035 346 1093; x_wconf 86' lang='lat' dir='ltr'>lta</span> <span class='ocrx_word' id='word_1_87' title='bbox 367 1035 493 1127; x_wconf 83' lang='lat' dir='ltr'>primunr</span> <span class='ocrx_word' id='word_1_88' title='bbox 516 1037 567 1095; x_wconf 85' lang='lat' dir='ltr'>fret</span> <span class='ocrx_word' id='word_1_89' title='bbox 585 1048 618 1095; x_wconf 90' lang='lat' dir='ltr'>ut</span> <span class='ocrx_word' id='word_1_90' title='bbox 638 1057 699 1096; x_wconf 91' lang='lat' dir='ltr'>non</span> <span class='ocrx_word' id='word_1_91' title='bbox 721 1058 774 1115; x_wconf 88' lang='lat' dir='ltr'>per</span> <span class='ocrx_word' id='word_1_92' title='bbox 794 1035 894 1111; x_wconf 86' lang='lat' dir='ltr'>nefas,</span> <span class='ocrx_word' id='word_1_93' title='bbox 919 1048 951 1095; x_wconf 87' lang='lat' dir='ltr'>et</span> <span class='ocrx_word' id='word_1_94' title='bbox 975 1034 1051 1095; x_wconf 91' lang='lat' dir='ltr'>dolis</span> <span class='ocrx_word' id='word_1_95' title='bbox 1076 1057 1110 1095; x_wconf 89' lang='lat' dir='ltr'>ae</span> <span class='ocrx_word' id='word_1_96' title='bbox 1127 1034 1211 1097; x_wconf 87' lang='lat' dir='ltr'>malis</span> 
     </span>
     <span class='ocr_line' id='line_1_12' title="bbox 71 1110 1209 1192; baseline -0.001 -19"><span class='ocrx_word' id='word_1_97' title='bbox 71 1110 196 1185; x_wconf 86' lang='lat' dir='ltr'>trlibus,</span> <span class='ocrx_word' id='word_1_98' title='bbox 214 1111 260 1171; x_wconf 84' lang='lat' dir='ltr'>vel</span> <span class='ocrx_word' id='word_1_99' title='bbox 280 1132 310 1171; x_wconf 90' lang='lat' dir='ltr'>ra</span> <span class='ocrx_word' id='word_1_100' title='bbox 333 1125 448 1187; x_wconf 74' lang='lat' dir='ltr'>aestate,</span> <span class='ocrx_word' id='word_1_101' title='bbox 468 1135 533 1173; x_wconf 91' lang='lat' dir='ltr'>cum</span> <span class='ocrx_word' id='word_1_102' title='bbox 555 1111 753 1192; x_wconf 81' lang='lat' dir='ltr'>proximorum</span> <span class='ocrx_word' id='word_1_103' title='bbox 774 1113 878 1173; x_wconf 87' lang='lat' dir='ltr'>iniuria</span> <span class='ocrx_word' id='word_1_104' title='bbox 898 1134 1015 1173; x_wconf 83' lang='lat' dir='ltr'>ruamus</span> <span class='ocrx_word' id='word_1_105' title='bbox 1035 1112 1070 1171; x_wconf 91' lang='lat' dir='ltr'>ad</span> <span class='ocrx_word' id='word_1_106' title='bbox 1091 1124 1209 1190; x_wconf 88' lang='lat' dir='ltr'>captan-</span> 
     </span>
     <span class='ocr_line' id='line_1_13' title="bbox 71 1133 1210 1268; baseline -0.001 -21"><span class='ocrx_word' id='word_1_107' title='bbox 71 1188 122 1249; x_wconf 88' lang='lat' dir='ltr'>das</span> <span class='ocrx_word' id='word_1_108' title='bbox 142 1207 234 1268; x_wconf 89' lang='lat' dir='ltr'>opes,</span> <span class='ocrx_word' id='word_1_109' title='bbox 252 1188 289 1247; x_wconf 87' lang='lat' dir='ltr'>ad</span> <span class='ocrx_word' id='word_1_110' title='bbox 310 1133 440 1249; x_wconf 75' lang='lat' dir='ltr'>bonores</span> <span class='ocrx_word' id='word_1_111' title='bbox 459 1189 655 1249; x_wconf 83' lang='lat' dir='ltr'>inuadendos:</span> <span class='ocrx_word' id='word_1_112' title='bbox 680 1188 731 1248; x_wconf 89' lang='lat' dir='ltr'>sed</span> <span class='ocrx_word' id='word_1_113' title='bbox 752 1208 799 1247; x_wconf 89' lang='lat' dir='ltr'>eas</span> <span class='ocrx_word' id='word_1_114' title='bbox 820 1200 933 1247; x_wconf 89' lang='lat' dir='ltr'>tantum</span> <span class='ocrx_word' id='word_1_115' title='bbox 954 1188 1087 1248; x_wconf 86' lang='lat' dir='ltr'>fo&#39;rtnnas</span> <span class='ocrx_word' id='word_1_116' title='bbox 1106 1194 1210 1267; x_wconf 85' lang='lat' dir='ltr'>seqba·</span> 
     </span>
     <span class='ocr_line' id='line_1_14' title="bbox 71 1262 1211 1401; baseline -0.002 -76"><span class='ocrx_word' id='word_1_117' title='bbox 71 1284 147 1355; x_wconf 69' lang='lat' dir='ltr'>mne,</span> <span class='ocrx_word' id='word_1_118' title='bbox 167 1282 242 1401; x_wconf 75' lang='lat' dir='ltr'>quae</span> <span class='ocrx_word' id='word_1_119' title='bbox 255 1285 309 1325; x_wconf 85' lang='lat' dir='ltr'>nos</span> <span class='ocrx_word' id='word_1_120' title='bbox 329 1266 365 1325; x_wconf 88' lang='lat' dir='ltr'>ab</span> <span class='ocrx_word' id='word_1_121' title='bbox 385 1264 557 1326; x_wconf 88' lang='lat' dir='ltr'>innocentia</span> <span class='ocrx_word' id='word_1_122' title='bbox 578 1284 639 1324; x_wconf 92' lang='lat' dir='ltr'>non</span> <span class='ocrx_word' id='word_1_123' title='bbox 659 1264 816 1327; x_wconf 86' lang='lat' dir='ltr'>abducant.</span> <span class='ocrx_word' id='word_1_124' title='bbox 856 1266 931 1339; x_wconf 87' lang='lat' dir='ltr'>Quis</span> <span class='ocrx_word' id='word_1_125' title='bbox 952 1263 1148 1355; x_wconf 66' lang='lat' dir='ltr'>enimsperet</span> <span class='ocrx_word' id='word_1_126' title='bbox 1167 1262 1211 1323; x_wconf 93' lang='lat' dir='ltr'>di·</span> 
     </span>
     <span class='ocr_line' id='line_1_15' title="bbox 71 1362 154 1403; baseline -0.024 0"><span class='ocrx_word' id='word_1_127' title='bbox 71 1362 154 1403; x_wconf 80' lang='lat' dir='ltr'>ranae</span> 
     </span>
     <span class='ocr_line' id='line_1_16' title="bbox 71 1414 1250 1499; baseline -0.002 -20"><span class='ocrx_word' id='word_1_128' title='bbox 71 1414 228 1479; x_wconf 70' lang='lat' dir='ltr'>milium?</span> <span class='ocrx_word' id='word_1_129' title='bbox 266 1418 341 1477; x_wconf 85' lang='lat' dir='ltr'>Nam</span> <span class='ocrx_word' id='word_1_130' title='bbox 362 1430 395 1478; x_wconf 92' lang='lat' dir='ltr'>ut</span> <span class='ocrx_word' id='word_1_131' title='bbox 414 1418 462 1479; x_wconf 88' lang='lat' dir='ltr'>illa</span> <span class='ocrx_word' id='word_1_132' title='bbox 483 1418 536 1477; x_wconf 86' lang='lat' dir='ltr'>nisi</span> <span class='ocrx_word' id='word_1_133' title='bbox 558 1438 631 1495; x_wconf 89' lang='lat' dir='ltr'>pure</span> <span class='ocrx_word' id='word_1_134' title='bbox 645 1429 825 1497; x_wconf 76' lang='lat' dir='ltr'>cogitantem</span> <span class='ocrx_word' id='word_1_135' title='bbox 847 1438 880 1476; x_wconf 90' lang='lat' dir='ltr'>ae</span> <span class='ocrx_word' id='word_1_136' title='bbox 901 1430 981 1476; x_wconf 88' lang='lat' dir='ltr'>recte</span> <span class='ocrx_word' id='word_1_137' title='bbox 992 1428 1127 1499; x_wconf 79' lang='lat' dir='ltr'>agentem</span> <span class='ocrx_word' id='word_1_138' title='bbox 1149 1438 1210 1478; x_wconf 89' lang='lat' dir='ltr'>non</span> <span class='ocrx_word' id='word_1_139' title='bbox 1241 1432 1250 1441; x_wconf 85' lang='lat'><strong>·</strong></span> 
     </span>
     <span class='ocr_line' id='line_1_17' title="bbox 71 1492 1210 1576; baseline 0 -23"><span class='ocrx_word' id='word_1_140' title='bbox 71 1492 217 1573; x_wconf 76' lang='lat' dir='ltr'>sequitur:</span> <span class='ocrx_word' id='word_1_141' title='bbox 238 1493 343 1555; x_wconf 85' lang='lat' dir='ltr'>itaeos</span> <span class='ocrx_word' id='word_1_142' title='bbox 362 1515 476 1567; x_wconf 87' lang='lat' dir='ltr'>omnes,</span> <span class='ocrx_word' id='word_1_143' title='bbox 494 1514 509 1553; x_wconf 95' lang='lat' dir='ltr'>a</span> <span class='ocrx_word' id='word_1_144' title='bbox 526 1494 633 1574; x_wconf 89' lang='lat' dir='ltr'>quibus</span> <span class='ocrx_word' id='word_1_145' title='bbox 652 1493 808 1573; x_wconf 81' lang='lat' dir='ltr'>expetitur,</span> <span class='ocrx_word' id='word_1_146' title='bbox 827 1493 865 1551; x_wconf 90' lang='lat' dir='ltr'>ab</span> <span class='ocrx_word' id='word_1_147' title='bbox 886 1493 1005 1572; x_wconf 87' lang='lat' dir='ltr'>obliqua</span> <span class='ocrx_word' id='word_1_148' title='bbox 1025 1494 1210 1576; x_wconf 80' lang='lat' dir='ltr'>cogitatione</span> 
     </span>
     <span class='ocr_line' id='line_1_18' title="bbox 71 1568 1211 1648; baseline 0 -19"><span class='ocrx_word' id='word_1_149' title='bbox 71 1568 226 1648; x_wconf 78' lang='lat' dir='ltr'>pravisque</span> <span class='ocrx_word' id='word_1_150' title='bbox 244 1570 425 1637; x_wconf 79' lang='lat' dir='ltr'>facinoribus</span> <span class='ocrx_word' id='word_1_151' title='bbox 445 1581 573 1631; x_wconf 79' lang='lat' dir='ltr'>revocat.</span> <span class='ocrx_word' id='word_1_152' title='bbox 614 1570 730 1629; x_wconf 85' lang='lat' dir='ltr'>Deinde</span> <span class='ocrx_word' id='word_1_153' title='bbox 751 1568 891 1630; x_wconf 87' lang='lat' dir='ltr'>iniectum</span> <span class='ocrx_word' id='word_1_154' title='bbox 905 1573 962 1627; x_wconf 90' lang='lat' dir='ltr'>erit</span> <span class='ocrx_word' id='word_1_155' title='bbox 981 1570 1067 1633; x_wconf 79' lang='lat' dir='ltr'>nobb</span> <span class='ocrx_word' id='word_1_156' title='bbox 1084 1570 1211 1645; x_wconf 81' lang='lat' dir='ltr'>frenum,</span> 
     </span>
     <span class='ocr_line' id='line_1_19' title="bbox 71 1642 1211 1724; baseline 0.003 -21"><span class='ocrx_word' id='word_1_157' title='bbox 71 1662 106 1703; x_wconf 84' lang='lat' dir='ltr'>ue</span> <span class='ocrx_word' id='word_1_158' title='bbox 126 1642 285 1709; x_wconf 81' lang='lat' dir='ltr'>immodica</span> <span class='ocrx_word' id='word_1_159' title='bbox 305 1646 466 1711; x_wconf 83' lang='lat' dir='ltr'>ditescendi</span> <span class='ocrx_word' id='word_1_160' title='bbox 487 1646 645 1724; x_wconf 89' lang='lat' dir='ltr'>cupiditate</span> <span class='ocrx_word' id='word_1_161' title='bbox 671 1646 839 1717; x_wconf 87' lang='lat' dir='ltr'>ardeamus,</span> <span class='ocrx_word' id='word_1_162' title='bbox 864 1665 937 1705; x_wconf 83' lang='lat' dir='ltr'>nere</span> <span class='ocrx_word' id='word_1_163' title='bbox 962 1644 1125 1705; x_wconf 89' lang='lat' dir='ltr'>honoribus</span> <span class='ocrx_word' id='word_1_164' title='bbox 1150 1666 1211 1707; x_wconf 85' lang='lat' dir='ltr'>am·</span> 
     </span>
     <span class='ocr_line' id='line_1_20' title="bbox 71 1718 1210 1801; baseline 0.002 -20"><span class='ocrx_word' id='word_1_165' title='bbox 71 1719 180 1781; x_wconf 80' lang='lat' dir='ltr'>bitiose</span> <span class='ocrx_word' id='word_1_166' title='bbox 211 1718 364 1783; x_wconf 80' lang='lat' dir='ltr'>inhiemus.</span> <span class='ocrx_word' id='word_1_167' title='bbox 415 1722 485 1797; x_wconf 87' lang='lat' dir='ltr'>Qua</span> <span class='ocrx_word' id='word_1_168' title='bbox 510 1724 588 1781; x_wconf 89' lang='lat' dir='ltr'>enim</span> <span class='ocrx_word' id='word_1_169' title='bbox 621 1723 720 1781; x_wconf 91' lang='lat' dir='ltr'>fronte</span> <span class='ocrx_word' id='word_1_170' title='bbox 747 1722 812 1801; x_wconf 88' lang='lat' dir='ltr'>quis</span> <span class='ocrx_word' id='word_1_171' title='bbox 836 1742 852 1780; x_wconf 92' lang='lat' dir='ltr'>a</span> <span class='ocrx_word' id='word_1_172' title='bbox 873 1722 940 1779; x_wconf 89' lang='lat' dir='ltr'>Deo</span> <span class='ocrx_word' id='word_1_173' title='bbox 966 1742 997 1781; x_wconf 88' lang='lat' dir='ltr'>se</span> <span class='ocrx_word' id='word_1_174' title='bbox 1024 1722 1154 1783; x_wconf 86' lang='lat' dir='ltr'>adiutum</span> <span class='ocrx_word' id='word_1_175' title='bbox 1174 1722 1210 1783; x_wconf 84' lang='lat' dir='ltr'>iri</span> 
     </span>
     <span class='ocr_line' id='line_1_21' title="bbox 71 1794 1210 1877; baseline 0 -20"><span class='ocrx_word' id='word_1_176' title='bbox 71 1794 201 1857; x_wconf 82' lang='lat' dir='ltr'>confidat</span> <span class='ocrx_word' id='word_1_177' title='bbox 228 1795 266 1856; x_wconf 87' lang='lat' dir='ltr'>ad</span> <span class='ocrx_word' id='word_1_178' title='bbox 292 1817 326 1859; x_wconf 86' lang='lat' dir='ltr'>ea</span> <span class='ocrx_word' id='word_1_179' title='bbox 346 1798 570 1877; x_wconf 89' lang='lat' dir='ltr'>consequenda,</span> <span class='ocrx_word' id='word_1_180' title='bbox 590 1818 665 1873; x_wconf 91' lang='lat' dir='ltr'>quae</span> <span class='ocrx_word' id='word_1_181' title='bbox 690 1809 793 1859; x_wconf 88' lang='lat' dir='ltr'>contra</span> <span class='ocrx_word' id='word_1_182' title='bbox 821 1799 882 1857; x_wconf 90' lang='lat' dir='ltr'>eius</span> <span class='ocrx_word' id='word_1_183' title='bbox 901 1796 1023 1857; x_wconf 86' lang='lat' dir='ltr'>verbum</span> <span class='ocrx_word' id='word_1_184' title='bbox 1044 1796 1210 1857; x_wconf 70' lang='lat' dir='ltr'>desiderat?</span> 
     </span>
     <span class='ocr_line' id='line_1_22' title="bbox 71 1872 1210 1951; baseline 0 -18"><span class='ocrx_word' id='word_1_185' title='bbox 71 1872 159 1933; x_wconf 74' lang='lat' dir='ltr'>ebrit</span> <span class='ocrx_word' id='word_1_186' title='bbox 178 1872 257 1933; x_wconf 88' lang='lat' dir='ltr'>enim</span> <span class='ocrx_word' id='word_1_187' title='bbox 281 1885 316 1932; x_wconf 89' lang='lat' dir='ltr'>ut</span> <span class='ocrx_word' id='word_1_188' title='bbox 334 1876 415 1951; x_wconf 92' lang='lat' dir='ltr'>quod</span> <span class='ocrx_word' id='word_1_189' title='bbox 443 1894 496 1933; x_wconf 90' lang='lat' dir='ltr'>ore</span> <span class='ocrx_word' id='word_1_190' title='bbox 522 1895 576 1934; x_wconf 90' lang='lat' dir='ltr'>suo</span> <span class='ocrx_word' id='word_1_191' title='bbox 597 1875 679 1934; x_wconf 88' lang='lat' dir='ltr'>Dens</span> <span class='ocrx_word' id='word_1_192' title='bbox 711 1874 871 1947; x_wconf 76' lang='lat' dir='ltr'>maledicit,</span> <span class='ocrx_word' id='word_1_193' title='bbox 902 1874 1116 1933; x_wconf 78' lang='lat' dir='ltr'>benedictionis</span> <span class='ocrx_word' id='word_1_194' title='bbox 1139 1892 1210 1935; x_wconf 82' lang='lat' dir='ltr'>suae</span> 
     </span>
     <span class='ocr_line' id='line_1_23' title="bbox 71 1948 1211 2031; baseline -0.003 -21"><span class='ocrx_word' id='word_1_195' title='bbox 71 1948 217 2025; x_wconf 67' lang='lat' dir='ltr'>rdintorio</span> <span class='ocrx_word' id='word_1_196' title='bbox 229 1963 433 2029; x_wconf 89' lang='lat' dir='ltr'>prosequatur.</span> <span class='ocrx_word' id='word_1_197' title='bbox 473 1951 641 2023; x_wconf 90' lang='lat' dir='ltr'>Postremo,</span> <span class='ocrx_word' id='word_1_198' title='bbox 660 1952 683 2011; x_wconf 90' lang='lat' dir='ltr'>si</span> <span class='ocrx_word' id='word_1_199' title='bbox 704 1962 843 2031; x_wconf 83' lang='lat' dir='ltr'>proruto</span> <span class='ocrx_word' id='word_1_200' title='bbox 864 1972 898 2010; x_wconf 88' lang='lat' dir='ltr'>ac</span> <span class='ocrx_word' id='word_1_201' title='bbox 916 1970 968 2029; x_wconf 87' lang='lat' dir='ltr'>spe</span> <span class='ocrx_word' id='word_1_202' title='bbox 988 1970 1050 2011; x_wconf 91' lang='lat' dir='ltr'>nou</span> <span class='ocrx_word' id='word_1_203' title='bbox 1062 1948 1211 2023; x_wconf 81' lang='lat' dir='ltr'>succedat,</span> 
     </span>
    </p>
   </div>
   <div class='ocr_carea' id='block_1_3' title="bbox 195 1339 1309 1431">
    <p class='ocr_par' dir='ltr' id='par_1_3' title="bbox 195 1339 1309 1431">
     <span class='ocr_line' id='line_1_24' title="bbox 195 1339 1309 1431; baseline 0 -30"><span class='ocrx_word' id='word_1_204' title='bbox 195 1340 404 1417; x_wconf 86' lang='lat' dir='ltr'>enedictionis,</span> <span class='ocrx_word' id='word_1_205' title='bbox 425 1342 503 1401; x_wconf 89' lang='lat' dir='ltr'>inter</span> <span class='ocrx_word' id='word_1_206' title='bbox 517 1340 644 1414; x_wconf 80' lang='lat' dir='ltr'>fraudes,</span> <span class='ocrx_word' id='word_1_207' title='bbox 663 1340 789 1431; x_wconf 87' lang='lat' dir='ltr'>rapinas,</span> <span class='ocrx_word' id='word_1_208' title='bbox 808 1339 938 1421; x_wconf 85' lang='lat' dir='ltr'>aliasque</span> <span class='ocrx_word' id='word_1_209' title='bbox 958 1353 1106 1420; x_wconf 87' lang='lat' dir='ltr'>nequrtrae</span> <span class='ocrx_word' id='word_1_210' title='bbox 1123 1352 1212 1415; x_wconf 85' lang='lat' dir='ltr'>artes,</span> <span class='ocrx_word' id='word_1_211' title='bbox 1299 1376 1309 1401; x_wconf 59' lang='lat' dir='ltr'>a</span> 
     </span>
    </p>
   </div>
   <div class='ocr_carea' id='block_1_4' title="bbox 71 2014 1309 2107">
    <p class='ocr_par' dir='ltr' id='par_1_4' title="bbox 71 2014 1309 2107">
     <span class='ocr_line' id='line_1_25' title="bbox 71 2014 1309 2107; baseline -0.003 -20"><span class='ocrx_word' id='word_1_212' title='bbox 71 2024 278 2087; x_wconf 73' lang='lat' dir='ltr'>cohibebimus</span> <span class='ocrx_word' id='word_1_213' title='bbox 296 2038 395 2085; x_wconf 90' lang='lat' dir='ltr'>tamen</span> <span class='ocrx_word' id='word_1_214' title='bbox 415 2029 452 2091; x_wconf 88' lang='lat' dir='ltr'>ab</span> <span class='ocrx_word' id='word_1_215' title='bbox 473 2028 668 2107; x_wconf 86' lang='lat' dir='ltr'>impatientia,</span> <span class='ocrx_word' id='word_1_216' title='bbox 689 2041 720 2087; x_wconf 89' lang='lat' dir='ltr'>et</span> <span class='ocrx_word' id='word_1_217' title='bbox 739 2026 947 2106; x_wconf 88' lang='lat' dir='ltr'>qualiscunque</span> <span class='ocrx_word' id='word_1_218' title='bbox 967 2038 1085 2097; x_wconf 81' lang='lat' dir='ltr'>nostrae</span> <span class='ocrx_word' id='word_1_219' title='bbox 1105 2014 1209 2085; x_wconf 86' lang='lat' dir='ltr'>tondi·</span> <span class='ocrx_word' id='word_1_220' title='bbox 1248 2044 1252 2053; x_wconf 88' lang='grc'><strong>’</strong></span> <span class='ocrx_word' id='word_1_221' title='bbox 1301 2064 1309 2075; x_wconf 82' lang='lat'>-</span> 
     </span>
    </p>
   </div>
   <div class='ocr_carea' id='block_1_5' title="bbox 71 2100 1211 2796">
    <p class='ocr_par' dir='ltr' id='par_1_5' title="bbox 71 2100 1211 2796">
     <span class='ocr_line' id='line_1_26' title="bbox 71 2100 1211 2182; baseline -0.002 -19"><span class='ocrx_word' id='word_1_222' title='bbox 71 2102 159 2163; x_wconf 85' lang='lat' dir='ltr'>tionis</span> <span class='ocrx_word' id='word_1_223' title='bbox 170 2100 379 2163; x_wconf 86' lang='lat' dir='ltr'>detestatione:</span> <span class='ocrx_word' id='word_1_224' title='bbox 401 2102 481 2182; x_wconf 90' lang='lat' dir='ltr'>quod</span> <span class='ocrx_word' id='word_1_225' title='bbox 500 2105 626 2163; x_wconf 87' lang='lat' dir='ltr'>sciemus</span> <span class='ocrx_word' id='word_1_226' title='bbox 646 2104 674 2163; x_wconf 88' lang='lat' dir='ltr'>id</span> <span class='ocrx_word' id='word_1_227' title='bbox 686 2124 748 2163; x_wconf 90' lang='lat' dir='ltr'>esse</span> <span class='ocrx_word' id='word_1_228' title='bbox 759 2123 941 2175; x_wconf 77' lang='lat' dir='ltr'>ruurmurare</span> <span class='ocrx_word' id='word_1_229' title='bbox 954 2102 1090 2165; x_wconf 85' lang='lat' dir='ltr'>adversus</span> <span class='ocrx_word' id='word_1_230' title='bbox 1100 2102 1211 2177; x_wconf 86' lang='lat' dir='ltr'>Deum,</span> 
     </span>
     <span class='ocr_line' id='line_1_27' title="bbox 71 2178 1209 2259; baseline -0.004 -19"><span class='ocrx_word' id='word_1_231' title='bbox 71 2178 152 2241; x_wconf 80' lang='lat' dir='ltr'>arius</span> <span class='ocrx_word' id='word_1_232' title='bbox 171 2179 294 2240; x_wconf 85' lang='lat' dir='ltr'>arbitrio</span> <span class='ocrx_word' id='word_1_233' title='bbox 310 2180 427 2239; x_wconf 71' lang='lat' dir='ltr'>diuitiae</span> <span class='ocrx_word' id='word_1_234' title='bbox 449 2192 480 2239; x_wconf 90' lang='lat' dir='ltr'>et</span> <span class='ocrx_word' id='word_1_235' title='bbox 500 2194 665 2259; x_wconf 88' lang='lat' dir='ltr'>paupertas,</span> <span class='ocrx_word' id='word_1_236' title='bbox 686 2193 874 2259; x_wconf 85' lang='lat' dir='ltr'>contemptus</span> <span class='ocrx_word' id='word_1_237' title='bbox 894 2192 923 2239; x_wconf 92' lang='lat' dir='ltr'>et</span> <span class='ocrx_word' id='word_1_238' title='bbox 943 2180 1071 2240; x_wconf 86' lang='lat' dir='ltr'>bonores</span> <span class='ocrx_word' id='word_1_239' title='bbox 1092 2178 1209 2259; x_wconf 88' lang='lat' dir='ltr'>dispen-</span> 
     </span>
     <span class='ocr_line' id='line_1_28' title="bbox 71 2254 1208 2335; baseline -0.005 -16"><span class='ocrx_word' id='word_1_240' title='bbox 71 2266 181 2319; x_wconf 80' lang='lat' dir='ltr'>untur.</span> <span class='ocrx_word' id='word_1_241' title='bbox 218 2254 253 2315; x_wconf 89' lang='lat' dir='ltr'>ln</span> <span class='ocrx_word' id='word_1_242' title='bbox 274 2278 397 2329; x_wconf 87' lang='lat' dir='ltr'>summa,</span> <span class='ocrx_word' id='word_1_243' title='bbox 417 2258 466 2335; x_wconf 90' lang='lat' dir='ltr'>qui</span> <span class='ocrx_word' id='word_1_244' title='bbox 487 2276 518 2317; x_wconf 90' lang='lat' dir='ltr'>se</span> <span class='ocrx_word' id='word_1_245' title='bbox 539 2258 667 2335; x_wconf 92' lang='lat' dir='ltr'>eoquod</span> <span class='ocrx_word' id='word_1_246' title='bbox 684 2257 793 2316; x_wconf 85' lang='lat' dir='ltr'>dictum</span> <span class='ocrx_word' id='word_1_247' title='bbox 815 2270 858 2316; x_wconf 90' lang='lat' dir='ltr'>est</span> <span class='ocrx_word' id='word_1_248' title='bbox 878 2257 968 2317; x_wconf 77' lang='lat' dir='ltr'>morlo</span> <span class='ocrx_word' id='word_1_249' title='bbox 988 2256 1017 2315; x_wconf 91' lang='lat' dir='ltr'>iu</span> <span class='ocrx_word' id='word_1_250' title='bbox 1039 2256 1098 2316; x_wconf 85' lang='lat' dir='ltr'>Dei</span> <span class='ocrx_word' id='word_1_251' title='bbox 1117 2255 1208 2314; x_wconf 89' lang='lat' dir='ltr'>bene·</span> 
     </span>
     <span class='ocr_line' id='line_1_29' title="bbox 71 2330 1210 2413; baseline -0.001 -20"><span class='ocrx_word' id='word_1_252' title='bbox 71 2330 231 2409; x_wconf 75' lang='lat' dir='ltr'>fictionem</span> <span class='ocrx_word' id='word_1_253' title='bbox 251 2333 416 2407; x_wconf 87' lang='lat' dir='ltr'>reclinarit,</span> <span class='ocrx_word' id='word_1_254' title='bbox 442 2353 497 2393; x_wconf 90' lang='lat' dir='ltr'>nec</span> <span class='ocrx_word' id='word_1_255' title='bbox 518 2352 551 2391; x_wconf 92' lang='lat' dir='ltr'>ea</span> <span class='ocrx_word' id='word_1_256' title='bbox 571 2354 647 2413; x_wconf 91' lang='lat' dir='ltr'>quae</span> <span class='ocrx_word' id='word_1_257' title='bbox 667 2332 776 2393; x_wconf 82' lang='lat' dir='ltr'>furiose</span> <span class='ocrx_word' id='word_1_258' title='bbox 796 2333 891 2412; x_wconf 80' lang='lat' dir='ltr'>expeti</span> <span class='ocrx_word' id='word_1_259' title='bbox 916 2333 951 2392; x_wconf 90' lang='lat' dir='ltr'>ab</span> <span class='ocrx_word' id='word_1_260' title='bbox 972 2331 1141 2392; x_wconf 89' lang='lat' dir='ltr'>bominibus</span> <span class='ocrx_word' id='word_1_261' title='bbox 1159 2351 1210 2392; x_wconf 88' lang='lat' dir='ltr'>so·</span> 
     </span>
     <span class='ocr_line' id='line_1_30' title="bbox 71 2408 1210 2489; baseline -0.002 -20"><span class='ocrx_word' id='word_1_262' title='bbox 71 2408 244 2485; x_wconf 45' lang='lat' dir='ltr'>mustelis</span> <span class='ocrx_word' id='word_1_263' title='bbox 258 2410 370 2471; x_wconf 87' lang='lat' dir='ltr'>artibus</span> <span class='ocrx_word' id='word_1_264' title='bbox 390 2409 590 2489; x_wconf 87' lang='lat' dir='ltr'>aucupsbituc,</span> <span class='ocrx_word' id='word_1_265' title='bbox 611 2408 715 2489; x_wconf 87' lang='lat' dir='ltr'>quibus</span> <span class='ocrx_word' id='word_1_266' title='bbox 735 2430 767 2471; x_wconf 85' lang='lat' dir='ltr'>se</span> <span class='ocrx_word' id='word_1_267' title='bbox 789 2409 860 2470; x_wconf 88' lang='lat' dir='ltr'>nibil</span> <span class='ocrx_word' id='word_1_268' title='bbox 879 2408 1081 2489; x_wconf 88' lang='lat' dir='ltr'>profecturum</span> <span class='ocrx_word' id='word_1_269' title='bbox 1097 2408 1210 2489; x_wconf 81' lang='lat' dir='ltr'>cogita·</span> 
     </span>
     <span class='ocr_line' id='line_1_31' title="bbox 71 2483 1209 2567; baseline -0.001 -22"><span class='ocrx_word' id='word_1_270' title='bbox 71 2484 128 2545; x_wconf 87' lang='lat' dir='ltr'>bit:</span> <span class='ocrx_word' id='word_1_271' title='bbox 158 2504 233 2559; x_wconf 91' lang='lat' dir='ltr'>nee,</span> <span class='ocrx_word' id='word_1_272' title='bbox 256 2487 279 2545; x_wconf 91' lang='lat' dir='ltr'>si</span> <span class='ocrx_word' id='word_1_273' title='bbox 302 2486 371 2565; x_wconf 88' lang='lat' dir='ltr'>quid</span> <span class='ocrx_word' id='word_1_274' title='bbox 396 2506 538 2566; x_wconf 88' lang='lat' dir='ltr'>prospere</span> <span class='ocrx_word' id='word_1_275' title='bbox 559 2487 713 2561; x_wconf 88' lang='lat' dir='ltr'>acciderit,</span> <span class='ocrx_word' id='word_1_276' title='bbox 736 2486 793 2546; x_wconf 80' lang='lat' dir='ltr'>sibi</span> <span class='ocrx_word' id='word_1_277' title='bbox 814 2486 986 2567; x_wconf 91' lang='lat' dir='ltr'>imputabit,</span> <span class='ocrx_word' id='word_1_278' title='bbox 1020 2507 1053 2545; x_wconf 90' lang='lat' dir='ltr'>ac</span> <span class='ocrx_word' id='word_1_279' title='bbox 1072 2506 1142 2545; x_wconf 87' lang='lat' dir='ltr'>suae</span> <span class='ocrx_word' id='word_1_280' title='bbox 1162 2483 1209 2545; x_wconf 86' lang='lat' dir='ltr'>vel</span> 
     </span>
     <span class='ocr_line' id='line_1_32' title="bbox 71 2560 1206 2641; baseline -0.003 -19"><span class='ocrx_word' id='word_1_281' title='bbox 71 2560 233 2633; x_wconf 78' lang='lat' dir='ltr'>sedulitati,</span> <span class='ocrx_word' id='word_1_282' title='bbox 254 2563 298 2619; x_wconf 86' lang='lat' dir='ltr'>vel</span> <span class='ocrx_word' id='word_1_283' title='bbox 322 2562 496 2635; x_wconf 81' lang='lat' dir='ltr'>industriae,</span> <span class='ocrx_word' id='word_1_284' title='bbox 517 2563 561 2621; x_wconf 88' lang='lat' dir='ltr'>vel</span> <span class='ocrx_word' id='word_1_285' title='bbox 585 2564 737 2638; x_wconf 89' lang='lat' dir='ltr'>fortunae,</span> <span class='ocrx_word' id='word_1_286' title='bbox 762 2564 813 2623; x_wconf 89' lang='lat' dir='ltr'>sed</span> <span class='ocrx_word' id='word_1_287' title='bbox 834 2564 902 2622; x_wconf 83' lang='lat' dir='ltr'>Deo</span> <span class='ocrx_word' id='word_1_288' title='bbox 922 2562 1035 2622; x_wconf 83' lang='lat' dir='ltr'>auctor-i</span> <span class='ocrx_word' id='word_1_289' title='bbox 1056 2573 1206 2641; x_wconf 88' lang='lat' dir='ltr'>acceptum</span> 
     </span>
     <span class='ocr_line' id='line_1_33' title="bbox 71 2636 1207 2719; baseline 0 -22"><span class='ocrx_word' id='word_1_290' title='bbox 71 2636 166 2699; x_wconf 80' lang='lat' dir='ltr'>feret.¹</span> <span class='ocrx_word' id='word_1_291' title='bbox 209 2638 327 2712; x_wconf 84' lang='lat' dir='ltr'>Quodsi</span> <span class='ocrx_word' id='word_1_292' title='bbox 348 2640 522 2698; x_wconf 87' lang='lat' dir='ltr'>florentibus</span> <span class='ocrx_word' id='word_1_293' title='bbox 542 2640 666 2699; x_wconf 86' lang='lat' dir='ltr'>aliorum</span> <span class='ocrx_word' id='word_1_294' title='bbox 687 2640 790 2715; x_wconf 86' lang='lat' dir='ltr'>rebus,</span> <span class='ocrx_word' id='word_1_295' title='bbox 818 2642 880 2719; x_wconf 88' lang='lat' dir='ltr'>ipse</span> <span class='ocrx_word' id='word_1_296' title='bbox 905 2660 1005 2719; x_wconf 87' lang='lat' dir='ltr'>parum</span> <span class='ocrx_word' id='word_1_297' title='bbox 1026 2649 1207 2718; x_wconf 87' lang='lat' dir='ltr'>promoveat,</span> 
     </span>
     <span class='ocr_line' id='line_1_34' title="bbox 71 2712 1206 2796; baseline 0 -23"><span class='ocrx_word' id='word_1_298' title='bbox 71 2712 235 2773; x_wconf 71' lang='lat' dir='ltr'>lucretiam</span> <span class='ocrx_word' id='word_1_299' title='bbox 258 2728 338 2773; x_wconf 88' lang='lat' dir='ltr'>retro</span> <span class='ocrx_word' id='word_1_300' title='bbox 361 2715 650 2791; x_wconf 61' lang='lat' dir='ltr'>delabatur:‚maiori</span> <span class='ocrx_word' id='word_1_301' title='bbox 669 2727 766 2776; x_wconf 89' lang='lat' dir='ltr'>tamen</span> <span class='ocrx_word' id='word_1_302' title='bbox 787 2716 936 2796; x_wconf 83' lang='lat' dir='ltr'>aequitate</span> <span class='ocrx_word' id='word_1_303' title='bbox 956 2714 1206 2775; x_wconf 87' lang='lat' dir='ltr'>aemorleratione</span> 
     </span>
    </p>
   </div>
   <div class='ocr_carea' id='block_1_6' title="bbox 70 2790 1206 2927">
    <p class='ocr_par' dir='ltr' id='par_1_6' title="bbox 70 2790 1206 2927">
     <span class='ocr_line' id='line_1_35' title="bbox 70 2790 1206 2927; baseline 0 -78"><span class='ocrx_word' id='word_1_304' title='bbox 70 2790 156 2851; x_wconf 76' lang='lat' dir='ltr'>enini</span> <span class='ocrx_word' id='word_1_305' title='bbox 175 2811 255 2849; x_wconf 87' lang='lat' dir='ltr'>snam</span> <span class='ocrx_word' id='word_1_306' title='bbox 278 2793 450 2850; x_wconf 85' lang='lat' dir='ltr'>tenuitatem</span> <span class='ocrx_word' id='word_1_307' title='bbox 471 2792 563 2864; x_wconf 89' lang='lat' dir='ltr'>feret,</span> <span class='ocrx_word' id='word_1_308' title='bbox 584 2812 671 2870; x_wconf 87' lang='lat' dir='ltr'>quam</span> <span class='ocrx_word' id='word_1_309' title='bbox 699 2791 837 2871; x_wconf 90' lang='lat' dir='ltr'>profanus</span> <span class='ocrx_word' id='word_1_310' title='bbox 858 2792 1000 2927; x_wconf 86' lang='lat' dir='ltr'>quispiam</span> <span class='ocrx_word' id='word_1_311' title='bbox 1025 2790 1206 2853; x_wconf 86' lang='lat' dir='ltr'>mediocrem</span> 
     </span>
    </p>
   </div>
   <div class='ocr_carea' id='block_1_7' title="bbox 71 2866 1231 4369">
    <p class='ocr_par' dir='ltr' id='par_1_7' title="bbox 71 2866 1231 3407">
     <span class='ocr_line' id='line_1_36' title="bbox 71 2866 1206 2949; baseline -0.002 -22"><span class='ocrx_word' id='word_1_312' title='bbox 71 2884 243 2943; x_wconf 65' lang='lat' dir='ltr'>mensum,</span> <span class='ocrx_word' id='word_1_313' title='bbox 264 2868 396 2946; x_wconf 86' lang='lat' dir='ltr'>quivoto</span> <span class='ocrx_word' id='word_1_314' title='bbox 418 2869 556 2928; x_wconf 83' lang='lat' dir='ltr'>duntaxat</span> <span class='ocrx_word' id='word_1_315' title='bbox 575 2889 636 2927; x_wconf 89' lang='lat' dir='ltr'>non</span> <span class='ocrx_word' id='word_1_316' title='bbox 658 2870 849 2949; x_wconf 85' lang='lat' dir='ltr'>respondeat:</span> <span class='ocrx_word' id='word_1_317' title='bbox 882 2869 983 2927; x_wconf 77' lang='lat' dir='ltr'>tabent</span> <span class='ocrx_word' id='word_1_318' title='bbox 999 2867 1110 2927; x_wconf 87' lang='lat' dir='ltr'>scilicet</span> <span class='ocrx_word' id='word_1_319' title='bbox 1129 2866 1206 2926; x_wconf 93' lang='lat' dir='ltr'>sola-</span> 
     </span>
     <span class='ocr_line' id='line_1_37' title="bbox 71 2941 1231 3035; baseline -0.001 -32"><span class='ocrx_word' id='word_1_320' title='bbox 71 2941 156 3017; x_wconf 79' lang='lat' dir='ltr'>tium,</span> <span class='ocrx_word' id='word_1_321' title='bbox 187 2944 218 3002; x_wconf 87' lang='lat' dir='ltr'>in</span> <span class='ocrx_word' id='word_1_322' title='bbox 240 2966 299 3022; x_wconf 92' lang='lat' dir='ltr'>quo</span> <span class='ocrx_word' id='word_1_323' title='bbox 324 2943 508 3023; x_wconf 83' lang='lat' dir='ltr'>tranquillius</span> <span class='ocrx_word' id='word_1_324' title='bbox 533 2945 698 3023; x_wconf 79' lang='lat' dir='ltr'>acquiescat</span> <span class='ocrx_word' id='word_1_325' title='bbox 723 2967 809 3023; x_wconf 87' lang='lat' dir='ltr'>quarn</span> <span class='ocrx_word' id='word_1_326' title='bbox 830 2946 859 3004; x_wconf 89' lang='lat' dir='ltr'>in</span> <span class='ocrx_word' id='word_1_327' title='bbox 879 2965 993 3005; x_wconf 89' lang='lat' dir='ltr'>summo</span> <span class='ocrx_word' id='word_1_328' title='bbox 1013 2944 1059 3002; x_wconf 89' lang='lat' dir='ltr'>vel</span> <span class='ocrx_word' id='word_1_329' title='bbox 1079 2943 1206 3035; x_wconf 90' lang='lat' dir='ltr'>opulen-</span> <span class='ocrx_word' id='word_1_330' title='bbox 1229 2952 1231 2956; x_wconf 69' lang='lat'><strong><em>‘</em></strong></span> 
     </span>
     <span class='ocr_line' id='line_1_38' title="bbox 71 3018 1206 3103; baseline -0.002 -22"><span class='ocrx_word' id='word_1_331' title='bbox 71 3018 156 3097; x_wconf 84' lang='lat' dir='ltr'>tlae,&#39;</span> <span class='ocrx_word' id='word_1_332' title='bbox 175 3018 223 3081; x_wconf 82' lang='lat' dir='ltr'>uel</span> <span class='ocrx_word' id='word_1_333' title='bbox 244 3022 394 3099; x_wconf 86' lang='lat' dir='ltr'>potentiue</span> <span class='ocrx_word' id='word_1_334' title='bbox 416 3021 545 3103; x_wconf 77' lang='lat' dir='ltr'>fastigio:</span> <span class='ocrx_word' id='word_1_335' title='bbox 578 3020 647 3099; x_wconf 86' lang='lat' dir='ltr'>qnia</span> <span class='ocrx_word' id='word_1_336' title='bbox 673 3033 704 3079; x_wconf 92' lang='lat' dir='ltr'>ut</span> <span class='ocrx_word' id='word_1_337' title='bbox 723 3019 807 3081; x_wconf 91' lang='lat' dir='ltr'>saluti</span> <span class='ocrx_word' id='word_1_338' title='bbox 826 3042 895 3081; x_wconf 87' lang='lat' dir='ltr'>suae</span> <span class='ocrx_word' id='word_1_339' title='bbox 916 3020 1071 3093; x_wconf 88' lang='lat' dir='ltr'>conducit,</span> <span class='ocrx_word' id='word_1_340' title='bbox 1100 3033 1138 3079; x_wconf 83' lang='lat' dir='ltr'>sta</span> <span class='ocrx_word' id='word_1_341' title='bbox 1160 3039 1206 3079; x_wconf 89' lang='lat' dir='ltr'>res</span> 
     </span>
     <span class='ocr_line' id='line_1_39' title="bbox 71 3096 1205 3159; baseline -0.001 -4"><span class='ocrx_word' id='word_1_342' title='bbox 71 3116 133 3156; x_wconf 84' lang='lat' dir='ltr'>suas</span> <span class='ocrx_word' id='word_1_343' title='bbox 151 3096 284 3157; x_wconf 88' lang='lat' dir='ltr'>ordinari</span> <span class='ocrx_word' id='word_1_344' title='bbox 303 3118 318 3155; x_wconf 88' lang='lat' dir='ltr'>a</span> <span class='ocrx_word' id='word_1_345' title='bbox 340 3098 471 3157; x_wconf 89' lang='lat' dir='ltr'>Domino</span> <span class='ocrx_word' id='word_1_346' title='bbox 494 3118 524 3155; x_wconf 91' lang='lat' dir='ltr'>re</span> <span class='ocrx_word' id='word_1_347' title='bbox 548 3109 617 3156; x_wconf 81' lang='lat' dir='ltr'>utut.</span> <span class='ocrx_word' id='word_1_348' title='bbox 658 3098 707 3158; x_wconf 86' lang='lat' dir='ltr'>Sic</span> <span class='ocrx_word' id='word_1_349' title='bbox 727 3098 870 3159; x_wconf 77' lang='lat' dir='ltr'>Davidem</span> <span class='ocrx_word' id='word_1_350' title='bbox 897 3097 985 3157; x_wconf 89' lang='lat' dir='ltr'>fuisse</span> <span class='ocrx_word' id='word_1_351' title='bbox 1004 3096 1143 3156; x_wconf 87' lang='lat' dir='ltr'>affectum</span> <span class='ocrx_word' id='word_1_352' title='bbox 1164 3096 1205 3155; x_wconf 85' lang='lat' dir='ltr'>vi·</span> 
     </span>
     <span class='ocr_line' id='line_1_40' title="bbox 71 3120 1206 3256; baseline 0.002 -25"><span class='ocrx_word' id='word_1_353' title='bbox 71 3172 185 3249; x_wconf 81' lang='lat' dir='ltr'>tenus,</span> <span class='ocrx_word' id='word_1_354' title='bbox 212 3173 349 3253; x_wconf 88' lang='lat' dir='ltr'>quidum</span> <span class='ocrx_word' id='word_1_355' title='bbox 370 3175 504 3252; x_wconf 89' lang='lat' dir='ltr'>sequitur</span> <span class='ocrx_word' id='word_1_356' title='bbox 522 3120 634 3249; x_wconf 74' lang='lat' dir='ltr'>licum,</span> <span class='ocrx_word' id='word_1_357' title='bbox 658 3194 749 3256; x_wconf 84' lang='lat' dir='ltr'>seque</span> <span class='ocrx_word' id='word_1_358' title='bbox 772 3176 797 3234; x_wconf 91' lang='lat' dir='ltr'>ei</span> <span class='ocrx_word' id='word_1_359' title='bbox 817 3175 978 3255; x_wconf 70' lang='lat' dir='ltr'>regendum</span> <span class='ocrx_word' id='word_1_360' title='bbox 999 3173 1102 3245; x_wconf 85' lang='lat' dir='ltr'>tradit,</span> <span class='ocrx_word' id='word_1_361' title='bbox 1126 3174 1206 3233; x_wconf 85' lang='lat' dir='ltr'>sinri-</span> 
     </span>
     <span class='ocr_line' id='line_1_41' title="bbox 71 3248 1206 3332; baseline 0.003 -26"><span class='ocrx_word' id='word_1_362' title='bbox 71 3252 125 3309; x_wconf 87' lang='lat' dir='ltr'>lem</span> <span class='ocrx_word' id='word_1_363' title='bbox 142 3269 177 3311; x_wconf 84' lang='lat' dir='ltr'>se</span> <span class='ocrx_word' id='word_1_364' title='bbox 197 3262 320 3311; x_wconf 85' lang='lat' dir='ltr'>testatur</span> <span class='ocrx_word' id='word_1_365' title='bbox 340 3270 433 3330; x_wconf 89' lang='lat' dir='ltr'>puero</span> <span class='ocrx_word' id='word_1_366' title='bbox 454 3250 612 3325; x_wconf 88' lang='lat' dir='ltr'>ablactato,</span> <span class='ocrx_word' id='word_1_367' title='bbox 632 3272 728 3332; x_wconf 90' lang='lat' dir='ltr'>neque</span> <span class='ocrx_word' id='word_1_368' title='bbox 749 3252 898 3313; x_wconf 89' lang='lat' dir='ltr'>ambulare</span> <span class='ocrx_word' id='word_1_369' title='bbox 919 3252 948 3310; x_wconf 91' lang='lat' dir='ltr'>in</span> <span class='ocrx_word' id='word_1_370' title='bbox 970 3252 1057 3313; x_wconf 81' lang='lat' dir='ltr'>rebus</span> <span class='ocrx_word' id='word_1_371' title='bbox 1076 3251 1141 3311; x_wconf 84' lang='lat' dir='ltr'>altis</span> <span class='ocrx_word' id='word_1_372' title='bbox 1158 3248 1206 3309; x_wconf 87' lang='lat' dir='ltr'>vel</span> 
     </span>
     <span class='ocr_line' id='line_1_42' title="bbox 71 3326 1031 3407; baseline 0.004 -22"><span class='ocrx_word' id='word_1_373' title='bbox 71 3326 251 3399; x_wconf 75' lang='lat' dir='ltr'>mirabilibus</span> <span class='ocrx_word' id='word_1_374' title='bbox 271 3349 357 3407; x_wconf 88' lang='lat' dir='ltr'>supra</span> <span class='ocrx_word' id='word_1_375' title='bbox 378 3348 409 3387; x_wconf 89' lang='lat' dir='ltr'>se</span> <span class='ocrx_word' id='word_1_376' title='bbox 429 3327 493 3405; x_wconf 83' lang='lat' dir='ltr'>(Ps.</span> <span class='ocrx_word' id='word_1_377' title='bbox 514 3334 581 3402; x_wconf 84' lang='grc'><strong>131,</strong></span> <span class='ocrx_word' id='word_1_378' title='bbox 601 3335 628 3391; x_wconf 89' lang='grc'>1.</span> <span class='ocrx_word' id='word_1_379' title='bbox 650 3342 680 3388; x_wconf 88' lang='lat' dir='ltr'>et</span> <span class='ocrx_word' id='word_1_380' title='bbox 697 3329 750 3407; x_wconf 74' lang='lat'>2).</span> <span class='ocrx_word' id='word_1_381' title='bbox 1028 3382 1031 3389; x_wconf 95' lang='lat'><em>.</em></span> 
     </span>
    </p>

    <p class='ocr_par' dir='ltr' id='par_1_8' title="bbox 71 3403 1209 4369">
     <span class='ocr_line' id='line_1_43' title="bbox 142 3403 1206 3486; baseline -0.003 -19"><span class='ocrx_word' id='word_1_382' title='bbox 142 3408 191 3469; x_wconf 82' lang='lat'>1⁰.</span> <span class='ocrx_word' id='word_1_383' title='bbox 229 3404 335 3482; x_wconf 89' lang='lat' dir='ltr'>Neque</span> <span class='ocrx_word' id='word_1_384' title='bbox 360 3403 388 3461; x_wconf 88' lang='lat' dir='ltr'>in</span> <span class='ocrx_word' id='word_1_385' title='bbox 416 3404 468 3464; x_wconf 88' lang='lat' dir='ltr'>hac</span> <span class='ocrx_word' id='word_1_386' title='bbox 493 3417 608 3465; x_wconf 88' lang='lat' dir='ltr'>tautum</span> <span class='ocrx_word' id='word_1_387' title='bbox 639 3418 722 3485; x_wconf 87' lang='lat' dir='ltr'>parte</span> <span class='ocrx_word' id='word_1_388' title='bbox 749 3418 885 3467; x_wconf 89' lang='lat' dir='ltr'>constare</span> <span class='ocrx_word' id='word_1_389' title='bbox 910 3404 964 3486; x_wconf 90' lang='lat' dir='ltr'>piis</span> <span class='ocrx_word' id='word_1_390' title='bbox 988 3404 1091 3465; x_wconf 88' lang='lat' dir='ltr'>animis</span> <span class='ocrx_word' id='word_1_391' title='bbox 1116 3403 1206 3464; x_wconf 88' lang='lat' dir='ltr'>debet</span> 
     </span>
     <span class='ocr_line' id='line_1_44' title="bbox 71 3480 1205 3560; baseline 0 -21"><span class='ocrx_word' id='word_1_392' title='bbox 71 3480 116 3541; x_wconf 87' lang='lat' dir='ltr'>lla</span> <span class='ocrx_word' id='word_1_393' title='bbox 137 3481 331 3560; x_wconf 84' lang='lat' dir='ltr'>tranquillitas</span> <span class='ocrx_word' id='word_1_394' title='bbox 352 3492 382 3539; x_wconf 90' lang='lat' dir='ltr'>et</span> <span class='ocrx_word' id='word_1_395' title='bbox 401 3481 571 3541; x_wconf 88' lang='lat' dir='ltr'>tolerantia:</span> <span class='ocrx_word' id='word_1_396' title='bbox 597 3502 698 3542; x_wconf 81' lang='lat' dir='ltr'>verunt</span> <span class='ocrx_word' id='word_1_397' title='bbox 723 3483 758 3542; x_wconf 89' lang='lat' dir='ltr'>ad</span> <span class='ocrx_word' id='word_1_398' title='bbox 785 3503 887 3542; x_wconf 88' lang='lat' dir='ltr'>omnes</span> <span class='ocrx_word' id='word_1_399' title='bbox 908 3483 1003 3542; x_wconf 85' lang='lat' dir='ltr'>etiam·</span> <span class='ocrx_word' id='word_1_400' title='bbox 1021 3503 1117 3556; x_wconf 88' lang='lat' dir='ltr'>casus,</span> <span class='ocrx_word' id='word_1_401' title='bbox 1138 3481 1205 3560; x_wconf 89' lang='lat' dir='ltr'>qui-</span> 
     </span>
     <span class='ocr_line' id='line_1_45' title="bbox 71 3556 1206 3641; baseline 0 -23"><span class='ocrx_word' id='word_1_402' title='bbox 71 3560 121 3618; x_wconf 82' lang='lat' dir='ltr'>bus</span> <span class='ocrx_word' id='word_1_403' title='bbox 141 3556 271 3617; x_wconf 83' lang='lat' dir='ltr'>obnoxia</span> <span class='ocrx_word' id='word_1_404' title='bbox 291 3569 335 3617; x_wconf 89' lang='lat' dir='ltr'>est</span> <span class='ocrx_word' id='word_1_405' title='bbox 354 3559 570 3638; x_wconf 87' lang='lat' dir='ltr'>praesensvita,</span> <span class='ocrx_word' id='word_1_406' title='bbox 591 3559 762 3618; x_wconf 80' lang='lat' dir='ltr'>extendatur</span> <span class='ocrx_word' id='word_1_407' title='bbox 782 3580 901 3620; x_wconf 90' lang='lat' dir='ltr'>neeesse</span> <span class='ocrx_word' id='word_1_408' title='bbox 921 3571 974 3619; x_wconf 90' lang='lat' dir='ltr'>est.</span> <span class='ocrx_word' id='word_1_409' title='bbox 1012 3560 1095 3641; x_wconf 83' lang='lat' dir='ltr'>Ergo</span> <span class='ocrx_word' id='word_1_410' title='bbox 1116 3578 1206 3618; x_wconf 88' lang='lat' dir='ltr'>nemu</span> 
     </span>
     <span class='ocr_line' id='line_1_46' title="bbox 71 3634 1208 3718; baseline 0.001 -24"><span class='ocrx_word' id='word_1_411' title='bbox 71 3654 97 3695; x_wconf 80' lang='lat' dir='ltr'>se</span> <span class='ocrx_word' id='word_1_412' title='bbox 111 3634 170 3694; x_wconf 85' lang='lat' dir='ltr'>rite</span> <span class='ocrx_word' id='word_1_413' title='bbox 181 3634 348 3716; x_wconf 75' lang='lat' dir='ltr'>abnegavit,</span> <span class='ocrx_word' id='word_1_414' title='bbox 369 3634 483 3714; x_wconf 89' lang='lat' dir='ltr'>nisiqni</span> <span class='ocrx_word' id='word_1_415' title='bbox 504 3655 534 3694; x_wconf 86' lang='lat' dir='ltr'>se</span> <span class='ocrx_word' id='word_1_416' title='bbox 555 3647 649 3694; x_wconf 87' lang='lat' dir='ltr'>totum</span> <span class='ocrx_word' id='word_1_417' title='bbox 663 3636 702 3695; x_wconf 90' lang='lat' dir='ltr'>ita</span> <span class='ocrx_word' id='word_1_418' title='bbox 718 3635 1035 3718; x_wconf 82' lang='lat' dir='ltr'>resignaritDorniuo,</span> <span class='ocrx_word' id='word_1_419' title='bbox 1054 3647 1089 3695; x_wconf 88' lang='lat' dir='ltr'>ut</span> <span class='ocrx_word' id='word_1_420' title='bbox 1102 3653 1208 3695; x_wconf 83' lang='lat' dir='ltr'>omnes</span> 
     </span>
     <span class='ocr_line' id='line_1_47' title="bbox 71 3710 1207 3803; baseline -0.003 -30"><span class='ocrx_word' id='word_1_421' title='bbox 71 3710 143 3773; x_wconf 83' lang='lat' dir='ltr'>ritae</span> <span class='ocrx_word' id='word_1_422' title='bbox 162 3732 230 3771; x_wconf 90' lang='lat' dir='ltr'>suae</span> <span class='ocrx_word' id='word_1_423' title='bbox 251 3722 347 3791; x_wconf 87' lang='lat' dir='ltr'>partes</span> <span class='ocrx_word' id='word_1_424' title='bbox 360 3714 420 3769; x_wconf 91' lang='lat' dir='ltr'>eius</span> <span class='ocrx_word' id='word_1_425' title='bbox 441 3712 564 3770; x_wconf 87' lang='lat' dir='ltr'>arbitrio</span> <span class='ocrx_word' id='word_1_426' title='bbox 576 3713 735 3803; x_wconf 73' lang='lat' dir='ltr'>gubernari</span> <span class='ocrx_word' id='word_1_427' title='bbox 756 3714 841 3773; x_wconf 89' lang='lat' dir='ltr'>ferat.</span> <span class='ocrx_word' id='word_1_428' title='bbox 880 3712 943 3788; x_wconf 85' lang='lat' dir='ltr'>Qui</span> <span class='ocrx_word' id='word_1_429' title='bbox 953 3732 1025 3772; x_wconf 86' lang='lat' dir='ltr'>vero</span> <span class='ocrx_word' id='word_1_430' title='bbox 1044 3713 1087 3771; x_wconf 86' lang='lat' dir='ltr'>sie</span> <span class='ocrx_word' id='word_1_431' title='bbox 1106 3711 1207 3770; x_wconf 86' lang='lat' dir='ltr'>animo</span> 
     </span>
     <span class='ocr_line' id='line_1_48' title="bbox 71 3787 1208 3868; baseline 0.001 -20"><span class='ocrx_word' id='word_1_432' title='bbox 71 3790 248 3867; x_wconf 67' lang='lat' dir='ltr'>compositus</span> <span class='ocrx_word' id='word_1_433' title='bbox 269 3789 342 3862; x_wconf 90' lang='lat' dir='ltr'>erit,</span> <span class='ocrx_word' id='word_1_434' title='bbox 369 3789 507 3866; x_wconf 89' lang='lat' dir='ltr'>quicquid</span> <span class='ocrx_word' id='word_1_435' title='bbox 529 3789 654 3862; x_wconf 75' lang='lat' dir='ltr'>accidat,</span> <span class='ocrx_word' id='word_1_436' title='bbox 680 3810 735 3850; x_wconf 91' lang='lat' dir='ltr'>nec</span> <span class='ocrx_word' id='word_1_437' title='bbox 755 3793 892 3850; x_wconf 86' lang='lat' dir='ltr'>miserum</span> <span class='ocrx_word' id='word_1_438' title='bbox 911 3810 943 3850; x_wconf 91' lang='lat' dir='ltr'>se</span> <span class='ocrx_word' id='word_1_439' title='bbox 963 3787 1129 3868; x_wconf 86' lang='lat' dir='ltr'>reputabit,</span> <span class='ocrx_word' id='word_1_440' title='bbox 1150 3806 1208 3849; x_wconf 84' lang='lat' dir='ltr'>nec</span> 
     </span>
     <span class='ocr_line' id='line_1_49' title="bbox 71 3864 1207 3945; baseline 0.002 -22"><span class='ocrx_word' id='word_1_441' title='bbox 71 3865 103 3924; x_wconf 88' lang='lat' dir='ltr'>le</span> <span class='ocrx_word' id='word_1_442' title='bbox 122 3884 175 3923; x_wconf 87' lang='lat' dir='ltr'>sua</span> <span class='ocrx_word' id='word_1_443' title='bbox 193 3876 274 3923; x_wconf 90' lang='lat' dir='ltr'>sorte</span> <span class='ocrx_word' id='word_1_444' title='bbox 295 3886 359 3922; x_wconf 84' lang='lat' dir='ltr'>curn</span> <span class='ocrx_word' id='word_1_445' title='bbox 382 3865 437 3922; x_wconf 89' lang='lat' dir='ltr'>Dei</span> <span class='ocrx_word' id='word_1_446' title='bbox 458 3864 564 3924; x_wconf 88' lang='lat' dir='ltr'>invidia</span> <span class='ocrx_word' id='word_1_447' title='bbox 585 3878 793 3945; x_wconf 87' lang='lat' dir='ltr'>conqueretur.</span> <span class='ocrx_word' id='word_1_448' title='bbox 833 3866 931 3941; x_wconf 87' lang='lat' dir='ltr'>Quam</span> <span class='ocrx_word' id='word_1_449' title='bbox 951 3886 1022 3926; x_wconf 86' lang='lat' dir='ltr'>vero</span> <span class='ocrx_word' id='word_1_450' title='bbox 1044 3865 1207 3925; x_wconf 84' lang='lat' dir='ltr'>necessaria</span> 
     </span>
     <span class='ocr_line' id='line_1_50' title="bbox 71 3939 1206 4022; baseline -0.002 -19"><span class='ocrx_word' id='word_1_451' title='bbox 71 3943 102 4003; x_wconf 74' lang='lat' dir='ltr'>rit</span> <span class='ocrx_word' id='word_1_452' title='bbox 124 3939 196 4000; x_wconf 88' lang='lat' dir='ltr'>haec</span> <span class='ocrx_word' id='word_1_453' title='bbox 217 3940 351 4013; x_wconf 88' lang='lat' dir='ltr'>affectio,</span> <span class='ocrx_word' id='word_1_454' title='bbox 372 3940 440 3999; x_wconf 89' lang='lat' dir='ltr'>inde</span> <span class='ocrx_word' id='word_1_455' title='bbox 461 3942 583 4020; x_wconf 89' lang='lat' dir='ltr'>patebit,</span> <span class='ocrx_word' id='word_1_456' title='bbox 603 3944 625 4001; x_wconf 86' lang='lat' dir='ltr'>si</span> <span class='ocrx_word' id='word_1_457' title='bbox 640 3944 807 4003; x_wconf 80' lang='lat' dir='ltr'>consideres</span> <span class='ocrx_word' id='word_1_458' title='bbox 824 3955 896 4022; x_wconf 91' lang='lat' dir='ltr'>quot</span> <span class='ocrx_word' id='word_1_459' title='bbox 915 3940 1114 4017; x_wconf 87' lang='lat' dir='ltr'>accidentibus</span> <span class='ocrx_word' id='word_1_460' title='bbox 1135 3940 1206 4001; x_wconf 92' lang='lat' dir='ltr'>sub-</span> 
     </span>
     <span class='ocr_line' id='line_1_51' title="bbox 71 4017 1206 4096; baseline 0 -19"><span class='ocrx_word' id='word_1_461' title='bbox 71 4018 137 4079; x_wconf 78' lang='lat' dir='ltr'>iecti</span> <span class='ocrx_word' id='word_1_462' title='bbox 160 4019 259 4077; x_wconf 89' lang='lat' dir='ltr'>simus.</span> <span class='ocrx_word' id='word_1_463' title='bbox 303 4017 362 4076; x_wconf 81' lang='lat' dir='ltr'>Alii</span> <span class='ocrx_word' id='word_1_464' title='bbox 388 4029 477 4096; x_wconf 89' lang='lat' dir='ltr'>atque</span> <span class='ocrx_word' id='word_1_465' title='bbox 504 4019 554 4077; x_wconf 87' lang='lat' dir='ltr'>alii</span> <span class='ocrx_word' id='word_1_466' title='bbox 572 4020 669 4078; x_wconf 83' lang='lat' dir='ltr'>morbi</span> <span class='ocrx_word' id='word_1_467' title='bbox 690 4041 746 4079; x_wconf 91' lang='lat' dir='ltr'>nos</span> <span class='ocrx_word' id='word_1_468' title='bbox 765 4019 924 4079; x_wconf 85' lang='lat' dir='ltr'>identidem</span> <span class='ocrx_word' id='word_1_469' title='bbox 943 4018 1100 4079; x_wconf 83' lang='lat' dir='ltr'>infestant:</span> <span class='ocrx_word' id='word_1_470' title='bbox 1125 4038 1206 4077; x_wconf 83' lang='lat' dir='ltr'>rrrrrre</span> 
     </span>
     <span class='ocr_line' id='line_1_52' title="bbox 71 4093 1209 4175; baseline -0.002 -20"><span class='ocrx_word' id='word_1_471' title='bbox 71 4094 158 4155; x_wconf 80' lang='lat' dir='ltr'>saeuit</span> <span class='ocrx_word' id='word_1_472' title='bbox 177 4093 354 4175; x_wconf 83' lang='lat' dir='ltr'>pestilentis,</span> <span class='ocrx_word' id='word_1_473' title='bbox 375 4115 452 4153; x_wconf 85' lang='lat' dir='ltr'>nurrc</span> <span class='ocrx_word' id='word_1_474' title='bbox 473 4095 543 4153; x_wconf 88' lang='lat' dir='ltr'>belli</span> <span class='ocrx_word' id='word_1_475' title='bbox 556 4095 768 4158; x_wconf 87' lang='lat' dir='ltr'>calamitatibus</span> <span class='ocrx_word' id='word_1_476' title='bbox 787 4096 946 4156; x_wconf 84' lang='lat' dir='ltr'>crudeliter</span> <span class='ocrx_word' id='word_1_477' title='bbox 956 4114 1106 4155; x_wconf 80' lang='lat' dir='ltr'>vexamur:</span> <span class='ocrx_word' id='word_1_478' title='bbox 1126 4114 1209 4155; x_wconf 86' lang='lat' dir='ltr'>none</span> 
     </span>
     <span class='ocr_line' id='line_1_53' title="bbox 71 4170 1207 4255; baseline -0.002 -24"><span class='ocrx_word' id='word_1_479' title='bbox 71 4170 153 4255; x_wconf 67' lang='lat' dir='ltr'>gelu,</span> <span class='ocrx_word' id='word_1_480' title='bbox 172 4192 253 4230; x_wconf 90' lang='lat' dir='ltr'>nune</span> <span class='ocrx_word' id='word_1_481' title='bbox 272 4171 406 4253; x_wconf 81' lang='lat' dir='ltr'>grando,</span> <span class='ocrx_word' id='word_1_482' title='bbox 431 4192 483 4252; x_wconf 90' lang='lat' dir='ltr'>spe</span> <span class='ocrx_word' id='word_1_483' title='bbox 502 4172 571 4232; x_wconf 91' lang='lat' dir='ltr'>anni</span> <span class='ocrx_word' id='word_1_484' title='bbox 591 4173 745 4248; x_wconf 83' lang='lat' dir='ltr'>devocata,</span> <span class='ocrx_word' id='word_1_485' title='bbox 775 4174 957 4234; x_wconf 87' lang='lat' dir='ltr'>sterilitatem</span> <span class='ocrx_word' id='word_1_486' title='bbox 971 4170 1106 4249; x_wconf 83' lang='lat' dir='ltr'>inducit,</span> <span class='ocrx_word' id='word_1_487' title='bbox 1130 4191 1207 4251; x_wconf 89' lang='lat' dir='ltr'>quae</span> 
     </span>
     <span class='ocr_line' id='line_1_54' title="bbox 71 4247 1207 4369; baseline -0.004 -58"><span class='ocrx_word' id='word_1_488' title='bbox 71 4268 123 4312; x_wconf 88' lang='lat' dir='ltr'>uus</span> <span class='ocrx_word' id='word_1_489' title='bbox 142 4249 180 4310; x_wconf 93' lang='lat' dir='ltr'>ad</span> <span class='ocrx_word' id='word_1_490' title='bbox 200 4249 352 4331; x_wconf 79' lang='lat' dir='ltr'>penuriam</span> <span class='ocrx_word' id='word_1_491' title='bbox 372 4248 498 4331; x_wconf 79' lang='lat' dir='ltr'>redigat:</span> <span class='ocrx_word' id='word_1_492' title='bbox 524 4270 613 4327; x_wconf 80' lang='lat' dir='ltr'>uror,</span> <span class='ocrx_word' id='word_1_493' title='bbox 633 4263 786 4333; x_wconf 83' lang='lat' dir='ltr'>parentes,</span> <span class='ocrx_word' id='word_1_494' title='bbox 806 4250 909 4369; x_wconf 60' lang='lat' dir='ltr'>fib‘ii&#39;</span> <span class='ocrx_word' id='word_1_495' title='bbox 929 4247 1089 4331; x_wconf 89' lang='lat' dir='ltr'>propinqui</span> <span class='ocrx_word' id='word_1_496' title='bbox 1109 4258 1207 4309; x_wconf 85' lang='lat' dir='ltr'>morte</span> 
     </span>
    </p>
   </div>
   <div class='ocr_carea' id='block_1_8' title="bbox 1112 4400 1129 4427">
    <p class='ocr_par' dir='ltr' id='par_1_9' title="bbox 1112 4400 1129 4427">
     <span class='ocr_line' id='line_1_55' title="bbox 1112 4400 1129 4427; baseline 0 0"><span class='ocrx_word' id='word_1_497' title='bbox 1112 4400 1129 4427; x_wconf 64' lang='grc' dir='ltr'>ἱ</span> 
     </span>
    </p>
   </div>
   <div class='ocr_carea' id='block_1_9' title="bbox 0 0 1354 4732">
    <p class='ocr_par' dir='ltr' id='par_1_10' title="bbox 0 0 1354 4732">
     <span class='ocr_line' id='line_1_56' title="bbox 0 0 1354 4732; baseline 0 0"><span class='ocrx_word' id='word_1_498' title='bbox 0 0 1354 4732; x_wconf 95' lang='lat' dir='ltr'> </span> 
     </span>
    </p>
   </div>
  </div>
 </body>
</html>
