2700 4732
87 184 107 279 J
165 194 225 259 tte
275 270 279 279 ,
550 184 626 247 utu.
646 187 671 247 1.
709 185 799 247 cae.
818 184 898 245 xtv.
1001 208 1005 217 ·

167 328 326 426 erigendis,
343 325 390 391 vel
408 329 439 389 in
455 329 611 390 securitate
631 327 835 389 confirmandis
854 329 956 403 valeat,
975 326 1181 389 desideremus.
1218 327 1245 388 ll

168 409 287 489 quadem
305 428 397 467 onum
415 405 482 466 satis
504 425 652 486 superque
676 426 739 465 esse
759 406 897 479 deberet,
927 404 1174 484 quod'llomiuus
1194 424 1248 465 assi

168 506 200 547 re
219 495 352 545 nostrum
371 502 434 543 esse
452 494 661 558 protectorem.
706 483 767 542 Sed
787 482 854 541 dum
882 492 928 541 tot
953 480 1103 560 periculis,
1131 492 1179 541 tot
1204 500 1248 541 uo:

168 572 218 623 tot
239 560 365 621 bostium
430 559 547 618 neribus
565 578 621 617 nos
639 557 768 619 videmus
793 557 1008 619 circumsideri:
1040 576 1114 635 quae
1134 569 1240 617 nostra·

167 636 305 697 mollities
333 656 367 697 ac
400 635 543 716 ragilitas‚
566 634 629 693 fieri
654 634 800 695 interdum
826 634 937 724 poterit
959 645 993 692 ut
1018 633 1218 712 trepidatione
1242 632 1248 693 i

126 779 129 783 ,
167 713 316 795 pleamur‚
343 711 390 771 vel
415 710 620 790 desperatione
640 711 846 784 concidamus,
875 711 931 769 msi
959 730 1014 788 pro
1044 708 1166 769 modulo
1193 730 1248 770 nos

168 790 278 872 gratiae
301 808 371 849 suae
395 788 587 867 praesentiam
612 787 831 866 apprehendere
857 807 911 846 nos
930 786 1076 844 Dominus
1096 784 1196 843 saciat.
1233 786 1248 843 l

168 866 286 927 radone
304 884 366 925 nou
384 864 474 924 modo
496 883 549 923 nos
567 862 624 923 sibi
643 883 731 923 curae
748 862 813 922 sore
832 863 987 942 promittit,
1005 860 1056 919 sed
1072 881 1107 921 se
1127 861 1248 921 innume

161 940 278 1002 'babere
295 939 443 1014 satellites,
463 938 567 1018 quibus
586 939 799 1074 procurandam
819 939 940 997 salutem
961 949 1090 997 nostram
1110 938 1248 997 mundove

168 1016 286 1077 Horum
305 1014 449 1097 praesidio
468 1036 504 1075 ae
520 1026 623 1089 tutes,
642 1014 779 1094 quamdiu
794 1015 870 1094 septi
889 1036 997 1085 sumus,
1016 1013 1248 1104 quicquid-perir

170 1093 337 1167 immineat,
362 1111 417 1152 nos
441 1102 520 1150 extra
540 1111 658 1151 omnem
684 1091 752 1150 mali
771 1090 862 1149 aleam
883 1109 944 1149 esse
969 1102 1090 1169 positos.
1138 1089 1248 1169 Perper

171 1169 202 1228 id
222 1169 339 1247 quidem
359 1167 422 1227 fieri
441 1187 456 1226 a
476 1167 563 1227 nobis
583 1166 689 1240 fateor,
708 1166 787 1246 quod
809 1177 875 1245 post
894 1166 971 1225 illam
992 1164 1151 1245 simplicem
1171 1186 1248 1245 pron

170 1244 284 1305 sionem
304 1244 340 1304 de
360 1243 512 1303 uuiusDei
531 1243 727 1322 protectione,
745 1242 838 1301 adbuc
858 1242 1130 1319 circumspectemus
1150 1241 1230 1301 unde

171 1320 234 1380 niet
251 1319 338 1380 nobis
355 1318 499 1379 auxilium.
537 1318 597 1378 sed
610 1321 676 1397 quia
686 1320 843 1391 Dominus,
863 1339 917 1398 pro
934 1319 1072 1377 immensa
1082 1338 1132 1376 sna
1144 1316 1248 1377 clemer

171 1407 203 1455 et
221 1395 375 1467 facilitate,
394 1395 456 1455 vult
476 1394 542 1454 huic
562 1406 665 1455 nostro
685 1395 754 1454 vitio
775 1394 947 1465 subvenire,
969 1413 1029 1452 nou
1050 1404 1094 1452 est
1114 1413 1168 1451 cur
1184 1404 1248 1453 tant

171 1472 233 1533 eius
253 1471 427 1532 beneficium
446 1470 635 1552 negligamus.
678 1470 749 1529 Eius
773 1470 816 1528 rei
842 1470 1004 1549 exemplum
1025 1469 1054 1526 in
1080 1488 1172 1547 puero
1192 1468 1248 1530 Elia

172 1548 312 1621 babemus
332 1546 387 1625 (11.
406 1546 479 1628 lleg.
499 1548 630 1624 6,17.),
657 1547 707 1625 qui
727 1567 815 1625 quum
834 1558 965 1604 montem
986 1544 1139 1604 obsidione
1159 1545 1240 1627 cingi

172 1622 257 1684 deret
283 1622 319 1683 ab
344 1623 472 1682 exercitu
492 1623 651 1713 Syrorum,
680 1642 736 1681 nec
760 1621 850 1680 ullum
878 1621 1020 1702 ellugium
1044 1633 1160 1700 patere,
1191 1640 1247 1713 pav

172 1699 426 1772 consternabatur,
446 1720 527 1777 quasi
547 1710 642 1758 actum
660 1697 696 1756 de
716 1717 747 1756 se
767 1718 800 1756 ac
820 1697 941 1757 domino
963 1718 1016 1756 suo
1038 1708 1122 1757 esset.
1161 1697 1248 1759 Hrel

171 1795 254 1836 seeus
273 1775 372 1835 Deum
390 1787 523 1853 precatus
543 1786 601 1848 est,
633 1785 667 1832 ut
690 1774 766 1833 illius
789 1773 917 1851 aperiret
940 1771 1056 1832 oculos:
1087 1773 1136 1832 ille
1186 1774 1247 1835 roti

171 1861 303 1910 montem
323 1850 406 1930 equis
431 1871 465 1910 ac
489 1849 622 1910 curribus
645 1849 738 1930 igneis
760 1851 902 1908 refertum
929 1849 1089 1928 conspicit,
1113 1794 1248 1911 multitud

172 1925 285 1987 scilicet
313 1927 503 2009 angelorum,
534 1947 550 1986 a
581 1926 687 2006 quibus
716 1925 922 1986 custodiendus
952 1937 1015 1985 erat
1044 1947 1110 1986 cum
1141 1924 1248 2006 Propb

172 2003 238 2064 Hac
261 2003 373 2064 visione
403 2003 589 2063 confirmatus
618 2022 649 2063 se
681 2002 807 2081 recepit,
836 2014 866 2061 et
895 2001 994 2063 hostes
1024 2003 1122 2081 potuit
1151 2002 1248 2083 intrep

173 2078 271 2139 animo
292 2079 342 2139 des
365 2079 454 2148 icere,
474 2100 599 2159 quorum
618 2091 737 2156 aspectu
757 2078 853 2137 luerat
872 2098 965 2157 prope
985 2079 1172 2137 exanimatus.

193 2212 199 2225 ,
250 2160 297 2218 12.
340 2099 470 2214 leoinde
496 2154 635 2233 quicquid
660 2155 696 2212 de
723 2154 894 2235 angelorum
925 2155 1086 2213 ministerio
1112 2154 1235 2230 dicitur,

174 2229 253 2290 bunc
272 2231 359 2290 finem
379 2230 550 2311 dirigamus,
570 2241 602 2288 ut
620 2242 780 2323 expugnata
801 2232 881 2289 omni
900 2230 1077 2305 diffidentia,
1096 2250 1162 2310 spes
1182 2232 1213 2290 in
1234 2231 1248 2291 l

128 2368 130 2373 .
174 2317 276 2366 nostra
299 2307 406 2366 lortius
428 2306 601 2365 stabiliatur.
646 2307 798 2384 biquidem
823 2306 894 2365 baec
919 2307 1063 2384 praesidia
1085 2308 1153 2367 ideo
1179 2306 1248 2368 nob:

130 3298 135 3307 '
200 3306 242 3368 et,
260 3295 380 3375 angelos
405 3317 435 3354 m
460 3307 570 3356 terram
598 3297 634 3356 ad

104 4230 108 4237 ·
177 4208 333 4267 eteumfi

104 4334 171 4440 br.

173 2380 306 2443 Domino
325 2392 394 2443 aunt
412 2393 596 2460 comparata,
615 2403 653 2441 ne
673 2382 798 2441 bostium
819 2382 1005 2441 multitudine
1025 2395 1202 2458 terreamur,
1222 2406 1248 2465 qr

174 2458 310 2518 adversus
336 2478 422 2537 opem
451 2459 512 2518 eius
536 2457 732 2537 praevaleret,
756 2459 807 2518 sed
832 2459 868 2517 ad
893 2459 972 2518 illam
997 2458 1103 2519 Elisaei
1126 2472 1248 2521 sentent

175 2532 395 2613 confugiamus,
417 2534 513 2614 plures
534 2554 595 2595 esse
616 2556 669 2614 pro
692 2535 777 2595 nobis
797 2556 883 2614 quam
904 2547 1005 2594 contra
1026 2557 1089 2596 nos.
1129 2538 1229 2611 Quam

174 2622 225 2669 tur
249 2621 468 2690 praeposterum
488 2622 546 2684 est,
570 2610 607 2670 ab
632 2609 741 2691 augelis
766 2633 820 2671 nos
844 2611 948 2670 abduci
969 2633 984 2670 a
1003 2613 1086 2684 Deo,
1113 2613 1163 2690 qui
1190 2613 1222 2671 in

175 2697 244 2746 sunt
263 2686 414 2746 constituti
439 2698 472 2746 ut
495 2687 724 2766 praesentiorem
745 2688 806 2747 eius
826 2708 913 2767 opem
934 2687 1019 2749 nobis
1040 2688 1201 2748 testentur?
1241 2726 1248 2749 ι

176 2762 288 2822 ducunt
307 2774 414 2838 autem,
435 2763 459 2822 si
480 2784 540 2822 non
561 2774 640 2823 recta
660 2763 694 2822 ad
716 2764 809 2843 ipsum
829 2764 1038 2840 manurlucunt,
1058 2777 1090 2823 ut
1108 2765 1202 2825 solum
1223 2786 1248 2825 ar

176 2837 310 2899 liatorem
337 2850 516 2918 spectemus,
540 2839 708 2901 invocemus
734 2862 767 2899 ac
798 2842 1012 2920 praedicemus:
1043 2842 1066 2901 si
1097 2862 1156 2900 uon
1184 2853 1217 2903 ut
1244 2868 1248 2896 ι

175 2934 277 2975 manus
297 2934 314 2975 a
333 2914 418 2975 nobis
438 2916 676 2991 considerantur,
700 2937 773 2993 quae
794 2915 903 2974 nullum
925 2918 961 2975 ad
982 2937 1055 2997 opus
1075 2918 1130 2977 nisi
1149 2918 1213 2998 ipso
1236 2920 1248 2978 ι’

176 3003 267 3072 gente
285 3011 317 3052 se
336 2992 491 3051 moveant?
510 2992 534 3051 si
554 3013 614 3052 non
635 2994 665 3051 iu
685 3014 745 3053 uno
766 2993 930 3051 Mediatore
951 2993 1070 3053 Christo
1091 3013 1145 3054 nos
1165 2994 1248 3055 retim

175 3078 211 3127 ut
229 3065 265 3127 ab
286 3086 323 3126 eo
343 3087 461 3147 prorsus
482 3068 670 3147 pendeamus,
690 3070 721 3127 in
741 3089 777 3128 eo
797 3068 1009 3144 recumbamus,
1028 3071 1146 3130 adeum
1166 3070 1248 3131 lerau

178 3154 209 3203 et
227 3142 258 3203 in
278 3144 342 3223 ipso
362 3164 395 3203 ac
418 3143 585 3203 uiescamus.
626 3145 717 3220 Quod
738 3147 815 3204 enirn
836 3146 865 3203 in
886 3146 999 3205 visione
1019 3146 1110 3205 Iacob
1131 3147 1248 3207 describ

176 3216 272 3353 qun.
291 3223 339 3292 28,
358 3165 438 3310 fill,
456 3219 579 3279 haerere
599 3241 632 3281 ac
651 3222 766 3355 penitus
786 3221 902 3281 infixum
923 3242 985 3281 esse
1005 3223 1106 3283 animis
1127 3225 1236 3285 nostris

675 3298 787 3357 omines
806 3297 1001 3373 descendere,
1027 3310 1056 3357 et
1081 3298 1117 3359 ab
1139 3299 1248 3359 bomini

176 3370 209 3430 in
229 3370 345 3431 coelum
364 3368 521 3432 ascendere
563 3393 595 3433 er
613 3373 730 3448 scalam,
753 3373 800 3433 cui
820 3374 926 3433 insidet
943 3376 1088 3435 Dominus
1114 3378 1248 3436 exercitu·

178 3466 247 3535 quo.
259 3447 413 3522 indicatur,
432 3448 494 3508 sola
515 3394 624 3510 clrisri
644 3451 856 3510 intercessione
882 3450 955 3524 fieri,
975 3464 1009 3510 ut
1028 3451 1200 3532 angelorum
1221 3476 1248 3513 m

177 3533 265 3583 eterra
290 3523 326 3582 ad
351 3544 406 3584 nos
431 3527 620 3604 perveniant,
644 3525 720 3586 sicut
744 3527 806 3606 ipse
833 3526 973 3585 affirmat:
1004 3528 1154 3602 „Posthac
1174 3528 1248 3588 videl

176 3597 278 3659 coelos
303 3611 422 3680 apertos
447 3613 478 3661 et
501 3600 623 3683 angelos
650 3602 860 3662 descendentes
885 3603 920 3662 ad
940 3603 1046 3663 Filium
1070 3603 1222 3664 bominis“

175 3680 207 3746 1,
224 3676 298 3753 51.).
343 3674 386 3735 lta
411 3694 447 3734 ue
476 3697 575 3737 servus
603 3676 755 3752 Abrahae,
786 3679 882 3772 angeli
908 3680 1056 3739 custodiae
1088 3681 1246 3741 commend

175 3748 273 3830 (Gen.
291 3756 347 3826 24,
366 3696 425 3830 73,
452 3773 513 3813 nou
535 3764 691 3833 propterea
711 3754 807 3834 ipsum
827 3769 942 3816 invocat
963 3768 996 3815 ut
1014 3756 1069 3815 sibi
1089 3757 1173 3829 assit,
1198 3758 1248 3817 sed

177 3827 433 3889 commendatione
458 3828 549 3889 lretus
576 3849 677 3909 preces
704 3830 800 3890 lundit
828 3853 926 3890 coram
946 3832 1096 3905 Domino,
1125 3833 1248 3912 petitque

177 3902 406 3965 misericordiam
438 3926 519 3965 suam
553 3925 623 3986 erga
649 3906 847 3966 Abrabamum
878 3920 998 3967 exserat.
1053 3910 1248 3983 Quaenradmor

178 3978 256 4037 enim
281 4000 342 4040 non
372 3981 439 4041 ideo
472 3983 624 4061 potentiae
653 3981 852 4063 bonitatisque
881 4006 949 4044 suae
981 3985 1128 4045 ministros
1160 3986 1231 4047 lacit

172 4052 275 4129 'Deum
298 4068 333 4116 ut
355 4078 437 4119 suam
463 4079 530 4118 curn
556 4058 611 4119 illis
640 4058 764 4139 gloriam
791 4062 946 4139 partiatur:
977 4062 1016 4121 ita
1040 4083 1102 4122 oon
1123 4082 1245 4141 opems

176 4126 247 4191 ideo
267 4132 299 4191 in
325 4134 456 4266 ipsorum
475 4134 638 4194 ministerio
650 4135 737 4196 nobis
756 4136 913 4216 promittit,
933 4149 966 4195 ut
986 4151 1116 4198 nostram
1135 4140 1214 4197 inter
1234 4139 1248 4198 i·

357 4209 456 4271 nciam·
470 4210 636 4271 dividamus.
676 4211 782 4273 Valeat
801 4232 832 4272 er
854 4232 873 4271 o
887 4213 1038 4274 Platonica
1058 4213 1107 4274 illa
1127 4210 1248 4293 pbiloso'

176 4280 215 4347 dr
234 4286 405 4364 quaerendo
427 4308 481 4369 per
499 4286 622 4370 angelos
641 4286 677 4348 ad
696 4289 794 4349 Deum
814 4232 910 4364 aditu,
935 4304 966 4350 et
984 4289 1054 4371 ipsis
1074 4291 1106 4350 in
1127 4298 1206 4353 bunc
1225 4292 1248 4355 fi
