2700 4732
145 224 154 242 .
232 236 272 277 ‚,
514 181 903 249 murratum.
1125 151 1150 183 ”
1215 187 1274 252 soa

132 329 346 411 oculorumque
365 329 635 412 concupiscentiam
654 330 858 392 mortificasse:
878 338 908 390 at
927 327 1038 388 nullum
1055 338 1101 391 est
1116 326 1270 389 homiuum

130 405 955 566 ittdttttlt’dldlitsblittzittqd¹¹tttt
971 405 1269 564 &stitit-litt

130 559 262 620 molant?
306 570 309 581 ’

206 641 254 700 26.
291 635 388 697 Porro
408 658 499 717 quum
516 636 627 711 dicant,
646 656 787 697 coronam
805 635 970 697 clericalem
990 632 1100 696 hahere
1119 633 1265 715 originem

69 704 71 740 ²
130 731 147 771 a
166 709 321 773 Nazaraeis
342 714 546 788 strationem,
566 711 635 792 quid
654 712 732 773 alind
753 712 892 787 afferunt,
912 732 999 791 quarn
1019 731 1069 772 sua
1088 711 1228 787 mysteria
1247 730 1266 770 a

130 786 255 848 Iudaicis
280 791 455 849 ceremoniis
481 802 547 850 nata
571 808 634 850 esse
658 788 704 850 rel
728 790 827 869 potius
852 809 966 848 merum
987 807 1049 848 esse
1068 785 1265 848 Iudaismum?

69 885 71 895 ’
130 864 223 937 Quod
242 877 338 925 autem
349 866 469 938 addunt,
488 864 659 939 Priscillam,
678 864 801 946 Acylam
821 865 985 926 etPanlum
1005 865 1110 945 ipsum,
1126 873 1263 955 suscepto

130 952 212 1013 voto,
231 940 286 1000 sibi
306 944 408 1002 rasisse
421 953 519 1022 caput,
538 953 570 1002 ιιι
601 942 815 1016 nrificarentnr,
834 962 958 1003 crassam
968 961 1048 1002 suam
1067 941 1264 1022 ignorantiam

69 1015 72 1049 ³
128 1016 283 1108 produnt·
308 1019 458 1098 Nusquam
478 1019 555 1078 'enim
580 964 691 1101 legitur
713 1019 751 1077 de
770 1017 916 1079 Priscilla:
946 1038 981 1078 ac
1001 1016 1038 1077 de
1057 1013 1149 1098 Acyla
1175 1015 1264 1074 etiam

69 1120 70 1127 ι
129 1104 275 1155 incertum
294 1105 354 1170 est,
376 1093 519 1175 siquidem
539 1107 598 1155 tam
618 1095 653 1154 ad
673 1093 797 1153 Paulum
817 1094 923 1154 referri
941 1105 1040 1173 potest
1059 1106 1181 1154 tonsura
1200 1091 1250 1150 illa

128 1190 215 1249 quam
235 1170 271 1229 ad
290 1171 411 1252 Acylam
431 1170 671 1250 (Act.18,1&).
707 1171 755 1230 Ne
778 1190 849 1232 vero
870 1171 926 1231 illis
953 1131 1264 1258 relinquamus,·quod

126 1257 248 1327 petunt,
281 1267 360 1307 erem
382 1247 442 1308 lum
467 1268 518 1309 eos
543 1246 653 1308 habere
676 1247 822 1308 aPaulo:
852 1246 1066 1308 observandum
1088 1257 1132 1307 est
1150 1243 1263 1324 simpli·

126 1321 271 1397 cioribns,
299 1269 421 1383 Panium
448 1344 597 1403 nunquam
622 1335 710 1404 caput
727 1314 784 1384 sibi
809 1323 973 1384 totondisse
997 1323 1032 1383 ad
1051 1321 1262 1383 sanctificatio-

126 1416 193 1456 nem
213 1398 356 1490 aliquam,
382 1400 433 1461 sed
461 1400 598 1459 duntaxat
617 1411 651 1459 ut
675 1400 798 1460 fratrum
817 1399 979 1460 infirmitati
997 1400 1128 1459 serviret.
1166 1395 1260 1458 Soleo

125 1474 269 1534 eiusm0d1
281 1487 348 1535 vota
361 1475 508 1556 appellare
520 1477 657 1550 caritatis,
677 1497 738 1537 non
758 1476 884 1556 pietatis,
903 1477 960 1537 hoc
980 1487 1034 1551 est,
1053 1497 1115 1535 non
1126 1485 1261 1553 suscepta

124 1549 161 1609 ad
183 1549 293 1611 cultum
313 1552 440 1631 aliquem
458 1552 532 1625 Dei,
558 1552 609 1612 sed
629 1552 666 1612 ad
685 1551 868 1614 tolerandam
887 1552 1070 1612 infirmorum
1091 1551 1259 1625 ruditatem,

124 1626 371 1704 quemadmodum
390 1629 400 1687 i
422 1648 453 1689 se
472 1631 529 1702 ait,
559 1629 674 1690 ludaeis
698 1649 730 1689 se
749 1628 893 1689 Iudaeum
918 1628 1027 1689 lactum
1047 1638 1104 1688 etc.
1123 1625 1163 1705 (l.
1184 1626 1259 1688 Cor.

121 1709 153 1778 9,
173 1706 244 1780 20).
295 1704 377 1786 Ergo
397 1649 561 1780 haeserit,
586 1717 617 1765 et
636 1705 754 1786 quidem
774 1705 865 1765 semel
889 1716 978 1785 atque
1002 1704 1038 1765 ad
1066 1703 1155 1765 breve
1181 1715 1258 1765 tem-

123 1799 193 1858 pus,
217 1791 249 1837 nt
269 1778 383 1840 Iudaeis
401 1800 434 1841 se
452 1784 595 1861 tantisper
613 1782 859 1843 accommodaret.
908 1781 960 1840 Isti
980 1802 1070 1860 quum
1090 1781 1258 1840 Nazaraeo-

122 1876 188 1914 rum
200 1855 418 1937 purificationes
430 1858 533 1936 (Num.
546 1864 576 1933 6,
588 1860 648 1934 18.)
669 1858 752 1917 nullo
771 1878 825 1918 usu
845 1858 951 1929 imitari
961 1857 1079 1932 volunt,
1098 1854 1257 1937 quidaliud

122 1951 210 2009 quarn
230 1931 354 1992 alterum
366 1933 542 1994 Iudaismum
563 1935 691 2016 erigunt,
710 1934 780 1993 dum
794 1945 923 1994 veterem
942 1953 1096 2015 perperam
1116 1930 1258 1993 aemulari

121 2007 281 2068 assertant?
319 2009 430 2069 Eadem
455 2011 599 2093 religione
624 2009 778 2080 decretalis
801 2009 850 2069 illa
870 2009 1003 2089 Epistola
1028 2010 1192 2089 composita
1212 2019 1258 2070 est

123 2088 201 2164 (cap.
214 2084 395 2145 Prohibetur
414 2086 479 2146 dist.
496 2088 571 2166 24),
589 2106 664 2166 quae
682 2085 823 2166 probibet
842 2086 953 2146 clericis
973 2086 1049 2146 iuxta
1068 2085 1095 2144 Α
1118 2085 1257 2160 ostolum,

121 2179 161 2218 ne
181 2182 292 2222 comam
316 2162 464 2237 nutriant,
494 2165 546 2224 sed
570 2163 662 2223 instar
679 2163 820 2241 sphaerae
842 2163 961 2223 radant:
990 2163 1071 2243 quasi
1090 2107 1255 2241 lpostolus

120 2236 384 2316 (1.cor.11‚14.)‚
404 2239 524 2314 docens,
544 2239 613 2320 quid
624 2240 691 2299 viris
711 2239 848 2300 omnibns
867 2239 1007 2299 decorum
1026 2240 1073 2314 sit,
1093 2238 1130 2299 de
1148 2237 1256 2317 sphae-

119 2314 179 2374 rica
190 2313 365 2373 clericorum
377 2336 475 2375 rasura
485 2316 627 2377 sollicitus
637 2315 735 2376 suerit.
767 2316 847 2376 ilinc
865 2316 992 2377 lectores
1002 2326 1151 2396 reputent,
1162 2313 1255 2394 qualis

117 2389 178 2526 {ppt
198 2391 335 2485 energiae
355 2411 388 2451 ac
408 2392 556 2474 dignitatis
575 2392 646 2469 alia,
664 2412 738 2474 quae
763 2404 942 2474 sequuntur,
965 2392 1117 2475 mysteria,
1146 2391 1254 2473 quihus

160 2479 246 2610 miii
264 2487 531 2628 ¹liinrdiesliiiginem
551 2545 688 2607 habuerit
706 2521 880 2609 clericorum
900 2558 1036 2623 tonsura,
1065 2545 1183 2607 abunde
1202 2542 1250 2604 vel

116 2641 151 2679 ex
175 2642 236 2682 uno
255 2623 422 2703 Augustino
448 2635 565 2683 constat
583 2623 637 2704 (ci.
659 2625 696 2683 de
716 2644 808 2705 opere
827 2624 963 2685 monach.
983 2625 1014 2682 in
1040 2621 1090 2681 fin.
1109 2633 1167 2700 atq.
1188 2620 1250 2678 lie-

114 2697 224 2774 tract.).
263 2700 364 2773 Quum
383 2698 435 2758 illo
454 2699 571 2760 saeculo
592 2701 729 2781 capillum
748 2721 810 2761 non
830 2701 944 2760 alerent
962 2700 1017 2759 nisi
1029 2697 1145 2757 delicati
1158 2695 1249 2778 etqui
1317 2763 1324 2781 ι

115 2774 243 2832 nitorem
264 2776 496 2855 elegentiamque
516 2796 577 2836 non
597 2779 665 2837 satis
679 2777 793 2838 virilem
813 2777 1003 2848 affectabant,
1021 2774 1174 2834 videbatur
1186 2789 1250 2832 esse

117 2870 177 2908 non
198 2848 270 2908 boni
294 2851 433 2929 exempli,
453 2851 476 2910 si
503 2851 616 2911 clericis
640 2851 669 2911 id
695 2852 924 2932 permitteretur.
970 2850 1155 2910 Iubebantur
1174 2869 1247 2930 ergo

116 2924 216 2986 elerici
236 2926 281 2985 vel
300 2927 425 2985 tondere
450 2937 538 3004 caput
566 2927 628 2987 rel„
642 2928 761 3003 radere,
793 2949 831 2986 ne
872 2950 936 2988 nam
968 2926 1132 2986 effeminati
1151 2924 1247 2985 cultus

113 3002 241 3081 speciem
259 3020 329 3082 prae
348 3021 379 3063 se
400 3003 520 3061 ferrent.
559 3003 644 3069 Addo
665 3016 762 3063 autem
782 3005 813 3063 id
827 2951 946 3086 vrllgare
966 3015 1038 3076 erat,
1057 3014 1091 3062 nt
1109 2999 1247 3062 monachi

136 3078 247 3151 uidam,
277 3099 338 3158 quo
366 3079 459 3159 magis
484 3100 563 3138 suam
588 3081 812 3140 sanctimoniam
838 3080 963 3141 notabili
989 3080 1186 3159 distinctoque
1206 3077 1243 3138 ab

113 3103 175 3216 iliis
196 3155 296 3216 babitu
316 3155 514 3229 venditarent,
538 3176 651 3216 comam
676 3156 873 3218 demitterent.
923 3158 1024 3231 Quum
1045 3175 1115 3215 vero
1140 3165 1245 3235 postea

112 3254 160 3292 res
189 3233 224 3291 ad
256 3234 350 3292 crines
380 3232 514 3292 rediisset
543 3243 574 3291 et
604 3232 639 3293 ad
665 3232 917 3294 Christianismum
941 3231 1117 3292 accederent
1138 3243 1244 3313 gentes
1273 3231 1275 3236 ’

112 3309 264 3387 quaedam,
277 3329 351 3388 quae
361 3328 478 3388 semper
491 3319 623 3370 comatae
635 3308 803 3385 inerantut
813 3309 921 3384 Gallia,
935 3307 1106 3383 Germania,
1117 3306 1244 3389 Anglia:
1280 3339 1281 3343 ,

110 3384 268 3446 verisimile
279 3398 333 3457 est,
351 3386 475 3446 clericos
495 3386 606 3463 ubique
624 3385 725 3446 rasisse
741 3398 839 3479 capnt,
857 3407 896 3445 ne
916 3404 1018 3446 comae
1036 3396 1244 3447 ornamentum

110 3461 280 3523 viderentur
303 3463 451 3523 affectare.
501 3462 635 3522 Tandem
660 3475 847 3543 corruptiore
872 3460 1005 3534 saeculo,
1030 3483 1119 3541 quum
1145 3461 1242 3540 prisca
1287 3500 1289 3504 =

112 3537 211 3599 omnia
235 3536 368 3598 instituta
386 3537 432 3599 vel
457 3539 574 3598 inversa
598 3537 699 3598 locent
726 3539 772 3600 vel
796 3541 827 3599 in
852 3539 1091 3617 superstitionem
1112 3536 1242 3618 degene-

109 3624 232 3687 rassent,
250 3614 317 3692 quia
338 3615 367 3672 in
386 3634 485 3675 rasura
504 3613 632 3675 clericali
650 3613 724 3673 nihil
742 3615 903 3676 cernebant
921 3634 1024 3675 causae
1039 3613 1243 3693 (nequeenim

110 3690 265 3770 quicquam
285 3691 470 3751 retinuerant
493 3703 611 3769 praeter
633 3691 750 3752 stultam
773 3693 982 3768 imitationem)
1011 3691 1047 3750 ad
1070 3691 1241 3770 mysterium

111 3765 325 3846 confugerunt:
351 3767 430 3845 quod
455 3788 535 3827 nunc
559 3768 761 3847 superstitiose
781 3769 866 3831 nobis
886 3733 1051 3828 obtrudunt
1069 3788 1124 3846 pro
1144 3786 1241 3826 sacre·

110 3843 204 3902 menti
223 3842 268 3902 sui
292 3841 516 3921 approbatione.
567 3842 685 3903 Ostiarii
715 3846 747 3904 in
773 3845 994 3906 consecratione
1017 3842 1111 3903 claves
1135 3840 1241 3922 templi

106 3919 273 4056 Ξςὶἰιρῐιιιιι,
303 3919 445 4054 quintasibis
457 3918 588 4055 manqlari
612 3919 772 4011 custodiam
798 3922 978 4058 intelligabnt:
1008 3919 1135 3980 lectores
1158 3938 1240 3980 sacra

136 4020 145 4055 ι
180 4015 221 4056 ra:
246 4015 355 4055 exorcis
388 4014 404 4054 e
443 4017 569 4058 ormuas
594 4015 821 4058 exorcismorum
888 4022 917 4058 m
940 4018 973 4057 ns
997 4019 1031 4058 su
1053 4016 1086 4056 er
1111 4015 1183 4056 ener
1224 4027 1239 4042 -

108 4093 213 4131 menos
237 4082 268 4130 et
296 4072 518 4133 catechumenos
547 4085 679 4132 utantur:
719 4042 848 4134 acoluthi
868 4019 986 4134 qcereos
1016 4018 1050 4132 ei
1075 4014 1237 4133 urceolrirh.

108 4149 156 4206 En
175 4149 368 4222 ceremoniae,
388 4149 492 4226 quibus
511 4152 549 4229 (si
560 4146 759 4241 Deoplacet)
777 4163 891 4211 tantum
911 4150 987 4210 inest
1005 4168 1128 4209 arcanae
1146 4147 1239 4210 virtu·

111 4226 158 4297 tis,
177 4236 211 4284 ut
228 4244 291 4285 esse
311 4225 423 4304 possint
443 4226 552 4366 qratiae
571 4224 725 4287 invisibilis
750 4248 811 4288 non
832 4226 922 4285 modo
946 4226 1029 4307 signa
1048 4244 1082 4285 ac
1100 4236 1239 4298 tesserae,

109 4299 161 4362 sed
182 4301 268 4361 ctiam
287 4321 397 4364 causae.
462 4304 513 4364 loc
539 4304 616 4372 enirn
640 4303 802 4371 amodum
818 4324 898 4366 suan
918 4302 1120 4369 definitionem
1137 4311 1242 4380 postu·
