2596 4726
41 237 46 254 ·
122 219 184 285 m
505 210 582 275 tut.
598 210 644 273 11.
682 210 772 278 cte.
789 194 865 273 xlt'

124 359 216 421 ffiam
230 356 279 419 'de‘
293 373 391 431 musa,
406 372 511 416 rerum
529 373 593 418 csse
602 357 701 424 Deum
713 366 745 415 et
755 355 917 433 bominem,
934 354 986 436 qni
998 353 1182 437 Redemptor
1199 374 1257 415 no·

124 448 186 499 ster
204 434 320 496 loturus
339 443 425 495 esset.
463 431 535 495 Eius
553 444 616 495 erat
633 443 758 493 mortem
778 432 952 494 absorbere:
976 432 1042 512 quis
1061 430 1119 491 boc
1137 443 1258 523 poterat

123 512 181 577 nisi
199 509 292 571 vita?-
307 509 377 569 Eius
400 519 464 569 erat
486 521 639 589 peccatum
657 509 791 569 vincere:
823 511 886 590 quis
905 507 963 569 boc
1003 517 1099 568 oterat
1117 509 1174 567 nui
1193 509 1256 587 ipsa

123 587 254 649 institia?
283 586 355 646 Eius
378 594 442 646 erat
465 587 567 646 mnndi
585 598 617 646 et
636 586 711 646 airis
732 597 891 665 potestates
910 604 965 661 pro
989 585 1084 665 igere:
1113 585 1177 664 quis
1198 584 1257 643 hoc

124 675 244 746 poterat
262 663 318 723 nisi
338 661 428 721 virtus
448 672 479 722 et
496 662 608 723 muodo
629 676 660 721 et
678 667 747 722 a'e’re
765 662 919 742 superior?
939 661 1035 720 Porro
1056 679 1146 738 penes
1165 680 1254 739 quern

121 743 183 804 vita
203 753 259 816 est,
276 751 329 799 aut
347 735 467 812 iustitia,
487 752 537 799 aut
556 737 632 799 coeli
651 737 805 818 imperium
826 750 855 797 et
874 749 1014 819 potestas,
1032 736 1086 796 nisi
1103 755 1193 816 penes
1205 755 1256 797 so·

123 817 184 879 lum
202 816 321 877 Deum?
352 815 424 875 Sese
449 834 522 896 ergo
548 813 787 875 clementissimus
807 815 888 876 Dens
912 816 943 875 iu
964 833 1089 895 persona
1108 811 1256 896 unigeniti

122 895 355 974 Redemptorem
373 900 508 950 nostrum
527 891 608 965 fecit,
628 892 697 951 dun
716 910 771 951 nos
791 891 960 970 redemptos
979 889 1084 948 voluit.

182 964 232 1037 ’3.
270 967 405 1028 Alternm
435 966 492 1028 boc
522 980 640 1027 nostrae
670 976 737 1028 cum
777 968 844 1029 Deo
881 965 1129 1028 reconciliationis
1167 976 1258 1044 capnt

125 1057 204 1117 erat,
231 1054 265 1107 nt
285 1044 391 1116 hom,
422 1043 473 1121 qui
492 1062 594 1103 suase
613 1043 813 1104 inobedientia
832 1044 1013 1124 perdiderat,
1042 1041 1165 1102 remedii
1183 1043 1255 1103 loco

123 1122 324 1187 obedientiam
343 1139 383 1199 op
405 1131 521 1194 oneret,
537 1119 715 1180 iudicioDei
734 1119 921 1196 satisfaceret,
940 1139 1050 1199 poenas
1062 1118 1257 1198 peccatiper-

124 1199 261 1264 solveret
309 1196 370 1256 Pro
393 1196 426 1255 iit
445 1207 517 1277 ergo
536 1215 623 1256 rerus
643 1197 733 1256 bomo
752 1196 898 1257 Dominus
917 1208 1029 1267 noster,
1048 1195 1131 1254 Adue
1150 1188 1278 1273 perso-³

124 1296 194 1337 narn
210 1273 318 1347 induit,
336 1292 445 1331 nomen
465 1273 627 1364 assumpsit,
646 1284 678 1332 ut
698 1272 759 1332 eius
778 1273 855 1334 vices
874 1272 986 1333 subiret
1005 1272 1083 1331 Patri
1109 1271 1258 1331 obedien-

126 1353 183 1426 do,
211 1362 247 1411 ut
270 1369 386 1410 carnem
405 1359 536 1408 nostram
555 1370 586 1408 sn
605 1349 810 1409 satisfactionis
828 1351 954 1428 pretium
971 1350 1048 1409 iusto
1069 1348 1126 1407 Dei
1145 1347 1257 1407 indicio

127 1430 253 1498 sisteret,
273 1447 306 1486 ac
326 1426 355 1484 in
376 1424 477 1484 eadem
496 1445 585 1485 carne
604 1445 739 1505 poenam,
758 1446 845 1504 quam
857 1426 952 1485 meriti
962 1445 1085 1499 eremus,
1105 1423 1259 1504 persolve·

113 1516 182 1565 ἰιι
239 1503 340 1577 Quum
360 1500 487 1580 denique
505 1513 632 1567 mortem
652 1521 708 1561 nec
725 1502 804 1563 solus
824 1502 1054 1577 Democritius,
1089 1520 1144 1561 uec
1175 1499 1258 1560 solus

125 1581 218 1642 homo
237 1598 376 1659 superare
393 1589 510 1669 posset,
535 1578 689 1638 humanam
708 1589 841 1638 naturam
860 1600 925 1639 curn
947 1579 1041 1639 diviua
1061 1577 1192 1651 sociavit,
1223 1589 1259 1638 ut

30 1667 35 1675 “
68 1683 73 1690 ·
123 1656 244 1719 alterius
261 1653 492 1714 imbecillitatem
510 1655 601 1714 morti
620 1651 786 1728 subiiceret,
806 1655 842 1716 ad
863 1654 1000 1736 expianda
1020 1666 1152 1734 peccata:
1179 1652 1257 1712 alte-

124 1735 185 1795 rius
203 1732 313 1793 virtute
331 1730 438 1790 luctam
459 1751 524 1790 cum
543 1741 641 1789 morte
659 1731 835 1810 suscipiens,
865 1730 952 1792 nobis
976 1731 1130 1792 victoriam
1155 1731 1257 1809 acqui·

124 1820 214 1872 reret.
253 1807 316 1883 Qui
335 1825 408 1943 ergo
430 1806 579 1868 Christum
597 1828 649 1867 sua
667 1819 717 1866 aut
737 1808 896 1883 divinitate,
915 1819 967 1867 ant
987 1806 1165 1866 humanitate
1184 1827 1258 1942 spo·
1283 1882 1287 1891 Ι

123 1887 214 1963 liant,
233 1884 295 1944 eius
314 1884 363 1963 qui
385 1903 432 1942 em
451 1883 497 1943 vel
516 1882 694 1943 imminuunt
711 1884 889 1945 maiestatem
910 1896 940 1943 et
960 1885 1102 1965 gloriam,
1133 1883 1179 1942 vel
1221 1904 1258 1943 o·

123 1964 246 2024 nitatem
266 1960 434 2021 obscurant.
473 1959 533 2020 Sed
552 1980 613 2018 non
634 1962 728 2021 minus
746 1960 838 2022 altera
857 1981 890 2019 ex
909 1973 993 2041 parte
1008 1959 1259 2020 bominibussnnt

125 2038 236 2111 iniurii,
256 2057 380 2116 quorum
400 2036 486 2095 fidem
507 2037 546 2097 ita
565 2036 742 2097 labefactant
766 2050 797 2097 et
827 2050 977 2098 evertunt:
1010 2055 1085 2117 qnae
1113 2037 1169 2095 nisi
1198 2035 1258 2097 boc

126 2114 321 2176 fundamento
342 2113 407 2172 nixa
426 2124 503 2172 stare
523 2133 583 2174 non
604 2126 711 2204 potest
737 2113 823 2173 Adde
844 2115 923 2193 quod
942 2114 1102 2193 sperandus
1121 2112 1178 2172 tuit
1196 2112 1257 2172 Re-

126 2192 192 2253 dem
215 2200 264 2250 tor
283 2187 333 2247 ille
352 2188 487 2248 Abrahae
507 2188 684 2269 Davidrsqne
703 2190 792 2264 filius,
812 2211 898 2269 quem
919 2191 948 2248 in
968 2191 1049 2271 Lege
1069 2200 1101 2248 et
1119 2188 1258 2269 Prophe·

124 2268 162 2328 tis
213 2286 263 2326 eus
283 2265 472 2345 promiserat:
498 2265 576 2323 unde
595 2265 717 2326 alterum
737 2266 865 2326 fructum
885 2266 1029 2347 coliigunt
1068 2265 1112 2325 iae
1131 2277 1259 2340 mentes,

124 2343 206 2436 quod
225 2342 287 2420 ipsa
307 2341 433 2422 originis
451 2340 527 2400 serie
546 2339 582 2400 ad
604 2341 744 2405 Davidem
764 2353 795 2400 et
812 2342 959 2402 Abraham
986 2287 1159 2421 perductae,
1189 2363 1256 2402 cer-

124 2432 215 2479 trusa
239 2429 366 2477 noscunt
386 2417 462 2477 bunc
483 2432 544 2476 esse
556 2416 715 2493 Christum,
734 2418 786 2497 qni
804 2430 851 2479 tot
869 2418 994 2478 oraculis
1014 2420 1179 2496 celebratus
1190 2418 1257 2479 suit.

125 2495 186 2555 Sed
207 2437 278 2553 illud
300 2493 380 2572 quod
400 2512 495 2571 nuper
514 2495 649 2572 exposui,
679 2496 836 2575 praecipue
855 2495 1015 2554 tenendum
1037 2506 1094 2569 est,
1124 2516 1256 2555 commn-

124 2578 194 2641 nem
213 2580 345 2628 naturam
365 2569 470 2649 pignus
491 2589 553 2628 esse
573 2582 690 2629 nostrae
710 2594 774 2632 cum
795 2571 872 2630 Filio
891 2572 949 2629 Dei
974 2572 1135 2632 societatis:
1168 2591 1256 2632 carne

124 2658 225 2709 nostra
244 2644 379 2705 vestitum
399 2643 558 2705 debellasse
577 2658 703 2706 mortem
723 2669 788 2707 cum
818 2660 958 2727 peccato,
988 2660 1020 2706 ut
1051 2660 1151 2708 nostra
1180 2660 1257 2708 esset

122 2723 246 2784 victoria
266 2733 297 2780 et
315 2722 478 2801 triumphus
498 2734 613 2782 noster:
633 2745 761 2798 carnem,
782 2745 895 2803 quamn
915 2724 1001 2783 nobis
1021 2725 1144 2803 accepit,
1164 2725 1255 2785 obtu-

31 2825 39 2834 ·’
123 2801 190 2861 lisse
210 2801 238 2859 iu
259 2799 444 2871 sacrificium,
464 2809 496 2858 nt
515 2798 591 2859 facta
610 2800 774 2881 expiatione
792 2813 906 2861 reatum
926 2813 1059 2861 nostrum
1080 2801 1207 2878 deleret,
1227 2813 1259 2862 et

124 2877 255 2958 placaret
274 2875 375 2935 iustam
397 2875 490 2935 Patris
509 2875 590 2935 iram
873 2914 877 2920 -

202 2959 231 3016 4.
271 2952 324 3011 llis
344 2963 376 3011 ut
396 2973 448 3031 par
468 2963 512 3011 est
531 2951 758 3028 considerandis,
778 2953 828 3033 qui
847 2953 950 3015 sedulo
969 2964 1095 3014 attentus
1115 2954 1188 3026 erit,
1207 2975 1258 3014 va·

125 3051 176 3112 gas
195 3028 409 3108 speculationes
430 3027 516 3088 lacile
540 3028 685 3109 negliget,
716 3051 789 3108 qnae
815 3031 893 3090 leves
919 3032 1038 3111 spiritus
1064 3042 1093 3089 et
1118 3031 1258 3091 novitatis

124 3106 246 3185 cupidos
266 3104 352 3165 adse
372 3104 504 3184 rapiunt:
524 3106 605 3165 cuius
624 3108 740 3187 generis
758 3119 816 3181 est,
837 3107 1003 3180 Christum,
1023 3107 1134 3166 etiamsi
1153 3108 1189 3165 ad
1211 3129 1259 3167 re·

125 3181 295 3242 dimeudum
314 3180 473 3239 humanum
493 3201 586 3263 genus
606 3203 668 3242 non
689 3182 792 3243 luisset
810 3204 884 3262 opus
906 3184 1047 3256 remedio,
1067 3183 1198 3242 futurum
1213 3196 1259 3243 ta·

124 3279 193 3318 men
214 3257 302 3317 luisse
322 3258 481 3316 hominem.
520 3258 631 3317 Fateor
649 3260 795 3339 equidem,
813 3261 843 3318 in
864 3261 959 3338 primo
980 3260 1259 3320 creationisordine

126 3347 157 3395 et
175 3334 294 3414 integro
315 3346 437 3392 nutnrne
461 3345 537 3394 statu
563 3333 745 3413 praelectum
769 3336 879 3418 angelis
911 3349 941 3395 ct
970 3336 1136 3396 horninibus
1170 3337 1258 3398 luisse

126 3421 228 3548 cacput:
261 3430 317 3488 qua
342 3409 458 3469 ratione
479 3411 588 3472 dieitur
607 3432 622 3471 a
643 3412 734 3472 Paulo
754 3415 968 3494 primogenitus
988 3414 1084 3473 omnis
1105 3422 1262 3474 creaturae

125 3493 139 3565 (
170 3485 209 3546 ol.
229 3485 347 3561 l‚15.).
387 3485 447 3544 Sed
463 3508 557 3622 1guum
586 3499 649 3547 tota
679 3488 831 3569 Scriptura
862 3489 979 3562 clamet,
1008 3492 1147 3550 vestitum
1169 3490 1260 3550 luisse

127 3580 231 3637 carue,
262 3572 294 3619 ut
314 3563 399 3637 lieret
416 3563 460 3622 Re
483 3575 615 3642 emptor,
634 3565 719 3624 alium
740 3587 853 3626 causam
872 3564 918 3625 vel
938 3567 1025 3626 alium
1045 3567 1134 3625 finem
1154 3568 1259 3648 imagi·

125 3642 187 3701 nari
208 3638 313 3698 nimiae
333 3639 504 3699 temeritatis
525 3652 577 3701 est.
635 3643 786 3715 Quorsum
815 3642 851 3701 ab
883 3643 968 3702 initio
991 3644 1147 3723 promissus
1168 3643 1260 3703 luerit

128 3717 272 3793 Christus,
291 3715 357 3774 satis
377 3727 480 3775 notum
502 3729 555 3776 est:
586 3727 619 3775 ut
647 3718 759 3778 scilicet
777 3717 952 3778 instauraret
979 3721 1139 3799 collapsum
1169 3741 1258 3780 mun·

124 3795 203 3867 dnm,
224 3804 255 3852 et
273 3791 394 3871 perditis
415 3792 581 3853 bominibus
600 3805 792 3854 succurreret.
841 3794 945 3875 Itaque
970 3795 1024 3856 suh
1044 3797 1126 3877 Lege
1146 3817 1261 3876 propo-

124 3872 179 3933 sita
201 3870 255 3930 luit
275 3869 334 3927 eius
356 3870 452 3950 imago
473 3869 503 3927 in
522 3869 684 3945 sacrificiis,
714 3883 748 3929 ut
776 3885 930 3950 sperarent
959 3872 1059 3933 fideles
1082 3875 1180 3933 Deum
1201 3873 1258 3933 sihi

148 3946 287 4026 copitium
318 3944 404 4018 lore,
440 3957 593 4036 postquam
624 3949 742 4026 expiatis
773 3950 897 4026 peccatis
927 3950 1132 4010 reconciliatus
1165 3950 1257 4009 soret.

123 3969 324 4111 Lente'quurp
344 4020 464 4081 saeculis
496 4024 646 4100 omnibus,
677 4025 763 4083 etiam
792 4024 874 4103 Lege
904 4027 1035 4085 nondum
1083 4026 1259 4107 romulgata‚

122 4106 272 4179 nuuqdam
290 4118 355 4158 stne
374 4097 515 4179 sanguine
534 4103 692 4180 promissus
712 4101 801 4161 luerit
810 4102 983 4175 dllediator,
1014 4050 1177 4183 colligimus
1210 4123 1260 4163 ae-

121 4189 209 4237 terno
230 4174 288 4233 Dei
308 4173 432 4235 consiliu
452 4178 611 4258 purgandis
629 4177 783 4237 bominum
802 4181 937 4240 sordibus
954 4179 1041 4240 luisse
1064 4181 1258 4241 destinatum:

121 4254 190 4333 qnia
208 4249 315 4391 piaculi
333 4251 449 4333 rignum
469 4263 524 4328 est,
541 4256 715 4346 sanguinem
734 4253 827 4315 fundi.
886 4257 937 4316 Sic
962 4257 1000 4316 de
1025 4274 1061 4317 eo
1087 4257 1260 4318 concionati

122 4338 191 4391 sunt
233 4326 388 4408 rophetae,
405 4339 440 4391 ut
458 4331 712 4396 reconciliatorem
731 4330 792 4393 Del
816 4342 848 4393 et
871 4332 1024 4397 hominurn
1044 4332 1111 4397 lore
1129 4333 1258 4415 promit-
