2596 4726
11 662 16 685 ¹
113 652 289 717 Christianis
309 655 457 731 omnibns,
476 674 514 715 ne
532 674 624 737 regua
643 665 694 716 ant

111 166 330 272 m'*
502 200 868 271 mmmm

63 320 67 327 Ι
111 346 261 441 torf-‚qni
285 345 540 442 inprsal'eetnrss
563 310 796 443 omnes-alles
818 346 969 429 inmas
989 292 1251 417 ΜΝ

110 422 1252 599 ιιιιιιιξιιῖιέιιιξιπῶιᾞῑᾛῇ

12 608 17 619 ·
111 588 163 655 sst,
183 576 247 639 lien
265 600 418 641 mrnsmnm
435 590 575 661 oporteat
592 578 1254 741 (Lunawffi‘amlpppnrgffldscffig

112 742 178 793 tros
196 732 386 813 interpretes!
423 733 508 793 Inter
526 729 684 811 discipulos
703 746 769 793 orta
788 735 1043 813 eratonntesrtio,
1071 734 1139 817 qnia
1163 732 1252 797 alian

111 806 322 897 praepolleret:
356 808 431 871 hane
454 828 556 870 vanam
586 805 780 869 ambitionem
803 822 839 871 nt
856 808 1070 903 ftompesee'ret
1092 810 1252 887 Donim

113 904 220 947 eorum
237 884 432 947 ministerii·
449 903 513 944 non
533 902 597 944 esse
618 904 651 943 re
694 884 834 947 issimile
852 882 974 965 dosung
993 888 1026 950 in
1087 886 1157 951 'ns
1174 887 1253 949 issue

112 972 249 1024 castam
267 982 345 1037 nnus
362 960 483 1023 eminet
522 959 611 1035 Quae
629 903 750 1023 edllstin
769 961 990 1103 qnidfflsm
1001 964 1041 1025 ad
1057 962 1268 1047 ignominiam-⁸

112 1034 1256 1210 uanus*

113 1190 253 1289 gistratns
271 1190 388 1253 amasi
404 1189 502 1251 variae
520 1200 590 1251 sunt
608 1188 739 1265 formae,
763 1189 876 1251 nullom
900 1202 1001 1253 umen
1020 1192 1182 1255 dhemmen
1194 1190 1252 1269 hee

113 1276 251 1351 reiparte
270 1280 334 1346 est,
354 1265 425 1348 quin
444 1286 500 1347 pro
520 1264 580 1327 Dei
602 1264 757 1345 ordinibus
774 1267 975 1347 suspiciendae
997 1288 1017 1329 s
1034 1266 1127 1331 nobit
1149 1274 1252 1333 on'ses

113 1344 184 1410 sint.
221 1344 298 1403 Nam
317 1355 348 1405 et
366 1362 471 1404 omnes
488 1340 652 1404 simnlm
673 1342 917 1420 leetitanaalns,
936 1358 1026 1425 quum
1045 1346 1090 1421 sit
1106 1364 1172 1407 non
1190 1360 1253 1412 este

112 1431 293 1504 potestatem
312 1419 368 1512 nisi
385 1440 404 1481 a
421 1418 491 1481 Des
505 1363 673 1513 gilonis
683 1421 739 1513 13),
757 1430 800 1495 et,
816 1438 892 1501 quse
909 1421 1044 1487 omium
1060 1419 1188 1483 minime
1205 1442 1252 1483 ar·

112 1497 243 1573 ridebat,
261 1496 368 1558 esium
386 1515 458 1578 prae
476 1493 538 1557 alus
556 1506 729 1557 testimonso
741 1496 946 1559 commendata
962 1508 1020 1575 est,
1038 1517 1109 1561 nem
1168 1498 1252 1561 nnius

114 1586 260 1657 potestas:
289 1592 364 1655 quae
387 1573 461 1653 qnia.
500 1570 626 1634 nblieam
641 1573 780 1635 omnium
801 1573 1090 1637 servitutemsecnm
1123 1585 1172 1636 ert
1205 1594 1253 1635 es-

114 1661 207 1733 eepto
225 1669 288 1711 nno
306 1649 373 1723 itta,
389 1649 470 1711 cuius
501 1648 605 1709 'bidini
623 1647 723 1709 omnia
741 1648 880 1743 subiecit)
903 1648 1032 1713 hmoieis
1056 1660 1090 1711 e't
1104 1650 1189 1713 excel
1200 1672 1253 1712 en·

113 1724 243 1791 tioribas
259 1726 502 1809 ingeniis-minus
520 1724 591 1785 olim
610 1724 896 1821 approbari-potnit.
924 1726 967 1787 At
980 1727 1138 1808 Scriptura
1146 1726 1252 1808 (Peos.

114 1804 235 1883 Mt),
253 1822 314 1884 quo
335 1802 443 1883 iniquis
461 1801 522 1863 istis
535 1800 654 1863 indicias
674 1814 818 1876 occurrat,
830 1803 951 1865 divinae
968 1802 1132 1883 sapientiae
1151 1804 1251 1885 prori-

116 1880 247 1942 dentiam
266 1898 329 1941 esse
348 1878 523 1940 nominatim
541 1877 679 1953 affirmat,
728 1877 768 1939 od
778 1878 878 1961 Reges
895 1892 1032 1963 mgnaut,
1047 1891 1079 1941 et
1096 1880 1253 1963 pecoliari-

115 1968 165 2021 ter
183 1956 298 2041 Regem
316 1955 459 2018 honorari
477 1955 621 2036 praecipit
638 1956 679 2034 (1.
687 1899 880 2034 lht217.t
960 1968 964 1979 '
1018 2008 1021 2015 .

192 2038 224 2099 8.
263 2032 304 2093 Et
320 2051 392 2095 sane
410 2031 494 2092 valde
519 2032 647 2093 otiosum
670 2042 772 2107 aret„
791 2033 856 2113 quis
880 2032 1048 2115 potissimus
1072 2032 1111 2095 sit
1135 2032 1254 2115 politiae
1279 2109 1282 2113 .

116 2112 150 2173 in
166 2130 216 2186 eo,
235 2130 296 2202 quo
313 2110 429 2182 vivont,
446 2107 516 2169 loco
536 2107 651 2169 futuras
668 2120 807 2185 statuas
847 2110 946 2171 rivatis
966 2108 1136 2173 bominibus
1155 2111 1252 2193 dispr-

115 2187 187 2323 t'pri:
207 2186 314 2323 qrpsbns
332 2186 370 2280 de
390 2184 594 2324 ‘ffiiffluiidi
612 2131 897 2323 periissesppbliea
908 2184 1074 2247 deliberare
1094 2206 1163 2323 npn'
1176 2187 1253 2249 lieet.

594 2282 688 2321 emn
929 2286 934 2297 ·

116 2281 552 2436 mighaehaimndlshunhhrhs
571 2338 647 2399 ratio
672 2306 706 2430 ish
717 2282 1145 2430 hliljhudrhlhhetiishhbsffiusit’
1164 2284 1253 2402 ppp:

116 2415 1253 2581 :tttsittht'tltttttttttttshttttsttttttthtttlt‘l}

118 2575 174 2633 bus
193 2570 388 2630 contendunt.
427 2566 568 2628 Proclivis
589 2578 633 2626 est
653 2587 669 2624 a
689 2587 782 2648 regno
804 2569 832 2626 in
854 2569 1038 2650 tyrannidem
1059 2569 1172 2648 lapsus:
1202 2569 1251 2631 sed

118 2669 181 2710 non
200 2645 294 2707 multo
315 2644 463 2706 difficilior
481 2644 517 2703 ab
539 2644 713 2722 optimatum
742 2655 889 2721 potestate
912 2646 941 2704 in
967 2666 1131 2725 paucorum
1150 2647 1253 2708 laetio-

118 2746 203 2786 nem:
230 2721 323 2784 multo
343 2743 414 2784 vero
435 2720 587 2781 facillimus
607 2742 623 2780 a
642 2719 778 2800 populari
797 2720 1000 2781 dominatione
1019 2722 1050 2781 in
1068 2722 1253 2783 seditionem.

116 2801 265 2882 Equidem
284 2801 358 2861 siin
378 2817 409 2859 se
430 2797 654 2857 considerentur
673 2796 830 2872 rmillas,
849 2810 1056 2878 quas-ponunt
1068 2798 1253 2880 Philosophi,

117 2877 268 2960 regiminis
288 2876 417 2949 formae,
437 2875 557 2933 minime
576 2874 744 2954 negaverim
763 2874 809 2935 vel
834 2877 1043 2935 aristocratiarn
1069 2873 1116 2934 vel
1140 2888 1254 2956 tempe-

117 2969 212 3015 ratum
234 2974 269 3013 er
287 2953 348 3032 ipsa
369 2964 399 3011 et
418 2951 520 3030 politia
539 2962 645 3010 statum
665 2951 729 3010 aliis
749 2951 885 3010 omnibns
904 2952 995 3032 longe
1014 2950 1174 3013 excellere:
1195 2973 1253 3014 non

78 3076 82 3087 .
118 3033 149 3091 id
170 3031 286 3109 quidem
307 3048 361 3109 per
380 3046 422 3100 se,
441 3028 491 3085 sed
513 3028 580 3104 quia
598 3027 743 3086 rarissime
762 3029 919 3109 contingit,
938 3027 1034 3109 Reges
1053 3029 1094 3089 ita
1113 3028 1170 3089 sibi
1191 3049 1253 3089 sno-

119 3108 231 3178 derari‚
263 3118 296 3165 ut
321 3124 467 3183 nunquam
492 3124 508 3162 a
532 3103 610 3162 iusto
636 3115 666 3162 et
691 3114 773 3162 recto
803 3104 949 3195 discrepet
979 3125 1084 3165 eorum
1108 3105 1254 3180 noluntas,

119 3184 226 3242 deinde
247 3192 328 3240 tauto
348 3179 483 3240 acumine
503 3189 533 3237 et
552 3179 705 3257 prudentia
726 3180 884 3240 instructos
905 3200 983 3251 esse,
1002 3193 1035 3240 ut
1054 3184 1254 3262 uuusquisque

118 3260 226 3328 videat,
246 3267 386 3336 quantum
406 3255 475 3315 satis
495 3266 549 3315 est.
588 3256 672 3315 Facit
684 3276 755 3336 ergo
776 3255 928 3316 hominum
940 3257 1040 3316 vitium
1054 3256 1255 3329 veldelectus,

117 3347 153 3394 ut
172 3335 261 3393 tutius
280 3333 317 3392 sit
337 3352 370 3391 ac
389 3331 481 3424 magis
499 3330 666 3405 tolerabile,
685 3334 783 3411 plures
802 3345 906 3392 tenere
924 3333 1136 3415 gubernacula,
1155 3347 1192 3395 ut
1209 3334 1255 3395 alii

44 3446 47 3451 ·
119 3411 181 3471 aliis
201 3420 304 3468 mutuo
322 3409 383 3468 sint
401 3409 561 3483 adiutores,
582 3407 708 3468 doceant
726 3430 760 3467 ac
779 3410 978 3469 moneautalii
994 3409 1078 3484 alios,
1097 3431 1143 3481 ac,
1155 3414 1181 3472 si
1213 3412 1255 3471 uis

118 3487 184 3566 plus
205 3506 299 3564 aequo
326 3505 357 3544 se
382 3484 504 3559 efferat,
557 3486 634 3545 lures
659 3486 718 3544 siut
743 3484 779 3544 ad
805 3485 1001 3546 cohibendam
1023 3488 1085 3546 eius
1104 3432 1255 3563 libididem

119 3582 257 3623 censores
277 3582 310 3620 ac
330 3563 470 3642 magistri.
514 3506 554 3621 ld
569 3582 634 3622 cum
654 3563 857 3641 experimento
877 3562 941 3641 ipso
961 3581 1021 3622 sem
1045 3582 1079 3621 er
1098 3562 1158 3623 luit
1176 3586 1255 3625 com·

118 3638 289 3717 probatum,
309 3649 371 3696 turn
390 3658 441 3697 sua
460 3658 581 3716 quoque
600 3639 774 3698 auctoritate
787 3637 932 3698 Dominus
952 3659 1010 3699 con
1047 3639 1148 3715 mavit,
1169 3660 1255 3722 quun
1284 3666 1288 3674 ·

118 3715 338 3774 Aristocratiam
360 3712 480 3793 politiae
491 3713 613 3775 vicinam
633 3736 647 3773 a
672 3715 709 3772 ud
725 3713 869 3773 israelitas
884 3715 1021 3788 institnit,
1043 3737 1133 3794 quum
1147 3717 1256 3797 optima

118 3791 293 3850 conditione
313 3810 363 3849 eos
383 3789 492 3849 habere
512 3792 616 3867 vellet,
642 3736 738 3851 donec
763 3792 921 3871 imaginem
941 3791 1052 3852 Christi
1100 3793 1257 3854 reduceret

119 3865 150 3924 in
171 3867 294 3924 Davide.
343 3868 442 3945 Atque
461 3877 495 3924 nt
514 3868 642 3927 libenter
673 3867 784 3939 fateor,
812 3867 925 3926 nullum
946 3887 1008 3927 esse
1032 3812 1257 3949 gubernationis

118 3961 213 4023 genus
233 3942 289 4000 isto
311 3942 432 4016 beatius,
450 3942 502 4002 ubi
524 3943 642 4004 libertas
662 3943 785 4015 adeam,
806 3964 892 4022 quam
905 3944 1001 4017 decet,
1020 3943 1256 4006 moderationem

119 4029 166 4079 est
188 4017 351 4096 composita
376 4030 407 4077 et
431 4017 467 4078 ad
487 4018 712 4080 diuturnitatem
732 4020 789 4078 rite
809 4019 984 4080 constituta:
1008 4021 1049 4080 sic
1069 4026 1103 4081 e't
1125 4021 1256 4083 beatissi-

118 4115 184 4154 mos
204 4114 323 4167 censeo,
343 4093 448 4173 quibus
469 4094 522 4156 bac
542 4097 715 4157 conditione
736 4095 794 4155 srui
815 4095 898 4171 licet,
918 4107 958 4172 et,
977 4097 1001 4156 si
1026 4096 1059 4155 in
1078 4116 1114 4158 ea
1134 4117 1256 4158 conser-

118 4171 212 4229 vanda
232 4171 385 4229 retineuds
408 4190 445 4229 ue
463 4183 582 4232 strenue
614 4196 647 4233 ac
674 4184 846 4232 constanter
871 4172 1025 4247 laborant,
1056 4192 1108 4234 eos
1127 4173 1201 4235 nihil
1221 4172 1255 4233 ab

117 4245 218 4306 officio
238 4246 365 4306 alienum
386 4192 483 4308 heere
502 4249 645 4310 concedo.
686 4249 769 4323 Quin
790 4249 878 4308 etiarn
898 4248 955 4310 huc
974 4270 1085 4310 summa
1105 4249 1258 4333 diligentia

116 4321 228 4387 intenti
247 4324 431 4405 magistratus
451 4342 514 4387 esse
534 4323 659 4402 debent,
677 4346 718 4387 ne
737 4346 794 4407 qua
812 4327 845 4387 in
863 4336 947 4408 parte
964 4324 1152 4406 libertatem,
1177 4328 1257 4390 euius
