2700 4732
506 186 584 251 rur.
603 142 682 250 urs
703 185 793 252 car.
809 188 852 251 u
1185 196 1247 261 ars
1316 286 1322 297 ἱ

107 329 237 414 Spiritu,
253 326 336 394 velut
352 329 471 412 rigillo,
494 333 585 394 eorda
603 331 733 393 fidelium
752 332 877 416 insculpi
896 332 1022 397 docenti
1058 333 1102 395 Ut
1120 334 1176 397 bae
1194 356 1245 396 ra-

106 413 196 471 tione
215 406 346 489 appellet
363 408 565 489 promissionis
586 409 744 490 Spiritum,
791 410 838 471 nia
862 423 956 471 ratum
976 409 1053 491 apud
1073 432 1127 472 nos
1146 412 1246 472 Evan-

106 486 221 569 gelium
240 484 329 547 lacit?
367 483 509 546 Similiter
527 486 562 547 ad
577 485 749 547 Corinthios
767 431 823 564 (bl.
843 507 889 567 ep.
908 495 938 561 1,
956 490 1035 563 22.):
1055 489 1143 564 „Qui
1162 489 1246 561 unxit

107 583 166 623 nor
177 560 271 635 Deus,
289 560 341 634 ait,
359 561 456 642 quiet
473 562 598 642 signavit
616 583 682 635 nor,
701 575 732 623 et
752 563 831 623 dedit
851 563 966 625 arrham
979 564 1105 644 Spiritus
1137 583 1155 622 n
1175 585 1246 624 cor-

108 637 196 701 dibus
213 638 354 699 uostris.“
392 637 431 696 Et
449 637 536 712 alibi,
554 648 644 718 quum
664 637 701 698 de
719 638 824 700 fiducia
844 640 1023 720 audaciaque
1042 587 1178 719 sperdndi
1197 641 1246 700 lo·

109 715 222 797 quitur,
242 713 306 775 eius
326 713 546 775 tundamentum
568 715 638 775 iacit
658 715 783 794 Spiritus
803 715 917 776 arrham
938 717 1024 795 (ibid.
1043 723 1072 784 5,
1091 720 1146 796 5.).
1179 748 1183 761 .

185 796 235 857 37.
271 790 378 871 Neque
396 810 467 851 vero
488 791 596 852 oblitus
615 812 677 852 sum
719 792 778 852 uod
799 806 869 851 ante
888 793 960 867 diri,
980 804 1009 851 ct
1029 793 1110 853 cuins
1129 812 1247 855 mento-

107 867 183 927 riam
201 866 316 929 maidae
334 879 457 927 renovat
475 866 668 1003 experientia,
697 813 716 926 d

718 869 784 927 deur
810 868 923 929 scilicet
941 869 1028 930 variis
1052 868 1246 928 dubitationi·

108 942 166 1004 bus
186 942 312 1025 impelli,
330 954 364 1003 nt
383 963 450 1003 raro
469 964 500 1002 se
522 957 585 1003 atae
604 942 663 1003 sint
683 944 798 1023 piorum
819 958 943 1019 mentes,
962 944 1064 1005 saltem
1086 966 1146 1004 non
1166 965 1246 1004 sem·

108 1038 168 1101 per
187 1020 320 1079 leuantur
338 1018 498 1099 tranquillo
517 1032 610 1081 statu:
631 1020 693 1093 sed,
712 1021 934 1100 quibuscunque
949 1022 1089 1081 machinis
1109 1022 1246 1100 quatian-

109 1108 175 1169 tur,
192 1095 241 1154 rel
259 1116 293 1157 et
312 1096 376 1177 ipso
396 1096 592 1156 tentationum
609 1096 726 1178 gurgite
746 1109 911 1179 emergunt,
929 1097 976 1157 vel
996 1099 1025 1157 in
1046 1098 1173 1159 statione
1192 1117 1246 1158 sua

109 1184 295 1253 permanent.
333 1172 482 1233 Securitas
493 1174 609 1251 quidem
631 1172 701 1232 baec
720 1173 782 1234 sola
803 1173 884 1234 iuvet
902 1194 936 1234 ac
956 1185 1055 1233 tuetur
1075 1175 1173 1247 iidem,
1192 1172 1246 1233 ubi

108 1249 265 1310 statuimus
283 1248 365 1329 qnod
386 1249 416 1309 in
438 1249 552 1311 Psalmo
574 1250 681 1309 dieitur
699 1250 768 1341 (to,
786 1257 815 1315 2.
833 1251 892 1327 ³.):
912 1250 1080 1324 „Dominus
1118 1251 1246 1311 rotectio

108 1330 232 1401 nostra,
256 1324 393 1386 auxilium
412 1325 442 1384 in
468 1325 673 1385 tribulatione:
704 1324 771 1387 rdeo
792 1347 852 1386 non
872 1326 1054 1401 timebimus,
1104 1349 1152 1386 um
1172 1347 1247 1386 con·

107 1401 261 1462 tremiscet
279 1413 375 1478 terra,
402 1413 433 1460 et
452 1402 618 1461 transilient
635 1411 751 1461 montes
771 1401 801 1461 in
822 1423 875 1461 cor
894 1404 1012 1467 maris.“
1055 1403 1137 1461 llaec
1157 1402 1247 1461 etism

109 1476 276 1539 suavissima
296 1478 378 1557 quies
396 1476 467 1538 alibi
487 1478 652 1538 celebratur
671 1476 776 1554 (esa
795 1480 853 1554 6.):
873 1478 1041 1553 „l)ecnbui,
1062 1491 1092 1537 et
1110 1498 1247 1537 somnum

109 1555 190 1634 cepi,
207 1566 240 1614 et
256 1554 383 1627 surrexi,
402 1557 467 1633 quia
487 1553 632 1613 Dominus
649 1556 779 1634 suscepit
797 1561 873 1613 me.“
910 1556 979 1614 Non
1000 1554 1079 1647 quod
1101 1552 1249 1632 aequabili

110 1642 218 1691 tenore
237 1636 354 1709 sempr'r
373 1631 408 1689 ad
430 1631 532 1691 laetam
552 1630 724 1689 bilaritatem
745 1630 924 1710 compositus
945 1631 1034 1691 suerit
1051 1630 1164 1689 David:
1194 1629 1249 1689 sed

112 1717 258 1785 quatenus
277 1706 335 1765 Dei
354 1706 476 1785 gratiam
498 1728 553 1778 pro
573 1707 662 1766 modo
684 1707 750 1766 fidei
771 1708 921 1789 gustabat,
941 1707 1084 1787 gloriatur
1102 1727 1133 1765 se
1153 1706 1251 1764 intre·
1320 1722 1321 1726 ’

132 1782 183 1845 ide
205 1780 369 1864 despicere,
388 1783 525 1917 quicquid
546 1784 651 1842 mentis
675 1804 775 1863 pacem
806 1783 970 1863 inquietare
997 1795 1122 1863 poterat.
1173 1781 1249 1842 Ideo
1278 1766 1291 1789 ⁸

109 1804 283 1939 §criptum
308 1860 377 1919 dum
397 1861 432 1919 ad
474 1862 540 1919 dem
560 1859 670 1918 hortari
691 1859 762 1934 vult,
782 1860 934 1939 quiescere
955 1859 1047 1919 iubet.
1091 1858 1179 1939 Apud
1200 1858 1250 1917 le-

110 1935 201 1995 saianr
220 1938 390 2013 (3θ,15.);
421 1935 479 2009 „ln
505 1956 556 2016 spe
581 1947 611 1995 et
635 1934 753 1996 silentio
778 1938 834 1995 erit
866 1934 1010 1996 inrtitudo
1039 1939 1169 1996 vestrs.“
1211 1934 1249 1993 In
1324 1992 1329 1999 .

110 2010 231 2073 Psalmo
250 2017 321 2091 (37,
339 2019 399 2087 7.).
429 2011 512 2085 „Sile
533 2011 677 2084 lehovae,
697 2023 727 2071 et
746 2023 878 2091 erspecta
899 2010 1012 2072 illum.“
1063 2011 1180 2086 Quibus
1200 2030 1251 2069 re-

110 2088 243 2203 tpoqdet
274 2089 347 2150 illud
375 2088 515 2169 Apostoli
544 2089 579 2148 ad
611 2089 764 2149 Hebraeos
788 2094 855 2166 (10,
878 2090 958 2166 36·):
982 2088 1149 2164 „Patientia
1175 2108 1251 2168 opus

169 2172 180 2203 ί

112 2176 171 2241 ω’
189 2176 356 2307 &temne
387 2240 516 2301 iudicare
548 2240 633 2315 licet,
659 2261 745 2320 quarn
766 2241 963 2321 perniciosum
983 2242 1020 2302 sit
1044 2218 1251 2303 scholasticum

111 2316 189 2380 illud
207 2316 326 2401 dogma,
345 2338 400 2377 nos
419 2318 456 2377 de
476 2318 636 2399 gratiallei
656 2338 726 2398 crgs
745 2338 799 2378 nos
819 2338 881 2377 nou
901 2317 987 2377 aliter
1005 2330 1133 2379 statuere
1153 2336 1252 2397 posse,

113 2414 205 2477 qnam
223 2415 259 2456 ex
277 2394 447 2455 coniectura
468 2394 587 2465 morali,
607 2406 708 2473 ‚prout
735 2415 767 2453 se
791 2396 989 2474 unusquisque
1014 2415 1077 2454 nou
1096 2395 1251 2475 indignum

112 2482 304 2611 mliii
339 2469 1252 2609 Ptl‘tttl⁰1:1⁰‘tlttttlmttltttlstttlttt‘z

112 2645 171 2686 not
191 2625 307 2704 assequi
339 2635 437 2683 ateor:
456 2624 507 2684 scd
529 2591 617 2703 quurb
636 2623 688 2684 sim
711 2623 760 2683 lici
781 2635 811 2682 et
835 2569 974 2684 qratuitae
994 2569 1183 2715 promissioni
1204 2643 1253 2683 re·

114 2702 265 2780 spondere
284 2699 355 2767 fides
381 2700 503 2774 debeat,
528 2700 622 2759 nullus
648 2646 816 2793 ambigendi
829 2645 922 2761 boens
948 2701 1133 2779 relinquitur.
1176 2701 1253 2759 Nam

139 2776 198 2839 uali
215 2776 373 2856 (obsecro)
393 2776 495 2836 fiducia
517 2776 745 2851 arrnabimur,s1
766 2777 818 2837 bac
838 2776 1011 2837 conditione
1031 2777 1254 2851 ratiocinemur,

86 2907 90 2912 .
116 2799 219 2915 Peon
230 2872 291 2914 erse
310 2853 396 2914 nobis
418 2875 471 2932 pro
496 2853 588 2927 itium,
607 2853 697 2912 modo
717 2853 758 2912 ita
777 2853 853 2912 vitae
874 2865 991 2914 nostrae
1008 2854 1121 2944 puritas
1140 2872 1255 2912 merea·

115 2928 190 2993 tur?
226 2928 285 2991 Sed
310 2930 449 3009 quoniam
475 2874 518 2989 bis
543 2930 699 2990 tractandis
720 2951 803 2989 suum
824 2928 920 2989 locum
942 2928 1164 3017 destinavimus,
1186 2928 1254 2987 lon-

140 3010 189 3143 ii
203 3003 1256 3163 ttttttttttt‘ittet?tttffltt‘ttttlttbt‘tlttt‘r

139 3159 269 3241 nippiarn
294 3157 472 3218 dubitationi
496 3159 591 3221 aliine.
641 3105 701 3219 Αε(1
713 3159 836 3239 pessime
867 3159 922 3218 huc
948 3123 1129 3237 detorqtlent
1154 3157 1256 3217 Eccle-

114 3248 222 3300 rrastae
242 3235 338 3314 (Eccl.
357 3243 387 3309 9,
406 3239 449 3313 1.)
469 3235 685 3307 testimonium,
717 3234 795 3313 qnod
822 3235 984 3295 identidem
1004 3236 1034 3293 in
1054 3253 1109 3294 ore
1130 3233 1255 3296 babent:

117 3314 237 3389 „Nemo
257 3311 312 3373 scit
332 3324 429 3370 utrum
449 3313 518 3371 odio
541 3312 568 3369 di
592 3333 643 3370 nus
664 3312 717 3384 sit,
737 3333 772 3371 an
794 3317 915 3372 amore‘⁴
927 3312 971 3388 ll).
1009 3312 1100 3384 Nam,
1120 3322 1153 3369 ut
1173 3331 1256 3402 prae·

117 3402 234 3448 teream
252 3388 330 3449 hunc
356 3388 453 3448 locum
481 3391 509 3447 in
530 3331 642 3467 vulgari
667 3387 912 3468 interpretatione
931 3386 1073 3447 mendose
1098 3388 1256 3463 redditum,

121 3465 216 3524 latere
244 3476 342 3525 tamen
367 3465 411 3523 vel
445 3486 552 3545 pueros
576 3466 655 3543 ipsos
676 3485 735 3523 non
758 3478 871 3543 potest,
903 3464 973 3544 quid
994 3464 1139 3524 eiusmodi
1159 3464 1255 3525 verbis

119 3541 179 3603 sibi
199 3541 267 3601 velit
285 3541 424 3602 Salomo:
446 3561 570 3619 nempe,
590 3542 612 3600 si
634 3542 697 3619 quis
718 3562 734 3600 a
755 3543 900 3620 praesenti
922 3562 1019 3600 rernm
1039 3551 1115 3601 statu
1136 3561 1257 3602 censere

118 3618 201 3691 velit,
221 3638 294 3698 quos
314 3617 384 3687 odio
405 3617 702 3698 prosequaturlleus,
722 3639 795 3696 qnos
815 3638 915 3677 amore
936 3617 1168 3695 complectatur,
1190 3639 1256 3678 cum

118 3695 230 3756 frustra
249 3694 384 3754 laborare
404 3717 438 3754 ac
459 3695 540 3753 nullo
561 3714 669 3772 operae
691 3696 786 3772 pretio
807 3694 954 3772 torqueri:
981 3714 1069 3772 quum
1090 3695 1187 3752 onmia
1207 3716 1258 3774 pa·

118 3772 196 3833 riter
215 3771 352 3831 eveniunt
372 3770 449 3831 iusto
477 3783 508 3830 et
532 3770 639 3849 impio,
665 3769 828 3829 immolanti
853 3769 984 3829 victimas
1009 3781 1040 3827 et
1064 3774 1126 3828 nori
1152 3770 1257 3833 immo·

117 3847 204 3909 lauti.
242 3847 333 3907 Unde
352 3849 500 3925 sequitur,
523 3846 619 3905 Deum
641 3867 702 3906 non
723 3848 823 3906 testari
848 3858 993 3927 perpetuo
1013 3866 1143 3904 amorem
1164 3869 1258 3924 suum,

119 3925 229 4005 quibus
248 3923 347 3984 omnia
366 3923 523 3983 succedere
544 3942 683 4002 prospere
704 3922 787 3982 facit:
814 3943 910 4001 neque
932 3922 1031 3981 odium
1052 3944 1134 3981 suum
1156 3922 1186 3981 in
1198 3944 1259 3985 eos

117 4020 238 4082 temper
258 4001 387 4080 prodere
406 4021 481 4079 quos
500 3999 614 4081 affligit.
652 4000 747 4079 quue
767 3998 835 4060 lacit
854 3999 889 4059 ad
901 3998 1055 4059 vanitatem
1076 3997 1195 4059 bomani
1214 4000 1259 4060 in·

160 4292 170 4299 .
193 4249 222 4319 ⁸)
239 4250 299 4305 Vid·
316 4249 481 4305 Bernardnm
507 4270 582 4305 term.
600 4253 625 4305 2.
648 4250 676 4303 in
693 4248 736 4304 die
755 4248 918 4303 detensionis
940 4263 966 4302 et
981 4269 1056 4303 rerrn.
1073 4250 1099 4302 2
1116 4248 1143 4302 iu
1162 4248 1260 4303 Octava

123 4318 248 4371 Pascbac.
