2700 4732
110 200 171 267 stt
404 198 408 209 “
509 193 587 258 unt
605 192 662 257 111.
701 193 790 259 ctu.
805 188 852 256 ll.

112 328 192 419 lestis
210 340 388 422 supientiae,
414 337 548 421 promisit
568 337 703 401 Christus
723 337 866 421 Spiritum
887 327 1032 432 ueritatis,
1055 356 1143 432 qoem
1163 358 1252 400 mun-

113 421 167 481 dus
186 439 248 479 non
264 426 369 498 potest
386 436 493 497 capere
512 417 640 508 (10314,
659 416 744 493 tn),
770 416 811 475 Et
829 415 887 476 boc
907 415 949 476 ills
968 435 1123 553 proprium
1141 436 1251 479 munus

111 496 261 569 attribuit,
287 512 447 576 suggerere
472 512 548 572 quae
571 512 636 572 rpse
667 511 721 553 ore
746 490 902 552 docuerat:
928 514 996 572 qum
1034 504 1128 555 rostra
1147 493 1249 556 coecis

96 572 164 634 -lux
180 591 212 632 se
231 570 366 644 offerret,
386 570 442 630 nisi
455 568 582 652 Spiritus
601 569 651 629 ille
670 567 882 650 intelligentiae
902 568 1030 648 aperiret
1048 568 1154 629 mentis
1174 590 1250 630 ocu-

113 649 175 709 los:
195 661 228 706 ut
248 651 303 706 rite
323 645 430 708 clavem
450 665 560 706 vocare
579 665 683 725 queas,
708 665 764 727 qua
784 645 920 705 coelestis
940 646 1024 726 regni
1043 644 1171 707 thesauri
1189 665 1251 706 no-

112 725 158 785 bis
183 735 367 795 reserantur,
396 726 515 802 eiusque
546 721 791 782 illuminationem
823 721 930 781 mentis
954 734 1073 782 nostrae
1098 721 1190 782 aciem
1210 721 1251 784 ad

111 800 282 861 videndum.
330 800 404 858 ldeo
424 798 532 858 Paulus
554 809 713 878 tantopere
737 798 922 858 commendat
941 797 1131 858 ministerium
1151 799 1249 880 Spiri-

110 889 159 938 tus
179 875 234 954 (ΙΙ.
256 877 327 937 Cor.
345 882 375 951 3,
394 879 457 952 6.):
487 874 553 954 quia
583 875 646 934 sine
671 872 807 956 profectu
827 870 987 933 clamitent
1006 873 1159 950 doctores,
1190 874 1292 952 nisi„

113 952 251 1014 Christus
269 953 331 1032 ipse
351 952 476 1011 interior
496 949 633 1033 magister
651 971 705 1010 suo
718 949 830 1031 Spiritu
850 951 937 1010 adse
957 948 1098 1024 traheret,
1118 952 1168 1031 qui
1185 951 1247 1013 dati

111 1040 181 1090 sunt
200 1051 216 1090 a
235 1029 331 1088 P‘atre.
369 1029 451 1109 Ergo
471 1027 548 1087 sicut
566 1028 595 1086 in
618 1024 728 1087 Christi
749 1046 873 1106 persona
892 1027 1016 1104 reperiri
1036 1027 1156 1088 diximus
1196 1050 1247 1089 er·

111 1107 219 1165 fectam
238 1104 375 1165 salutem:
397 1106 447 1178 ita,
466 1115 499 1164 ut
517 1103 617 1164 flamm
637 1103 699 1162 cius
719 1101 884 1192 participes,
904 1102 1033 1182 baptizat
1052 1125 1106 1164 nos
1125 1104 1156 1163 in
1175 1050 1247 1185 bpi-

111 1182 171 1243 ritu
196 1192 297 1241 sancto
319 1192 349 1239 et
369 1181 429 1263 igni
453 1181 540 1259 (Luc.
562 1179 696 1254 3,1ti.),
721 1177 886 1237 illuminans
907 1199 961 1238 nos
980 1181 1012 1238 in'
1030 1179 1182 1262 Evangelii
1199 1181 1246 1241 sni

111 1258 210 1331 fidem,
230 1268 318 1337 atque
337 1255 377 1316 ita
397 1274 586 1337 regenerans,
606 1268 639 1314 ut
657 1257 744 1315 simus
764 1274 858 1315 novae
878 1266 1043 1317 creaturae:
1064 1267 1095 1318 et
1111 1255 1246 1338 profanis

110 1333 246 1398 sordibus
266 1345 407 1416 purgatos
425 1333 457 1396 in
475 1343 575 1395 sancta
594 1330 661 1427 Deo
680 1329 791 1414 templa
809 1342 970 1395 consecrat.

323 1619 326 1624 ’
404 1692 407 1697 -
502 1652 853 1727 coruum

110 1847 163 1911 De
182 1848 273 1908 fide:
307 1846 370 1908 ubi
393 1858 431 1908 et
450 1846 634 1910 definitio
661 1847 737 1908 eius
761 1845 928 1926 ponitur,
959 1856 995 1907 et
1014 1843 1245 1928 explicantur

423 1949 425 1953 ’
473 1962 564 2022 quae
584 1940 692 2003 babet
711 1939 873 2023 propria.

177 2118 261 2171 liuius
269 2117 367 2188 Capitis
375 2131 424 2172 tres
433 2119 656 2188 suntpraecipuae
671 2133 769 2189 partes:
788 2117 965 2188 1)Quacdam
983 2119 1017 2170 ad
1036 2105 1238 2187 disputationem

110 2205 213 2259 deiide
230 2203 384 2273 pertinentia
407 2203 520 2256 breviter
538 2203 711 2272 explicantur,
732 2204 848 2274 aprima
870 2217 1032 2272 sectusque
1054 2205 1088 2255 ad
1112 2203 1241 2258 decimam

20 2280 24 2288 ’
109 2280 241 2359 φιπίαω(
269 2286 305 2338 Et
321 2288 434 2358 primum
453 2290 486 2340 de
503 2289 564 2340 fidei
582 2287 700 2350 obiecto,
716 2302 776 2342 sect
794 2292 818 2344 f.
860 2288 963 2340 Deinde
988 2290 1020 2340 de
1037 2288 1089 2340 frde
1106 2286 1244 2357 implicita,
1305 2342 1310 2349 ,

108 2386 168 2425 ecct.
185 2370 270 2424 2-6.
304 2370 395 2422 Tertio
413 2371 527 2423 delinitio
545 2371 606 2424 fidei
624 2372 791 2441 proponitur,
803 2386 863 2424 sect.
874 2373 897 2426 7.
933 2370 1035 2438 Quarto
1056 2371 1089 2422 de
1105 2370 1245 2441 multiplici

108 2455 295 2537 significatione
318 2455 393 2508 buius
410 2455 494 2516 vocis,
520 2470 579 2509 sect
596 2456 704 2511 8-13.
720 2484 755 2496 -
797 2457 829 2524 2)
845 2455 961 2507 Panium
984 2456 1059 2508 buius
1077 2455 1242 2524 definitionis,

108 2539 217 2609 septima
234 2538 349 2591 sectione
369 2539 531 2609 propositae,
548 2538 649 2608 prolixa
667 2540 805 2610 expositio,
827 2554 887 2593 sect.
905 2542 1022 2595 14-40.
1040 2569 1073 2580 -
1105 2540 1134 2607 3)
1150 2536 1240 2591 Brevlt

109 2623 275 2675 confirmatio
295 2623 408 2675 ciusdem
421 2612 704 2693 delinitionisllpostoli
722 2624 872 2676 auctoritate
890 2645 970 2694 caque
981 2626 1117 2678 occasione
1125 2622 1241 2677 ostendi·

108 2722 153 2761 tur
169 2708 269 2770 relatio,
286 2725 363 2778 quam
382 2708 416 2759 ad
432 2726 460 2760 se
476 2708 586 2760 inuicem
604 2708 701 2767 babent
717 2710 795 2771 fides,
810 2729 867 2779 spcs
885 2723 910 2761 et
927 2709 1026 2772 caritas,
1041 2722 1102 2762 sect.
1118 2707 1241 2764 tt-t&

185 2863 213 2923 1.
253 2857 364 2917 Verum
384 2855 574 2917 haecomnia
595 2859 717 2941 cognitu
737 2859 830 2919 facilia
851 2871 947 2933 erunt,
966 2858 1017 2917 ubi
1037 2858 1132 2938 posita
1151 2858 1242 2920 suerit

109 2933 218 2997 clarior
236 2934 304 2994 fidei
325 2934 474 2994 delinitio:
495 2947 529 2994 ut
538 2935 593 2994 vim
607 2940 667 2996 eius
688 2949 718 2995 et
738 2948 870 2995 naturum
891 2947 1013 2995 teneant
1024 2935 1158 2996 lectores.
1178 2935 1242 2995 Re-

130 3025 211 3072 etere
231 3024 328 3071 autem
348 3011 488 3072 memoria
508 3013 648 3072 convenit
668 3033 742 3092 quae
768 3026 835 3072 aute
855 3012 958 3072 tradita
984 3012 1118 3089 fuerunt,
1150 3032 1241 3091 quum

108 3034 190 3148 ileos
211 3088 295 3147 nobis
315 3107 369 3165 per
388 3087 497 3169 Legem
529 3089 707 3166 praescribat
726 3088 795 3168 quid
825 3088 969 3181 agendum
999 3087 1052 3160 sit,
1080 3088 1183 3165 siqua
1209 3089 1241 3146 in

108 3177 192 3245 parte
212 3162 283 3243 lapsi
304 3165 455 3236 fuerimus,
474 3164 607 3223 terribile
626 3164 696 3224 illud
709 3165 789 3245 quod
809 3165 898 3224 edicit
917 3163 1020 3223 mortis
1039 3174 1176 3223 aeternae
1195 3163 1241 3222 iu·

109 3241 217 3301 dicium
237 3240 322 3299 nobis
342 3240 521 3299 incumbere.
561 3240 703 3316 Rursum,
738 3240 804 3320 quia
829 3263 888 3301 non
909 3239 998 3300 modo
1024 3239 1163 3314 arduum,
1187 3238 1241 3300 sed

109 3338 228 3413 prorsus
248 3337 333 3395 supra
349 3316 427 3375 vires
439 3328 583 3395 extraque,
597 3338 714 3376 omnem
734 3329 862 3376 nostram
883 3316 1049 3375 facultatem
1064 3328 1116 3389 est,
1128 3317 1240 3398 Legem

50 3449 58 3455 .
108 3392 230 3485 implere
244 3403 275 3451 ut
287 3392 389 3473 exigit:
410 3395 433 3452 si
445 3412 499 3452 nos
511 3393 647 3452 duntaxat
659 3394 735 3472 ipsos
755 3395 912 3467 intuemur,
935 3406 964 3452 et
977 3414 1052 3471 quac
1062 3392 1240 3464 meritisne·

108 3483 173 3531 stns
195 3469 282 3549 digna
300 3468 337 3527 sit
357 3469 489 3528 conditio
510 3472 686 3549 reputamus,
707 3469 777 3530 nibil
799 3470 894 3530 bonae
914 3469 976 3549 spei
997 3489 1057 3529 esse
1083 3469 1240 3548 reliquum,

108 3547 158 3608 sed
180 3566 195 3604 a
216 3546 282 3603 Deo
311 3544 441 3604 abiectos
468 3543 522 3604 sub
549 3558 668 3606 aeterno
690 3547 809 3605 interitu
835 3547 938 3605 iacere.
985 3546 1053 3605 Hoc
1073 3546 1163 3604 terlio
1191 3564 1240 3603 ex-

106 3623 245 3704 plicatum
266 3621 331 3694 fuit,
351 3642 436 3680 unam
450 3640 511 3680 esse
532 3621 714 3682 liberationis
726 3624 879 3695 rationem,
900 3642 973 3699 quae
994 3643 1048 3681 nos
1068 3643 1084 3682 a
1104 3634 1163 3679 tam
1180 3620 1240 3681 mi-

100 3710 171 3760 ‘scra
191 3697 353 3758 calamitate
374 3709 470 3759 eruats
496 3696 547 3759 ubi
566 3712 688 3778 apparet
707 3699 840 3759 Christus
861 3699 1047 3777 redemptor,
1077 3717 1131 3778 per
1158 3697 1241 3757 cuius

106 3797 196 3836 manu
211 3774 346 3835 coelestis
357 3771 456 3846 Pater,
475 3794 530 3853 pro
551 3796 599 3834 sua
620 3774 758 3835 immensa
779 3776 913 3834 bonitate
927 3786 957 3832 et
971 3774 1125 3834 clementia
1145 3772 1241 3833 nostri

106 3853 256 3925 misertus,
285 3870 457 3911 succurrere
475 3851 563 3911 nobis
581 3851 690 3911 voluit:
721 3852 862 3930 siquidem
890 3863 920 3909 et
938 3850 1031 3911 solida
1051 3849 1108 3907 fide
1128 3849 1241 3909 miseri·

107 3928 239 3988 cordiam
260 3926 336 3986 banc
356 3926 572 4006 amplectimur,
593 3941 623 3986 et
641 3928 670 3987 in
696 3927 924 4008 ipsa'constauti
949 3948 1000 4006 spe
1020 3948 1053 3985 ac
1077 3926 1240 3985 uiescimus.
1301 3949 1307 3954 ·

105 4006 173 4065 lloc
192 4025 266 4064 uero
286 4024 365 4081 nunc
386 4006 550 4082 expendere
570 4004 724 4076 convenit,
744 4005 836 4083 qualis
857 4024 919 4064 csse
939 4002 1010 4063 baec
1031 3948 1102 4061 lifes
1123 4002 1241 4072 debeat,

105 4101 266 4162 perquam
286 4079 371 4171 regni
395 4079 528 4140 coelestis
552 4081 766 4160 possessionem
792 4082 900 4140 adeunt
941 4081 1087 4158 uicunque
1107 4078 1162 4137 ado
1186 4079 1240 4137 tati

105 4168 174 4218 sunt
193 4177 209 4216 a
228 4158 295 4217 Deo
316 4154 455 4216 rnfrlios:
483 4157 600 4235 quando
620 4168 720 4217 tantae
737 4156 784 4215 rei
805 4102 975 4216 efficiendae
997 4177 1057 4214 non
1079 4100 1241 4232 quamlibet

105 4233 278 4312 opinionem
298 4232 454 4292 autetiam
474 4234 692 4313 persuasionem
711 4253 810 4313 parem
832 4254 894 4293 esse
915 4244 1038 4293 constat.
1082 4234 1182 4311 Atque
1202 4250 1239 4289 co

104 4311 217 4371 maiore
237 4330 306 4371 cura
326 4319 356 4370 et
374 4309 472 4370 studio
493 4308 673 4390 dispicienda
691 4321 736 4371 est
754 4309 841 4374 nobit
855 4322 885 4372 et
895 4308 1081 4390 disquirenda
1099 4327 1241 4392 germana
