2700 4732
482 222 559 285 im.
578 224 632 282 iv.
672 223 762 286 ene.
782 220 894 284 xviii
1078 304 1081 313 Ι
1201 230 1258 295 toi

117 370 205 444 saria,
222 380 257 430 ut
277 368 378 430 abesse
398 367 434 428 ab
455 387 489 429 ea
509 389 570 431 non
590 367 691 449 possit.
715 367 958 447 Itaqneaeterna
976 366 1074 429 futura
1085 379 1141 447 est,
1152 390 1256 450 qiram-

116 448 168 507 diu
186 446 275 508 stabit
298 445 425 527 populus
444 445 517 521 Dei,
549 444 795 525 quemadmodum
820 447 878 505 iam
898 464 932 504 ex
951 443 1100 526 Propheta
1119 449 1255 529 superins

116 525 208 586 visum
230 535 289 599 est,
309 523 452 602 siquidem
472 541 508 584 eo
529 541 616 582 sensu
637 522 771 602 accipere
794 520 868 582 libet
884 522 1052 583 vaticinium
1071 523 1148 583 istud
1167 524 1252 607 (Mal.

116 602 240 676 1,11.):
271 599 444 674 „Quoniam
464 619 480 659 a
499 599 569 659 solis
596 609 664 658 ortu
688 618 780 678 usque
804 597 843 657 ad
871 619 1006 659 occasum
1034 619 1171 682 magnum
1204 610 1249 663 est

116 696 250 754 „nomen
269 696 367 735 meum
387 677 418 735 iii
439 675 604 735 Gentibus:
636 686 666 734 et
689 676 720 734 in
741 675 822 736 omni
847 673 915 735 loco
935 676 1086 737 incensum
1106 676 1254 738 offeretur

115 754 251 829 „nomini
275 772 342 812 ineo
366 764 455 831 atque
475 751 588 812 oblatio
609 752 730 812 munda:
756 751 895 831 quoniam
915 752 1050 812 terribile
1074 764 1118 813 est
1138 772 1250 814 nomen

115 851 233 905 „meum
253 831 283 888 in
305 828 468 900 Gentibus,
488 828 558 888 dicit
577 829 722 888 Dominus
730 835 760 887 :“
776 834 892 887 'tantum
912 829 993 889 abest
1026 840 1059 888 ut
1077 828 1254 893 submovea-

115 928 190 969 mus.
231 906 280 967 Sic
300 905 407 966 Paulus
426 905 509 965 iubet
528 925 583 966 nos
603 903 714 964 offerre
733 924 859 984 corpora
878 870 1132 977 nostrafflostiam
1152 907 1256 967 viven-

116 996 189 1055 tem,
208 994 347 1058 sanctam,
367 1002 433 1042 acce
456 983 606 1056 taniDeo,
625 981 797 1053 rationalem
812 981 1161 1063 cultum(Rom.12‚1.).
1192 983 1254 1045 Ubi

116 1059 314 1141 significanter
336 1003 492 1121 admodiim
525 1057 664 1137 loquutus
689 1069 750 1132 est,
782 1078 871 1150 quum
895 1059 974 1123 hunc
994 1077 1057 1119 esse
1077 1059 1251 1121 rationalem

117 1147 251 1195 nostrum
277 1135 387 1196 cultum
417 1135 556 1196 subiecit:
586 1132 729 1194 intellexit
749 1146 827 1193 enini
851 1135 1031 1216 spiritualem
1055 1135 1173 1196 colendi
1192 1136 1253 1198 Dei

117 1212 220 1286 rituin',
252 1231 337 1291 quein
364 1212 527 1273 carnalibus
547 1212 635 1305 Legis
654 1211 801 1270 lllosaicae
815 1212 971 1274 'sacrificiis
993 1212 1084 1272 tacite
1103 1213 1253 1294 opposuit.
1327 1258 1332 1265 -

116 1288 167 1348 Sic
187 1288 380 1348 beneficentia
400 1301 430 1348 et
450 1287 676 1350 communicatio
695 1287 828 1347 victimae
847 1288 1044 1369 appellantur,
1085 1289 1171 1351 uibus
1190 1289 1254 1383 pla-

116 1375 200 1423 cetur
217 1364 285 1425 Deo'
306 1365 563 1444 (Hebr.13,16.).
613 1363 664 1439 Sic
683 1361 760 1422 Phili
782 1365 914 1444 pensium
932 1367 1040 1443 (1,18.
1098 1367 1254 1449 enignitas,

138 1462 172 1500 ua
186 1440 267 1501 Pauli
287 1441 417 1520 inopiam
437 1440 633 1517 sublevarent,
651 1440 747 1501 hostia
760 1386 865 1501 honae
885 1441 1078 1524 fragrantiae,
1097 1444 1138 1503 sic
1153 1443 1254 1506 omnia

114 1462 243 1576 hdelium
264 1519 343 1577 bona
364 1536 455 1597 opera
474 1518 639 1597 spirituales
659 1516 781 1576 hostiae.

192 1601 239 1659 17.
278 1595 316 1651 Et
337 1593 407 1673 quid
427 1594 516 1653 miilta
536 1613 622 1673 perse
645 1592 720 1654 nor?
739 1592 864 1653 subinde
884 1592 1013 1653 enimin
1033 1593 1090 1655 seri
1113 1594 1183 1655 turis
1202 1614 1253 1656 re-

115 1672 205 1730 currit
227 1670 298 1728 haec
318 1669 459 1748 loquendi
485 1669 586 1730 forma.
625 1614 714 1744 unin
736 1671 822 1729 etiam
844 1670 912 1730 duni
937 1669 1032 1731 adhuc
1054 1616 1109 1732 suh
1135 1682 1255 1733 externa

113 1747 203 1829 Legis
223 1746 403 1829 paedagogia
423 1747 480 1805 Dei
500 1747 626 1828 populus
648 1747 870 1822 continebatur,
900 1747 966 1807 satis
992 1759 1089 1807 tamen
1110 1748 1254 1827 exprime-

115 1823 189 1882 bant
207 1822 390 1903 Prophetae,
415 1823 533 1885 subesse
554 1822 609 1882 illis
629 1823 792 1884 carnalibus
816 1822 960 1883 sacrificiis
979 1824 1151 1899 veritatem,
1178 1845 1254 1904 quae
1328 1830 1332 1838 '

117 1899 301 1969 Christianae
328 1900 468 1960 ecclesiae
494 1921 561 1959 cum
580 1899 697 1960 Iudaica
723 1911 812 1982 gente
840 1900 1003 1961 communis
1024 1911 1076 1961 est.
1116 1899 1186 1974 Qua
1205 1920 1253 1962 ra·

115 1972 198 2035 tione
218 1975 391 2056 precabatur
410 1976 504 2036 David
524 1977 587 2052 (Ps.
600 1982 668 2051 141,
680 1977 742 2053 2.),
767 1987 800 2035 ut
820 1976 916 2037 oratio
936 1997 987 2036 sua
1006 1977 1082 2037 sicut
1100 1977 1253 2039 incensum

115 2054 149 2111 in
167 2064 356 2131 conspectum
370 2053 426 2111 Dei
447 2052 626 2114 ascenderet.
665 2053 960 2130 EtHoseas(11,3.)
1001 2054 1138 2114 ratiarum
1159 2054 1253 2117 actio-

115 2149 167 2188 nes
187 2128 305 2187 dieebat
317 2129 422 2189 vitulos
443 2129 602 2189 labiorum':
624 2149 694 2208 quas
714 2128 783 2189 alibi
793 2129 888 2189 David
908 2072 1044 2190 sacrficia
1064 2130 1156 2190 laudis
1175 2152 1254 2191 nun-

114 2216 205 2286 cupat
223 2205 285 2282 (Ps.
297 2210 404 2282 50,14.
417 2218 446 2264 et
457 2208 529 2282 23).
570 2207 668 2281 Quem
681 2206 842 2298 Apostolus
855 2206 962 2284 (Hebe.
974 2212 1022 2281 13,
1033 2209 1097 2281 15.)
1115 2206 1254 2284 inritatus,

115 2282 221 2341 hostias
242 2281 332 2340 laudis
354 2285 440 2342 etiam
465 2284 527 2363 ipse
546 2293 632 2345 vocat
659 2293 692 2342 et
715 2293 925 2362 interpretatur
949 2283 1075 2343 fructum
1107 2283 1253 2345 labiorum

114 2358 319 2418 confitentium
351 2358 464 2418 nomini
493 2359 563 2419 eiiis.
617 2358 712 2419 Huius
741 2359 859 2440 generis
890 2358 1032 2419 sacrificio
1057 2380 1158 2421 carere
1188 2381 1252 2422 non

113 2447 213 2515 potest
234 2435 337 2495 Coena
358 2436 494 2495 Domini:
526 2438 555 2495 in
577 2457 650 2516 qua,
674 2436 743 2495 dum
765 2436 825 2494 eius
844 2447 970 2496 mortem
991 2438 1196 2498 annuntiamus
1222 2450 1254 2502 et

113 2513 271 2594 gratiarum
291 2512 436 2572 actionem
457 2514 628 2588 referimus,
659 2511 730 2571 uihil
755 2511 832 2572 aliud
854 2532 940 2592 quam
961 2512 1115 2573 oll'erimns
1140 2513 1251 2575 sacrifi·

114 2589 190 2647 cium
211 2589 310 2647 laudis.
350 2589 397 2648 ab
418 2588 674 2650 hoc'sacriheandi
693 2608 815 2648 munere
841 2590 939 2672 regale
960 2590 1155 2650 sacerdotium
1175 2611 1252 2650 nun-

113 2686 254 2744 cupamur
274 2685 376 2724 omnes
397 2665 573 2743 Christiani,
593 2666 672 2746 quod
694 2665 909 2744 perChristum
930 2665 1083 2725 olfecimus
1104 2666 1194 2741 illam,
1215 2665 1253 2727 de

135 2763 170 2799 ua
191 2740 321 2818 loquitur
340 2742 501 2819 Apostolus
522 2744 561 2819 (l.
574 2743 637 2801 Pet.
649 2747 719 2813 2‚9.
740 2741 984 2819 Hebr.13,15.),
1014 2741 1139 2802 hostiam
1159 2740 1252 2803 laudis

146 2837 192 2889 eo,
214 2817 340 2875 fructum
360 2818 503 2877 labiorum
516 2818 719 2877 confitentium
741 2819 854 2876 nomini
875 2817 945 2877 eius.
984 2820 1089 2897 Neque
1101 2818 1179 2877 enirn
1195 2838 1252 2881 nos

113 2914 179 2952 cum
201 2894 308 2951 nostris
329 2892 515 2970 muneribus,
536 2896 599 2952 sine
619 2894 832 2969 intercessore,
855 2895 887 2952 in
909 2906 1099 2974 conspectum
1120 2894 1179 2954 Dei
1199 2914 1253 2976 ap-

135 2988 256 3027 aremus.
298 2967 429 3028 Christus
450 2982 503 3043 est,
523 2989 583 3048 qno
603 2968 765 3029 mediatore
784 2970 1002 3046 intercedente,
1022 2990 1076 3030 nos
1097 2991 1131 3031 ac
1150 2983 1254 3032 nostra

112 2991 192 3106 Patri
214 3044 380 3111 offerimus:
401 3045 450 3103 ille
472 3045 609 3106 Pontifex
630 3057 741 3119 noster,
761 3046 823 3124 qui,
843 3047 873 3107 in
894 3049 1089 3107 sanctuarium
1110 3046 1186 3108 coeli
1205 3046 1254 3107 in-

112 3143 237 3203 gressus,
257 3134 402 3181 accessum
423 3120 510 3181 nohls
538 3123 647 3202 aperit:
674 3121 723 3181 ille
743 3121 849 3196 altare,
869 3124 916 3183 eui
937 3123 1055 3183 donaria
1075 3135 1176 3184 nostra
1196 3125 1252 3183 im·

113 3199 261 3279 ponimns,
281 3210 315 3256 nt
333 3199 363 3256 in
380 3197 436 3257 'illo
458 3199 625 3273 audeamus,
639 3197 943 3279 quiequidaudemus:
963 3199 1025 3274 ille,
1043 3200 1175 3281 inquam,
1194 3210 1251 3278 est,

112 3275 162 3354 qui
183 3296 236 3333 iios
257 3275 339 3334 Patri
360 3294 484 3356 regnum
505 3295 539 3336 ac
560 3275 736 3335 Sacerdotes
757 3276 829 3334 fecit
845 3276 955 3355 (Apoc.
965 3283 994 3350 1,
1005 3277 1062 3354 6.).

188 3355 235 3414 ts
277 3351 359 3425 Quid
378 3352 522 3430 superest,
542 3350 601 3410 nisi
617 3363 652 3411 ut
671 3351 753 3412 coeci
772 3352 901 3425 videant,
919 3350 999 3411 surdi
1017 3352 1147 3428 audiant,
1166 3352 1252 3432 pueri

112 3427 168 3507 ipsi
188 3426 354 3510 intelligant
374 3429 448 3487 hanc
468 3429 574 3492 Missae
595 3427 862 3488 abominationem?
891 3445 966 3507 quae
990 3428 1021 3487 in
1043 3427 1134 3490 calice
1159 3448 1252 3490 aureo

111 3502 267 3594 propinata
288 3525 389 3564 omnes
410 3524 494 3586 reges
514 3517 612 3565 terrae
630 3515 661 3564 et
685 3504 828 3586 populos„
853 3523 1001 3567 asumma
1023 3504 1173 3587 nequead
1193 3524 1252 3566 no·-

110 3582 267 3653 vissimnin;
288 3581 329 3640 sic
347 3581 512 3657 inebriavit,
531 3583 573 3641 sic
593 3581 736 3662 percussit
754 3598 864 3660 sopore
876 3582 995 3640 asserti
1017 3581 1076 3656 he,
1095 3590 1139 3658 nt,
1151 3579 1254 3647 ¹brutis

110 3657 179 3736 ipsis
200 3656 385 3735 stupidiores,
405 3660 524 3736 proram
545 3670 576 3718 et
594 3678 633 3738 pn
676 3657 715 3717 im'
735 3677 804 3718 suae
823 3657 922 3718 salutis
935 3656 972 3716 *in
1013 3662 1047 3719 at
1066 3668 1130 3718 una'
1144 3656 1253 3718 exitiali

107 3732 258 3869 voraqlne'
271 3735 434 3793 statuerint.
479 3734 571 3794 Certe
596 3678 677 3795 nulli
696 3742 824 3813 unquam
844 3732 984 3795 validiore
1003 3732 1136 3799 machina
1155 3732 1255 3817 sitin

107 3811 177 3868 inc'u
200 3809 244 3868 uit
264 3809 299 3869 ad
319 3810 549 3892 oppugnandum
569 3831 642 3893 expu
665 3810 973 3893 nandnmqneChristi
992 3813 1127 3899 re'qnumi
1144 3810 1254 3891 ..Haec

108 3886 305 3962 est-Helena,
338 3907 394 3970 pro
415 3832 737 3966 quaeeritatishostes
756 3899 837 3948 tanta
848 3886 1063 4023 ssl'dffflbl‘r
1093 3889 1179 3973 'tanto
1194 3885 1248 3963 luj-

107 3980 189 4037 rore,
209 3964 461 4024 tanta-atrocitate
482 3963 690 4049 digladiantnra
710 3975 742 4025 et
760 3978 839 4036 vere,
880 3962 979 4043 elenq',
998 3962 1065 4025 esim
1084 3963 1249 4100 qurzplrlk·

106 4037 180 4098 tuali
213 4040 414 4101 fornicatione
445 4040 536 4132 (qhae
557 4043 687 4102 omnium
708 4052 754 4102 est
776 4040 899 4101 manime
917 4038 1132 4176 ’exsecrabilisp'
1192 4042 1251 4101 ''te'

107 4130 315 4198 conspurcant.
354 4119 423 4186 Non
444 4117 490 4178 hic
503 4119 546 4180 vel
564 4119 688 4187 ‚minimo
709 4118 802 4200 digito
823 4117 947 4197 attingo,
958 4137 1073 4186 crassos,
1087 4116 1107 4176 il
1121 4137 1157 4181 os.
1174 4114 1249 4177 abu-

106 4214 174 4266 sus,
201 4196 307 4273 quibus
327 4216 425 4257 sacrae
449 4216 518 4256 suae
537 4198 641 4258 Missae
660 4194 851 4285 profanatam
877 4194 1035 4273 puritatem
1056 4192 1251 4274 praetendere

107 4274 243 4402 poqsents
267 4293 355 4364 quam
375 4285 478 4365 turpqs
496 4272 640 4335 nundinas
660 4280 836 4362 exerceqnt,
850 4270 1249 4363 quamne-rdilloqutlaestus

122 4357 218 4407 auant
232 4368 289 4409 suis
301 4348 530 4429 morationibus,
551 4360 659 4431 quanta
675 4358 835 4429 rapacitate
845 4342 994 4492 arawn'pam
1012 4368 1092 4410 suam
1105 4342 1250 4428 expleant.
