2700 4732
497 225 649 289 n1n1v.
688 223 778 288 Cbl’.
795 222 883 287 xm.
1201 227 1262 293 349

123 376 262 437 insistam.
302 375 370 435 lloc
389 384 503 435 tantum
523 373 606 434 dico:
648 381 833 451 raeterqnam
855 368 937 450 quod
955 388 1018 429 non
1036 366 1137 449 paucis
1154 385 1261 447 snper-

122 453 291 514 stitionibus
311 464 380 512 sunt
400 451 540 533 implicita
559 454 607 530 (ut
625 393 715 509 lodie
734 468 782 510 res
802 446 938 522 babent),
957 445 988 506 in
1008 445 1067 506 boe
1093 443 1259 525 eomp‘osita

123 551 185 590 esse
204 531 357 603 videntur,
388 528 492 619 utqui
516 548 550 588 ea
573 537 760 606 nuncupant,
790 525 857 585 Deo
882 523 1007 583 illudant
1026 533 1057 582 et
1081 520 1258 583 hominibus.

122 608 182 666 Sed
204 628 242 666 ne
262 607 413 666 videamur
437 604 566 686 srngulas
589 602 748 694 particulas
772 601 856 661 nimis
876 600 1003 682 maligne
1024 600 1183 694 exagitare,
1209 597 1259 660 itta

122 683 264 765 generali,
307 704 360 741 uae
381 683 512 762 superius
533 693 626 773 posita
647 692 700 754 est,
722 677 928 739 confutatione
948 686 1083 738 contentu
1102 675 1240 736 erimus·

190 766 245 824 1⁶20.
286 705 462 820 i'uiusmodi
482 757 612 839 legitima
632 757 692 819 sint
712 767 742 815 et
753 767 873 835 accepta
885 754 952 815 Deo
962 765 1043 829 vota,
1061 753 1129 815 satis
1140 750 1259 832 exposi-

89 894 93 905 ,
121 850 184 896 tum
205 856 267 896 esse
287 836 426 896 arbitror.
480 836 560 909 Quia
585 846 684 893 tamen
709 832 857 892 interdum
882 831 970 892 rudes
989 850 1023 891 ae
1038 828 1162 899 ‚timidae
1183 848 1258 889 con·

121 915 274 985 scientiae,
306 914 393 972 etiam
421 911 469 972 ubi
490 923 591 970 votum
617 909 737 989 aliquod
762 907 900 988 displicet
924 929 958 968 ac
983 906 1187 1000 Improbatur,
1219 904 1257 964 de

122 991 305 1069 obligatione
325 989 515 1048 nibilominus
536 987 687 1061 dubitant,
719 997 749 1045 et
767 986 896 1067 graviter
920 996 1136 1056 excruciantur,
1166 1002 1257 1063 quum
1289 1034 1292 1039 .

121 1079 152 1126 et
175 1067 288 1127 violare
315 1065 410 1142 datam
429 1066 497 1124 Deo
522 1063 777 1136 fidemborreut,
807 1073 837 1121 et
855 1074 995 1122 verentur
1015 1081 1031 1122 e
1051 1079 1196 1122 converso
1217 1075 1257 1135 ne

119 1145 261 1203 servando
281 1144 374 1223 magis
395 1152 532 1222 peccent:
555 1140 602 1200 hic
621 1138 850 1201 succurrendum
870 1138 926 1198 illis
938 1150 992 1213 est,
1012 1158 1072 1219 qno
1092 1157 1124 1197 se
1145 1135 1258 1215 possint

119 1220 155 1279 ab
178 1221 231 1280 bac
256 1217 428 1281 difficultate
455 1219 580 1298 eripere.
632 1216 674 1275 Ut
704 1226 802 1277 antem
827 1214 918 1281 semel
942 1236 1062 1276 omnem
1085 1213 1256 1295 scrupulum

119 1296 326 1366 tollamzdico
348 1297 446 1357 omnia
471 1316 532 1354 nou
552 1292 683 1374 legitima
706 1312 763 1353 nec
782 1291 839 1352 rite
860 1304 1003 1372 concepta
1023 1303 1159 1368 vota„ut
1177 1287 1257 1371 apud

119 1373 217 1432 Deum
238 1373 321 1433 nihili
342 1385 420 1445 sunt,
439 1373 481 1432 sie
500 1370 588 1431 nobis
607 1370 690 1430 irrita
711 1388 774 1431 esse
794 1368 904 1429 debere
923 1369 979 1447 (cl.
991 1368 1123 1439 Calnad
1138 1363 1257 1430 concil

120 1451 229 1527 Trid.).
267 1452 341 1509 Nam
362 1450 385 1509 si
406 1449 437 1507 in
463 1448 595 1509 humanis
615 1446 867 1511 contractibus-,ea
895 1457 1007 1509 tantum
1033 1447 1175 1526 promissa
1199 1464 1256 1508 uos

120 1526 265 1608 obligant,
285 1527 315 1584 in
350 1526 433 1584 uibus
453 1524 487 1599 is,
507 1547 572 1584 cum
586 1545 644 1603 quo
663 1521 872 1596 contrabimus,
890 1522 954 1583 vult
973 1543 1027 1584 nos
1047 1522 1157 1595 babere
1176 1520 1257 1583 obli-

119 1616 218 1684 gatos:
240 1548 395 1662 absurdum
410 1613 463 1676 est,
485 1602 519 1660 ad
542 1621 574 1660 ea
596 1601 768 1680 praestanda
788 1621 842 1660 nos
854 1599 944 1691 adigi,
964 1619 1038 1679 qnae
1057 1620 1073 1659 a
1094 1598 1179 1659 nobis
1199 1598 1256 1657 mi-

119 1681 197 1738 nime
218 1680 298 1738 Deus
320 1678 455 1756 requirit:
482 1677 653 1758 praesertim
699 1699 767 1736 uum
794 1697 856 1735 non
881 1678 966 1736 alrter
986 1688 1067 1736 recta
1085 1676 1143 1736 sint
1163 1694 1256 1753 opera

120 1770 232 1829 nostra,
252 1755 305 1814 nisi
326 1755 377 1814 ubi
396 1755 463 1813 Deo
484 1754 619 1835 placent,
639 1765 670 1812 ει
711 1775 747 1815 οε
767 1753 965 1813 conscientiae
984 1753 1184 1813 testimonium
1205 1752 1256 1811 ba·

118 1832 191 1891 bent
223 1833 301 1910 quod
334 1831 475 1911 placeant.
519 1832 621 1889 blanel
652 1831 731 1889 enim
764 1829 835 1889 illud
868 1830 954 1891 lixum
980 1830 1254 1908 (Rom.1t,23.)=

118 1909 289 1987 „Quicquid
310 1929 371 1968 non
392 1920 436 1968 est
456 1929 488 1966 er
507 1907 576 1981 lide,
595 1919 747 1988 peccatum
768 1909 845 1966 est.“
885 1907 956 1982 Quo
977 1906 1117 1986 intelligit
1136 1904 1255 1980 Paulus,

118 1986 197 2063 quod
219 2007 283 2044 eum
305 1985 489 2044 dubitatione
507 1997 673 2064 susceptum
694 1996 738 2043 est
757 2004 843 2063 opus,
862 1997 1020 2064 propterea
1033 1985 1166 2045 vitiosum
1181 2002 1256 2057 esse,

138 2063 196 2121 uod
224 2063 354 2121 omnium
387 2062 533 2122 bonorum
558 2081 681 2140 operum
708 2060 786 2120 radix
806 2073 851 2122 est
868 2059 956 2136 fides,
987 2081 1044 2154 qua
1064 2060 1138 2122 certi
1156 2079 1256 2120 sumus

116 2084 166 2197 illa
185 2139 252 2198 Deo
273 2158 341 2198 acce
364 2150 392 2197 ta
413 2157 483 2197 esse.
526 2137 608 2219 Ergo
629 2138 653 2197 si
679 2137 751 2197 nihil
771 2136 825 2198 nisi
850 2137 904 2198 lrac
929 2137 1107 2199 certitudine
1132 2135 1255 2230 aggredi

117 2215 188 2274 licet
208 2215 319 2274 bomini
341 2160 523 2290 ibristiano,
544 2235 596 2273 cur
616 2234 676 2274 non
707 2213 815 2292 siquid
834 2225 947 2274 temere
965 2215 1149 2295 susceperint
1167 2233 1256 2296 rgno·

119 2293 238 2350 rationis
250 2293 333 2364 vitio,
353 2292 389 2350 ab
411 2310 512 2351 errore
533 2302 635 2371 postea
656 2258 771 2351 liberati
792 2290 952 2352 desistant?
990 2290 1143 2353 Eiusmodi
1184 2311 1255 2352 uum

116 2370 176 2428 sint
197 2381 264 2428 vota
283 2367 500 2428 inconsiderate
519 2388 601 2427 susce
625 2379 664 2441 ta,
685 2388 746 2427 non
766 2369 857 2428 modo
878 2368 1108 2452 nihilobligant,
1126 2313 1182 2430 sed
1198 2387 1256 2428 ne·

116 2447 240 2505 cessario
261 2457 329 2504 sunt
348 2444 549 2504 rescindenda.
590 2389 671 2518 Quid
685 2455 793 2519 autem,
813 2443 894 2525 quod
913 2467 975 2506 nou
995 2457 1109 2506 tantum
1129 2465 1184 2525 pro
1205 2444 1254 2505 ni·

116 2524 176 2581 bilo
197 2522 384 2582 aestimantur
402 2523 433 2580 in
454 2533 614 2601 conspectu
633 2521 700 2596 Dei,
720 2521 772 2581 sed
792 2520 1007 2583 abominationi
1026 2543 1146 2603 quoque
1165 2519 1254 2584 sunt?

114 2613 148 2658 ut
168 2601 246 2678 prius
268 2600 499 2658 demonstratum
520 2610 571 2657 est.
611 2598 830 2678 Supervacuum
841 2611 886 2659 est
902 2599 939 2659 de
959 2620 991 2659 re
1011 2620 1073 2661 non
1090 2600 1255 2661 necessaria

115 2677 233 2756 longius
254 2677 405 2735 disserere.
456 2676 523 2734 Hoc
547 2697 638 2735 unum
664 2688 867 2757 argumentum
894 2678 931 2737 ad
955 2677 1100 2756 pacandas
1121 2689 1151 2737 et
1170 2676 1253 2736 omni

113 2753 252 2830 scrupulo
283 2752 448 2813 liberandas
476 2753 537 2830 pias
569 2752 762 2811 conscientias
788 2753 905 2813 abunde
935 2773 997 2815 esse
1022 2753 1094 2812 mibi
1116 2753 1252 2813 videtur:

138 2848 308 2906 uaecunque
339 2850 400 2888 non
427 2849 460 2887 ex
488 2849 562 2908 puro
586 2828 668 2887 fonte
688 2841 825 2889 emanant
844 2850 951 2910 opera,
982 2842 1013 2890 et
1036 2831 1067 2889 in
1088 2828 1252 2911 legitimum

114 2852 203 2964 duem
225 2905 401 2986 diriguntur,
421 2925 437 2965 a
456 2905 523 2964 Deo
546 2905 708 2984 repudiari:
742 2907 831 2965 etita
853 2907 1001 2985 repudiari
1021 2919 1134 2966 utnon
1155 2910 1252 2968 minus

112 2984 144 3043 iu
165 2982 222 3041 illis
242 3003 382 3065 pergere,
409 3003 498 3061 quam
518 2983 578 3060 ipsa
599 2980 737 3042 incboare
757 3003 812 3042 nos
831 2994 920 3042 vetet.
962 2983 1039 3043 Inde
1058 2984 1136 3044 enirn
1157 2983 1252 3043 conli-

113 3062 200 3134 citur,
221 3079 296 3138 quae
317 3059 353 3118 ab
373 3078 475 3118 errore
496 3071 526 3117 ει
545 3058 755 3138 superstitione
769 3057 901 3138 proiecta
917 3072 1074 3138 suntvota,
1094 3059 1252 3124 et'nullina

112 3157 175 3197 esse
196 3136 272 3215 apud
293 3135 390 3195 Deum
411 3136 563 3209 momenti,
584 3148 613 3195 et
633 3156 649 3194 a
669 3134 756 3196 nobis
777 3136 947 3196 deserenda.

189 3221 236 3277 21.
276 3213 407 3273 llabcbit
426 3224 576 3292 praeterea
597 3212 647 3292 qui
667 3211 742 3273 banc
762 3213 876 3272 tenebit
898 3213 1097 3292 solutionem,
1118 3233 1178 3294 quo
1197 3215 1252 3276 ad·

112 3311 211 3349 uersus
242 3289 446 3369 improborum
472 3288 628 3350 calumnias
654 3308 705 3349 eos
731 3289 887 3364 defendat,
917 3292 967 3371 qui
987 3311 1021 3351 er
1046 3292 1250 3354 monachismo

113 3367 150 3424 ad
175 3366 332 3426 honestum
358 3365 479 3445 aliquod
497 3366 612 3425 vivendi
637 3386 730 3447 genus
755 3366 932 3427 concedunt.
983 3368 1106 3429 Fractae
1132 3369 1199 3428 fidei
1219 3381 1251 3431 et

112 3441 235 3522 periurii
255 3442 381 3522 graviter
398 3455 585 3519 accusantur,
606 3443 685 3523 quod
704 3442 851 3503 vinculum
872 3447 920 3523 (ut
931 3444 1020 3526 vulgo
1037 3446 1182 3523 ereditur)
1202 3445 1257 3507 in·-

112 3517 250 3590 solubile,
271 3540 329 3596 quo
350 3531 435 3578 erant
453 3519 520 3579 Deo
543 3532 572 3580 et
592 3518 732 3581 ecclesiae
753 3519 887 3602 obligati,
908 3520 1089 3600 abruperint.
1127 3523 1170 3582 At
1189 3542 1248 3607 ego
1281 3578 1284 3583 .

112 3594 224 3652 nullum
247 3595 333 3653 luisse
345 3595 496 3655 vinculum
513 3597 590 3669 dico,
611 3596 662 3655 ubi
674 3597 754 3674 quod
775 3597 864 3658 bomo
872 3599 1041 3675 coufirmat,
1055 3599 1143 3660 -Deus
1159 3598 1250 3660 abro-

111 3682 171 3751 gat.
209 3670 324 3729 Deinde
347 3683 381 3730 ut
400 3672 500 3731 demus
520 3672 607 3732 luisse
627 3672 793 3755 obligatos,
817 3696 905 3754 quum
931 3677 1119 3768 ignoratione
1140 3675 1198 3736 Dei
1217 3687 1249 3738 et

110 3767 214 3806 errore
225 3746 356 3824 impliciti
376 3760 563 3807 tenerentur:
585 3770 663 3810 nunc
675 3762 828 3830 postquam
841 3753 971 3813 veritatis
983 3754 1088 3813 notitia
1098 3765 1167 3814 suut
1178 3752 1248 3814 ittu-

109 3823 227 3897 minati,
247 3823 332 3882 simul
344 3822 453 3884 Christi
473 3825 565 3905 gratia
585 3824 694 3886 liberos
715 3846 777 3887 esse
798 3828 875 3887 dico.
912 3829 987 3890 Nam
1007 3829 1031 3888 si
1051 3841 1161 3891 tantm
1181 3830 1248 3890 elli-

110 3901 217 3959 caciam
239 3900 328 3959 babet
352 3921 420 3959 crux
442 3901 567 3973 Christi,
597 3913 665 3963 uta
687 3902 775 3984 Legis
795 3904 911 3965 divinae
934 3904 1159 3982 maledictione,
1188 3926 1248 4000 qua
1288 3958 1290 3963 .
1315 3930 1322 3939 ·

109 3977 199 4036 vincti
221 3976 440 4051 detinebamur,
468 3998 523 4047 nos
543 3977 691 4039 absolvat:
717 3992 828 4058 quanto
849 3982 941 4064 magis
960 3984 997 4043 ab
1019 3984 1162 4045 extraneis
1181 4006 1247 4045 vrn-

110 4054 182 4112 culis
214 4057 304 4133 (quae
329 4053 401 4112 nibil
433 4065 502 4113 sunt
525 4076 610 4134 quam
636 4056 764 4136 captiosa
786 4056 913 4118 Satanae
937 4060 1025 4195 retia?
1055 4080 1111 4122 uos
1142 4060 1246 4122 eruetl

110 4129 347 4208 Quibuscunque
367 4150 439 4212 ergo
461 4130 596 4192 Christus
616 4132 767 4215 Evangelii
786 4134 831 4194 sui
852 4133 929 4196 luce
943 4136 1083 4218 alleget,
1106 4158 1170 4198 non
1191 4138 1247 4198 du·

107 4207 190 4267 bium
211 4219 254 4266 est
274 4209 344 4287 quin
366 4207 402 4266 ab
425 4206 561 4268 omnibus
581 4228 633 4268 eos
652 4207 763 4288 laqueis
784 4231 817 4271 ex
839 4212 926 4287 ediat,
946 4213 1052 4294 quibus
1072 4233 1104 4275 se
1124 4234 1179 4295 per
1197 4236 1247 4276 su·

105 4282 314 4365 perstitionem
334 4284 499 4344 induerant
540 4283 718 4365 Quanquam
737 4308 793 4350 nee
812 4232 868 4349 titis
888 4290 971 4351 deest
990 4289 1082 4353 altera
1101 4292 1248 4368 defensio,

106 4361 131 4421 si
150 4360 187 4420 ad
208 4359 387 4422 coelibatum
407 4383 469 4423 uon
495 4359 618 4423 inerunt
638 4362 749 4425 idonei.
797 4365 874 4429 Nam
897 4367 922 4429 si
940 4378 1043 4432 votum
1060 4367 1246 4452 impossibile
