2700 4732
849 50 863 115 ἱ
916 44 919 49 .

492 210 845 273 mmmm
1059 182 1240 278 'stt

107 365 156 433 20,
174 359 248 437 28).
298 359 332 418 Si
353 359 416 438 quis
436 357 505 417 inde
523 354 646 430 inierat,
675 354 848 437 sanguinem
872 375 932 434 qno
953 353 1064 434 expiata
1083 364 1152 415 sunt
1170 373 1240 435 pec-

106 448 171 496 cata
190 456 254 497 esse
267 435 417 506 divinum,
447 447 477 494 et
497 434 612 492 divinae
631 443 770 506 naturae,
800 431 864 511 quis
889 445 946 491 tam
967 431 1087 491 foedum
1108 451 1240 491 errorem

106 512 202 572 ferat?
221 513 311 572 Atoui
332 511 388 571 hoc
408 524 467 570 tam
487 509 592 590 puerili
613 509 715 568 cavillo
735 528 767 568 se
786 509 884 568 omnia
909 508 1046 587 adeptum
1073 529 1135 567 esse
1154 518 1240 587 putat

109 579 280 662 Osiander,¹
298 600 408 660 tumet,
433 587 570 659 exsultat,
590 586 753 664 multosque
772 585 893 678 paginas
914 584 998 645 farcit
1016 584 1073 643 suis
1094 582 1240 663 ampullis:

129 688 199 725 uum
218 676 315 724 tamen
335 663 455 744 simplex
473 665 511 723 sit
531 674 561 721 et
580 663 711 741 expedita
730 661 857 735 solutio,
877 661 1016 721 lehovam
1057 659 1168 733 uidem,
1187 660 1240 720 ubi

107 686 204 803 iactus
224 741 312 801 tuerit
331 760 451 823 germen
472 738 601 810 Davidis,
622 738 688 799 fore
703 738 820 817 piorum
833 738 987 798 iustitiam:
1007 682 1057 797 reb
1071 757 1130 815 quo
1142 756 1241 811 sensu,

108 820 200 878 docet
219 817 324 878 Iesaiar
345 819 503 896 (53‚'11.):
543 814 747 896 „Cognitioue
771 814 815 875 sui
832 813 1003 874 iustificabit
1022 813 1128 873 multos
1148 811 1240 872 iustus

106 915 211 957 cerrus
229 899 345 954 meus.“
384 895 527 953 Notemus
546 891 664 950 Patrem
683 890 775 972 loqui,
794 889 871 951 Filio
892 889 1054 950 attribuere
1068 888 1241 950 iustificandi

108 983 221 1051 partes:
243 992 354 1030 causam
376 969 494 1043 addere,
513 968 592 1046 quod
612 968 702 1027 iustus
721 967 773 1026 sit:
791 966 910 1026 modum
930 964 976 1026 vel
988 965 1115 1025 medium
1135 963 1240 1043 (otlo-

108 1049 255 1127 quuntur)
274 1046 372 1106 locare
393 1046 422 1102 in
444 1045 595 1117 doctrina,
626 1064 681 1122 qua
703 1042 836 1104 Christus
856 1043 1056 1125 cognoscitur.
1093 1042 1168 1102 Nam
1187 1063 1242 1101 vo-

111 1144 175 1183 cem
196 1120 298 1181 Domh
317 1123 426 1201 passive
445 1122 579 1199 accipere
604 1119 785 1180 commodius
809 1130 862 1179 est
911 1119 990 1179 Hinc
1014 1117 1124 1202 colligo
1153 1116 1242 1177 Chri-

109 1210 186 1260 rturn
208 1219 270 1259 esse
291 1200 396 1259 sactum
419 1199 569 1269 iustitiam,
589 1196 707 1275 quando
726 1197 802 1255 servi
820 1195 947 1274 speciem
968 1195 1080 1255 induit:
1111 1195 1242 1255 secundo

110 1296 167 1336 nor
186 1275 352 1348 iustificare,
394 1284 514 1333 uatenus
535 1273 744 1351 obsequentem
757 1293 788 1331 se
798 1272 879 1331 Patri
893 1271 1041 1354 praebuit:
1062 1292 1097 1332 ac
1116 1270 1243 1353 proinde
1321 1294 1328 1309 =

110 1371 173 1411 non
194 1352 351 1411 secuudum
372 1296 498 1409 ilisinam
519 1360 649 1407 naturam
669 1346 724 1408 hoc
745 1348 830 1408 nobis
850 1359 1013 1428 praestare,
1037 1348 1087 1410 red
1107 1368 1164 1484 pro
1184 1348 1243 1408 dis-

109 1428 290 1519 pensationis
309 1428 362 1487 sibi
383 1427 530 1486 iniunctae
550 1425 674 1484 ratione.
711 1424 774 1484 Etsi
799 1425 877 1484 enim
902 1424 981 1485 solus
1000 1423 1083 1485 Deus
1121 1447 1174 1486 ons
1200 1435 1245 1484 est

110 1504 248 1576 iustitiae,
268 1524 324 1563 nec
344 1503 427 1563 aliter
447 1523 531 1580 quam
552 1501 612 1561 eius
632 1500 858 1592 participatione
877 1522 974 1561 sumus
993 1500 1073 1561 insti:
1105 1501 1171 1582 quia
1197 1512 1243 1561 ta·

110 1582 180 1639 nien
212 1579 325 1640 infelici
355 1579 471 1638 dissidio
491 1577 526 1636 ah
548 1578 609 1636 eius
633 1576 741 1636 iustitia
767 1576 885 1637 alienati
908 1598 1025 1653 sumus,
1056 1598 1175 1638 necesse
1200 1588 1244 1638 est

112 1656 291 1715 descendere
311 1655 346 1715 ad
366 1655 423 1715 hoc
442 1653 563 1713 inferius
582 1652 754 1728 remedium,
773 1664 806 1714 ut
826 1673 881 1713 nos
894 1653 1026 1714 Christus
1038 1652 1141 1713 mortis
1154 1664 1184 1713 et
1194 1674 1243 1713 re-

112 1732 303 1793 surrectionis
323 1752 390 1791 suae
409 1731 516 1789 virtute
535 1729 681 1790 iustificet.

191 1816 219 1874 9.
260 1808 292 1866 Si
314 1806 444 1879 obiiciat,
464 1805 537 1886 o¹pus
557 1805 614 1865 hoc
633 1827 683 1864 sua
703 1805 878 1885 praestantia
897 1825 1035 1886 superare
1055 1803 1180 1867 hominis
1191 1828 1245 1868 na-

105 1890 220 1957 ¹turam,
240 1884 366 1962 ideoque
387 1903 447 1942 non
468 1900 554 1962 posse
574 1882 628 1943 nisi
649 1881 763 1941 divinae
782 1893 903 1941 naturae
922 1882 1044 1956 ascribi,
1065 1882 1145 1961 prius
1172 1904 1245 1944 con·

114 1961 204 2022 cedo:
223 1962 254 2020 in
274 1959 331 2020 hoc
349 1959 480 2019 secundo
499 1959 566 2018 dico
588 1978 654 2017 eum
675 1959 779 2018 inscite
798 1957 977 2019 hallucinari.
1023 1960 1097 2018 Nam
1117 1959 1171 2019 etsi
1191 1980 1245 2020 ne-

115 2058 173 2117 que
193 2037 335 2117 sanguine
354 2055 407 2095 suo
429 2036 537 2094 animas
558 2046 670 2093 nostras
689 2055 832 2116 purgare,
862 2053 959 2113 neque
984 2035 1101 2109 Patrem
1126 2056 1179 2096 suo
1199 2057 1245 2097 sa·

114 2113 225 2173 crificio
245 2113 370 2191 placare,
392 2131 487 2190 neque
507 2132 522 2169 a
543 2123 626 2169 reatu
645 2110 797 2170 absolvere
817 2131 870 2171 nos
890 2123 1007 2189 poterat
1026 2110 1169 2186 Christus,
1188 2134 1244 2174 nec

116 2190 244 2268 denique
263 2210 366 2247 munus
386 2187 543 2248 sacerdotis
564 2207 718 2321 perapere,
747 2187 801 2248 nisi
820 2209 904 2247 verus
930 2188 1031 2248 luisset
1048 2189 1146 2263 Deus,
1177 2191 1246 2269 quia

115 2277 200 2326 tanto
221 2265 305 2324 oneri
324 2266 418 2343 impar
438 2276 501 2323 erat
520 2264 613 2323 carnis
646 2262 767 2323 acuitas:
788 2277 900 2324 certum
919 2275 1018 2324 tamen
1038 2276 1081 2325 est
1093 2264 1136 2325 his
1149 2268 1246 2327 omni-

116 2341 171 2402 hus
204 2342 387 2421 perfunctum
419 2359 481 2399 esse
506 2339 665 2400 secundum
695 2340 847 2399 humanam
878 2351 1020 2401 naturam.
1081 2342 1244 2416 Quomodo

116 2418 195 2477 enirn
215 2418 358 2476 iustificati
378 2439 474 2476 sumus
493 2418 516 2476 si
537 2418 699 2494 quaeritur,
720 2415 879 2497 respondet
899 2415 1022 2494 Paulus,
1056 2417 1163 2478 Christi
1180 2418 1245 2479 ohe-

116 2494 225 2553 dissita
244 2494 343 2568 (Rom.
364 2501 392 2565 5,
412 2495 483 2567 ¹19.).
523 2492 567 2550 lln
589 2511 658 2551 vero
675 2492 759 2551 aliter
771 2493 902 2553 obedivit
915 2514 999 2572 quam
1014 2508 1157 2575 assumpta
1170 2497 1246 2557 servi

117 2571 228 2651 figura?
256 2570 341 2627 Unde
362 2570 534 2703 collipimus,
557 2569 586 2626 in
609 2589 695 2628 carne
717 2570 777 2630 eius
797 2569 954 2629 exhibitam
974 2573 1061 2631 nobis
1082 2593 1143 2633 esse
1162 2573 1245 2632 iusti-

117 2650 197 2707 tiam.
255 2646 396 2705 Similiter
415 2647 476 2704 aiis
496 2646 592 2704 verbis
616 2650 705 2724 (quae
724 2647 837 2725 saepius
857 2648 946 2705 citare
966 2649 1117 2726 quomodo
1139 2648 1247 2709 Osian-

119 2726 204 2784 drum
225 2744 284 2781 non
306 2724 413 2800 pudeat
432 2722 514 2781 valde
540 2725 645 2797 miror)
677 2743 737 2782 non
764 2723 833 2781 alibi
858 2723 958 2781 statuit
981 2725 1106 2783 iustitiae
1132 2726 1246 2784 iontem

119 2822 205 2880 quarn
224 2801 256 2858 in
278 2820 364 2858 carne
385 2799 508 2858 Christi:
529 2799 622 2870 „llum
644 2801 693 2876 qui
714 2810 863 2876 peccatum
886 2819 946 2857 non
964 2812 1095 2874 noverat,
1115 2822 1169 2881 pro
1192 2824 1246 2861 no-

119 2877 163 2937 his
183 2890 333 2954 peccatum
348 2876 425 2946 serit,
447 2888 478 2933 ut
488 2897 612 2934 essemus
623 2876 729 2933 iustitia
742 2876 796 2932 Dei
808 2875 837 2932 in
852 2874 924 2934 illo“
943 2876 1077 2954 (ll.C0r.
1088 2886 1117 2951 5,
1127 2880 1197 2956 21.).
1208 2913 1248 2926 -

92 2968 96 2975 ’
119 2954 262 3012 Iustitiam
282 2953 338 3009 Dei
358 2952 462 3010 inllatis
483 2952 580 3011 buccis
599 2951 708 3010 attollit
728 2950 889 3024 Osiander,
908 2963 938 3010 et
962 2953 1139 3030 triumphum
1160 2957 1249 3029 canit,

120 3029 201 3108 quasi
221 3029 341 3087 evicerit
362 3048 422 3086 esse
443 3040 588 3106 spectrum
609 3027 678 3084 illud
699 3049 780 3086 suum
802 3028 961 3088 essentialis
985 3030 1126 3089 iustitiae:
1158 3053 1248 3109 quum

119 3107 211 3186 longe
231 3105 307 3163 aliud
330 3104 416 3161 verbu
437 3116 553 3175 sonent,
573 3105 664 3162 iustos
684 3124 745 3163 esse
767 3123 819 3162 nos
840 3104 1005 3183 expiatione
1025 3127 1078 3187 per
1098 3107 1248 3167 Christum

119 3183 207 3243 farta.
248 3182 389 3239 Iustitiam
410 3181 465 3238 Dei
485 3180 575 3252 accipi
596 3202 649 3258 pro
673 3200 704 3238 ea
746 3200 798 3238 uae
811 3180 877 3239 Deo
898 3181 1051 3260 probatur,
1071 3196 1173 3243 notum
1186 3205 1248 3244 esse

120 3258 264 3318 debuerat
293 3257 500 3330 elementariis,
529 3257 611 3316 sicuti
639 3257 713 3336 apud
725 3202 878 3316 loannem
903 3257 1056 3319 consertor
1076 3260 1169 3341 gloria
1189 3262 1248 3320 Dei

119 3335 274 3394 hominum
295 3334 405 3412 gloriae
426 3334 486 3407 (lo.
508 3339 556 3406 12,
576 3336 647 3408 43).
707 3334 777 3392 Scio
797 3333 943 3393 interdum
968 3337 1070 3397 vocari
1090 3339 1147 3396 Dei
1167 3338 1249 3397 iusti·

117 3412 202 3481 tiam,
222 3411 302 3468 cuius
323 3422 365 3468 est
385 3410 445 3488 ipsc
465 3421 583 3482 auctor,
604 3421 634 3468 et
655 3431 710 3488 qua
731 3431 784 3467 nos
806 3410 912 3469 donat:
933 3410 983 3472 sed
1010 3411 1155 3475 hocloco
1177 3414 1250 3472 nihil

119 3486 199 3548 aliud
220 3484 353 3566 intelligi,
373 3508 457 3564 quam
480 3506 533 3544 nos
554 3485 656 3546 mortis
678 3485 786 3546 Christi
806 3487 921 3566 piaculo
940 3489 1077 3550 suffultos
1097 3491 1173 3572 apud
1194 3491 1252 3549 Dei

117 3562 250 3624 tribunal
270 3575 358 3633 stare,
377 3563 439 3620 sani
458 3561 583 3621 lectores
602 3582 649 3620 me
668 3573 785 3622 tacente
805 3577 978 3643 agnoscunt.
1018 3566 1121 3645 Neque
1134 3568 1165 3625 in
1179 3586 1252 3626 soce

118 3653 236 3700 tantum
258 3651 300 3696 est
320 3638 476 3706 momenti,
497 3639 585 3698 modo
606 3637 757 3698 nobiscum
779 3640 814 3699 de
836 3640 892 3700 hoc
913 3645 1078 3700 consentiat
1097 3643 1251 3716 Osionder,

119 3737 179 3776 nos
199 3716 228 3773 in
251 3715 370 3774 Christo
397 3714 543 3773 iustificari
568 3726 709 3793 quatenus
731 3737 784 3795 pro
806 3718 891 3776 nohis
918 3718 1010 3778 lactus
1041 3731 1084 3778 est
1113 3719 1251 3800 expiatrix

119 3792 254 3854 victima:
276 3791 355 3868 quod
377 3814 391 3849 u
414 3789 507 3850 divina
528 3792 588 3850 eius
609 3804 709 3849 natura
730 3791 880 3853 abhorret.
920 3795 987 3868 Qua
1013 3796 1099 3854 etiam
1123 3796 1252 3871 ratione,

121 3868 176 3928 ubi
197 3869 334 3926 iustitiam
355 3880 384 3925 et
403 3865 535 3939 salutem,
557 3889 640 3947 quam
661 3868 747 3928 nohis
768 3869 881 3946 attulit,
901 3869 1055 4003 obsiplnare
1079 3872 1141 3932 vult
1167 3872 1254 3932 Chri·

120 3957 196 4015 stus,
216 3956 326 4003 certum
348 3945 406 4002 eius
417 3945 531 4078 pignus
551 3944 580 4002 in
602 3964 689 4004 carne
708 3967 758 4005 sua
778 3947 928 4025 proponit.
997 3960 1063 4008 ocat
1085 3949 1202 4028 quidem
1222 3969 1254 4007 se

114 4022 352 4100 praeinvioum:
384 4043 412 4079 se
458 4021 577 4079 modum
598 4021 756 4099 explicans,
780 4023 926 4104 adiungit,
955 4045 1073 4084 carnem
1092 4047 1171 4085 suam
1192 4044 1254 4085 esse

92 4164 96 4169 ,
120 4118 194 4159 vere
215 4097 321 4170 cibum,
342 4108 370 4155 et
389 4096 559 4173 sanguinem
579 4119 646 4157 vere
666 4109 768 4176 potum
788 4100 847 4180 (Ιο.
858 4106 886 4173 6,
896 4101 968 4178 35.).
1009 4101 1095 4174 Quae
1112 4103 1185 4161 ratio
1199 4101 1255 4160 do-

122 4174 212 4236 cendi
233 4174 261 4230 in
282 4177 467 4234 sacramentis
488 4174 674 4253 perspicitur:
705 4195 779 4253 quae
804 4179 858 4235 etsi
882 4178 969 4236 fidem
993 4189 1123 4255 nostram
1150 4177 1187 4237 ad
1202 4188 1255 4257 ¹to-

120 4266 187 4312 tum
201 4249 359 4321 Christum,
379 4271 439 4308 non
460 4251 608 4309 dimidium
628 4251 683 4310 diri
707 4263 774 4327 unt,
792 4252 876 4312 simul
895 4265 992 4313 tamen
1011 4253 1140 4315 iustitiae
1160 4265 1191 4313 et
1208 4274 1257 4315 sa-

121 4329 195 4392 lutis
214 4327 362 4388 materiam
383 4327 412 4389 iu
433 4328 495 4390 eius
515 4348 603 4389 carue
627 4270 757 4390 rediere
781 4328 905 4392 docent:
924 4351 986 4394 nou
1006 4331 1089 4416 quod
1106 4351 1123 4395 a
1142 4330 1263 4417 teipso·
1333 4364 1337 4375 =
