2596 4726
384 164 461 285 cro.
480 218 535 280 rr.
574 217 665 284 car.
685 216 754 289 nr.
803 169 809 183 ⁴
1089 222 1151 289 sca

43 388 94 428 ern.
133 367 244 426 Verum
264 363 343 426 belle
361 385 394 427 se
413 365 528 446 elapsos
548 383 611 425 esse
635 371 751 444 putant,
770 381 860 454 quum
879 360 954 424 bane
972 363 1152 427 sententiam

43 456 197 519 etorqnent
221 443 258 505 ad
279 445 472 518 Montanum,
495 440 653 511 l'atianbs,
673 442 853 515 Encratrtaa,
877 439 1010 519 aliosque
1035 452 1151 504 veteres

43 523 188 581 aereticos.
229 517 274 578 llli
294 520 460 598 (inquiunt)
485 519 541 578 soli
565 517 783 577 matrimonium
804 516 989 576 damnarunt:
1014 537 1069 577 nos
1094 517 1152 579 mi·

43 600 96 657 ime
116 599 300 670 damnamus,
324 597 374 657 sed
401 595 627 654 ecclesiasticum
652 593 785 654 ordinem
811 604 924 652 tanturn
950 592 987 652 ah
1007 612 1044 652 eo
1066 613 1151 656 arce·

43 697 90 747 rus,
112 675 157 732 cni
179 684 316 751 putamus·
331 693 392 731 non
413 672 481 737 satis
501 671 669 730 convenire.
709 668 800 743 Quasi
819 689 890 728 vero
912 670 1023 730 etiarnsi
1042 668 1151 735 inillis

42 750 215 842 iperioribns
228 748 407 827 completum
418 746 456 807 sit
475 748 572 826 primo
593 747 660 807 luco
681 744 738 805 hoc
749 744 925 818 vaticinium,
945 766 1006 805 non
1025 743 1057 802 iu
1077 746 1150 809 istos

43 849 103 886 ‚iam
124 836 286 914 competate
311 824 461 903 autquasi
484 823 585 884 auditu
606 823 693 904 digna
716 822 754 883 sit
779 821 896 901 puerilis
920 822 973 882 ista
992 824 1151 959 arkputiula,

43 903 98 962 nod
119 899 276 981 prolnhcre
295 922 326 961 se
346 911 466 982 negant,
486 900 552 978 quio
573 919 635 959 non
655 897 791 958 omuibus
810 897 980 976 probibent.
1045 900 1151 962 erinde
1185 928 1191 941 ·

43 981 96 1038 rim
117 990 161 1036 est
180 978 236 1036 acsi
257 989 414 1055 tyrannus,
438 977 565 1054 iniquam
587 996 647 1035 noo
667 994 730 1035 esse
749 973 845 1056 legem
866 974 1042 1053 contendat,
1066 977 1150 1039 cuius
1222 1044 1224 1048 ,

43 1056 171 1135 riquitate
212 1074 256 1112 ars
276 1054 412 1112 duntaxat
431 1053 557 1113 civitatis
576 1063 735 1142 prematur.

49 1170 63 1197 r
93 1074 335 1195 2t.1tdbiiciunt
356 1129 449 1207 aliqua
469 1139 539 1188 nota
558 1128 679 1188 ‹lrllerre
699 1148 717 1188 ο
740 1139 840 1189 uetere
859 1147 874 1188 a
895 1124 983 1207 plebe
1001 1126 1150 1192 Sacerdo-

43 1230 86 1266 em.
126 1205 218 1279 Quasi
237 1227 297 1264 oon
318 1206 481 1286 providerit
501 1204 557 1266 hoc
577 1223 696 1284 qnoque
735 1205 859 1280 ominus,
875 1203 1151 1284 quibusornamen·

43 1308 55 1345 s
82 1282 223 1342 excellere
248 1282 358 1341 debent
379 1281 563 1342 Sacerdotes.
608 1280 655 1340 Ita
674 1280 849 1361 Apostolum
878 1281 1040 1360 perturbati
1069 1284 1151 1344 ordi-

43 1363 63 1422 is
89 1358 262 1437 confusique
288 1359 402 1419 decoris
426 1357 612 1419 ecclesiastici
637 1356 819 1429 insimulant,
846 1358 897 1436 qui
917 1378 1007 1436 quum
1030 1358 1150 1421 absolu·

43 1460 77 1499 nn
98 1436 170 1495 boui
191 1435 320 1514 episcopi
339 1434 433 1493 ideam
455 1435 629 1509 delinearet,
660 1433 738 1493 inter
762 1433 887 1512 reliquae
907 1434 1001 1509 dotes,
1041 1458 1090 1498 naa
1116 1437 1150 1499 iu

43 1535 56 1575 s
77 1511 259 1590 requirebat,
278 1533 364 1570 ausus
383 1512 420 1570 sit
441 1510 609 1591 coniugium
630 1530 751 1589 ponere.
790 1510 861 1570 Scio
881 1508 1006 1589 qualiter
1020 1457 1083 1573 boc
1101 1512 1150 1573 in·

43 1600 234 1670 erpretentur,
263 1606 370 1666 nempe
399 1587 566 1668 eligendum
592 1607 653 1647 non
679 1606 740 1651 esse
760 1587 810 1666 qui
833 1586 988 1647 secundam
1002 1587 1150 1650 hahuerit

43 1687 148 1726 rorent.
186 1665 284 1744 Atque
311 1663 384 1722 hanc
408 1661 681 1742 interpretationem
707 1682 768 1722 oon
790 1677 852 1723 csse
872 1683 977 1723 novam
997 1666 1148 1727 concedo:

43 1744 69 1803 sd
92 1741 190 1800 salsam
212 1760 273 1799 esse
293 1760 326 1798 ex
346 1742 410 1818 ipso
431 1750 569 1799 contextu
591 1738 682 1817 palam
703 1750 757 1812 est,
773 1740 840 1817 quia
860 1739 957 1799 statim
978 1740 1151 1819 praescribit

43 1819 117 1880 uales
138 1818 343 1907 episcoporum
364 1829 395 1877 et
413 1817 606 1876 diaconorum
630 1835 734 1875 uxores
759 1835 821 1875 esse
845 1813 991 1894 oporteat.
1041 1816 1150 1879 Paulus

43 1908 97 1956 ster
117 1913 245 1972 episcopi
267 1894 387 1952 virtutes
407 1902 542 1952 numerat
561 1892 745 1968 coniugium:
775 1891 821 1952 isti
840 1891 1026 1952 intolerabile
1046 1893 1149 1954 vitium

43 1996 47 2031 ι
70 1972 174 2030 ordine
194 1968 390 2029 ecclesiastico
410 1988 472 2029 esse
493 1968 610 2027 docent.
649 1969 702 2039 Et,
721 1967 745 2026 si
764 1967 832 2028 Deo
852 1968 964 2047 placet,
984 1968 1037 2029 hac
1057 1989 1150 2052 geue-

42 2048 72 2108 rli
92 2045 305 2126 vituperatione
325 2067 385 2105 non
407 2043 555 2115 contenti,
587 2043 799 2104 immunditiem
820 2055 850 2102 et
869 2044 1062 2123 pollutionem
1083 2067 1150 2106 car·

43 2128 63 2186 is
82 2125 112 2183 in
132 2122 190 2181 suis
211 2121 382 2181 Cauouibns
401 2134 509 2181 vocant
532 2118 634 2198 [Sirio.
653 2121 689 2180 ad
716 2122 803 2199 episc.
824 2120 1011 2202 Hispaniae}
1056 2122 1150 2205 Cogi·
1211 2142 1217 2153 ‘

43 2213 63 2261 et
82 2201 204 2280 quisque
223 2198 299 2278 apud
319 2217 361 2271 se,
381 2219 413 2256 er
434 2218 490 2275 qua
510 2197 627 2259 officina
649 2197 720 2256 haec
740 2197 913 2276 prodierint.
953 2197 1088 2260 Christus
1109 2219 1147 2260 eo

43 2296 134 2338 onore
159 2276 295 2368 dignatur
325 2274 493 2355 coniugium
525 2284 558 2333 nt
581 2273 736 2409 imafinem
768 2292 829 2333 esse
858 2272 929 2332 velit
950 2292 1047 2337 sacrae
1077 2292 1150 2336 suae

43 2376 85 2413 um
105 2351 223 2413 ccclesia
243 2348 468 2411 coniunctionis.
508 2350 590 2425 Quid
600 2370 633 2430 sp
648 2349 779 2409 eudidius
799 2348 855 2409 dici
876 2362 992 2428 poterat
1010 2351 1046 2411 ad
1067 2372 1149 2413 cour·

43 2428 209 2490 tendendam
237 2427 365 2507 coniugii
391 2426 581 2506 dignitatem?
631 2427 698 2501 Qua
729 2425 819 2506 igitur
844 2425 944 2485 fronte
967 2428 1149 2490 immundum

43 2508 63 2566 sl
84 2504 227 2623 pollutum
247 2505 410 2579 vocabitur,
430 2507 460 2564 in
482 2524 541 2583 quo
560 2502 720 2565 similitudo
740 2502 895 2583 spiritualis
907 2501 1018 2565 Christi
1037 2505 1149 2586 gratias

43 2595 131 2644 ucet.

94 2667 143 2723 ⁶25.
183 2658 244 2717 Iam
264 2678 334 2718 vero
360 2680 425 2719 cum
457 2659 496 2718 ita
521 2656 600 2719 clare
630 2679 696 2718 cnm
716 2656 808 2717 verbo
828 2655 886 2715 Dei
911 2668 1025 2739 pugnet
1043 2677 1148 2721 eorum

43 2734 191 2806 rohibitio,
210 2735 362 2795 inveniunt
382 2747 478 2795 tamen
499 2738 527 2794 in
548 2734 708 2812 Scriptnris
727 2753 786 2811 quo
807 2752 870 2791 earu
891 2731 1058 2794 defendant.
1091 2735 1149 2795 Sa·

43 2813 152 2872 erdotes
163 2811 319 2885 beriticus,
339 2812 454 2890 quoties
473 2812 508 2871 ad
527 2829 578 2871 eos
597 2810 779 2869 ministrandi
794 2809 869 2868 vices
889 2808 1035 2883 redibant,
1054 2831 1148 2892 opor·

42 2891 75 2949 rit
93 2887 129 2948 ab
151 2886 287 2946 uxoribus
299 2888 448 2960 secubare,
468 2907 527 2966 quo
549 2886 615 2965 puri
635 2898 665 2945 et
683 2884 858 2945 immaculati
876 2905 957 2945 sacra
978 2897 1149 2948 tractarent.

43 2967 126 3026 'ostra
145 2983 217 3045 ergo
237 2985 330 3036 sacra,
356 2986 445 3042 quum
466 2976 497 3023 et
516 2961 608 3022 multo
629 2961 774 3022 nobiliora
793 2961 853 3021 sint
872 2971 902 3021 et
921 2963 1105 3041 quotidiana,
1129 2984 1148 3027 a

43 3041 183 3122 aningatis
203 3041 320 3098 tractari
339 3040 421 3099 valde
443 3039 531 3099 luerit
550 3039 730 3099 indecorum.
781 3035 874 3110 Quasi
893 3057 967 3097 rero
988 3040 1089 3100 eadem
1108 3040 1148 3102 sit

45 3115 185 3198 vangelici
216 3115 369 3175 ministerii
395 3135 536 3195 persona,
564 3135 640 3195 qnae
668 3115 723 3174 luit
740 3134 772 3175 sa
790 3114 898 3173 erdotii
922 3114 1054 3176 Levitici.
1098 3115 1149 3177 llli

43 3195 96 3253 nim
117 3205 255 3271 tanquam
275 3192 432 3261 ἀντίτυποι,
463 3190 614 3254 Christum
639 3192 774 3270 repraesl
795 3190 913 3263 tabant,
933 3191 983 3270 qui
1002 3191 1149 3254 mediator

43 3271 76 3339 *ei
96 3280 126 3328 et
144 3267 307 3340 hominnm,
327 3265 537 3328 absolutissima
556 3289 607 3328 sua
627 3270 752 3347 puritate
772 3267 1012 3328 reconciliaturus
1028 3267 1147 3331 Patrem

43 3345 104 3407 ubis
124 3356 196 3405 erat.
236 3344 337 3419 Quum
348 3363 419 3402 vero
439 3345 520 3404 omni
540 3356 675 3424 exparte
695 3343 831 3404 exhibere
850 3355 1020 3423 peccatores
1041 3356 1074 3424 ty
1096 3368 1147 3409 noa

43 3421 176 3482 ructitatis
189 3421 249 3481 eius
270 3439 331 3480 noo
344 3433 473 3500 possent,
493 3420 667 3500 quibusdam
685 3431 782 3480 tamen
802 3417 985 3481 lineamentis
999 3431 1059 3481 uta
1082 3444 1148 3483 um-

43 3508 153 3569 rarent,
183 3498 253 3558 inssi
281 3502 363 3557 sunt·
378 3496 451 3556 ultra
474 3497 631 3557 humanum
655 3517 767 3558 morem
786 3515 817 3557 se
837 3495 1001 3576 purificare,
1021 3496 1089 3557 dum
1108 3498 1145 3560 ad

43 3574 208 3634 ructuarium
229 3574 416 3632 accederent:
449 3575 517 3653 qnia
542 3586 602 3634 turn
626 3571 738 3634 scilicet
784 3573 882 3651 roprie
902 3571 1051 3633 Christum
1070 3573 1147 3655 fign-

43 3651 132 3723 thaot,
152 3650 231 3729 quod
250 3649 340 3709 ueluti
359 3649 555 3728 pacificatores
580 3649 616 3708 ad
642 3595 890 3710 reconciliandum
911 3648 978 3709 Deo
1002 3651 1147 3730 populum

43 3726 196 3808 ›parebaot
214 3725 250 3786 ad
270 3725 499 3801 tabernaculum,
519 3725 654 3787 coelestis
672 3724 827 3785 tribunalis
836 3723 1030 3785 simulacrum.
1060 3725 1147 3788 Hane

43 3823 187 3876 resonam,
216 3802 283 3882 qnia
309 3800 397 3861 hodie
416 3823 477 3863 noo
496 3802 643 3864 sustinent
660 3799 845 3863 ecclesiastici
863 3801 1015 3875 Pastores,
1038 3801 1146 3863 lnuna

42 3900 82 3939 cru
101 3879 157 3940 illis
178 3889 392 3959 comparantur.
432 3880 532 3953 Quare
551 3876 713 3959 Apostolus
733 3877 805 3937 citra
824 3874 1023 3957 exceptionem
1042 3897 1147 3940 seems

43 3955 197 4031 sonantia,
216 3953 389 4015 honorabile
402 3974 464 4015 esse
482 3955 561 4016 inter
580 3973 682 4015 omues
701 3953 881 4035 coniugium,
900 3965 1081 4016 scortatores
1092 3973 1147 4015 an.

43 4053 75 4091 m
96 4043 126 4092 et
145 4031 293 4092 adulteros
313 4051 432 4092 manere
451 4031 509 4090 Dei
529 4028 917 4109 iudicium(llebr.13‚«l.)=
938 4041 969 4090 et
984 4028 1041 4110 ipsi
1060 4029 1088 4091 Λ
1110 4050 1147 4091 o-

43 4107 82 4170 oli
101 4129 155 4170 suo
176 4107 309 4186 exemplo
329 4107 573 4188 comprobarunt,
591 4106 697 4169 nulliut
715 4106 874 4187 quamlibet
893 4104 1061 4167 excellentis
1091 4126 1148 4166 un·

43 4185 119 4247 ionis
139 4185 293 4245 sanctitate
312 4183 465 4266 indignum
484 4184 745 4266 esseeoningium.
784 4184 859 4243 Nam
879 4201 931 4243 eos
950 4203 1012 4244 nou
1031 4193 1146 4243 tantum

43 4282 118 4324 :ures
137 4259 301 4336 retinuisse,
320 4260 372 4322 sed
391 4280 490 4323 secum
510 4259 597 4323 etlam
616 4259 855 4339 circumduxisse,
873 4258 956 4323 testis
975 4269 1021 4323 est
1038 4258 1146 4322 Paulus

43 4382 50 4399 .
72 4339 145 4400 Cor·
165 4343 196 4413 9,
214 4338 267 4413 5.).
