2700 4732
167 206 227 270 stt
536 200 614 265 Lm.
631 200 658 261 1.
696 198 789 263 CAP.
807 198 921 261 xvnt

169 347 292 422 scimus,
318 345 456 406 Sannum
476 364 508 407 te
531 365 631 408 coram
651 344 720 405 Deo
739 344 842 405 sistere
862 343 898 404 sd
922 341 1091 423 erclplendu
1118 342 1213 419 lusca,
1241 362 1245 401 t

170 424 364 503 minusquam
384 421 516 503 angelos,
535 421 617 502 quis
640 431 711 481 onte
732 419 889 481 obediunt:
910 419 1024 480 diverso
1036 418 1154 499 quidem
1171 417 1243 479 idm

171 512 203 560 et
221 499 297 576 fine,
317 498 368 559 sed
387 511 487 559 tamen
508 518 546 557 ne
566 443 638 577 quid
655 497 775 578 aggredi
795 497 898 589 possit,
917 497 972 557 nisi
990 496 1110 555 volente
1121 494 1200 555 Deo.
1239 494 1245 553 l

171 587 270 637 autem
295 575 372 634 nuda
395 574 548 655 permissio
574 574 682 633 deinde
706 573 812 633 subiici
834 573 964 645 videtur,
992 584 1026 633 ut
1053 583 1187 633 sanetum
1211 569 1245 630 vir

170 651 300 735 affligat:
341 651 388 712 uic
406 664 503 713 tamen
515 670 582 710 vera
602 661 646 711 est
664 648 713 709 illa
732 650 888 723 sententia,
907 649 1075 725 „Dominus
1087 647 1179 723 dedit,
1197 646 1245 709 Do

171 750 228 789 nus
246 673 382 788 abstrilit:
414 728 490 788 sicut
508 725 574 786 Deo
594 726 719 807 placuit,
743 726 785 786 ita
810 725 919 786 sactum
940 729 1024 785 est:“
1044 723 1223 806 colligimus,
1242 750 1245 777 ι

133 822 136 827 ·
195 804 366 878 cubationis,
386 803 467 865 cuius
478 800 567 862 Satan
580 814 611 862 et
628 802 745 862 scelesti
763 802 891 863 latrones
910 801 1036 862 ministri
1056 800 1245 875 suerunt,'l)t

171 825 260 941 luisse
280 893 441 940 auctorem.
479 879 601 939 lllolitur
621 879 710 938 Satan
735 890 867 938 sanctum
891 879 985 938 virum
1012 878 1245 956 desperationes

196 977 245 1018 ere
264 957 294 1016 in
316 958 462 1015 surorems
490 954 596 1014 Sabaei
617 953 774 1015 crudeliter
793 967 824 1013 et
841 955 931 1035 impie
954 955 987 1014 in
1007 954 1101 1013 aliena
1120 954 1201 1014 bona
1220 974 1245 1032 pr

173 978 272 1095 innuo
292 1031 435 1093 involant
483 1031 628 1112 Agnoscit
646 1029 703 1089 Iob
728 1030 865 1090 divinitus
890 1051 922 1090 se
942 1042 1057 1090 exutum
1084 1050 1146 1089 esse
1167 1028 1245 1089 omni

172 1108 322 1182 fortunis,
353 1120 384 1167 et
413 1124 444 1168 te
486 1125 624 1186 cuperem
649 1106 776 1181 lactum,
796 1108 863 1184 quia
882 1107 924 1167 sic
943 1106 1085 1186 placuerit
1102 1106 1183 1166 Deo.
1221 1104 1245 1163 E

174 1185 316 1266 quicquid
336 1185 448 1265 agitent
464 1127 617 1258 lumines,
635 1181 680 1241 vel
701 1183 791 1243 Satan
811 1184 888 1261 ipse,
908 1182 989 1243 lleus
1008 1194 1107 1243 tamen
1128 1181 1240 1243 clarum

173 1273 241 1334 net,
260 1272 295 1321 ut
313 1260 349 1319 ad
371 1259 553 1339 exsequenda
572 1280 621 1318 sua
641 1256 746 1318 iudicia
766 1270 921 1319 convertat
939 1278 1041 1319 eorum
1063 1270 1194 1337 conatus.
1231 1256 1245 1311 l

173 1338 256 1397 Deus
275 1336 419 1417 perfidum
440 1356 541 1416 regem
560 1334 661 1395 Achab
683 1335 791 1414 decipi:
817 1355 938 1413 operam
958 1357 1038 1395 suam
1058 1335 1153 1394 offert
1172 1329 1245 1393 dialtt

173 1414 212 1474 ad
233 1433 296 1473 eam
316 1432 393 1472 rem:
420 1413 545 1471 mittitur
563 1432 630 1471 cum
650 1424 732 1471 certo
752 1414 905 1485 mandato,
930 1423 963 1470 ut
985 1415 1023 1472 sit
1046 1411 1164 1490 spiritus
1183 1428 1245 1469 rnen

174 1488 208 1550 in
234 1510 287 1550 ore
312 1488 443 1549 omnium
462 1489 657 1567 Propetarum
683 1486 737 1621 5¹11.
758 1487 831 1569 lleg.
850 1493 904 1563 22,
923 1490 994 1563 20.).
1033 1488 1066 1547 Si
1086 1488 1143 1546 Dei
1168 1486 1245 1547 iudit‘

175 1576 221 1626 est
245 1566 412 1627 excoecatio
440 1576 470 1624 et
493 1566 620 1624 amentia
644 1564 687 1623 Ac
710 1564 763 1637 st,
792 1565 885 1623 nudae
910 1565 1109 1643 permissionis
1134 1564 1245 1647 ligment

174 1642 335 1702 evanescit:
356 1638 423 1721 quia
441 1640 597 1700 ridiculum
622 1650 711 1714 esset,
741 1640 866 1700 iudicem
890 1651 1003 1699 tantum
1030 1642 1218 1720 permittere,
1239 1658 1245 1695 ι

173 1719 261 1779 ctiam
274 1718 445 1791 decernere,
464 1718 534 1797 quid
553 1716 616 1775 lieri
627 1714 707 1789 velit,
727 1729 756 1776 et
774 1716 912 1777 mandare
925 1718 1138 1776 exsecutionem
1159 1714 1245 1777 minis

174 1794 291 1854 ludaeis
312 1794 494 1874 propositum
515 1805 559 1853 est
570 1791 720 1852 Christum
741 1795 934 1876 exstinguere,
953 1793 1064 1853 Pilatus
1083 1806 1114 1852 et
1132 1793 1238 1855 militet

175 1871 276 1931 ltiosae
296 1890 400 1930 eorum
427 1869 541 1930 libidini
564 1888 678 1928 morem
704 1882 825 1951 gerunt:
855 1869 987 1928 fatentur
1010 1869 1158 1930 tamenin
1179 1867 1245 1929 sollt

174 1948 346 2028 precatione
361 1947 493 2025 discipuli
514 1944 585 2006 nihil
605 1946 705 2004 secisse
725 1966 827 2007 omnes
847 1947 963 2036 impios,
983 1945 1036 2005 nisi
1056 1945 1136 2025 qnod
1156 1964 1245 2006 mann

177 2022 330 2103 eonsilium
350 2022 408 2081 Dei
429 2027 620 2083 decreverant
638 2022 720 2101 (act.
732 2030 761 2094 4,
773 2025 845 2100 28).
865 2023 960 2082 Srcutt
981 2022 1037 2081 ianr
1058 2035 1126 2080 ante
1145 2022 1245 2082 concio

175 2112 224 2159 tus
249 2100 345 2160 iuerat
363 2100 483 2172 Petrus,
514 2098 636 2158 definito
666 2100 792 2161 consilio
825 2113 855 2160 et
902 2098 1070 2158 racscientia
1089 2098 1147 2157 Dei
1166 2097 1245 2157 tradi

176 2175 265 2236 fuisse
285 2188 319 2234 ut
336 2176 551 2237 interficeretur
564 2174 650 2251 (ibid.
659 2181 689 2247 ⁶2,
700 2177 776 2251 2‘i·)2
797 2178 854 2237 acsi
874 2122 995 2249 diceret,
1014 2176 1111 2234 Deum
1123 2178 1245 2255 (quemn

177 2251 215 2313 ab
235 2252 321 2312 initio
342 2251 439 2328 latuit)
458 2253 598 2311 scientem
619 2262 649 2309 et
668 2250 815 2311 volentem
835 2252 984 2324 statuisse,
1004 2252 1083 2330 quod
1103 2251 1207 2311 ludaei
1227 2270 1245 2311 e

177 2327 241 2388 euti
257 2339 341 2388 sunt:
362 2329 446 2388 sicuti
466 2327 536 2387 alibi
554 2326 662 2405 repetit
680 2326 764 2404 (ibid.
776 2332 875 2406 3,18.)
899 2328 1004 2403 „Deus
1021 2328 1071 2408 qui
1090 2327 1245 2404 praenunti

178 2424 234 2485 per
253 2424 354 2464 omnes
373 2425 442 2465 snos
461 2403 624 2495 Prophetas
644 2424 794 2483 passurum
814 2427 876 2466 esse
897 2405 1062 2477 Christum,
1082 2410 1125 2465 ita
1144 2402 1245 2485 imples

177 2480 318 2541 Absalom
344 2481 458 2541 incesto
483 2492 564 2541 cortu
590 2480 680 2558 patris
708 2492 807 2540 torum
838 2482 989 2563 polluens,
1019 2480 1191 2541 detestabile
1213 2502 1245 2541 sc

177 2569 345 2638 perpetrat:
366 2556 446 2616 Deus
464 2568 560 2616 tamen
582 2555 725 2636 hocopus
741 2578 900 2619 suumesse
920 2558 1106 2637 pronuntiat:
1127 2557 1245 2617 verbae

177 2645 261 2693 sunt:
282 2633 351 2704 „Tu
371 2634 473 2692 seciste
493 2630 622 2694 occulte:
643 2651 699 2715 ego
720 2653 790 2693 vero
812 2634 904 2714 palam
925 2635 1043 2704 faciam,
1069 2646 1099 2691 et
1123 2655 1245 2696 coram,

177 2709 314 2787 lroc“*).
354 2708 504 2787 Quicquid
521 2709 656 2769 saevitiae
676 2711 958 2770 exercentChaldaei
977 2711 1007 2768 in
1026 2709 1145 2787 Iudaea,
1165 2731 1241 2791 opus

180 2807 242 2847 cssc
262 2786 433 2866 pronuntiat
452 2785 597 2845 Ieremias.
637 2785 705 2859 Qua
724 2786 838 2846 ratione
858 2786 1090 2847 Nabucadnezar
1108 2798 1233 2848 vocatur

178 2882 288 2928 servus.
329 2861 444 2922 Clamat
464 2862 566 2941 passim
585 2862 677 2935 Deus,
695 2884 748 2923 suo
769 2863 866 2937 sibilo,
886 2864 974 2924 tubae
993 2883 1060 2922 suae
1081 2862 1233 2945 clangore,

204 2941 265 3001 erio
287 2951 317 3000 et
334 2940 412 2999 iussu
432 2938 548 2997 excitari
573 2938 677 3018 impios
703 2940 740 2999 ad
768 2939 892 2999 bellum:
917 2939 1066 3017 Assyrium
1092 2953 1179 3000 vocat
1196 2942 1245 3021 τίη

179 2961 290 3077 luroris
320 3014 382 3088 sui,
414 3026 445 3073 et
474 3013 598 3074 securim
627 3036 710 3097 quam
739 3037 827 3075 mann
856 3037 907 3075 sua
929 3026 1038 3075 movet.
1079 3015 1199 3077 Cladem
1225 3039 1245 3079 u

180 3104 298 3155 sanctae
318 3103 348 3151 et
371 3088 473 3171 templi
496 3090 610 3151 ruinam
634 3103 724 3151 vocat
747 3113 820 3171 opus
844 3113 937 3152 suum.
981 3091 1076 3151 David
1103 3113 1164 3151 non
1191 3092 1245 3157 obt

180 3189 254 3251 pens
271 3169 355 3244 Deo,
386 3168 437 3227 sed
463 3168 569 3228 iustum
594 3168 720 3227 iudicem
744 3188 921 3249 agnoscens,
952 3188 986 3227 ex
1011 3168 1086 3228 illius
1109 3181 1207 3229 nmen
1228 3170 1245 3231 ir

180 3245 337 3326 provenire
356 3243 508 3303 meledicta
530 3242 621 3303 Simei
646 3244 762 3303 latetur.
801 3245 983 3319 „Dominum
1008 3246 1121 3324 inquit,
1139 3246 1222 3307 iussit
1240 3271 1245 3305 t

180 3321 386 3382 maledicere.“
425 3320 547 3399 Saepius
565 3322 596 3379 in
620 3341 700 3381 sacra
720 3320 839 3381 historia
860 3322 1004 3394 occurrit,
1029 3322 1167 3403 quiequid
1187 3324 1245 3384 acci

205 3397 328 3457 rolrcisei
347 3418 363 3456 a
383 3396 526 3471 Domino,
545 3396 629 3456 sicuti
649 3396 898 3457 decemtribuum
919 3398 1136 3471 delectionem,
1157 3401 1244 3460 interi

180 3420 309 3537 iliorum
328 3474 392 3546 Eli,
411 3489 442 3535 et
462 3472 589 3533 eiusdem
609 3472 725 3554 generis
745 3467 897 3553 permulta.
937 3474 999 3548 Qui
1018 3475 1208 3536 mediocriter
1226 3498 1245 3539 e

182 3551 264 3613 citati
283 3554 400 3611 suntin
421 3550 595 3629 seripturis,
622 3550 723 3609 rident
748 3571 794 3609 nse
818 3569 852 3608 ex
871 3550 968 3610 multis
993 3571 1085 3630 pauca
1105 3563 1246 3634 tantump

182 3630 261 3690 ferre
280 3629 462 3700 testimonia,
482 3638 515 3686 ut
534 3624 670 3685 brevitati
690 3625 855 3699 corisulmn,
880 3646 914 3685 cx
933 3627 1037 3705 quibus
1056 3639 1153 3688 tamen
1173 3631 1242 3691 satis

182 3726 294 3789 perque
304 3703 407 3786 liquet,
424 3704 528 3785 nugari
542 3725 592 3765 eos
613 3713 644 3760 et
662 3704 797 3783 ineptire,
809 3705 859 3782 qui
878 3703 907 3761 in
928 3704 1024 3764 locum
1039 3703 1240 3784 providentiae

181 3783 289 3845 nudum
308 3782 528 3865 permissionem
547 3781 741 3853 substituunt,
756 3781 814 3840 acsi
833 3781 865 3839 in
884 3780 1001 3859 specula
1012 3781 1115 3844 sedens
1130 3795 1245 3863 exspect

182 3860 325 4000 foptuitns
344 3869 482 3934 eventus,
510 3868 599 3938 atquo
622 3859 663 3918 ita
688 3860 750 3919 eius
779 3856 883 3919 iudicia
908 3856 1073 3937 penderent
1094 3857 1132 3919 ab
1157 3858 1245 3921 homil

183 3958 215 3999 ar
236 3936 314 3999 itrio.

119 4280 155 4335 J,
179 4332 182 4339 Ι
210 4284 219 4301 ·
238 4257 326 4383 211.
343 4256 413 4311 Sem.
430 4256 527 4318 1212
547 4256 589 4317 16.
604 4252 696 4309 ‘HEt
714 4253 834 4322 deinceps
852 4252 900 4337 lep.
918 4253 1024 4318 EM&
1057 4255 1105 4317 les.
1122 4259 1245 4321 ΜΗ

104 4276 225 4448 Μ
314 4326 346 4379 ll.
363 4326 433 4379 Sam.
450 4325 491 4386 16,
509 4325 552 4381 10.
585 4323 606 4374 l.
623 4322 685 4387 Reg-
702 4326 744 4384 11,
758 4324 800 4376 31.
835 4320 1041 4387 mammae
