2700 4732
493 168 646 277 brnrn
686 216 776 277 ons.
794 213 914 287 xxti„
966 166 972 173 ’
1193 218 1253 283 aas

114 373 229 436 „opera
247 360 364 451 notua,
387 358 439 420 sed
459 358 619 420 secuudum
641 359 825 440 propositum
844 380 944 434 suum,
964 369 995 419 et
1035 359 1154 431 ratiam,
1174 375 1253 439 quae

113 431 205 510 „data
225 445 270 494 est
288 435 374 496 nobis
386 457 402 495 a
416 435 535 497 Christo
555 447 624 495 ante
642 448 777 516 tempora
786 433 976 496 saecularia.“
1013 376 1053 495 bt
1071 435 1127 496 iam
1148 447 1254 497 osten-

114 509 209 570 dimus
228 510 260 569 iu
280 512 411 592 eoquod
428 513 570 592 sequitur,
589 525 644 584 „ut
656 532 781 574 essemus
802 524 832 570 et
852 510 1062 589 immaculati,“
1081 510 1255 591 scrupulum
1323 567 1331 581 ,

114 604 236 647 omnem
248 587 345 647 adimi.
384 589 440 649 Dic
459 591 547 663 enim,
568 589 718 663 Quoniam
740 589 854 649 futuros
874 589 1017 669 praevidit
1034 601 1162 664 sanctos,
1182 588 1252 649 ideo

112 661 220 744 elegit:
240 676 272 723 et
290 665 424 724 ordinem
443 665 528 725 Pauli
552 665 689 726 invertes.
728 664 779 725 Sic
799 683 872 744 ergo
897 665 1038 747 colligere
1063 677 1129 726 tuto
1155 676 1253 745 potes,

115 737 149 823 Si
169 738 259 822 elegit
276 760 331 800 nos
351 753 384 801 ut
403 743 494 825 sapcti
511 760 648 815 essemus,
668 763 728 801 non
751 740 841 824 elegit
873 742 918 800 uia
939 742 1054 804 futuros
1072 742 1145 802 tales
1164 759 1252 820 prae-

69 858 74 863 -
113 813 243 877 videbas
279 815 420 897 Pugnant
438 819 515 878 enim
535 817 615 877 inter
633 837 664 878 se
685 818 756 878 baec
768 817 839 892 duo,
851 761 967 878 babere
979 818 1043 899 pios
1054 818 1090 877 ab
1102 818 1252 878 electione

114 892 260 952 ntsancti
277 895 352 966 sint,
376 894 461 954 etad
482 915 545 954 eam
565 893 681 955 ratione
700 914 823 975 operum
842 895 1006 973 pervenire.
1048 895 1154 974 Neque
1172 892 1253 955 valet

114 966 163 1027 bic
177 969 321 1041 cavillum,
341 990 401 1050 quo
419 971 545 1031 subinde
564 973 751 1052 confugiunt,
769 969 857 1030 nullis
876 970 1119 1050 praecedentibus
1139 968 1252 1032 meritis

112 1042 275 1104 Dominum
296 1046 460 1127 rependere
479 1047 632 1107 electionis
652 1049 791 1129 gratiam,
824 1047 928 1108 futuris
952 1059 1050 1107 umen
1072 1048 1251 1109 concedere.

115 1118 217 1194 Quum
237 1123 314 1182 enim
336 1123 444 1183 dicitnr
463 1124 572 1185 clectos
599 1124 684 1185 luisse
704 1125 820 1196 fideles,
845 1136 879 1184 ut
895 1125 989 1185 uncti
1019 1136 1133 1197 essent,
1163 1121 1253 1185 simul

113 1195 262 1333 innuatur,
283 1219 357 1334 qsppe
376 1199 407 1259 in
426 1200 494 1281 ipsis
516 1200 613 1335 suturq
635 1201 875 1336 ετῇιριηὲῐίωἰ)
886 1199 923 1260 ab
945 1199 1092 1262 electione
1113 1199 1253 1335 lpabpisse

98 1291 292 1424 dxebirva'dlblq
312 1277 591 1413 elchqqpqqqsqpp
604 1277 765 1416 ddtli'sbelltu
775 1277 1253 1433 Idvppsuuntp,qqpchiaxlprqgcqtique

113 1435 164 1485 tur
181 1426 270 1517 magis
297 1441 399 1506 postca
424 1429 611 1505 confirmare,
637 1430 687 1489 ubi
707 1432 749 1491 ait
772 1429 896 1510 (Ephes.
916 1436 946 1504 1,
964 1433 1024 1507 9.):
1056 1429 1252 1507 „Secundum

113 1516 299 1638 propositum
318 1505 477 1566 voluntatis
496 1526 581 1581 suae,
613 1506 693 1585 quod
717 1518 915 1585 proposuerat
932 1506 962 1566 in
982 1508 1178 1586 semetipso:“
1209 1505 1251 1567 si·

113 1598 166 1656 qur
187 1599 233 1639 em
253 1580 350 1640 Deum
371 1584 400 1640 in
420 1585 521 1642 semeti
543 1603 576 1642 so
597 1585 795 1664 proposuisse,
814 1582 939 1676 perinde
958 1583 1036 1643 valet
1056 1585 1113 1643 acsi
1134 1584 1252 1642 dicere-

113 1663 164 1712 tur
183 1655 254 1715 nibil
274 1670 353 1718 extra
372 1678 404 1718 se
424 1661 506 1719 consi
528 1680 639 1734 erasse,
667 1661 747 1729 cuius
772 1671 915 1720 rationem
935 1659 965 1718 in
987 1659 1175 1720 decernendo
1197 1658 1252 1718 ba·

114 1727 210 1792 beret.
260 1734 363 1813 ltaque
392 1738 526 1814 protinus
553 1735 671 1797 subiicit
703 1736 758 1796 buc
790 1736 938 1816 pertinere
968 1747 1063 1818 totam
1096 1734 1252 1796 electionis

105 1818 233 1868 nostrae
251 1832 404 1884 semustam,
424 1824 456 1872 ut
475 1813 563 1874 simus
581 1812 632 1888 „in
652 1811 768 1873 laudem
788 1814 901 1872 divinae
920 1812 1062 1893 gratiae.“
1088 1812 1180 1874 Certe
1190 1810 1253 1871 Dei

113 1885 206 1963 gratia
226 1907 287 1948 non
307 1887 369 1948 sola
390 1889 549 1967 praedicari
568 1890 598 1948 in
620 1890 768 1951 electione
793 1901 895 1950 nostra
920 1901 1066 1962 meretur,
1096 1887 1150 1948 nisi
1176 1887 1253 1950 baec
1336 1894 1339 1898 ’

111 1962 240 2097 flatuita
259 1963 307 2025 sit.
347 1965 443 2025 Porro
474 1965 546 2025 baec
565 1966 690 2049 gratuita
721 1986 782 2026 non
815 1965 887 2038 erit,
917 1965 943 2027 si
967 1966 998 2024 in
1022 1964 1082 2026 suis
1106 1963 1252 2047 eligendIs

145 2056 196 2099 eus
214 2040 276 2119 ipse
288 2040 385 2119 qualia
403 2042 461 2100 sint
482 2041 579 2103 sutura
597 2042 738 2122 cuiusque
750 2062 840 2123 opera
861 2052 986 2121 reputat.
1025 2040 1158 2101 Proinde
1168 2038 1253 2122 qnod

111 2114 173 2175 auis
192 2115 337 2196 discipulis
358 2118 475 2177 dicebat
495 2117 629 2180 Chr-istus
648 2120 769 2196 (loanu.
789 2125 844 2195 15,
863 2121 940 2193 to),
960 2118 991 2177 ln
1012 2119 1179 2178 uuiversum
1199 2138 1252 2179 va-

112 2189 273 2272 lere-inter
292 2214 395 2254 omnes
421 2193 522 2255 fideles
542 2196 739 2276 comperitur:
773 2198 866 2271 „Non
886 2216 941 2256 vos
960 2213 1009 2253 me
1028 2194 1074 2254 ele
1097 2194 1172 2256 istis:
1186 2194 1252 2256 ·sed

111 2286 186 2404 ego·¹
199 2269 385 2406 clepivosd‘
429 2270 489 2364 Ubi
506 2293 574 2364 ’uop
595 2273 753 2362 praeterita
774 2285 886 2365 tantum
907 2272 1018 2362 merita.
1032 2214 1174 2365 excludit,
1197 2271 1253 2364 3ςά

111 2345 443 2485 tallrltlltlttt
459 2348 698 2500 ‘ldttttlltb
713 2349 1254 2508 ttttlttllllttgtttttlitt?
1334 2426 1338 2441 ·

111 2503 257 2579 11‚35.):
282 2501 381 2576 „Quis
407 2501 489 2581 prior
510 2502 590 2561 dedit
610 2501 670 2575 illi,
700 2514 732 2561 et
751 2503 977 2562 retributionem
997 2501 1161 2582 accipiet?“
1198 2500 1252 2563 Si·
1331 2522 1346 2533 ·

111 2577 231 2656 quidem
251 2579 408 2638 ostendere
428 2577 492 2638 vult
510 2581 551 2638 sic
570 2579 628 2639 Dei
650 2579 812 2640 bonitatem
836 2570 971 2640 homines
996 2579 1184 2658 praevenire,
1219 2590 1253 2638 ut

112 2653 284 2788 nibillppud
305 2657 383 2735 ipsos
404 2664 458 2715 n'ec
479 2657 685 2735 praeteritum,
707 2677 761 2718 nec
782 2657 912 2717 futurum
933 2657 1079 2736 reperiat,
1099 2678 1158 2735 quo
1178 2655 1252 2735 ipsis

110 2749 198 2790 conci
222 2743 296 2790 etur.

189 2813 219 2869 4.
257 2808 318 2866 lam
338 2808 373 2867 ad
394 2808 544 2869 Romanos
564 2812 641 2889 (cap.
660 2816 690 2884 9,
709 2814 736 2872 6.
756 2812 856 2888 sqq),
889 2809 938 2868 ubi
964 2819 1169 2890 argumentum
1190 2807 1251 2868 boc

111 2892 145 2942 et
164 2884 271 2960 repetit
289 2884 385 2958 altius,
405 2897 435 2943 et
455 2885 544 2945 susius
564 2887 761 2966 prosequitur,
781 2898 870 2966 negat
889 2904 993 2943 omnes
1013 2904 1076 2943 csse
1092 2882 1249 2960 israelitas,

110 2959 164 3040 qui
173 2961 332 3040 progeniti
358 2974 427 3022 sunt
451 2963 486 3021 ab
508 2963 630 3022 israele:
663 2963 730 3042 quia
758 2961 810 3021 etsi
836 2963 898 3022 iure
925 2960 1120 3020 haereditario
1145 2979 1249 3022 omnes

110 3048 211 3097 essent
235 3037 399 3112 benedicti,
425 3041 570 3099 successio
597 3052 692 3099 tamen
718 3060 780 3099 non
805 3038 842 3097 ad
862 3058 965 3099 omnes
985 3056 1132 3117 peraeque
1152 3048 1249 3097 trans-

109 3111 182 3172 ibat.
223 3113 318 3195 Origo
338 3116 422 3175 buius
443 3116 646 3194 disputationis
666 3128 729 3179 erat
753 3135 786 3174 ex
805 3115 942 3194 superbia
963 3113 1118 3193 fallacique
1138 3112 1248 3196 gloria·

109 3189 196 3249 tione
214 3191 324 3277 lntpci
356 3192 471 3272 populi:
505 3213 571 3250 nam
613 3216 679 3251 unm
700 3193 754 3253 sibi
775 3193 914 3252 ecclesiae
939 3212 1047 3252 nomen
1074 3201 1249 3266 assererent,

109 3266 256 3326 volebant
275 3286 291 3328 a
311 3289 364 3328 suo
385 3268 508 3329 arbitrio
551 3215 659 3329 endere
679 3271 765 3329 fidem
786 3268 949 3349 Evangelii.
988 3268 1082 3328 Sicuti
1103 3267 1191 3327 bodie
1211 3267 1248 3327 li·

111 3342 220 3401 beuter
231 3343 373 3424 .Papistae
399 3346 502 3405 fictitio
530 3291 585 3405 lloc
607 3347 709 3407 colore
728 3367 759 3406 se
780 3347 809 3404 in
830 3346 888 3404 Dei
910 3345 1007 3405 locum
1026 3344 1248 3405 substituerent.

109 3417 231 3492 Paulus,
250 3424 379 3500 quamvis
399 3423 542 3483 concedat
560 3436 687 3484 sanctam
709 3443 771 3484 esse
785 3423 921 3482 Abrabae
941 3421 1113 3503 progeniem
1134 3421 1248 3481 ratione

111 3495 260 3573 foederis,
293 3500 447 3557 contendit
467 3511 563 3558 tamen
586 3512 738 3561 extraneos
760 3519 822 3559 esse
842 3500 871 3558 in
894 3520 926 3559 ea
968 3498 1118 3577 lerosque:
1151 3516 1249 3576 neque

108 3572 142 3631 id
162 3573 252 3633 modo
274 3575 341 3652 quia
355 3577 546 3654 degenerent,
567 3590 597 3634 ut
619 3577 689 3635 liant
709 3599 742 3636 es
762 3576 899 3657 legitimis
918 3597 933 3636 a
957 3575 1089 3634 ulterioi:
1108 3572 1159 3633 sed
1181 3575 1248 3652 quia

110 3649 143 3708 iu
167 3671 281 3710 summo
307 3651 423 3733 fastigio
449 3653 576 3713 emineat
602 3675 636 3713 ac
663 3665 768 3736 regnet
790 3653 922 3734 specialis
942 3653 1000 3713 Dei
1020 3649 1142 3724 electio,
1172 3668 1249 3785 quae

109 3723 173 3786 sola
194 3739 285 3785 ratam
311 3729 386 3788 illius
412 3729 601 3809 adoptionem
630 3730 709 3789 lacit.
760 3730 793 3789 Si
819 3730 890 3789 alios
910 3751 960 3790 sua
988 3729 1079 3808 pietas
1104 3724 1178 3787 stabi
1191 3726 1252 3786 iret
1298 3766 1308 3795 ,

107 3802 140 3862 in
161 3823 213 3882 spe
234 3803 351 3880 salutis,
372 3805 445 3864 alios
466 3806 617 3867 abdicaret
635 3806 696 3867 sola
716 3828 766 3867 sua
788 3805 931 3867 delectio:
952 3805 1040 3866 stulte
1061 3801 1198 3884 proiecto
1219 3813 1253 3862 et

107 3879 237 3939 absurde
263 3881 368 3941 Paulus
394 3883 430 3941 ad
456 3903 590 3942 arcanam
623 3904 715 3962 usque
747 3882 922 3943 electionem
949 3882 1076 3942 lectores
1101 3879 1252 3938 eveheret.

106 3955 172 4015 Iam
193 3956 216 4015 si
230 3956 434 4018 Detvoluntas
453 3962 550 4036 (cuius
571 3981 656 4020 causa
668 3972 747 4019 extra
767 3960 860 4040 ipsum
881 3979 978 4039 neque
998 3968 1130 4037 apparet,
1151 3975 1251 4034 neque

109 4035 278 4123 quaerenda
300 4036 358 4110 est)
388 4035 461 4096 alios
481 4036 518 4095 ab
544 4036 605 4096 aliis
630 4036 782 4111 discernit,
811 4049 845 4095 ut
871 4056 931 4096 non
959 4056 1062 4096 omnes
1086 4032 1138 4091 filii
1159 4031 1252 4093 lsrael

108 4111 252 4168 sintveri
272 4109 438 4185 israelitae,
468 4113 574 4173 lrustra
606 4114 745 4193 cuiusque
777 4112 909 4173 conditio
936 4113 973 4187 in
992 4131 1024 4172 se
1048 4110 1113 4190 ipso
1133 4109 1253 4169 initium

109 4182 221 4245 babere
240 4187 371 4266 fingitur.
410 4188 542 4272 Longius
562 4189 669 4250 deinde
688 4210 750 4250 rem
771 4210 858 4268 prose
881 4190 960 4249 uitur
979 4188 1033 4251 sub
1054 4183 1253 4265 exemplola⁴
1293 4226 1296 4231 -

109 4259 169 4321 cob
190 4274 220 4322 et
239 4266 330 4324 Esau:
352 4284 419 4324 nam
437 4284 528 4344 quum
548 4266 637 4326 ambo
658 4278 755 4326 essent
774 4265 824 4326 lilii
843 4265 869 4324 A
895 4266 998 4340 tubae,
1016 4263 1129 4346 pariter
1146 4259 1254 4323 inclusi

111 4339 145 4400 in
165 4351 251 4403 utero
272 4341 382 4418 matris,
402 4341 654 4425 primogeniturae
673 4342 820 4405 bonorem
837 4342 989 4407 uensferri
1008 4336 1161 4417 atstamb,
1178 4356 1254 4420 por·
