2700 4732
491 186 566 247 titt.
585 188 609 247 l.
649 186 737 249 CAP.
758 186 837 247 xiv.
1171 196 1231 260 123

89 328 166 411 galis
176 348 283 390 eoram
292 330 371 390 lleo.
411 328 570 391 Clarissimi
588 341 685 391 autem
699 330 831 390 omnium
849 342 918 391 sunt
936 330 978 389 illi
996 330 1065 405 loci,
1077 333 1126 467 qni
1145 354 1230 396 nien·
1321 368 1327 381 =

93 410 209 467 tionem
228 426 348 487 poenae
374 405 500 479 iaciunt,
529 427 615 485 quam
640 407 749 467 sentire
772 408 916 485 incipiunt
935 428 950 467 a
969 408 1026 466 Dei
1051 414 1080 466 iu
1104 410 1176 485 icio,
1198 424 1230 473 et

93 482 256 563 praecipue
276 484 389 543 sensuri
407 496 476 543 runt
494 484 524 555 in
543 483 768 542 resurrectione.
787 483 933 557 hiantis,
952 490 1015 549 29.:
1035 486 1112 555 „Fili
1122 488 1229 563 David,

91 580 169 635 „cnr
187 560 296 619 venisti
315 571 386 619 ante
405 572 520 639 tempus
539 560 575 619 ad
594 557 793 637 torquendum
812 560 885 619 nos?
905 560 979 619 ltem
998 561 1083 637 (ibid.
1092 570 1141 635 ⁶25,
1150 566 1229 641 41.)2

94 634 165 711 „lte
183 636 334 695 maledicti
362 636 392 695 in
410 636 512 717 ignem
530 648 692 709 aeternum,
711 636 761 715 qui
785 648 972 727 praeparatus
997 648 1042 696 est
1060 638 1178 700 diabolo
1197 652 1230 702 et

94 710 230 793 „angelis
248 712 320 772 eius.
359 711 436 771 Item
455 712 511 789 (ll.
531 712 611 771 Petr.
630 718 659 784 2,
677 714 735 787 d·):
760 712 792 771 Si
818 734 872 791 pru
895 712 943 771 riis
963 711 1073 793 angelis
1094 735 1153 775 non
1174 738 1229 797 pe·

95 828 118 863 „
139 788 229 847 ertit:
258 788 311 848 sed
331 790 442 847 catenis
463 788 607 848 detractos
633 786 760 865 proiecit
782 788 813 846 in
840 734 992 867 caliginem
1016 788 1053 847 ad
1078 803 1230 853 aeternam

95 808 337 939 „ii-umorem
347 864 506 924 servandos
517 870 593 923 etc.“
614 864 711 938 Quam
728 864 844 954 ineptae
856 864 1045 942 loquutiones
1059 866 1229 943 torennae-

95 940 223 999 stiriatos
239 952 362 1001 aeterno
382 940 491 999 iudicio
504 939 647 1013 diabolos,
667 941 764 1031 ignem
783 938 840 999 illis
859 960 921 1000 esse
938 954 1153 1075 praeparatum,
1171 946 1229 1005 iam

96 1017 233 1093 torqueri
250 1018 331 1095 ipsos
351 1028 382 1075 et
400 1016 525 1077 cruciari
544 1037 560 1075 a
581 1015 689 1076 Christi
709 1015 820 1095 gloria,
846 1016 870 1075 si
897 1036 937 1075 nu
960 1018 969 1074 i
989 1030 1087 1077 essent
1106 1022 1228 1081 omnino

98 1090 229 1151 diaboli?
267 1092 327 1151 Sed
348 1092 488 1171 quoniam
513 1091 584 1150 haec
610 1112 655 1151 res
676 1092 873 1169 disputatione
897 1113 959 1152 uon
980 1104 1048 1171 eget
1066 1096 1144 1173 apud
1165 1116 1229 1171 eos,

96 1167 151 1246 qni
170 1166 272 1227 Verbo
282 1168 407 1229 Domini
425 1167 512 1226 fidem
531 1166 649 1239 habent,
668 1168 744 1245 apud
763 1168 834 1227 istos
854 1188 924 1227 vero
945 1169 1045 1227 inanes
1062 1171 1230 1260 speculato-

94 1260 161 1315 res,
179 1244 288 1333 quibus
307 1243 380 1303 nibil
403 1244 499 1322 placet
517 1244 571 1303 nisi
592 1265 718 1317 nosnni,
742 1244 912 1323 Scriptum
930 1244 1105 1305 testimoniis
1125 1268 1228 1325 parum

92 1318 268 1399 proficitur:
300 1320 403 1379 videor
425 1320 498 1379 mihi
525 1318 627 1379 fecisse
645 1320 725 1398 quad
750 1319 848 1394 volui,
877 1332 910 1378 ut
932 1320 1045 1379 seilicet
1068 1322 1229 1383 instructae

91 1394 157 1455 aiot
175 1396 243 1475 piae
262 1409 375 1456 mentes
394 1396 528 1456 adversus
548 1396 690 1455 eiusmodi
715 1396 833 1467 deliria,
857 1396 961 1473 quibus
985 1396 1109 1474 inquieti
1131 1398 1229 1459 bomi-

94 1488 152 1531 nes
170 1490 205 1531 se
225 1482 256 1529 et
273 1470 346 1533 alios
365 1472 558 1551 simpliciores
583 1471 711 1531 turbant.
756 1473 826 1532 Fuit
848 1484 944 1533 autem
970 1491 1078 1551 operae
1102 1476 1230 1553 pretium

93 1544 157 1607 boe
180 1568 302 1627 quoque
325 1549 484 1631 attingere:
513 1567 551 1606 ne
597 1549 625 1606 ui
653 1548 705 1607 illo
726 1567 828 1607 errore
852 1548 1001 1625 impliciti,
1033 1549 1101 1607 dnm
1126 1562 1231 1629 putant

95 1620 215 1713 nullum
233 1646 264 1683 se
284 1624 393 1685 babere
420 1625 550 1701 bostem,
576 1568 647 1684 bant
670 1624 706 1683 ad
732 1624 923 1684 resistendum
948 1625 1100 1705 segniores
1127 1638 1158 1687 et
1181 1628 1231 1686 in-

96 1710 256 1761 cautiores.

175 1780 228 1839 ‘tn
264 1774 383 1836 Interea
402 1796 440 1836 ne
460 1777 557 1911 pigeat
577 1776 606 1835 in
622 1776 680 1835 hnc
694 1776 871 1868 pulcerrimo
883 1776 997 1835 theatro
1031 1777 1086 1835 iam
1098 1776 1232 1839 oblecta-

97 1850 216 1911 tionem
228 1872 261 1911 ea
284 1872 334 1911 ere
354 1874 388 1911 ex
407 1854 482 1911 mani
498 1854 564 1912 estis
584 1864 615 1912 et
633 1853 728 1913 obviis
744 1853 802 1912 llei
822 1852 972 1932 operibus.
1028 1854 1154 1912 'tenim
1174 1856 1233 1915 hoe

98 1932 150 2003 (d
165 1926 241 1987 nlibi
260 1874 396 2006 diximus)
416 1930 468 1987 etsi
489 1950 548 1988 non
569 1930 769 2009 praecipuum,
788 1942 910 1988 naturae
928 1940 1026 1987 tamen
1047 1928 1151 1989 ordine
1170 1932 1232 2009 pri-

100 2022 180 2063 nam
219 2002 287 2065 fidei
322 2004 544 2079 documentum,
581 2026 810 2084 quaquaversum
847 2005 949 2064 oculos
984 2004 1233 2081 circumferamus,

101 2080 203 2139 annia
222 2101 297 2159 quae
317 2094 492 2152 occurrunt,
517 2083 678 2141 meminisse
698 2082 755 2139 Dei
777 2101 838 2140 esse
857 2102 964 2160 opera:
989 2093 1019 2141 et
1038 2079 1123 2141 simul
1143 2102 1232 2161 quem

99 2155 135 2215 iu
154 2156 243 2215 briem
261 2178 279 2217 a
298 2156 366 2216 Deo
387 2158 505 2217 condita
524 2159 596 2230 sint,
617 2160 663 2237 pia
688 2158 870 2239 cogitatione
897 2169 1041 2235 reputare.
1092 2158 1173 2239 Ergo
1198 2170 1232 2219 ut

101 2250 176 2291 nera
193 2232 249 2291 fide
265 2234 516 2324 apprehendamus
536 2235 615 2313 qued
627 2236 663 2293 de
675 2234 742 2294 Deo
761 2235 836 2292 scire
856 2234 957 2307 refert,
980 2233 1127 2293 historiam
1148 2256 1233 2294 crea-

104 2307 196 2367 tionis
213 2312 313 2369 mnndi
333 2330 442 2389 operae
462 2312 588 2389 pretium
608 2323 651 2369 est
670 2311 809 2389 imprimis
829 2322 943 2383 tenere,
962 2309 1087 2387 qualiter
1112 2331 1127 2371 a
1146 2311 1232 2371 lllose

104 2382 235 2444 breviter
252 2387 397 2465 exposita,
426 2399 457 2445 et
480 2388 622 2447 assuetis
647 2387 753 2446 deinde
773 2387 854 2459 siris,
882 2386 990 2445 Basilio
1011 2390 1181 2463 praesertim
1201 2400 1233 2447 et

104 2458 276 2535 Ambrosio,
297 2462 442 2541 copiosius
462 2462 601 2523 illustrata
615 2475 668 2523 est.
707 2464 793 2523 Exea
812 2463 964 2535 discemus,
983 2462 1079 2521 Deum
1089 2464 1178 2522 Verbi
1197 2484 1233 2523 ec

106 2536 232 2617 Spiritus
254 2540 299 2597 sui
330 2540 463 2618 potentia
493 2559 527 2597 ex
556 2540 649 2599 nihilo
675 2560 786 2599 creasse
811 2539 926 2599 coelum
957 2550 986 2596 et
1012 2549 1132 2597 terram:
1164 2539 1234 2599 hinc

107 2632 195 2672 omne
213 2634 305 2704 genus
324 2615 460 2674 animalia
478 2636 583 2695 resque
610 2617 780 2674 inanimatas
805 2615 988 2695 produxisse,
1013 2615 1139 2673 mirabili
1157 2616 1233 2675 serie

111 2689 267 2749 distinxisse
293 2692 476 2749 innumeram
508 2713 604 2750 reruni
631 2694 811 2765 varietatem,
840 2713 920 2749 suani
949 2691 1105 2768 unicnique
1130 2692 1233 2769 generi

113 2776 237 2825 naturam
256 2767 411 2838 indidisse,
433 2768 589 2849 assignasse
610 2769 722 2841 officia,
752 2768 817 2827 loca
842 2767 1007 2826 attribuisse
1028 2778 1058 2824 et
1077 2770 1234 2827 stationes:

118 2852 155 2913 et,
172 2847 364 2919 qunmomnia
383 2844 443 2903 sint
465 2846 646 2923 corruptioni
667 2846 804 2917 obnoxia,
824 2844 984 2922 providisse
1005 2855 1101 2900 tamen
1123 2855 1155 2901 ut
1174 2844 1235 2901 sin-

120 2915 199 2995 gulae
220 2921 328 2998 species
354 2920 389 2979 ad
413 2922 488 2979 diem
520 2934 678 2979 extremuni
708 2921 803 2979 salvae
837 2930 1056 2980 conserventur.
1106 2919 1236 2979 Proinde

125 2992 183 3053 alias
201 2994 296 3055 lesere
316 2996 426 3055 areanis
446 2997 554 3071 meilis,
580 3010 610 3055 et
637 3020 743 3055 novum
768 2997 891 3055 subinde
916 2996 1049 3075 vigorem
1071 2994 1127 3053 illis
1153 2997 1237 3073 quasi

128 3066 261 3131 instillare:
288 3072 350 3131 aliis
369 3074 425 3131 vim
447 3075 627 3153 propagandi
648 3073 822 3145 contulisse,
848 3091 884 3129 ne
904 3092 957 3130 suo
979 3071 1098 3129 interitu
1119 3091 1237 3149 prorsus

133 3140 262 3207 inteream.
300 3150 405 3227 Itaque
420 3149 533 3208 coelum
548 3164 577 3208 et
596 3162 715 3220 terrani,
727 3171 811 3227 quam
833 3149 896 3207 beri
917 3148 1014 3227 potuit
1025 3146 1238 3223 absolutissima

139 3237 212 3281 rtrum
228 3226 356 3283 omnium
378 3226 472 3303 copia,
491 3226 638 3299 varietate,
658 3226 865 3305 pulcritudine,
885 3246 945 3283 nun
966 3245 1048 3283 secus
1069 3237 1156 3302 atque
1176 3246 1236 3282 am-

101 3356 109 3371 „
141 3293 198 3369 tltte
212 3320 241 3359 ae
256 3301 437 3379 splendidam
464 3302 599 3371 domum,
630 3302 846 3381 exquisitissima
876 3299 957 3360 simul
985 3311 1015 3357 et
1040 3300 1238 3379 copiosissima

146 3372 288 3447 supellectile
309 3379 481 3437 instructam
501 3400 534 3436 ac
554 3381 703 3450 refertam,
723 3378 898 3436 mirabiliter
911 3396 1071 3435 exornasse.
1110 3376 1239 3437 Demum

89 3472 93 3479 '
147 3440 258 3513 l⁰ttl¹tem
276 3455 448 3528 formando,
468 3473 592 3533 eumque
612 3468 671 3514 tani
691 3455 824 3533 specioso
837 3455 955 3525 decore,
974 3464 1077 3530 totque
1098 3474 1131 3511 ae
1153 3454 1239 3512 tantia

148 3517 234 3587 dotibus
248 3531 451 3611 insignieuilo,
474 3531 728 3609 praeclarissimum
756 3532 785 3588 in
807 3551 843 3587 co
864 3550 982 3588 suorum
1003 3550 1124 3609 operum
1145 3530 1240 3609 speci-

147 3614 197 3657 neu
214 3604 335 3665 edidisse.
381 3608 508 3680 Verum,
529 3608 664 3685 quoniam
690 3606 791 3665 mundi
817 3608 993 3664 creationem
1015 3624 1151 3663 enarrare
1171 3604 1242 3663 mihi

146 3691 191 3733 toa
205 3694 239 3741 tit
275 3682 457 3761 ropositnm‚
477 3684 544 3743 satis
565 3687 603 3743 sir
623 3684 692 3743 haec
713 3682 834 3763 paucula
855 3683 959 3740 iterum
982 3682 1009 3737 iii
1033 3683 1155 3739 transitu
1174 3681 1242 3738 atti-

144 3749 203 3827 gine.
234 3706 336 3819 blelius
358 3760 515 3830 enimest,
537 3762 642 3820 titiam
663 3760 765 3818 monui
790 3760 931 3827 lectores,
963 3780 996 3815 eii
1016 3758 1099 3816 Mose
1121 3770 1150 3814 et
1170 3755 1244 3829 aliis,

143 3828 178 3901 ttl
195 3836 285 3894 mundi
311 3836 462 3895 historiam
489 3836 614 3895 liileliter
641 3859 673 3894 ae
700 3836 857 3925 diligenter
877 3835 1034 3891 memoriae
1055 3831 1243 3892 commenda-

142 3918 199 3982 ΝΜ,
214 3910 376 3989 pleniorem
399 3912 483 3972 liuius
503 3912 561 3971 loci
583 3913 805 3993 intelligentiam
828 3923 937 3990 petere.

194 3992 234 4051 ''ll-
274 3988 427 4061 Quorsum
447 4008 516 4047 vero
538 3990 675 4062 tenilere,
701 4001 729 4046 et
771 4008 836 4046 uem
862 3988 890 4044 iii
917 4006 1039 4064 scopum
1066 3982 1170 4040 relerri
1192 3981 1243 4041 de-

142 4048 190 4119 ltat
210 4084 327 4144 operum
349 4066 408 4123 Dei
438 4065 652 4139 consideratio,
681 4010 813 4144 pluribus
846 4064 992 4141 disputare
1023 4058 1095 4116 nihil
1125 4059 1246 4117 attinet:

142 4149 206 4207 qtttm
223 4154 252 4199 et
271 4142 341 4200 alibi
359 4162 466 4232 magna
489 4164 522 4199 es
542 4153 624 4221 parte
644 4141 777 4232 expedita
799 4140 868 4197 liaec
890 4137 1033 4215 quaestio,
1054 4146 1085 4193 et
1104 4146 1246 4222 quantum

141 4219 273 4283 praesentis
295 4219 423 4278 instituti
444 4220 582 4291 interest,
606 4241 703 4296 paucis
728 4217 826 4277 verbis
853 4212 961 4273 absolvi
982 4222 1079 4290 queat.
1124 4210 1247 4297 Sancusi

142 4294 335 4376 indignitate
359 4296 505 4377 explicare
525 4295 634 4369 libeat,
659 4316 745 4376 quani
766 4288 983 4355 inaestimabilis
1007 4288 1066 4348 Dei
1095 4286 1249 4373 sapientia,
