2700 4732
496 228 574 290 ura.
593 229 635 290 u.
674 228 763 293 cae.
783 230 880 291 xvr..
1198 224 1266 299 311·
1309 248 1315 263 ,

168 316 173 347 Ι

119 366 234 437 mortis
250 372 323 448 erit,
353 392 416 433 uon
443 373 605 455 improprie
623 395 704 436 mors
723 374 888 456 appellatur
916 373 1010 452 (Heb.
1026 380 1059 449 0,
1075 375 1148 453 22).
1185 375 1255 437 Non

119 470 227 513 omnes
245 450 364 530 quidem
385 448 564 511 dormituros
584 462 696 511 certum
722 464 782 523 cst,
810 452 862 513 sed
891 449 1136 513 immutabuntur.
1152 471 1256 514 omnes

117 528 161 607 (Ι.
180 526 255 589 Cur.
275 533 329 601 15,
357 527 430 603 bb).
490 526 573 601 Quid
608 528 686 587 istud
725 529 787 590 cst?
825 527 965 587 interibit
993 538 1025 587 ct
1048 527 1256 589 absorbebitur

117 624 183 664 nno
202 614 356 664 momento
375 601 506 663 monadis
525 622 628 663 eorum
648 605 706 664 vita
725 616 757 664 ct
775 605 806 665 in
837 624 942 664 novam
973 603 1091 683 penitus
1121 615 1253 666 naturam

115 677 385 741 transformabitur.
410 679 567 739 Interitum
577 680 663 740 istum
675 682 770 741 carnis
781 700 867 740 nemo
875 680 1029 760 negaverit
1039 691 1164 738 mortem
1176 700 1252 742 esse:

116 767 222 817 manet
239 766 337 815 tamen
356 755 474 814 interim
493 774 611 828 verum,
636 757 716 834 quod
741 757 798 818 vivi
818 769 848 816 et
866 755 976 816 mortui
994 755 1030 815 ad
1049 755 1187 815 iudicium
1208 758 1253 817 ci·

116 830 262 924 tabuntur
270 830 639 923 (J1.Tbess.d,tii)·:'quia
651 833 770 908 mortui,
781 834 870 923 quiin
878 831 999 921 Christo
1008 843 1087 905 sunt,
1099 844 1255 921 resurgent

115 907 352 1062 tutabat?
365 907 1252 1063 tttt'ttttttt‘ttttttt’ti'tti'tttt‘zttt

116 1079 153 1119 es
193 1060 340 1120 concione
372 1058 471 1135 Petri,
508 1081 593 1139 qoam
634 1062 726 1120 refert
757 1061 851 1120 Luras
880 1060 962 1137 (Act.
993 1065 1049 1135 10,
1082 1062 1161 1136 42),
1197 1060 1252 1120 de-

114 1134 280 1275 srlr'ppptam⁴
297 1134 406 1276 spisse,
443 1148 475 1196 et
503 1136 630 1197 sollenni
650 1137 735 1197 Pauii
766 1136 801 1197 ad
833 1135 1023 1197 Timotheum
1053 1134 1252 1202 obtestatione

195 1230 243 1271 e.
329 1254 361 1271 ..

114 1214 131 1291 (
194 1232 242 1352 ti
279 1213 358 1348 iuni
376 1286 496 1371 egregia
516 1289 646 1349 exoritur
664 1288 845 1363 consolatio,
879 1287 957 1367 qnod
978 1305 1068 1366 penes
1087 1307 1154 1349 eum
1174 1288 1251 1350 iudi-

113 1363 196 1425 cinm
219 1361 350 1423 audimus
379 1382 458 1437 esse,
490 1366 619 1443 quinos
643 1365 699 1426 sibi
724 1365 754 1424 in
779 1365 936 1425 iudicando
957 1362 1078 1423 honoris
1098 1377 1251 1427 consortes

114 1439 174 1499 ism
194 1436 352 1499 destinavit
369 1437 489 1515 (blattis.
510 1446 559 1512 19,
576 1441 657 1517 ⁶28.):
688 1451 801 1499 tantum
822 1441 905 1499 abest
923 1451 957 1499 ut
976 1439 1005 1497 in
1026 1439 1250 1502 condemnatio·
1324 1488 1328 1498 .

112 1534 185 1575 nem
204 1526 336 1574 nostram
356 1514 483 1574 tribuual
502 1517 540 1575 sit
559 1534 780 1576 conscensurus.
830 1515 992 1590 Quomodo
1012 1515 1089 1575 enim
1109 1518 1250 1596 perderet

113 1590 261 1673 populum
279 1611 363 1651 suum
383 1590 623 1652 clementissimus
641 1593 796 1672 princeps?
815 1592 968 1671 quomodo
988 1592 1117 1651 membra
1137 1614 1186 1653 sua
1198 1615 1248 1654 ca·

135 1680 171 1728 nt
202 1666 373 1747 dissiparet?
416 1668 567 1746 quomodo
596 1688 665 1728 suos
695 1668 816 1728 clientes
847 1679 987 1747 patronus
1018 1669 1250 1731 condemnaret?

112 1690 191 1805 ΒΜ
215 1743 240 1805 si
258 1743 347 1803 audet
365 1743 525 1804 exclamare
545 1744 722 1824 Apostolus,
754 1744 874 1804 Christo
905 1743 1107 1803 intercedente
1136 1745 1249 1807 nullum

136 1819 238 1880 rodire
261 1839 363 1910 posse,
394 1819 445 1898 qui
473 1820 649 1880 condemnet
678 1819 778 1898 (Rom.
797 1826 827 1893 8,
846 1822 922 1895 339:
955 1819 1047 1878 multo
1066 1820 1162 1879 verim
1193 1834 1249 1899 est,

111 1842 250 1957 ilicium
268 1917 362 1975 rpsum
382 1896 606 1956 intercessorem
625 1917 687 1956 non
719 1895 981 1957 condemnaturum
1012 1916 1080 1970 eus,
1111 1916 1185 1975 quos
1214 1898 1245 1957 iu

112 1972 203 2032 fidem
228 1971 451 2051 clientelamque
476 1993 556 2031 suam
583 1974 703 2052 recepit
761 1972 829 2032 Non
854 1971 969 2031 modica
994 1983 1074 2030 certe
1098 1973 1248 2049 securitas,

112 2048 197 2129 quod
215 2068 277 2107 non
297 2049 333 2107 ad
354 2049 431 2108 atiud
452 2048 580 2108 tribunal
600 2050 734 2108 sistemur
759 2069 843 2127 quarn
864 2048 1069 2126 Redemptoris
1089 2049 1199 2124 nostri,
1229 2070 1246 2110 a

111 2145 175 2217 quo
194 2123 269 2185 salus
287 2126 326 2183 sit
345 2126 549 2202 exspectanda:
583 2138 743 2203 praeterea,
775 2124 854 2202 quod
875 2123 934 2197 ilie,
966 2124 1016 2203 qui
1037 2144 1089 2202 per
1108 2126 1244 2218 Evange-

110 2200 184 2261 lrum
206 2221 283 2259 nunc
303 2213 451 2269 aeternam
471 2200 682 2261 beatitudinem
704 2202 857 2280 promittit,
879 2213 947 2260 tunc
967 2212 1057 2259 ratam
1076 2201 1244 2279 promissio·

110 2297 182 2336 nem
200 2276 358 2337 iudicando
377 2277 505 2336 facturus
525 2289 569 2336 est
587 2279 631 2354 ³¹⁵).
669 2278 751 2367 Ergo
771 2281 801 2336 in
824 2277 899 2336 hunc
920 2276 1007 2335 sunem
1027 2277 1116 2335 Pater
1134 2276 1242 2337 Filium
1279 2328 1283 2333 .

110 2352 271 2415 bonoravit
288 2351 350 2429 (Io.
368 2360 399 2428 5,
417 2355 496 2430 22),
521 2374 609 2411 omne
630 2353 765 2413 iudicium
787 2352 830 2412 itti
850 2353 1029 2412 descrendo:
1058 2365 1091 2413 ut
1110 2353 1150 2412 ita
1170 2375 1244 2413 con-

110 2428 241 2490 scientiis
256 2438 395 2501 'snorum,
424 2441 541 2489 terrore
561 2429 658 2489 iudicii
682 2430 820 2510 trepidis,
850 2428 1038 2489 consuluerit
1095 2430 1244 2491 Hactenus

111 2505 248 2587 Symboli
269 2506 433 2585 Apostolici
453 2506 587 2566 ordinem
605 2518 744 2585 sequutus
763 2529 834 2565 sum:
855 2507 922 2585 quia
942 2506 1008 2562 dum
1028 2507 1124 2583 paucis
1144 2506 1242 2567 verbis

110 2583 207 2662 capita
226 2581 438 2662 redemptionis
480 2581 648 2661 erstringit,
673 2584 737 2641 vice
756 2582 872 2641 tabutas
893 2580 977 2642 nobis
997 2601 1059 2641 esse
1079 2594 1193 2660 potest,
1210 2583 1242 2642 iu

79 2669 87 2682 '
133 2680 169 2718 ua
188 2658 325 2719 distincte
345 2671 375 2717 et
394 2602 539 2739 sigiliatim
558 2658 759 2738 perspicimus,
779 2680 852 2737 qnae
882 2659 912 2716 in
938 2658 1055 2717 Christo
1077 2654 1242 2719 attentio‘ne

110 2680 202 2815 digna
219 2746 295 2794 sunt.
333 2733 537 2813 Apostolicunr
558 2747 653 2793 autem
674 2756 829 2813 nuncupo,
854 2733 889 2792 de
910 2746 1029 2793 auctore
1050 2732 1165 2792 interim
1186 2735 1240 2792 mi-

112 2810 196 2869 nime
212 2809 359 2879 sollicitus.
410 2810 562 2890 Apostolis
586 2822 665 2869 certe
689 2832 796 2900 magno
821 2823 950 2868 veterum
974 2810 1147 2888 scriptorum
1168 2830 1241 2869 con-

112 2905 202 2946 sensu
230 2886 396 2947 ascribitur:
426 2892 485 2948 sive
511 2888 589 2965 ‹prrod
614 2886 650 2945 ab
677 2887 731 2945 iliis
763 2909 792 2944 rn
815 2905 969 2946 commuue
989 2887 1185 2965 conscriptum
1206 2906 1240 2944 ac
1342 2952 1346 2959 ,

106 2963 227 3021 editum
247 2962 458 3036 existimabant,
477 2964 539 3023 sive
560 2964 638 3041 quod
660 2964 864 3041 compendium
885 2962 960 3020 istud
982 2981 1014 3018 es
1035 2961 1165 3021 doctrina
1187 2981 1241 3039 per

111 3059 216 3099 eorum
235 3060 336 3099 manus
355 3040 476 3111 tradita,
514 3040 591 3098 bona
618 3039 675 3096 tide
701 3039 856 3098 collectum
876 3038 927 3097 tali
948 3037 1046 3118 elogio
1066 3038 1240 3098 confirman-

111 3115 181 3176 dum
200 3128 386 3175 censuerunt.
424 3118 528 3194 Neque
547 3137 617 3175 vero
638 3115 706 3175 mihi
728 3115 846 3173 dubium
868 3124 920 3187 est,
944 3114 1012 3192 quin
1034 3116 1161 3193 aprima
1181 3126 1238 3173 sta-

109 3193 164 3251 tim
184 3187 324 3252 ecclesiae
344 3190 470 3283 urigine,
491 3193 623 3269 adeoque
643 3192 678 3252 ab
699 3192 762 3272 ipso
774 3191 984 3271 Apostolorum
1004 3190 1130 3266 saeculo,
1149 3190 1239 3249 instar
1315 3246 1319 3251 .

66 3278 71 3289 '
107 3268 245 3350 publicae
266 3281 297 3327 et
316 3289 446 3329 umnrum
467 3267 582 3327 calculis
603 3279 738 3346 receptae
751 3267 943 3327 consessionis
954 3267 1125 3338 obtinuerit,
1144 3266 1238 3326 unde·

108 3364 228 3424 cunque
247 3345 366 3403 tandem
388 3346 470 3403 initio
491 3345 579 3403 suerit
597 3345 774 3434 proiectum.
831 3344 894 3403 Nec
918 3342 953 3402 ab
979 3364 1039 3401 unu
1060 3344 1157 3421 aliquo
1179 3341 1238 3421 pri-

105 3423 199 3480 vatim
220 3420 306 3480 fuisse
325 3422 520 3500 conscriptum
541 3421 696 3479 verisimile
718 3433 770 3493 cst,
791 3442 879 3499 quum
899 3420 935 3478 ab
955 3419 1054 3477 uitima
1075 3440 1164 3497 usqne
1177 3438 1236 3477 nre·

107 3500 206 3556 moria
235 3509 436 3556 sacrosanctae
467 3498 544 3555 inter
575 3500 638 3574 pios
670 3517 771 3557 omnes
800 3496 979 3556 auctoritatis
1005 3496 1092 3554 fuisse
1113 3507 1237 3554 constet.

109 3573 205 3647 Quod
226 3574 312 3633 unice
332 3574 491 3633 curandum
519 3585 577 3645 est,
607 3573 635 3630 id
657 3586 735 3632 extra
755 3572 980 3632 controversiam
1000 3573 1126 3661 positum
1147 3570 1237 3631 lrabe-

107 3671 185 3725 mus,
204 3661 296 3709 totam
315 3649 345 3708 in
367 3668 403 3708 eo
425 3650 492 3707 fidei
512 3662 630 3708 nostrae
649 3648 798 3708 historiam
818 3649 963 3707 succincte
980 3647 1175 3725 distincteque
1188 3668 1237 3706 or-

109 3727 181 3785 dine
200 3727 365 3786 recensetis
378 3726 454 3786 nituit
474 3738 569 3785 autern
590 3726 747 3799 contineri,
768 3725 846 3858 quod
866 3725 963 3782 solidis
975 3725 1143 3802 Scripturas
1154 3723 1236 3781 testi·

107 3802 216 3862 moniis
235 3822 296 3862 non
317 3802 356 3861 sit
375 3802 586 3883 consignatum.
627 3802 696 3874 Quo
718 3803 778 3860 inte
793 3802 879 3871 lecto,
901 3801 937 3858 de
957 3812 1078 3859 auctore
1098 3800 1236 3857 velanxie
1340 3808 1349 3819 ’

107 3879 255 3950 laborare,
273 3878 320 3937 vel
340 3899 404 3937 cum
425 3880 521 3957 aliquo
543 3877 691 3968 digladiari
721 3877 796 3935 nihil
814 3877 931 3935 attinet:
951 3875 1007 3934 nisi
1025 3876 1070 3934 cui
1083 3875 1160 3934 sorte
1175 3895 1236 3933 non

106 3955 236 4016 sufficiat
255 3967 364 4014 certam
386 3956 493 4013 habere
512 3955 639 4033 Spiritus
658 3922 750 4013 sabuti
769 3954 934 4025 veritatem,
955 3963 986 4010 ut
1005 3972 1067 4013 non
1085 3951 1170 4011 simul
1190 3951 1238 4009 in:

106 4030 224 4113 telligat
241 4043 292 4091 aut
311 4031 391 4092 cuius
411 4052 463 4091 ure
483 4032 642 4107 enuntiato,
662 4044 712 4090 aut
730 4030 811 4091 cuius
831 4051 917 4088 mauu
937 4028 1082 4108 descripta
1101 4028 1197 4087 suerit.

114 4233 139 4242 ..-
144 4232 286 4241 ..Q—nn·—
290 4230 932 4243 ῄ--ψ-*ο-η--ῤ--ο-ι-αι
939 4228 1236 4239 -ι-ι-ι-ο--ι--ιο

184 4348 213 4417 ’>
224 4349 288 4404 vid.
307 4352 426 4405 cimbros.
445 4352 477 4403 dc
493 4351 542 4403 lac.
562 4366 585 4404 et
603 4350 652 4404 sita
668 4352 733 4403 beat
752 4348 795 4402 tib.
814 4349 837 4403 1.
856 4350 953 4419 capt

846 4556 877 4589 e
1058 4524 1069 4567 Ἰ

259 4542 279 4675 ί,
