2700 4732
171 202 213 265 ea
313 150 324 207 l
492 178 496 195 “
579 178 920 281 muscinis·

175 363 260 404 usum
279 341 310 402 io
329 339 467 404 docendo
486 340 534 403 rel
553 338 742 402 admonendo
763 341 891 421 aliquem
910 338 1037 401 babent:
1056 338 1220 419 secundae,
1240 362 1259 422 q

175 429 296 500 praeter.
312 417 544 480 oblectationem
565 417 675 479 afferre
702 417 818 498 possint
837 439 899 477 non
919 416 1015 477 video.
1061 416 1101 476 Et
1118 428 1218 478 tamen
1238 439 1259 479 o

175 507 251 572 stat,
270 493 344 556 tales
363 494 451 555 fuisse
471 515 574 555 omnes
603 494 819 587 propemodum
849 493 991 577 imagines
1038 513 1091 559 uae
1115 493 1256 555 bactensis

175 570 291 653 templis
310 571 517 663 prostituunt:
553 571 641 631 Unde
660 571 790 662 iudicare
808 570 890 662 licet,
909 590 972 661 non
991 514 1100 660 iubieio
1120 568 1259 662 sutdeleq

174 645 1259 817 ttlfltpittltttltttt{ttllgltlltllt‘stt‘ttttffl

174 800 330 875 li'ceptiuse
351 800 399 860 bic
424 799 554 881 pictores
581 811 612 860 et
636 804 770 861 statuarii
795 800 988 873 lascivierint,
1020 821 1105 889 quam
1132 820 1193 860 rem
1220 822 1259 880 pa

175 889 245 937 ante
264 880 350 955 (sect
368 879 412 954 7.)
431 876 483 935 atti
506 877 527 936 i:
547 888 660 938 tautum
680 877 762 954 dico,
781 877 895 939 etiamsi
913 877 988 939 niliil
1008 877 1070 939 vitii
1089 878 1217 953 inesset,
1235 898 1258 939 n

174 966 273 1015 tamen
294 953 402 1013 babere
421 952 458 1014 ad
478 896 642 1015 incentum
663 954 816 1016 momenti.

251 1035 298 1095 13.
337 1030 449 1089 Verum
468 1030 521 1092 illo
542 1051 661 1111 quoque
689 1030 856 1091 discrimine
876 1028 1003 1104 omisso,
1028 1050 1066 1090 an
1090 1028 1164 1090 ullas
1184 1050 1255 1090 omn

64 1128 67 1143 ·
174 1107 332 1189 imagines,
356 1108 417 1167 sive
436 1127 512 1187 quae
531 1129 578 1167 res
597 1119 709 1189 gestas,
734 1108 793 1166 sive
814 1126 889 1187 quae
913 1106 1065 1166 bominum
1086 1127 1212 1187 corpora
1233 1106 1259 1186 fiq

174 1195 258 1257 rent,
282 1182 391 1244 babere
408 1183 448 1241 in
473 1181 590 1264 templis
611 1183 783 1244 Christianis
803 1182 951 1262 expediit,
981 1182 1080 1242 obiter
1104 1182 1259 1262 expendam

145 1314 148 1319 .
173 1260 338 1339 Principio,
356 1258 461 1350 siquid
476 1281 531 1321 nos
551 1272 651 1320 movet
668 1260 774 1321 veteris
794 1260 932 1319 ccclesiae
952 1259 1120 1332 auctoritas,
1139 1259 1259 1318 memini

173 1358 247 1426 nius·
258 1341 426 1416 quingentis
446 1336 564 1395 circiter
583 1338 676 1413 annis,
687 1337 801 1473 ‘quibus
819 1337 912 1417 magis
931 1335 1026 1395 adbuc
1045 1334 1173 1396 florebat
1191 1333 1259 1429 relig

174 1425 205 1473 et
223 1412 367 1473 sincerior
388 1411 521 1472 doctrina
537 1411 666 1505 vigebat,
715 1412 853 1473 hristiana
874 1410 982 1492 templa
1003 1411 1092 1473 fuisse
1112 1433 1259 1473 commum

173 1490 211 1551 ab
231 1486 408 1570 imaginibus
427 1510 519 1549 vacua
540 1488 614 1568 [rid.
634 1488 755 1570 praefat
777 1489 834 1548 bui.
854 1508 937 1568 oper.
957 1501 987 1547 et
1005 1486 1056 1548 lib.
1076 1494 1103 1552 4.
1124 1510 1150 1550 c·
1168 1495 1196 1553 9.
1216 1496 1259 1556 nt

173 1566 254 1648 Ergo
272 1575 346 1626 tunc
365 1565 490 1643 primum
509 1566 540 1624 in
561 1578 767 1629 ornamentum
787 1565 965 1646 templorum
985 1565 1193 1641 oscitanum,
1216 1587 1255 1647 qu

172 1640 327 1702 ministerii
346 1641 495 1702 sinceritas
515 1640 651 1701 nonnihil
671 1642 885 1722 degenerasset.
922 1641 991 1700 Non
1012 1641 1184 1720 disputabo,
1203 1662 1259 1722 ecq

173 1718 296 1779 rationis
316 1717 473 1778 habuerint
499 1717 549 1799 qui
581 1717 667 1798 primi
692 1718 813 1777 fuerunt
836 1719 897 1777 eius
917 1717 960 1777 rei
980 1729 1130 1778 unctores:
1161 1738 1259 1779 verum

173 1807 298 1856 aetatem
323 1815 390 1855 cum
414 1806 510 1855 aetate
535 1794 685 1867 conferas,
712 1794 828 1855 videbis
852 1793 918 1855 illos
942 1794 1066 1853 multum
1090 1792 1251 1856 declinasse

174 1892 277 1933 eorum
306 1872 475 1952 integritate
502 1871 551 1951 qui
575 1871 751 1954 imaginibus
775 1882 937 1932 caruerant
978 1869 1082 1945 Quid?
1111 1893 1148 1931 an
1173 1893 1257 1952 passu

173 1949 261 2010 fuisse
281 1960 416 2028 putamus
434 1961 549 2009 sanctos
569 1947 636 2008 illos
660 1961 757 2028 patres
782 1947 933 2008 ecclesiam
959 1946 1070 2006 tamdiu
1089 1967 1123 2007 ea
1143 1968 1176 2007 re
1196 1964 1259 2010 caee

173 2046 261 2104 quain
280 2022 381 2085 utilem
403 2045 437 2085 ac
456 2024 612 2086 salutarem
633 2045 695 2086 esse
714 2023 896 2085 iudicarent?
925 2024 967 2083 At
986 2035 1066 2083 certe
1086 2024 1154 2103 quia
1169 2023 1259 2085 rideb.

172 2103 204 2161 in
224 2120 258 2161 ea
284 2112 336 2161 aut
359 2100 432 2160 nibil
459 2114 509 2161 aut
533 2102 686 2161 minimum
714 2102 863 2175 utilitatis,
889 2096 1044 2179 plurimum
1072 2113 1168 2159 autem
1187 2100 1260 2161 subc

172 2176 312 2259 periculi,
336 2179 528 2257 repudiarunt
546 2180 637 2260 magis
656 2179 779 2239 consilio
800 2190 831 2237 et
855 2177 984 2250 ratione,
1014 2197 1099 2255 quam
1118 2177 1259 2258 ignoratio

173 2266 224 2314 aut
248 2253 427 2335 negligentia
456 2258 725 2334 praetermiserunt.
775 2253 867 2327 Quod
900 2253 986 2313 etiam
1011 2256 1191 2333 Augustinus
1222 2253 1259 2313 cla

173 2329 271 2391 verbis
290 2341 413 2390 testatur
434 2330 532 2410 [epist.
546 2337 592 2395 49.
608 2331 665 2391 vid.
684 2344 714 2390 et
730 2329 766 2390 de
780 2332 844 2393 Cir.
860 2330 917 2389 Dei
937 2329 987 2389 lib.
998 2337 1026 2392 4.
1047 2353 1071 2388 c.
1084 2329 1163 2410 31.]:
1182 2328 1256 2404 „Qu

172 2406 242 2483 „bis
261 2404 379 2466 sedibus
399 2405 543 2482 locantur,
564 2408 676 2486 inquit,
698 2406 864 2467 lionorabili
883 2405 1073 2479 sublimitate,
1094 2419 1162 2466 uta
1182 2427 1259 2485 precs

173 2482 279 2559 „tibus
303 2494 393 2562 atque
417 2482 636 2544 immolantibus
661 2484 849 2546 attendantur
872 2484 932 2574 ipsa
951 2483 1140 2543 similitudine
1160 2485 1256 2541 anima

172 2580 265 2636 „rum
285 2558 487 2618 membrorum
506 2572 594 2638 atque
614 2581 762 2634 sensuum,
781 2580 909 2639 quamvis
919 2580 1004 2619 sensu
1020 2572 1050 2618 et
1069 2560 1163 2619 anima
1176 2579 1259 2618 cares

172 2633 331 2711 „afliciunt
348 2635 479 2695 infirmos
499 2639 622 2711 animos,
641 2650 674 2696 ut
692 2637 789 2697 vivere
809 2658 842 2696 ac
861 2637 971 2717 spirare
982 2636 1164 2709 videantur,“
1185 2646 1242 2694 etc.

172 2711 242 2772 alibi
266 2712 312 2846 gin
333 2711 381 2770 Ps.
402 2712 496 2787 tle->z
527 2714 623 2787 „lloe
651 2715 728 2773 enim
757 2714 827 2773 facit
852 2724 883 2772 et
907 2713 1124 2791 quodammodo
1150 2724 1259 2791 extorq¹

172 2786 248 2863 „illa
289 2807 361 2869 gura
382 2788 598 2863 membrorum,
617 2802 651 2849 ut
669 2790 781 2850 animus
801 2791 832 2849 in
852 2808 980 2867 corpore
999 2790 1098 2848 vivens
1118 2788 1207 2869 inagis
1227 2808 1259 2847 ar

172 2875 293 2938 „tretur
311 2865 422 2923 sentire
442 2885 564 2945 corpus,
590 2865 670 2944 quod
690 2888 743 2926 suo
763 2864 939 2926 simillimum
965 2865 1085 2937 ridet,“
1111 2877 1166 2924 etc.
1209 2864 1259 2924 Pas

171 2952 256 3020 post:
289 2939 385 3015 „Plus
414 2939 512 3002 valent
542 2942 694 3003 simulacra
724 2943 760 3002 ad
791 2942 965 3002 curvandam
996 2940 1143 3000 infelicem
1168 2942 1259 3000 animi

172 3015 280 3097 „quod
302 3038 351 3093 os,
374 3017 493 3092 ocutos,
522 3040 621 3094 aures,
646 3019 734 3100 pedes
759 3017 882 3078 babent:
915 3038 999 3097 quarn
1026 3018 1060 3077 ad
1088 3017 1259 3098 corrigenda

171 3092 280 3173 „quod
299 3114 362 3154 non
381 3091 554 3174 loquuntur,
573 3116 670 3176 neque
687 3096 797 3168 vident,
817 3115 914 3174 neque
933 3093 1065 3168 audiunt,
1085 3114 1181 3172 neque
1200 3093 1259 3165 anil

170 3170 295 3244 „lant.“
332 3169 415 3230 Haec
432 3190 503 3229 sane
521 3172 636 3233 videtur
655 3194 740 3233 causa
760 3192 833 3245 esse,
853 3191 905 3230 cur
924 3171 1052 3230 loannes
1071 3172 1112 3249 (Ι.
1133 3176 1259 3248 ep.5‚2

172 3267 233 3306 non
251 3255 368 3305 tantum
387 3266 403 3306 a
422 3246 644 3313 simulacrorum
663 3248 762 3320 cultu,
785 3247 836 3308 sed
856 3246 892 3307 ab
919 3247 986 3325 ipsis
1006 3266 1125 3326 quoque
1144 3244 1259 3306 simulac

172 3341 278 3387 cavere
297 3341 353 3381 nos
370 3322 509 3383 voluerit
547 3324 587 3384 Et
606 3346 660 3386 uos
680 3324 815 3385 horribili
834 3324 960 3396 insania,
980 3344 1053 3402 quae
1073 3322 1110 3382 ad
1129 3323 1220 3383 totius
1240 3321 1259 3381 ft

171 3397 287 3478 pietatis
312 3398 464 3458 interitum
484 3399 587 3461 orbem
608 3401 732 3462 antebac
752 3401 920 3480 occupavit,
941 3399 1005 3481 plus
1025 3399 1115 3459 nimio
1136 3420 1235 3458 sumus
1254 3422 1259 3452 i

171 3473 266 3565 perti,
296 3474 471 3555 simulatque
493 3477 524 3535 in
549 3489 607 3536 tem
631 3478 665 3539 lis
690 3477 874 3539 collocantur
897 3477 1052 3559 imagines,
1084 3477 1163 3555 quasi
1188 3477 1259 3557 signi

171 3548 356 3611 idololatriae
376 3552 465 3644 erigi:
492 3553 559 3632 quia
585 3499 640 3614 sibi
665 3565 831 3634 temperare
856 3574 917 3613 nou
943 3564 1041 3633 potest
1060 3551 1210 3611 bominum
1230 3563 1259 3612 st

170 3625 245 3701 titia,
264 3626 335 3706 quin
355 3641 491 3718 protinus
505 3630 541 3688 ad
561 3628 779 3711 superstitiosos
795 3627 889 3691 cultus
913 3628 1072 3690 delabatur.
1113 3628 1229 3703 Quodsi
1248 3650 1259 3686 i

169 3713 283 3763 uotum
303 3703 427 3782 periculi
446 3706 629 3781 immineret,
655 3728 745 3786 quum
770 3718 868 3766 tamen
894 3706 1026 3785 expendo
1052 3705 1081 3764 in
1107 3725 1193 3798 quem
1220 3727 1259 3765 usi

142 3822 151 3859 ·.
169 3778 315 3843 destinata
344 3781 404 3840 siot
431 3781 556 3862 templa,
587 3785 688 3844 nescio
719 3782 870 3875 quomodo
902 3783 1056 3865 indignum
1087 3781 1160 3841 mibi
1188 3782 1259 3842 videi

169 3874 274 3917 eorum
299 3857 470 3930 sanctitate,
494 3870 528 3918 ut
551 3858 620 3919 alias
646 3859 791 3950 recipiant
815 3859 956 3940 imagines
982 3880 1067 3939 quarn
1088 3859 1164 3918 vivas
1190 3859 1255 3919 illas

121 3944 124 3949 '
169 3931 315 4005 iconicas,
342 3954 413 4013 quas
433 3934 525 3994 verbo
549 3955 604 3995 suo
623 3937 771 3996 Dominus
792 3936 990 3995 consecravit:
1015 3936 1193 4015 Baptismum
1215 3935 1259 3994 iot

52 4006 54 4017 ¹
167 4007 232 4090 ligo
252 4020 283 4069 et
302 4008 436 4070 Coenam
455 4010 593 4088 Domini,
614 4033 679 4074 cum
705 4011 767 4072 aliis
792 4013 976 4086 ceremoniis,
997 4013 1104 4091 quibus
1123 4011 1259 4073 oculose

168 4097 247 4146 suos
266 4096 298 4145 et
318 4086 476 4149 studIosius
497 4087 641 4163 detineri,
674 4103 704 4149 et
727 4088 851 4149 viridius
872 4086 949 4148 affici
975 4089 1130 4162 convenit,
1159 4110 1247 4167 quain

93 4152 99 4171 ¹
168 4160 238 4223 alias
260 4159 414 4224 bominum
437 4164 562 4248 ingenio
587 4164 760 4226 fabrefactas
784 4164 942 4244 requirant
995 4164 1042 4224 En
1071 4163 1259 4244 incomparab

164 4235 329 4379 paagimpp
349 4238 475 4318 bouum,
493 4242 572 4322 quod
592 4242 672 4303 nulla
693 4242 864 4324 pensatione
883 4241 1016 4304 resarciri
1036 4254 1151 4322 potest,
1169 4243 1195 4303 si
1213 4241 1259 4322 Pa,

153 4368 162 4375 ..
234 4332 287 4376 ert
318 4326 376 4376 tus.

104 4366 244 4456 Ι...
