2700 4732
499 196 573 255 bllt.
595 196 651 255 tlt.
692 196 779 260 cnt'.
800 196 854 256 tr.
1188 196 1248 259 42¹1

183 345 233 405 33.
268 338 319 407 sit
337 340 446 399 deinde
466 340 536 399 baec
555 339 649 401 altera'
667 339 831 413 distinctio,
855 338 935 419 quod
956 336 1025 397 dnm
1044 335 1169 418 llagellis
1187 335 1248 397 Dei

105 417 233 497 reprobi
252 416 413 491 leniuntur,
433 416 491 475 iam
516 438 627 497 poenas
647 416 722 477 illius
747 417 856 477 indicio
876 415 1095 493 quodammodo
1116 412 1248 494 pendere

105 494 270 575 incipiunt:
291 506 323 553 et
342 512 509 573 quanquam
530 493 585 552 illis
606 515 667 553 ιιοιι
688 496 807 573 impune
822 493 908 555 cedet
926 491 1032 551 talibus
1053 491 1114 549 irae
1133 491 1249 549 divinae

104 571 294 633 documentis
317 592 379 630 raon
405 570 596 645 auscultasse,
626 592 686 631 non
707 582 804 629 tamen
825 570 893 628 ideo
918 568 1110 651 plectuntur,
1124 585 1185 647 quo
1210 566 1248 626 ad

105 646 263 709 meliorem
282 660 412 705 mentem
432 647 572 720 redeant,
590 649 641 706 sed
662 660 775 707 tantum
796 661 829 707 ut
848 645 945 705 Deum
964 664 1074 703 maeno
1095 666 1148 704 sno
1169 642 1248 703 malo

106 724 235 786 indicem
262 735 293 783 et
318 723 444 783 ultorem
467 724 661 802 experiantur.
711 724 823 785 b'ernlis
852 736 950 783 autern
969 742 1020 783 ver
1044 732 1163 780 arantur
1182 719 1248 795 lilii,

107 820 171 861 nott
191 812 226 861 ut
246 800 382 861 mulctam
403 798 579 860 delictorum
598 801 666 859 Deo
686 800 871 891 persolvant,
896 799 948 860 sed
974 810 1008 857 ut
1030 798 1101 857 inde
1119 798 1156 857 ad
1176 798 1250 857 resi-

106 875 283 959 piscentiam
313 877 479 957 proficiant
528 876 661 937 Proinde
689 900 719 936 ιιι
748 877 876 935 staturum
902 896 951 936 eas
975 878 1073 955 potios
1100 894 1188 953 quant
1206 872 1249 932 -in

129 957 301 1013 raeteritum
322 965 435 1033 tempus
450 955 596 1033 respicere
617 953 815 1035 intelligimus.
854 953 890 1013 ld
903 951 1161 1035 (lbrysostomi
1181 963 1249 1012 rer·

107 976 158 1091 bis
188 1030 291 1111 [serm.
312 1030 348 1087 de
374 1030 486 1123 poenit.
507 1042 537 1089 ct
557 1030 697 1109 curdus]
732 1032 826 1089 malim
857 1050 942 1109 quam
973 1028 1047 1089 meis
1078 1027 1250 1107 exprimere.

110 1106 263 1189 „Propter
283 1106 339 1166 boc
358 1106 484 1185 (iuquit)
505 1106 542 1164 im
566 1107 631 1165 onit
652 1108 737 1167 nubis
758 1126 895 1187 poenam,
915 1126 975 1165 non
997 1106 1033 1163 de
1055 1106 1183 1185 peccatis
1200 1127 1251 1165 su-

111 1188 216 1262 „tr'terrs
234 1184 425 1273 supplicium,
449 1183 499 1241 sed
520 1128 679 1241 allatura
700 1206 753 1242 atos·
772 1185 958 1265 corrigens.“
1008 1182 1058 1241 Sic
1079 1194 1108 1241 et
1128 1182 1251 1263 dugu-

104 1260 229 1322 atitrus
250 1260 297 1339 [ru
313 1260 387 1317 Psal.
400 1266 466 1323 102.
487 1258 562 1317 circa
583 1258 661 1337 bul:
684 1260 796 1333 „Quod
811 1262 927 1338 pateris,
949 1260 1027 1318 unde
1040 1259 1165 1337 plangis,
1186 1278 1251 1317 rne-

106 1332 229 1413 „dicioa
247 1348 291 1395 est
310 1335 374 1410 tibi,
394 1354 455 1392 nnn
474 1356 584 1412 poena:
606 1337 770 1414 castigatio,
792 1360 851 1395 nou
865 1337 1025 1395 danmatio.
1063 1336 1134 1394 Noli
1154 1334 1252 1414 repel·
1282 1370 1285 1377 ·

107 1412 196 1487 „lere
215 1409 377 1491 flagellum,
396 1411 419 1468 si
439 1432 500 1469 nun
522 1410 562 1468 ris
583 1412 685 1490 repelli
706 1412 741 1471 ab
763 1413 943 1472 haereditate
964 1424 1019 1470 etc.
1038 1446 1073 1457 -
1097 1413 1176 1470 Tota
1197 1414 1252 1471 ista

106 1486 248 1567 „miseria
267 1488 384 1567 generis
405 1486 533 1559 hnmani,
555 1487 586 1545 'in
614 1509 670 1566 qna
695 1488 786 1568 genuit
807 1488 945 1560 mundus,
978 1487 1116 1547 noveritis
1136 1490 1253 1560 iratres,

109 1563 205 1644 „quia
217 1562 305 1623 dolor
324 1562 504 1621 medicinalis
517 1574 570 1638 est,
591 1586 650 1623 nou
671 1565 816 1623 sententia
837 1564 990 1643 poenalis“
1009 1577 1065 1622 etc.
1106 1566 1165 1624 llas
1184 1585 1253 1624 sen·-

108 1642 222 1703 tenua
241 1640 309 1699 ideo
329 1640 417 1697 citare
439 1640 555 1718 placuit,
575 1662 613 1699 ne
633 1642 679 1700 cui
699 1642 848 1700 videretur
866 1662 942 1700 nova
961 1652 1013 1699 atat
1032 1641 1127 1701 minus
1146 1642 1254 1702 usitata

110 1716 265 1797 loquutio,
285 1738 370 1795 quarn
391 1718 485 1795 posui.
529 1718 627 1795 Atque
647 1718 704 1777 buc
725 1719 874 1796 pertinent
894 1706 1097 1795 querimoniae
1116 1718 1254 1799 indigna-

109 1794 205 1855 tionis
224 1792 345 1874 plenae,
372 1792 478 1871 quibus
499 1792 579 1853 Deus
598 1814 685 1875 saepe
706 1795 742 1851 de
763 1794 865 1873 populi
886 1794 1109 1873 ingratitudine.
1134 1794 1253 1874 aposto-⁹

111 1872 171 1944 lat,
196 1869 276 1949 quod
297 1870 488 1951 pervicaciter
508 1872 719 1951 contempserit
740 1892 842 1929 onmes
862 1891 984 1951 poenas.
1003 1914 1006 1919 -
1024 1872 1090 2005 Apu
1130 1872 1254 1931 lesaianr

110 1950 265 2028 (1,5.6.):
290 1946 356 2021 „ad
378 1948 642 2026 quidpereuterem
663 1970 715 2007 xus
736 1948 829 2007 ultra?
849 1968 864 2006 a
886 1947 984 2027 planta
1003 1967 1041 2027 pe
1064 1950 1086 2008 is
1106 1948 1144 2006 ad
1163 1949 1254 2007 verti·

112 2046 179 2086 cern
201 2043 262 2084 non
283 2036 328 2083 est
345 2026 483 2082 sanitas.·‘
530 2024 591 2083 sut
610 2026 676 2103 quia
701 2024 808 2084 talibus
832 2024 986 2085 sententiis
1006 2024 1158 2084 abundant
1176 2026 1254 2084 Pro-

112 2100 237 2185 phetae,
257 2099 386 2160 breviter
404 2100 545 2160 iudicasse
565 2103 632 2161 satis
654 2101 755 2176 luerit,
775 2100 1059 2161 rronatmlcuusttio
1079 2102 1177 2161 Βειιιιι
1198 2123 1255 2180 pos

111 2178 182 2239 nire
201 2198 283 2238 ruam
301 2176 482 2249 Ecclesiam,
499 2178 552 2236 nisi
574 2189 606 2236 ιιι
623 2178 743 2237 subacta
764 2177 921 2257 resipiscat.
966 2178 1047 2257 Ergo
1069 2200 1158 2256 quum
1179 2180 1255 2239 Sarr-

113 2255 175 2315 lem
197 2273 291 2337 regno
311 2254 434 2325 abiecit,
456 2254 596 2333 puniebat
616 2254 652 2313 ad
672 2255 827 2314 vindictam
848 2258 887 2331 (Ι.
909 2254 987 2313 Sam.
1005 2262 1053 2328 15,
1065 2259 1142 2330 ‘2:3.):
1185 2274 1255 2315 notar

112 2332 262 2392 Davidem
301 2330 424 2410 parvulo
464 2330 525 2389 snio
565 2329 699 2406 orbavit,
739 2332 775 2389 ad
805 2332 1043 2390 emendationem
1076 2276 1256 2411 corripiebat

131 2406 173 2467 ll.
188 2406 275 2468 Sam.
294 2413 347 2480 12,
366 2411 437 2479 ιιι).
477 2407 512 2465 In
537 2406 613 2466 banc
632 2408 807 2466 sententiam
827 2408 1027 2487 accipiendum
1051 2420 1095 2467 est
1107 2409 1194 2487 *qnod
1208 2412 1257 2469 ait

113 2414 227 2546 i’aulos
245 2484 286 2561 (1.
307 2485 378 2545 Cor.
399 2492 447 2557 11,
466 2485 547 2555 32.);
587 2484 710 2559 „Quum
735 2485 899 2543 irulicamnr
924 2505 940 2543 a
960 2484 1108 2559 llnmino,
1128 2485 1255 2619 corripi·
1343 2508 1346 2513 ’

114 2584 194 2636 mur,
213 2580 252 2621 oe
273 2581 339 2621 curo
360 2560 417 2618 boc
437 2561 547 2618 mundo
569 2561 770 2619 damnemur.“
808 2562 876 2619 lloc
896 2572 949 2635 est,
970 2562 1038 2619 dom
1059 2584 1112 2622 nos
1134 2562 1214 2621 sitiit
1228 2563 1256 2621 ri

114 2660 207 2699 roano
225 2638 362 2698 coelestis
382 2638 475 2695 Patris
494 2638 667 2719 affligimur,
697 2658 758 2695 raon
779 2638 850 2697 baec
872 2658 968 2717 poena
988 2651 1033 2696 est
1053 2661 1108 2716 qua
1128 2640 1256 2698 conlatra-

117 2716 240 2787 tlaoaur,
264 2715 315 2773 sed
335 2714 488 2795 castigatio
508 2715 645 2772 duntaxat
666 2736 720 2792 qna
748 2714 922 2773 ertuliamne.
977 2716 1044 2788 Qua
1065 2718 1096 2773 ln
1117 2736 1149 2774 re
1171 2716 1257 2806 plane

118 2790 273 2852 nobiscum
294 2802 338 2848 est
358 2790 582 2871 Augustinus
603 2792 651 2868 [de
673 2802 818 2869 pertentor.
840 2791 952 2850 meritis
980 2812 1012 2849 ac
1033 2792 1143 2851 remiss.
1164 2792 1214 2851 lab.
1227 2798 1256 2855 ‘b

119 2890 148 2929 c.
165 2872 213 2933 33.
235 2880 266 2926 et
283 2867 359 2946 34].
398 2868 497 2925 llocet
510 2868 598 2939 eninr,
620 2888 740 2946 poenas,
761 2867 865 2947 quibus
888 2867 1020 2928 homines
1041 2870 1149 2945 pariter
1169 2870 1256 2927 casti-

116 2956 228 3029 gantur
248 2967 264 3004 a
284 2945 368 3017 Deo,
397 2943 475 3002 varie
502 2944 728 3002 cusmiderandas
753 2964 829 3002 esse:
863 2944 930 3023 qnia
954 2947 1061 3004 sanctis
1090 2957 1159 3003 sxrnt
1190 2946 1258 3025 post
1346 2998 1349 3003 .

114 3033 310 3103 peccatorum
331 3021 530 3079 remissionem
551 3021 708 3079 certamina
722 3032 752 3077 ct
772 3020 1010 3080 exercitationes:
1030 3022 1175 3099 reprobis,
1194 3021 1258 3081 sine

114 3098 309 3171 remissione,
339 3097 478 3176 supplicia
502 3097 671 3176 iniqnitatis.
721 3098 780 3156 Ubi
802 3118 911 3177 poenas
931 3098 1035 3156 Davidi
1059 3097 1182 3178 aliisque
1200 3099 1258 3189 piis

114 3174 479 3247 iollictascommemorat,
499 3185 528 3231 et
550 3195 585 3231 eo
605 3184 751 3251 spectasse
771 3175 852 3247 dicit,
873 3186 1024 3233 uteorum
1045 3172 1138 3255 prieta's
1158 3176 1257 3236 turus-

114 3250 204 3313 modi
224 3251 387 3309 bumilitate
408 3262 592 3308 exerceretur
612 3272 646 3307 ate
666 3250 851 3329 probaretur.
890 3253 995 3329 Neque
1007 3271 1077 3312 vero
1089 3254 1168 3330 quod
1189 3254 1260 3312 dicit

114 3329 228 3389 Iesaias
246 3330 310 3405 (dd,
330 3332 389 3403 2.),
421 3329 566 3385 remissam
588 3346 650 3385 esse
671 3327 781 3406 populo
803 3328 923 3387 ludaico
950 3327 1151 3408 iniquitatem,
1177 3328 1259 3408 qnod

116 3405 242 3489 pleoarn
261 3405 420 3483 accepisset
444 3404 666 3483 castigationem
687 3404 723 3463 de
743 3426 830 3463 manu
851 3404 990 3479 Domini,
1008 3426 1023 3464 a
1045 3426 1161 3485 poenae
1178 3407 1260 3467 solu·

115 3485 208 3544 tione
229 3482 358 3562 pendere
379 3479 551 3539 delictorum
572 3481 684 3539 version
705 3483 810 3560 arguit.
853 3482 912 3541 Sed
934 3482 1056 3561 perinde
1076 3495 1121 3542 est
1139 3484 1196 3543 aeri
1217 3484 1260 3542 di·

119 3570 221 3633 curet,
246 3558 323 3631 Satis
342 3558 399 3615 iam
419 3578 578 3634 poenarum
601 3569 731 3616 exactum
752 3572 809 3617 est:
835 3579 958 3639 quarum
979 3557 1018 3619 ob
1040 3563 1209 3640 gravitatem
1230 3571 1261 3619 et

119 3635 353 3707 multitudinem,
374 3635 515 3712 quiajam
536 3634 675 3692 diuturno
697 3634 775 3695 luctu
797 3646 828 3692 et
847 3655 986 3695 moerore
1006 3638 1135 3696 conlecti
1157 3635 1261 3709 fuistis,

120 3726 241 3791 tempus
261 3723 356 3770 estut
376 3723 497 3790 accepto
518 3710 623 3791 plenae
643 3710 860 3771 misericordiae
878 3713 994 3787 nuntio,
1014 3713 1103 3771 animi
1122 3713 1210 3772 vestri
1230 3714 1260 3771 in

119 3790 264 3851 laetitiam
285 3788 383 3846 dillusi
405 3807 451 3846 nxc
471 3788 587 3846 Patrem
608 3788 744 3847 sentiant.
783 3788 857 3847 Nam
878 3788 938 3847 illic
953 3789 1262 3868 Deus-patris-induit

121 3888 294 3951 personam,
314 3885 401 3942 quem
422 3866 513 3922 iustae
524 3886 642 3942 quoqne
661 3865 823 3925 severitatis
844 3866 988 3945 poenitet,
1007 3865 1057 3925 nbi
1079 3876 1197 3926 coactns
1218 3878 1262 3927 est

121 3946 255 4026 asperius
274 3944 303 4001 iu
326 3942 415 3999 lilium
437 3942 676 3999 animadvertere.
1137 4007 1140 4013 Ι

199 4026 249 4085 31.
288 4020 342 4077 llis
363 4018 590 4100 cogitationibus
610 4017 725 4075 fidelem
746 4018 849 4078 instrui
869 4039 989 4078 necesse
1010 4031 1054 4078 est
1073 4018 1102 4078 in
1121 4018 1263 4079 afflictio·

123 4119 197 4159 nuru
218 4096 389 4155 acerbitate.-
428 4095 579 4173 „Tempus
590 4105 634 4151 est
654 4106 686 4152 ut
706 4094 841 4154 iudicium
862 4094 983 4175 incipiat
1000 4098 1117 4155 adonio
1128 4095 1265 4171 Domini,

124 4176 237 4252 inqua
263 4173 432 4232 invocatum
454 4182 497 4230 est
521 4190 630 4229 norxren
652 4172 734 4230 eins“
762 4171 1020 4250 (I.Petr.1‚17.
1044 4173 1103 4232 ler.
1122 4176 1171 4245 π,
1189 4173 1264 4249 ιιι).

128 4250 214 4325 Quid
231 4248 364 4309 buerant
383 4248 433 4308 lilii
445 4247 512 4323 Dei,
531 4247 555 4308 si
574 4248 770 4323 severitatem,
780 4270 868 4341 qnam
885 4249 1028 4323 sentiunt,
1048 4249 1265 4310 ultionem-eius

129 4345 195 4388 esre
219 4325 392 4388 crederent?
432 4324 495 4400 Qut
521 4323 599 4387 enirn
624 4344 712 4386 manu
736 4324 795 4387 Dea
818 4348 988 4407 percussus,
1016 4327 1114 4388 Deum
1138 4326 1264 4399 iudice·
