2700 4732
102 182 161 245 232
494 182 570 242 tao.
592 184 631 243 tl.
671 182 759 245 CAP.
782 182 865 243 v11.·

40 382 44 387 .
109 321 182 400 „qui
214 340 290 416 non·
307 324 456 408 cognitam
487 326 567 407 prius
597 325 633 387 ad
662 326 782 407 plenum
807 324 945 385 habuerit
967 324 1030 385 eius
1049 322 1202 386 bonitate!

108 398 173 457 Nos
191 398 261 459 dum
279 422 310 460 ιιι
330 403 441 463 mundo
459 404 701 485 peregrinamur,
732 404 878 462 cernimus
909 422 965 483 per
990 398 1142 481 speculum
1163 412 1197 479 et

105 476 286 559 aenigmate:
311 479 444 558 sequitur
462 500 535 561 ergo
557 480 760 561 imperis-etum
781 498 844 539 esse
862 489 996 537 nostrum
1015 498 1160 538 amorem.
1200 492 1202 537 i

107 570 180 633 ergo
201 562 280 613 extra
299 557 543 628 controversiam,
563 554 744 637 impossibile
764 576 827 615 esse
845 556 875 614 iu
896 554 951 615 hae
971 575 1059 614 earne
1079 554 1171 637 Legis
1190 554 1201 615 i

105 626 303 762 plementum,
321 631 345 691 si
366 643 486 691 naturae
506 645 626 692 nostrae
645 634 848 724 impotentiam
868 631 1202 751 intuemur,*quemadn

127 717 227 847 ''ms‘f
245 706 391 864 {llll
411 707 1124 865 ilitel’rtldlttlllftitillata,
1143 784 1190 845 ne

105 878 193 948 guam
206 860 345 920 moralem
357 874 473 937 vocant,
491 862 640 923 succincto
652 862 758 922 ordine
778 860 991 942 recolligamus.
1028 861 1128 919 Porro
1147 862 1190 922 tri

105 934 169 994 ustis
188 936 329 1015 partibus,
348 949 489 1016 quantum
510 937 652 1020 intelligo,
672 938 856 999 continetur:
875 937 968 1016 prima
988 948 1043 1013 est,
1061 948 1097 997 nt
1112 936 1202 997 dnm·

106 1010 213 1071 stitiam
233 1012 292 1104 Dei
309 1014 453 1105 ostendit,
472 1014 501 1074 id
522 1026 576 1087 est,
597 1036 670 1094 quae
689 1014 752 1105 sola
772 1014 839 1073 Deo
851 1025 969 1103 accepta
981 1026 1035 1103 est,
1054 1032 1124 1073 suae
1136 1034 1200 1105 unp

105 1090 926 1254 :¹2¹‘tittaltimo:2333‘5355330‘50‘20i‘fft
939 1088 1202 1227 ‘attil'tltt'l

106 1238 276 1330 hommem,
306 1242 342 1302 ad
368 1245 503 1304 notitiam
523 1246 608 1305 simul
629 1256 660 1303 et
679 1244 894 1305 confessionem
915 1263 984 1303 suae
1003 1255 1065 1302 tum
1086 1242 1202 1305 intecit

105 1325 175 1375 tatas
194 1328 257 1375 tum
276 1318 452 1411 impuritatis
471 1321 563 1403 adigi:
589 1320 708 1400 quando
728 1320 783 1379 nisi
802 1324 913 1380 vanitas
933 1320 994 1379 eius
1019 1318 1176 1379 evidenter
1198 1342 1202 1379 ι

106 1390 283 1485 darguatue,
314 1416 413 1455 insana
433 1397 537 1456 vicium
556 1419 672 1457 surarum
693 1395 872 1457 confidentia
891 1394 1008 1455 iullatus
1027 1405 1089 1469 est,
1115 1414 1174 1455 neo
1192 1415 1202 1455 ι

107 1466 175 1531 dues
196 1490 324 1549 unqrtam
344 1482 452 1551 potest,
471 1484 504 1533 ut
524 1474 561 1532 de
580 1494 677 1533 earum
697 1474 840 1532 tenuitate
859 1473 977 1545 sentiat,
1005 1472 1179 1607 quantisper
1196 1492 1202 1529 ι

106 1542 222 1604 arbitrii
239 1548 283 1606 sui
302 1548 393 1609 modo
414 1551 543 1610 metitur.
581 1550 672 1628 Atqui
697 1548 817 1609 simulac
838 1567 885 1609 eas
903 1566 1075 1628 comparare
1099 1568 1116 1607 a
1157 1548 1202 1607 Le.

106 1618 308 1683 difficultatem
328 1626 437 1761 coepit,
458 1624 545 1685 habet
564 1625 622 1684 illie
642 1625 722 1704 quod
743 1624 883 1684 ferociam
904 1625 1024 1684 minuat.
1083 1612 1202 1705 Uteuuq¹

107 1697 186 1757 enim
204 1697 356 1780 ingentem
397 1721 414 1761 e
433 1702 468 1762 iis
487 1702 659 1781 opinionem
679 1702 914 1779 praesumpserit,
933 1720 1001 1759 mox
1019 1712 1120 1760 tamen
1130 1720 1202 1762 em

106 1775 1202 1915 itlttltl‘tt‘'l‘l“0⁸tllssal“⁰⁶st‘tlt‘mz‘ltltt‘z‘nt

107 1926 189 1986 exuit
203 1926 294 2019 illam,
315 1875 687 2065 guaediiusicoeeutiebal,
716 1873 923 2022 arioganll'am.
955 1873 1123 1989 gSimiliter
1140 1928 1202 1991 alter

110 2008 473 2167 ttatttltatltsstt
490 2008 598 2143 2:2¹?
616 2004 1202 2163 titrttlsltfntltl⁰attilii

131 2176 166 2215 ro
182 2157 306 2220 iustitia:
328 2180 383 2239 qua
404 2170 571 2233 contentus,
591 2106 709 2219 lictitiis
729 2158 829 2219 nescio
849 2158 954 2237 quibus
974 2158 1090 2219 iustitiis
1108 2157 1202 2219 adven

129 2232 168 2323 ‘ei
188 2233 309 2315 gratiam
319 2236 451 2329 erigitur.
489 2236 649 2315 Postquam
669 2255 740 2296 vero
760 2236 794 2296 ad
817 2235 903 2371 legis
923 2237 1061 2296 trutinam
1082 2236 1202 2295 examina

108 2318 197 2367 urtam
217 2331 296 2369 suam
318 2323 451 2394 cogitur,
479 2313 583 2372 omissa
609 2312 834 2374 commenticias
853 2312 930 2371 ilius
949 2311 1075 2371 iustitiae
1095 2330 1202 2390 praeno

107 2384 225 2465 ptione,
244 2387 389 2449 immenso
408 2387 504 2467 spatio
522 2407 553 2447 se
573 2388 673 2450 abesse
693 2410 708 2448 a
727 2388 881 2450 sanctitate
901 2389 1008 2448 cernit:
1029 2408 1130 2449 rursus
1146 2386 1202 2448 infir

108 2462 148 2523 tis
166 2462 244 2523 vitiis
262 2483 293 2523 se
312 2463 473 2540 abundare,
492 2465 598 2544 quibus
616 2486 705 2544 purus
725 2476 811 2525 antea
831 2464 994 2525 videbatur.
1032 2464 1108 2523 Tam
1120 2464 1202 2545 prol'a

110 2537 156 2597 dis
176 2539 255 2597 enim
274 2560 308 2601 ac
327 2540 452 2601 sinuosis
473 2542 634 2602 recessibus
653 2541 874 2602 absconduntur
893 2539 1202 2620 concupiscentiae!

111 2625 145 2676 ut
164 2613 290 2675 hominis
308 2629 457 2696 aspectum
478 2616 565 2677 facile
584 2617 695 2677 sallent.
752 2618 815 2677 Nee
839 2619 903 2677 sine
922 2638 1006 2677 eausa
1026 2616 1097 2676 dicit
1115 2616 1202 2709 Apost

111 2690 157 2753 lus
186 2690 288 2771 (Ronr.
307 2699 337 2766 7,
356 2696 417 2773 7.),
448 2714 480 2753 se
500 2694 765 2774 concupiscentiam
787 2694 947 2775 ignorasse,
966 2679 1021 2753 nisi
1043 2694 1105 2753 Lex
1125 2694 1202 2755 ditet

110 2768 184 2828 Non
201 2772 402 2845 concupisces:
421 2771 488 2850 quia
509 2770 563 2830 nisi
585 2790 638 2849 per
657 2770 734 2831 illam
754 2783 817 2831 rete
840 2782 904 2830 atur
923 2790 956 2829 ex
975 2769 1096 2830 latebris
1107 2772 1202 2847 snia,t

109 2844 217 2981 tenipius
235 2846 373 2907 miserum
393 2847 541 2909 luominem
562 2847 671 2929 perdit,
695 2868 781 2927 quam
802 2788 839 2908 ii
852 2846 966 2909 exitiale
986 2848 1047 2908 eius
1066 2845 1160 2907 telum
1177 2864 1202 2909 ιι

124 2943 148 2982 ιι
183 2942 207 2981 ι.

186 3004 216 3065 7.
253 2998 298 3059 lta
317 3000 378 3059 Lex
397 3001 490 3062 instar
507 3012 552 3062 est
570 2999 682 3081 speculi
701 3000 858 3075 cuiusdam,
878 3000 907 3059 in
929 2992 988 3079 quo
1008 3010 1140 3060 nostram
1150 2997 1202 3081 imp

111 3074 245 3149 tentiam,
263 3087 327 3136 tum
347 3096 381 3136 ex
402 3076 454 3139 luae
474 3078 678 3157 iniquitatem,
697 3088 846 3156 postremo
868 3098 900 3137 ex
920 3088 1044 3155 utraque
1063 3076 1202 3137 maledicti

112 3171 180 3210 nem
200 3152 448 3233 contemplamur:
502 3154 726 3213 uemadmodum
751 3154 810 3213 oris
835 3153 929 3214 nostri
953 3152 1078 3213 maculas
1096 3148 1202 3233 specul

113 3227 202 3288 uobis
221 3241 431 3308 repraesentat.
481 3176 579 3303 ilum
606 3232 684 3289 enim
704 3230 739 3289 ad
759 3230 937 3309 sequendam
956 3228 1097 3288 iustitiam
1117 3228 1202 3289 destit

113 3303 247 3378 facultas,
268 3304 314 3363 hie
333 3306 363 3365 in
384 3306 447 3367 luto
467 3317 656 3386 peecatorum
679 3306 796 3365 haereat
816 3306 922 3365 defixus
944 3324 1062 3365 necesse
1082 3317 1137 3373 est,
1172 3304 1202 3365 tt

112 3392 210 3442 catum
231 3382 375 3442 continuo
394 3381 560 3443 maledictio
578 3383 719 3462 sequitur.
739 3382 813 3442 Ideo
833 3404 892 3461 quo
912 3382 1028 3442 maioris
1041 3394 1122 3441 trans
1200 3382 1202 3395 '

112 3455 160 3517 nis
180 3457 379 3537 deprehensos
399 3460 609 3538 convictosque
631 3460 689 3517 Lex
707 3470 806 3533 tenet,
826 3479 863 3517 eo
884 3458 1025 3540 gravioris
1043 3398 1203 3519 siusilidl

112 3551 182 3593 reos
201 3534 272 3615 agit.
311 3534 379 3595 lluc
396 3536 527 3615 pertinet
544 3533 681 3615 Apostoli
702 3536 810 3595 dictum
830 3534 932 3612 (Rom.
951 3540 981 3607 3,
999 3535 1075 3614 Ἃ),
1094 3534 1202 3628 quodp

113 3609 225 3691 Legem
245 3623 290 3672 est
309 3612 441 3702 cognitio
462 3613 583 3691 peccati.
622 3612 752 3672 Primum
773 3612 850 3671 enim
871 3612 932 3669 eius
953 3610 1085 3671 officium
1106 3612 1202 3673 alliett

113 3697 176 3748 tum
196 3688 290 3760 dotat,
309 3708 391 3748 curua
411 3688 641 3779 experimentum
661 3701 705 3749 est
724 3689 753 3747 in
795 3688 980 3748 eccatoribus
1010 3686 1143 3749 nondu'm
1160 3704 1202 3767 seg

112 3764 231 3824 amatis.
288 3763 366 3823 liuic
390 3778 549 3824 coniuncta
573 3776 641 3825 suut
666 3765 735 3840 ista,
765 3710 876 3857 degem
896 3783 959 3825 esse
977 3764 1188 3847 subingressaau

112 3839 278 3933 abundaret
295 3850 459 3919 peccatum,
470 3862 511 3930 ac
531 3842 656 3920 proinde
676 3861 738 3949 esse
750 3841 1028 3947 administrationem
1039 3841 1154 3915 mortis,
1170 3856 1202 3917 qt

112 3916 1202 4084 aternus,‘ransitum,asseruissent

112 4067 309 4151 intelligentta
328 4068 506 4130 conscientia
521 4069 645 4132 lenitur:
666 4071 746 4151 quod
765 4072 801 4131 ud
823 4082 1102 4152 praeuaricationem
1115 4080 1202 4131 tunsa

182 4316 212 4391 ⁸)
227 4318 287 4374 Vid.
305 4318 383 4375 lustit.
397 4316 442 4373 lib.
459 4320 483 4373 2
502 4340 527 4375 e.
544 4322 583 4379 12
601 4343 619 4375 ι.
635 4324 659 4379 i.
678 4336 702 4376 ot
718 4322 763 4377 tit.
779 4325 803 4379 3.
823 4344 844 4376 c.
861 4323 885 4381 4.
901 4344 925 4381 s,
940 4322 981 4377 27.
999 4336 1024 4375 et
1042 4340 1066 4377 e.
1084 4320 1123 4377 ll.
1138 4338 1156 4373 a
1169 4308 1201 4367 fl
