2700 4732
514 209 593 273 us.
613 210 670 272 tv.
711 209 858 275 GAM.
1193 216 1255 288 ωδ

47 362 66 421 ⁸
108 358 201 442 gione
221 355 426 439 obstringant:
457 366 509 418 aut
527 356 564 418 ad
583 356 642 418 Dei
661 354 773 419 cultum
791 355 1002 435 conferantur,
1020 367 1112 438 atque
1130 355 1172 419 ita
1190 356 1249 421 illis

47 430 67 480 '²
105 447 276 518 reponatur
318 435 398 494 ictas.
666 466 670 473 ·

47 520 66 557 1
187 517 234 576 28.
274 456 424 571 liihemus
444 530 515 592 ergo
529 510 669 590 optimam
690 522 721 571 et
739 509 933 571 fidelissimam
953 521 1064 586 notam,
1084 513 1250 591 quaeinter

47 596 65 635 ἲ
109 589 215 669 impias
236 585 299 647 illas
319 587 545 647 constitutiones
567 587 728 668 distinguat
754 586 875 667 (quibus
894 607 991 647 reram
1012 588 1161 649 observari
1179 588 1248 650 reli·

47 676 66 711 ¹2
108 666 231 748 gionem
251 676 281 722 et
301 662 495 724 conscientias
516 663 647 724 subverti
667 665 774 723 dictum
797 665 855 740 est)
889 675 920 725 et
946 663 1089 745 legitimas
1110 663 1250 725 ecclesiae

47 752 67 789 Ε
109 740 344 802 ohservationes:
367 740 393 801 si
411 739 455 801 his
474 741 691 801 meminerimus
711 738 835 800 alterum
854 761 914 800 sem
938 759 971 800 er
997 761 1031 803 ex
1050 739 1166 804 duobus
1185 761 1248 803 esse

49 832 67 867 ¹³
108 817 305 898 propositum,
324 826 375 877 aut
394 828 551 895 utrumque
570 814 668 890 simul,
689 829 720 875 ut
740 817 770 875 in
789 837 874 878 sacro
887 761 1016 877 fidelium
1038 828 1126 876 coetu
1139 817 1248 879 decen·

52 908 65 949 a
108 906 156 954 ter
175 903 356 989 peragantur
374 894 484 965 omnia,
503 902 535 953 et
554 913 611 972 qua
632 895 771 952 convenit
792 893 948 975 dignitate:
970 905 1003 953 ut
1022 893 1248 984 ipsehominum

47 982 66 1023 t·
110 981 304 1030 communitas
335 968 416 1031 velut
439 966 610 1049 quibusdam
636 968 820 1037 humanitatis
847 980 877 1028 et
895 969 1105 1031 moderationis
1125 970 1248 1035 vinculis

47 1045 66 1100 ἰι
109 1048 141 1106 in
162 1046 267 1106 ordine
288 1045 455 1115 retineatur,
506 1044 567 1105 Ubi
597 1045 676 1105 enirn
705 1044 795 1106 semel
827 1045 961 1125 publicae
980 1046 1142 1108 honestatis
1162 1068 1247 1109 eausa

58 1144 67 1176 s
109 1123 206 1203 posita
226 1122 269 1181 lex
289 1121 474 1204 intelligitur,
493 1122 552 1181 iam
570 1120 685 1182 sublata
705 1133 748 1182 est
767 1122 946 1201 superstitio,
966 1122 998 1182 in
1016 1143 1103 1203 quarn
1115 1123 1249 1185 incidunt

47 1218 67 1254 n
110 1199 162 1279 qui
184 1197 316 1258 humanis
336 1198 463 1259 inventis
482 1199 540 1257 Dei
559 1197 669 1259 cultum
688 1198 859 1265 metiuntur.
897 1198 1025 1260 Rursum
1044 1198 1096 1259 ubi
1115 1200 1150 1259 ad
1163 1222 1247 1261 com·

47 1296 67 1331 ra
109 1282 228 1335 munem
249 1296 330 1333 usum
351 1287 484 1355 spectare
503 1275 706 1357 cognoscitur,
737 1294 837 1335 eversa
863 1287 907 1334 est
928 1275 996 1337 salsa
1017 1275 1066 1337 illa
1088 1276 1247 1358 obligatio·

47 1374 66 1409 ι
109 1352 155 1411 nis
175 1364 205 1410 et
226 1352 404 1411 necessitatis
424 1352 537 1430 opinio,
557 1370 632 1431 quac
651 1352 802 1433 irgentem
823 1362 968 1412 terrorem
979 1351 1165 1413 conscientiis
1177 1354 1246 1414 inii.
1303 1406 1306 1411 Δ

58 1450 66 1483 ι
108 1427 217 1499 ciebat,
237 1448 325 1506 quum
337 1440 511 1506 putarentur
522 1426 736 1487 traditionesad
749 1427 872 1488 salutem
885 1428 1074 1489 necessariae.
1093 1429 1248 1510 Siquidem

47 1528 61 1563 a
106 1503 157 1565 bic
177 1503 249 1563 nibil
270 1504 419 1583 quaeritur
443 1505 498 1562 nisi
522 1515 555 1562 ut
575 1505 725 1563 communi
750 1503 852 1565 olbcio
878 1504 973 1564 alatur
996 1504 1074 1564 inter
1096 1527 1151 1566 nos
1171 1509 1248 1568 eari-

47 1602 64 1639 :r
106 1592 161 1640 tas.
200 1580 260 1639 Sed
281 1600 390 1659 operae
411 1581 534 1658 pretium
555 1592 599 1641 est
624 1579 727 1640 clarius
751 1579 844 1640 adbuc
864 1580 1001 1652 delinire,
1026 1581 1097 1660 quid
1116 1584 1170 1642 sub
1191 1583 1244 1646 illo

47 1682 58 1717 s
107 1656 219 1716 decoro
263 1658 320 1718 uod
341 1657 448 1715 Paulus
469 1656 665 1730 commendat,
684 1657 752 1735 quid
774 1656 844 1715 item
864 1656 918 1716 sub
933 1657 1036 1717 ordine
1049 1660 1246 1738 comprehen-

47 1760 55 1794 ι
108 1734 204 1793 datur.
241 1679 286 1793 lic
307 1733 409 1791 decori
429 1733 548 1810 quidem
568 1733 633 1792 finis
654 1744 714 1808 est,
740 1733 845 1811 partini
870 1745 903 1792 ιιι
923 1734 991 1792 dum
1010 1733 1188 1794 adhibentur
1204 1737 1246 1797 ri·

106 1822 168 1883 tus,
187 1809 237 1888 qui
257 1810 473 1868 venerationem
495 1810 581 1868 rebus
600 1809 688 1869 sacris
700 1808 870 1883 concilient,
889 1808 993 1870 talibus
1013 1809 1194 1873 adminiculis
1208 1815 1246 1874 ed

107 1885 250 1968 pietatem
273 1888 444 1945 excitemur:
465 1886 570 1977 partim
591 1885 678 1946 etiam
698 1897 732 1944 nt
751 1884 893 1946 modestia
915 1898 946 1946 et
964 1886 1100 1968 gravitas,
1120 1890 1246 1967 quaein

110 1962 248 2023 omnibus
268 1960 400 2023 honestis
419 1961 584 2023 actionibus
602 1962 728 2042 spectari
748 1961 853 2037 debet,
886 1961 945 2023 illic
976 1963 1099 2022 maxime
1122 1964 1246 2027 eluceat.
1318 2024 1325 2039 ,

109 2039 147 2098 In
180 2039 285 2098 ordine
315 2038 372 2098 hoc
396 2040 522 2117 primurn
550 2051 609 2112 est,
639 2050 672 2098 ut
692 2038 741 2118 qui
761 2050 916 2118 praesunt,
946 2039 1075 2121 regulam
1095 2061 1128 2101 ac
1148 2041 1245 2136 legem
1312 2042 1317 2053 ’

108 2116 188 2175 hene
208 2115 331 2195 regendi
352 2115 507 2175 noverint:
539 2115 623 2195 plebs
643 2135 713 2174 vero
735 2135 861 2195 quaere
883 2114 957 2191 itur,
987 2116 1023 2176 ad
1043 2115 1245 2181 obedientiam

96 2193 167 2251 'Dei
188 2204 357 2270 rectamque
378 2190 558 2270 disciplinam
579 2190 721 2251 assuefiat
769 2191 847 2251 Dein
870 2213 886 2250 e
917 2203 950 2252 ut
976 2193 1054 2253 bene
1078 2197 1244 2276 composito

110 2268 251 2329 ecclesiae
270 2280 357 2343 statu,
380 2269 443 2347 paci
464 2279 494 2326 et
515 2267 716 2348 tranquillitati
737 2268 915 2329 consulatur.

184 2350 231 2410 29.
269 2346 420 2404 Decorum
441 2363 513 2426 ergo
535 2365 595 2404 non
606 2344 786 2420 vocabimus,
806 2346 837 2405 in
857 2366 916 2425 quo
936 2345 1010 2406 nihil
1029 2359 1147 2438 praeter
1159 2347 1245 2411 inane

108 2420 356 2482 oblectamentum
381 2421 482 2479 inerit:
514 2420 599 2498 quale
630 2421 793 2500 exemplum
817 2422 946 2487 videmus
971 2423 1002 2483 in
1027 2423 1079 2484 rllo
1100 2425 1243 2489 theatrico

109 2510 268 2578 apparatu,
288 2518 346 2576 quo
368 2509 490 2557 utuntur
510 2498 549 2561 Pa
574 2498 644 2557 istae
663 2497 694 2556 in
714 2497 771 2558 suis
790 2499 892 2559 sacris:
924 2498 976 2559 uhi
1001 2499 1072 2561 nibil
1113 2523 1179 2563 uam
1198 2504 1245 2564 in-

110 2575 189 2634 utilis
211 2573 373 2656 elegantiae
394 2573 480 2647 larva,
501 2586 530 2633 et
551 2520 630 2635 buxus
650 2575 712 2634 sine
733 2575 829 2636 fructu
849 2588 979 2656 apparet.
1017 2576 1078 2636 Sed
1093 2522 1169 2639 blod
1188 2599 1245 2640 no·

109 2652 155 2712 bis
176 2653 315 2710 decorum
338 2651 402 2725 erit,
422 2652 502 2730 quod
523 2651 561 2711 ita
583 2651 640 2709 erit
659 2651 695 2711 ad
715 2673 864 2711 sacrorum
884 2653 1088 2732 mysteriorum
1109 2675 1247 2715 reveren·

109 2728 181 2787 tiam
203 2740 319 2806 aptum,
350 2739 383 2786 ut
403 2727 440 2785 sit
459 2727 597 2788 idoneum
618 2727 654 2788 ad
685 2729 826 2808 pietatem
852 2729 1035 2803 exercitium,
1066 2730 1112 2790 vel
1142 2732 1245 2792 saltem

110 2804 191 2882 quod
212 2804 247 2862 ad
268 2817 402 2862 ornatum
424 2804 511 2862 saciet
531 2805 639 2862 actioni
659 2816 887 2884 congruentem:
908 2824 1005 2885 neque
1025 2806 1053 2864 id
1067 2807 1158 2885 ipsum
1179 2808 1244 2868 sine

111 2883 225 2941 sructu:
245 2881 294 2939 sed
315 2893 348 2939 ut
368 2881 467 2939 fideles
487 2880 654 2953 admoneat,
675 2892 781 2957 quanta
794 2881 946 2954 modestia,
967 2880 1121 2961 religione,
1141 2883 1246 2945 obser·

110 2959 207 3018 vantia
228 2978 307 3016 sacra
329 2969 453 3015 tractare
474 2956 609 3015 debeant
648 2956 744 3015 Porro
777 2968 809 3015 ut
830 2956 945 3036 pietatis
966 2957 1099 3019 exercitia
1118 2959 1176 3018 sint
1196 2979 1246 3020 ce-

110 3034 274 3109 remoniae,
295 3033 329 3092 ad
352 3033 500 3093 Christum
521 3043 600 3091 recta
622 3053 675 3092 nos
696 3032 843 3092 deducant
862 3052 980 3093 necesse
1007 3046 1060 3094 est.
1100 3033 1248 3099 Similiter

108 3112 244 3172 ordinem
266 3132 326 3170 non
348 3110 557 3170 constituemus
577 3109 607 3168 in
628 3109 684 3168 illis
703 3109 867 3191 nugatoriis
878 3110 1003 3190 pompis,
1023 3129 1098 3190 quae
1111 3111 1248 3174 nihilba-

108 3188 183 3247 bent
203 3199 319 3266 praeter
339 3186 492 3245 evanidnm
512 3184 717 3265 splendorem,
747 3186 797 3245 sed
826 3186 855 3244 in
883 3206 916 3245 ea
937 3187 1152 3266 compositione
1171 3210 1248 3269 quae

109 3284 228 3323 ornnem
255 3263 475 3334 confusionem,
507 3261 685 3336 barbariem,
717 3261 945 3337 contumaciam,
976 3263 1075 3323 turbas
1095 3285 1198 3326 ornnes
1218 3279 1251 3328 et

110 3340 226 3397 dissidia
248 3339 341 3399 tollat.
352 3372 391 3386 -
411 3338 521 3398 Prioris
540 3341 655 3420 generis
667 3339 796 3418 exempla
816 3350 884 3398 sunt
902 3339 978 3418 apud
991 3339 1111 3400 Paulum
1122 3341 1161 3416 (l.
1175 3343 1248 3405 Cor.

110 3423 159 3488 11,
179 3422 225 3476 et.
246 3415 315 3474 ibid.
336 3439 362 3473 v.
382 3418 442 3489 5.),
474 3427 507 3473 ut
538 3437 576 3474 ne
609 3416 730 3495 prolana
755 3415 905 3494 symposia
931 3437 994 3474 cum
1020 3437 1098 3476 saera
1125 3418 1248 3481 Domini

114 3491 220 3550 Coena
240 3491 497 3550 commisceantur:
525 3513 562 3550 ne
583 3492 719 3551 mulieres
739 3491 768 3550 in
790 3491 940 3571 publicum
964 3492 1018 3552 nisi
1043 3493 1155 3553 velatae
1175 3516 1248 3575 pro·

112 3568 229 3626 cedant.
277 3568 314 3626 Et
334 3568 388 3626 alia
420 3568 543 3646 plurima
563 3569 594 3625 in
616 3569 788 3647 quotidiano
810 3590 862 3629 usu
894 3567 1045 3629 habemus:
1078 3569 1162 3660 quale
1194 3583 1247 3647 est,

112 3643 193 3722 qnod
214 3643 293 3701 lleris
315 3644 437 3722 genibus
463 3646 601 3721 nudoque
623 3643 718 3721 eapite
738 3664 868 3704 orarnus:
901 3645 980 3724 quod
1002 3644 1122 3706 Domini
1143 3649 1247 3708 Sacra·

111 3729 210 3777 menta
232 3740 293 3777 non
314 3719 442 3789 sordide,
461 3720 510 3777 sed
533 3740 597 3778 cum
618 3719 712 3799 aliqua
733 3719 875 3800 dignitate
894 3721 1142 3784 administramus:
1168 3725 1248 3804 quod

109 3800 142 3854 in
170 3794 343 3873 sepeliendis
371 3796 492 3854 mortuis
520 3797 663 3874 quandam
691 3796 873 3857 honestatem
897 3796 1083 3869 adhibemus,
1115 3811 1145 3859 et
1174 3821 1250 3881 qnae

110 3872 167 3931 alia
190 3871 293 3929 codem
314 3871 473 3952 pertinent.
512 3871 548 3930 In
568 3872 660 3932 altero
680 3892 790 3954 genere
810 3887 879 3934 sunt
897 3873 989 3935 horae
1009 3875 1132 3954 publicis
1148 3896 1250 3956 preca·

110 3947 255 4020 tionibus,
275 3946 468 4006 concionibus
489 3959 518 4006 ct
537 3949 663 4028 mysticis
676 3949 838 4010 actionibus
853 3950 1031 4010 destinatae:
1051 3950 1082 4009 in
1094 3951 1162 4031 ipsis
1174 3972 1259 4017 con-.'

110 4025 247 4083 sionibus
269 4025 349 4101 quies
369 4045 401 4084 ac
421 4023 585 4097 silentium,
610 4024 674 4086 loca
693 4025 853 4097 destinata,
881 4027 1057 4106 hymnorum
1077 4042 1249 4107 concentus,

113 4101 175 4158 dies
208 4099 402 4162 celebrandae
431 4101 554 4160 Domini
587 4102 708 4163 Coenae
744 4102 881 4180 praefixi,
917 4103 997 4182 quod
1030 4104 1137 4164 Paulus
1165 4117 1247 4167 vetat

111 4176 153 4252 (1.
176 4177 247 4236 Cor.
269 4186 316 4250 14,
336 4181 417 4250 34.),
449 4198 486 4235 ne
507 4178 643 4238 mulieres
663 4180 691 4238 in
713 4178 834 4239 ecclesia
855 4180 995 4251 doceant,
1015 4192 1045 4239 et
1064 4181 1160 4261 siqua
1179 4192 1250 4243 sunt

111 4252 224 4312 similia.
264 4254 410 4334 Imprimis
431 4273 501 4313 vero
523 4276 596 4334 quae
617 4254 799 4335 disciplinam
820 4269 1004 4326 conservant,
1025 4268 1058 4315 ut
1073 4258 1250 4333 catechesis,

112 4348 253 4389 censurae
273 4329 504 4410 ecclesiasticae,
529 4331 808 4412 excommunicatio,
834 4332 960 4411 ieiunia,
983 4343 1014 4393 et
1032 4354 1106 4412 quae
1126 4335 1155 4397 in
1175 4354 1251 4397 etan·

137 4427 231 4474 Calvisii
242 4431 361 4476 Institutio
379 4432 413 4480 ll.
473 4452 485 4479 ι
