2700 4732
182 209 222 269 5⁰
474 220 478 233 ¹
597 201 674 262 bili.
695 201 721 260 1.
762 200 851 262 CAP.
871 200 909 263 V.

259 350 289 410 9.
328 343 469 425 Videmus
500 365 562 405 uon
593 344 683 424 longa
714 365 771 405 nec
797 344 944 406 laboriosa
968 343 1220 407 demonstratione
1242 366 1319 427 opus

184 442 247 483 esse
266 421 302 481 ad
323 421 452 481 eruenda
472 440 548 500 quae
572 414 762 505 illustrandae
785 421 957 483 asserendae
980 441 1017 481 ue
1036 422 1151 483 divinae
1174 422 1320 485 maiestati

182 499 314 561 serviunt
332 497 513 558 testimonia:
534 498 679 579 siquidem
699 518 734 563 ei
752 499 852 576 piniti
870 518 945 577 quae
959 442 1164 571 belibavimns,
1183 518 1320 578 quocun·

184 595 243 668 qiie
262 573 414 649 incideris,
441 574 514 635 adeo
541 586 675 655 prompta
696 586 726 635 ct
745 576 835 636 obvia
854 592 917 637 esse
941 585 1072 651 constat,
1102 587 1136 634 ut
1154 575 1247 637 oculis
1266 576 1320 636 de-

184 650 293 733 signari
324 672 358 711 ac
383 650 481 731 digitis
511 653 609 712 notari
636 650 721 711 facilc
741 663 858 731 queant.
909 651 1008 729 Atque
1029 651 1075 713 bic
1094 672 1193 715 rursus
1213 650 1319 714 obier-

183 727 308 799 vandum
329 738 374 786 est
391 726 447 804 (cf.
468 732 536 806 caps
549 735 578 793 2.
597 750 620 788 s.
638 728 699 805 2.),
730 727 846 789 invitari
865 748 921 787 nos
940 729 976 788 ad
995 728 1056 787 Dei
1074 727 1225 802 notitiam,
1254 750 1318 792 non

184 822 259 885 quae
278 804 358 863 inani
382 802 583 939 speculatione
609 816 750 864 contenta
774 804 805 865 iii
830 803 954 865 cerebro
979 814 1093 865 tantum
1115 804 1236 882 volitet,
1266 805 1320 868 sed

184 900 260 960 quae
278 877 371 940 solida
406 892 487 941 utura
507 881 544 941 sit
556 893 587 940 et
606 880 765 955 fructuosa,
784 881 809 942 si
827 881 883 941 rite
903 881 1083 961 percipiatur
1097 881 1222 955 anobis,
1239 882 1321 942 radi·

184 976 308 1035 ccmque
328 967 395 1038 agat
414 957 445 1017 iii
466 956 566 1018 corile.
603 956 632 1016 A
651 958 709 1018 suis
729 957 807 1018 euiin
827 955 982 1017 virtutibus
1000 955 1201 1018 manifestatur
1210 957 1321 1018 Domi·

183 1053 255 1092 nus:
282 1054 404 1112 quorum
422 1034 481 1093 vim
501 1036 569 1114 quia
592 1034 732 1095 sentimus
752 1034 828 1094 intra
853 1055 925 1109 nos,
953 1043 984 1093 et
1008 1032 1158 1093 beneficiis
1183 1034 1320 1110 fruimur,

182 1108 304 1169 vividius
324 1109 417 1169 niulto
438 1109 492 1169 liac
512 1110 684 1192 cognitione
703 1131 757 1172 nos
777 1109 854 1171 affici
874 1129 994 1171 necesse
1006 1121 1060 1183 est,
1081 1130 1167 1190 quam
1184 1110 1209 1170 si
1219 1111 1319 1171 Deum

183 1186 413 1267 imaginaremur
435 1185 517 1247 cuius
537 1185 634 1247 nullus
653 1186 689 1245 ad
710 1208 764 1248 nos
785 1207 885 1248 seusus
904 1186 1082 1266 perveniret.
1121 1186 1211 1248 Unde
1229 1186 1319 1247 intel-

6 1240 23 1345 ,Ι
128 1276 131 1281 ·
183 1260 299 1344 ligimus
327 1261 402 1323 banc
427 1282 489 1323 esse
514 1265 703 1324 rectissimam
722 1263 780 1323 Dei
805 1262 966 1343 quaerendi
987 1263 1062 1322 siaiu
1086 1272 1117 1322 et
1140 1262 1319 1343 aptissimum

185 1338 335 1399 ordinem:
361 1359 422 1399 non
449 1350 483 1398 ut
506 1340 608 1401 audaci
632 1340 801 1401 curiositate
824 1351 981 1419 penetrare
1004 1349 1152 1400 tentemus
1174 1338 1211 1399 ad
1231 1360 1320 1400 excu-

183 1415 313 1475 tiendam
341 1415 402 1474 eius
427 1415 598 1490 essentiam,
622 1437 698 1495 quae
718 1416 866 1476 adoranda
887 1417 985 1495 potius
1004 1426 1144 1494 cstquam
1163 1414 1320 1495 scrupulo·

182 1490 240 1552 sius
260 1489 461 1571 disquirenda,
479 1492 532 1552 sed
551 1505 583 1551 ut
603 1492 683 1551 illum
703 1493 733 1551 in
752 1494 811 1553 suis
829 1491 969 1572 operibus
988 1490 1234 1571 contemplemur,
1252 1492 1319 1573 qui·

150 1636 152 1640 4
183 1567 238 1628 bus
257 1586 288 1627 se
314 1567 514 1659 propinquum
535 1568 621 1629 nobis
648 1569 878 1648 familiaremque
902 1567 1014 1643 reddit,
1043 1589 1078 1627 ac
1097 1568 1318 1648 quodammodo

184 1656 390 1705 communicat
437 1644 509 1720 Quo
530 1645 706 1726 respiciebat
724 1646 884 1725 Apostolus
905 1638 994 1725 quum
1014 1643 1126 1704 diceret
1145 1665 1206 1704 nou
1226 1643 1320 1728 longe

183 1720 405 1800 quaeritantium
425 1722 763 1799 essc(dct.17,27·),
794 1721 904 1802 quippe
931 1720 982 1801 qui
1007 1722 1240 1800 praesentissima
1265 1743 1318 1783 aua

182 1796 292 1857 virtute
312 1796 424 1858 babitet
443 1798 473 1857 in
494 1819 676 1878 unoquoque
700 1811 843 1858 nostrum.
885 1796 1017 1858 Proinde
1036 1797 1131 1857 David
1151 1798 1214 1875 (Pi.
1233 1798 1320 1877 145.)

183 1873 411 1953 inenarrabilem
426 1874 486 1934 eius
506 1873 737 1956 magnitudinem
749 1886 818 1935 ante
830 1874 992 1950 consessus,
1012 1884 1167 1953 postquam
1187 1874 1224 1935 ad
1241 1892 1319 1955 ope-

182 1951 1319 2101 ittit⁰¹¹¹tttttl⁰ttt¹tlttt⁶lli‘itiittt‘ittttttlt‘ttttt

182 2114 245 2178 cet,
268 2124 343 2183 quae
370 2106 410 2164 sic
431 2125 601 2184 suspensum
628 2103 821 2164 admiratione
840 2047 991 2185 ingegnium
1011 2113 1127 2179 teneat,
1151 2113 1185 2162 ut
1203 2103 1319 2165 efficiet

181 2200 268 2240 sensu
288 2179 404 2259 penitus
423 2180 507 2240 simul
528 2180 644 2240 afliciat.
689 2182 729 2240 llt
748 2181 993 2260 quemadmodum
1013 2179 1103 2241 docet
1126 2177 1234 2239 alicubi
1252 2181 1318 2241 Au-

183 2255 316 2337 gustinus
335 2257 381 2333 (in
401 2256 449 2316 Ps.
468 2258 566 2334 ild),
587 2257 655 2336 quia
673 2248 755 2317 illum
775 2278 837 2316 nou
858 2277 1010 2337 possumus
1029 2274 1144 2336 capere,
1163 2254 1243 2319 velut
1261 2256 1318 2317 sub

182 2334 244 2391 eius
263 2332 464 2414 magnitudine
485 2333 668 2410 deficientes,
691 2333 728 2393 ad
748 2353 838 2413 opera
857 2332 1003 2414 respicere
1023 2330 1177 2408 convenit,
1202 2345 1235 2392 ut
1255 2333 1319 2395 cius

182 2406 348 2468 reficiamur
367 2408 510 2468 bonitate.

258 2491 305 2548 1⁰.
344 2485 461 2544 Deinde
481 2485 625 2545 eiusmodi
649 2486 754 2546 notitia
775 2507 836 2546 uon
857 2483 948 2545 modo
975 2484 1010 2544 ad
1031 2483 1089 2543 Dei
1108 2482 1219 2545 cultum
1240 2485 1318 2547 eici*

181 2573 246 2621 tare
266 2580 321 2620 iios
341 2560 447 2635 debet,
472 2563 522 2622 sed
547 2563 583 2621 ad
603 2583 684 2642 spem
704 2582 825 2643 quoque
845 2561 960 2621 suturae
985 2561 1065 2621 vitae
1091 2562 1318 2643 expergefacere

182 2649 213 2698 et
232 2636 356 2718 erigere.
405 2637 506 2711 Quum
528 2639 606 2698 enim
631 2639 894 2698 animadvertamus
913 2658 988 2717 quae
1007 2637 1153 2698 Dominus
1173 2651 1235 2699 tum
1255 2638 1317 2700 cle·

174 2715 324 2786 mentire,
347 2724 409 2772 tum
429 2714 587 2775 severitatis
606 2735 675 2775 suae
694 2717 852 2796 specimina
873 2714 948 2787 eilit,
972 2714 1107 2774 inchoata
1128 2714 1265 2775 duntaxat
1284 2726 1318 2775 et

180 2787 340 2871 semiplena
353 2811 429 2850 esse:
452 2790 527 2850 liaud
548 2790 638 2851 dubie
657 2792 693 2851 ad
704 2791 815 2852 maiora
834 2792 875 2851 sic
895 2791 988 2871 ipsum
1009 2789 1181 2869 praeludere
1196 2804 1317 2871 repute-

179 2887 243 3003 pius
259 2879 400 3002 ppprttet,
425 2889 550 3001 qqoruin
572 2865 939 3004 ninniiestatiobplenaque
959 2863 1098 3002 eibibgtio
1118 2867 1148 2927 in
1168 2866 1317 3007 al‘iphinfivi·

179 2964 265 3080 iiii,
281 2963 408 3101 ,iili
428 2964 1220 3102 infit?tt‘ttt'tttttttlttt‘cittii
1236 2966 1316 3101 {itt

179 3095 298 3188 brisque
319 3095 454 3157 lacerari:
475 3097 614 3158 scelestos
635 3108 738 3159 contra
758 3098 878 3172 llorere,
897 3117 968 3177 pros
992 3096 1078 3170 erari,
1099 3100 1227 3176 quietem
1244 3119 1314 3159 cum

179 3172 322 3253 dignitate
341 3171 493 3246 obtinere,
519 3174 608 3253 idque
628 3174 760 3254 impune:
786 3176 919 3253 protinus
940 3118 1138 3255 colligendum
1159 3185 1218 3247 est,
1237 3175 1314 3236 alte·

177 3269 238 3309 ram
259 3248 325 3309 sore
344 3249 448 3325 vitam,
476 3251 506 3309 in
519 3272 583 3330 qua
610 3263 640 3310 et
659 3272 710 3310 sua
730 3248 878 3331 iniquitati
906 3250 1051 3325 vindicta,
1078 3261 1109 3309 et
1133 3268 1245 3311 merces
1265 3250 1313 3311 iu·

176 3324 273 3385 stitiae
298 3345 330 3384 re
354 3325 426 3384 osita
450 3325 496 3385 sit.
546 3326 682 3401 Adbuec,
712 3348 802 3408 quum
827 3325 1031 3397 observemus,
1061 3325 1186 3385 Domini
1210 3326 1313 3389 ferulis

175 3401 289 3480 saepius
309 3345 409 3461 fileles
429 3402 574 3485 castigari,
594 3417 676 3464 certo
690 3403 797 3464 certiiis
809 3405 987 3463 constituere
1008 3403 1085 3478 licet,
1103 3402 1197 3463 multu
1216 3390 1334 3464 minus'

178 3477 283 3556 impios
305 3477 365 3539 eius
385 3478 499 3559 flagella
521 3479 591 3538 olim
616 3500 762 3541 evasuros.
813 3480 925 3540 Scitum
946 3480 1022 3540 euim
1045 3491 1089 3539 est
1114 3478 1187 3540 illud
1207 3480 1312 3562 Augu-

174 3553 244 3614 stini
265 3552 332 3633 [lib.
352 3561 379 3619 1.
400 3555 436 3615 de
457 3554 534 3617 civit.
553 3556 621 3631 Dei,
640 3577 703 3649 cap.
713 3555 773 3636 8.]:
792 3556 852 3629 „Si
872 3576 951 3616 nunc
970 3576 1059 3617 omne
1078 3567 1230 3635 peccatum
1250 3577 1313 3619 ma·

175 3630 306 3706 „milesta
327 3630 508 3710 plecteretur
527 3654 635 3713 poena,
655 3632 727 3693 nibil
748 3631 851 3693 ultimo
872 3632 981 3694 iudicio
994 3633 1134 3691 reservari
1146 3644 1311 3712 putaretur.

174 3705 322 3784 „Rursus,
341 3708 365 3767 si
384 3707 497 3767 nullum
518 3722 670 3788 peccatum
690 3731 769 3770 nunc
787 3709 979 3790 aperteDeus
998 3708 1127 3788 puniret,
1146 3707 1228 3769 nulla
1247 3728 1312 3771 esse

174 3782 299 3857 „divina
313 3783 502 3874 providentia
523 3786 728 3847 crederetur.“
747 3818 787 3835 ·-
815 3786 978 3846 Fatendum
999 3795 1043 3845 est
1062 3784 1167 3865 igitur,
1197 3785 1230 3846 iu
1249 3786 1311 3848 aiu-

173 3858 249 3943 giilis
262 3858 321 3919 Dei
339 3861 488 3941 operibus,
528 3863 679 3924 raesertim
699 3872 798 3923 nutem
818 3864 848 3923 in
870 3862 1000 3942 ipsorum
1019 3860 1228 3936 universitate,
1247 3882 1310 3924 nou
1339 3908 1342 3913 -

172 3955 266 4027 secus·
276 3948 365 4017 atque
390 3938 420 3997 iu
444 3884 550 4031 tabulis
576 3939 706 4032 depictas
733 3958 795 4001 esse
815 3937 873 3999 Dei
892 3938 1031 4033 virtutes,
1049 3937 1178 4031 ‘quibus'
1190 3939 1229 4030 in·
1246 3941 1309 4000 eius

171 4015 577 4180 :tttltttti‘tilttt
594 4014 1311 4184 tttttt,titttttil‘l'ttitttittttlt

3 4164 6 4215 l
46 4206 57 4223 .
171 4162 233 4231 illic
252 4178 428 4246 appareant,
447 4190 586 4249 quorsum
605 4182 706 4231 tamen
724 4170 906 4251 potissimum
925 4180 1070 4249 spectent,
1091 4169 1160 4249 quid
1180 4167 1309 4244 valeant,

170 4243 310 4379 quemin
331 4241 419 4335 finem
438 4265 454 4307 a
475 4245 561 4306 nobis
585 4246 644 4337 sint
668 4246 866 4338 reputandae,
888 4238 1089 4340 tum'deiqum
1116 4244 1310 4338 assequimur,

193 4336 242 4411 um
260 4336 292 4379 in
311 4338 366 4381 nos
385 4341 465 4402 ipsos
476 4321 688 4401 descendimus,
706 4344 739 4385 ac
759 4322 976 4385 comidrramus
988 4320 1094 4403 quibus
1111 4320 1203 4385 modu
1223 4342 1307 4383 auam
