2700 4732
439 208 517 273 Lus.
536 209 562 269 1.
601 208 690 272 CAP.
709 208 806 269 xvlt
1109 218 1168 281 16³

89 356 183 419 antiae
206 352 443 445 ignorationem,
466 372 606 414 summam
631 350 846 415 beatitudiuem
864 355 894 415 iu
914 354 1041 417 eiusdem
1062 358 1167 441 cogni-

89 456 113 495 ιε
133 452 200 495 esse
219 443 316 493 suam
1088 438 1098 449 “

105 516 155 577 12
195 510 245 569 De
264 504 449 586 providentia
460 504 527 580 Dei,
547 518 687 585 quantum
706 507 741 567 ad
761 506 883 569 solidam
902 506 1029 581 fidelium
1050 522 1081 569 et
1100 530 1167 573 ern·

89 606 177 649 onem
197 582 485 645 eteonsolationem
506 584 647 643 conducit
670 586 752 663 (uam
774 584 932 663 explendae
951 607 1091 647 ranorum
1110 587 1167 649 bo-

89 684 143 723 uun
163 660 330 723 curiositati
348 679 446 739 neque
465 658 533 718 setis
553 660 619 737 quic
642 681 707 719 uam
730 679 791 721 esse
812 672 925 740 potest,
944 682 1040 742 neque
1060 676 1167 741 optan-

89 764 104 801 n
123 752 167 801 est
186 751 221 799 ut
239 735 392 813 satislial),
411 734 480 795 satis
499 733 608 795 dictum
622 680 723 811 ioret,
754 738 808 796 uisi
829 737 982 797 obstarent
1000 742 1084 817 pauci
1103 741 1167 821 qui·

89 814 189 889 alnei,
208 812 261 895 qui
282 814 407 871 innuere
425 810 577 885 videntur,
595 824 698 873 contra
718 835 802 891 quam
822 834 909 892 supra
930 817 1091 893 expositum
1111 829 1167 894 est,

89 894 232 953 abrorum
252 909 287 950 ae
306 887 411 947 stabile
432 900 566 947 constare
583 888 652 948 Deo
672 890 836 962 consilinm,
856 890 907 948 sed
928 911 983 969 pro
1003 910 1100 950 rerum
1119 893 1167 952 io-

88 970 177 1029 iorom
197 964 395 1046 dispositione
418 964 567 1026 mutabile.
609 965 740 1023 Primum
759 966 914 1044 aliquoties
933 966 990 1025 Ilei
1009 968 1169 1046 providen-

88 1046 136 1105 rtia
159 1054 427 1114 commemoratur,
458 1051 491 1098 ut
510 1040 590 1120 quod
616 1041 695 1099 illum
724 1044 903 1121 poenituerit
927 1040 1053 1103 hominis
1078 1044 1169 1104 creati

89 1142 134 1181 eu.
148 1128 178 1189 6,
189 1122 248 1195 6.),
267 1116 362 1177 Saulis
383 1117 413 1175 in
434 1136 466 1175 re
487 1139 556 1177 uum
576 1119 669 1176 evecti
687 1118 727 1195 (l.
750 1119 827 1177 Sam.
838 1126 886 1191 15,
905 1122 979 1198 11.),
1000 1119 1081 1198 quod
1102 1139 1169 1181 eum

89 1199 208 1257 enitebit
227 1194 307 1269 mali,
327 1194 406 1328 quod
428 1135 563 1274 ioliigere
582 1193 694 1274 populo
714 1214 768 1253 suo
788 1205 940 1268 statuerat,
958 1197 1078 1257 simulac
1096 1217 1168 1257 coo·

89 1275 203 1335 sionem
224 1272 287 1331 eius
314 1270 440 1349 aiquam
465 1271 588 1330 senserit
612 1273 684 1348 (ler.
705 1276 759 1343 18,
778 1274 830 1348 8.).
871 1271 987 1332 Deinde
1008 1271 1169 1333 nonnullae

89 1362 228 1410 uelorum
259 1347 322 1406 eins
352 1348 424 1405 abro
448 1349 559 1406 ationes
590 1348 768 1406 reseruntur.
817 1348 877 1405 Per
905 1348 1008 1407 lonam
1041 1349 1171 1410 edixerat

89 1426 189 1499 uiuitis,
208 1422 400 1504 qnadraginta
420 1365 521 1481 diebus
542 1422 644 1502 elapsis
665 1424 822 1503 perituram
841 1423 985 1497 Niniven,
1004 1426 1084 1506 atqui
1103 1445 1171 1485 mox

89 1524 143 1561 ruso
162 1500 350 1581 poenitentia
368 1499 403 1557 ad
430 1498 650 1559 clementiorem
676 1502 851 1560 sententiam
877 1501 998 1560 iollexus
1025 1512 1069 1560 est
1087 1500 1170 1577 (Ion.

94 1580 201 1655 ult).
240 1575 387 1637 Ezechiae
405 1588 531 1635 mortem
550 1596 605 1656 per
614 1597 647 1636 os
662 1576 771 1637 Ieeaiae
791 1578 1009 1657 pronuntiarat:
1028 1578 1064 1638 ad
1084 1598 1171 1657 quam

89 1656 236 1715 ll'ereodaru
261 1653 394 1733 lacrymis
415 1654 475 1711 eius
501 1665 531 1711 et
555 1654 691 1733 precibus
712 1664 877 1713 commotus
896 1666 941 1713 est
959 1654 1033 1732 (les.
1052 1658 1102 1725 38,
1120 1660 1169 1719 15.

89 1732 178 1813 .lleg.
196 1736 248 1805 20,
269 1732 340 1805 15.).
378 1730 457 1787 llinc
477 1742 719 1807 argumentantur
737 1730 831 1803 molti,
850 1730 947 1788 Deum
968 1752 1029 1789 non
1049 1742 1171 1791 aeterno

89 1819 163 1867 ereto
181 1827 230 1867 res
251 1805 401 1865 hominurn
421 1806 618 1865 constituisse:
640 1807 691 1866 sed
711 1819 800 1884 prout
819 1807 1042 1885 suntcuiusque
1057 1806 1172 1880 merita,

88 1883 101 1943 l
116 1894 200 1965 prout
217 1902 343 1973 aequum
363 1882 522 1943 acinetum
542 1894 652 1955 censet,
671 1882 801 1961 singulos
821 1881 851 1939 iu
872 1901 974 1953 anuos,
993 1882 1054 1941 dies
1067 1893 1098 1941 et
1115 1881 1171 1941 bo·

89 1982 114 2033 u,
130 1960 182 2020 boc
199 1958 250 2018 vel
269 1958 341 2018 rllnd
362 1958 529 2017 decernere.
572 1959 620 2017 De
641 1959 823 2038 poenitentia
843 1958 883 2016 sic
904 1956 1086 2030 habendum,
1109 1978 1171 2019 noo

89 2035 400 2193 ibiibi-iambi
421 2034 718 2169 {tlsieftlfflstltl
736 2034 946 2170 {tttlt'ta
961 2032 1172 2189 lllzt‘lt'l‘

90 2206 118 2247 ae
132 2189 327 2249 necessitatem
347 2187 482 2261 coniicit,
502 2188 568 2246 lleo
589 2188 798 2265 poenitentiam
820 2208 881 2247 nou
901 2186 1079 2259 tribuemus,
1099 2187 1171 2265 quin

89 2266 253 2345 utigoorare
275 2265 401 2323 dicamus
422 2264 489 2342 quid
516 2265 645 2323 futurum
669 2265 722 2337 sit,
753 2275 803 2322 aut
832 2264 966 2345 elingere
990 2285 1051 2323 non
1076 2284 1173 2343 posse,

89 2352 114 2401 ot
126 2343 342 2423 praecipitanter
360 2352 390 2399 ct
408 2340 621 2400 inconsiderate
640 2360 726 2400 ruere
745 2343 775 2398 io
800 2339 990 2413 sententiam,
1013 2339 1094 2400 cuius
1113 2350 1172 2401 sta-

89 2416 281 2498 inpoeniteat.
319 2416 354 2477 ld
374 2430 469 2476 autem
491 2429 602 2475 tantum
623 2418 704 2476 abest
724 2438 739 2477 a
760 2438 845 2476 sensu
865 2416 993 2495 Spiritus
1012 2417 1120 2489 sancti,
1139 2428 1173 2476 ut

89 2494 164 2579 lipsa
181 2494 382 2576 poenitentiae
400 2494 562 2567 mentione,
581 2494 776 2575 negctDeum
798 2492 990 2572 poenitudine
1009 2491 1085 2566 duci,
1105 2493 1175 2627 quia

90 2584 146 2629 onio
163 2594 220 2629 uun
238 2572 276 2629 sit
295 2590 382 2648 qoem
403 2570 556 2649 poenitere
575 2581 672 2648 queat.
710 2570 754 2627 alc
774 2568 936 2628 notandum
956 2581 999 2628 est
1017 2569 1047 2626 in
1069 2589 1104 2628 eo
1128 2590 1175 2628 cm

89 2648 153 2725 spite
168 2648 205 2706 sic
224 2660 379 2724 utriumque
396 2647 546 2723 coniungi,
567 2661 599 2704 ut
619 2648 796 2725 comparatio
816 2646 943 2723 speciem
963 2647 1176 2726 repugnantiae

89 2723 165 2799 ptime
183 2722 328 2783 conciliet.
367 2724 492 2780 Mutatio
514 2727 636 2801 liguratc
654 2724 789 2796 traditur,
809 2723 888 2801 quod
908 2722 1005 2780 Deum
1027 2722 1177 2799 poeniteat

89 2798 153 2858 nutis
169 2801 197 2858 io
216 2820 314 2879 regem
334 2800 433 2858 creati.
473 2800 563 2858 Paulo
584 2810 652 2878 post
671 2798 798 2858 additur:
824 2800 913 2871 „Non
933 2798 1094 2856 mentietur
1112 2797 1176 2856 lor-

89 2873 156 2934 titudo
172 2877 274 2947 lsrael,
301 2896 355 2934 nec
380 2875 569 2955 poenitudine
594 2876 745 2935 llectctur:
777 2876 846 2953 quia
871 2873 960 2933 bomo
982 2894 1042 2932 noo
1064 2885 1124 2947 est,
1143 2886 1177 2934 ut

89 2954 308 3031 unpoeniteaet
335 2952 375 3027 (l.
396 2954 473 3010 Satn.
493 2959 545 3025 15,
564 2956 637 3027 29).
689 2951 805 3025 Quibus
824 2950 922 3009 verbis
953 2949 1047 3029 palam
1068 2949 1117 3009 abs
1141 2970 1178 3009 ue

89 3022 155 3104 lgura
173 3027 384 3087 immutabilitas
408 3028 552 3087 asseritur.
596 3029 698 3107 ltaque
718 3028 776 3087 Dei
801 3027 1016 3087 ordinationem
1041 3025 1072 3084 in
1091 2972 1180 3085 rebus

90 3097 189 3165 limais
206 3104 446 3177 administrandis,
467 3117 497 3162 et
515 3125 569 3183 per
592 3118 687 3163 etaiam
701 3117 730 3162 et
743 3104 823 3162 omni
843 3102 1028 3182 poenitentia
1045 3102 1179 3181 superio-

93 3194 200 3239 rcuesse
217 3194 327 3240 certum
349 3193 402 3240 est.
441 3180 485 3240 Ac
506 3201 542 3239 ne
563 3125 649 3239 dubia
670 3193 745 3239 osset
765 3181 825 3238 cius
845 3184 1024 3251 constantia,
1043 3180 1178 3238 testimo-

97 3248 152 3309 uiun
165 3256 199 3316 illi
217 3258 340 3316 reddere
359 3258 402 3315 sui
414 3279 533 3336 qnoque
553 3257 708 3318 adversarii
728 3257 822 3315 coacti
842 3267 918 3315 sunt.
956 3255 1072 3314 Balaam
1088 3256 1177 3330 enim,

99 3326 255 3409 plisticam,
280 3334 309 3391 in
340 3333 412 3392 harre
431 3355 532 3393 vocem
551 3352 745 3414 prorumpere
766 3333 901 3410 oportuit
919 3331 1020 3410 (Nom.
1040 3337 1088 3406 23,
1108 3335 1180 3408 tlt),

100 3412 313 3469 noonselleum
341 3410 430 3469 instar
458 3411 580 3469 hominis
610 3422 643 3468 ut
667 3409 840 3482 mentiatur,
869 3428 923 3467 nec
949 3408 1030 3487 qnasi
1056 3408 1180 3468 hominis

99 3476 164 3564 lulium
178 3498 203 3543 ut
217 3498 359 3546 mutetur:
382 3508 413 3545 ac
434 3487 496 3544 lueri
518 3509 576 3546 non
598 3506 695 3565 posse,
715 3497 747 3543 ut
766 3506 827 3546 non
848 3484 934 3545 saciat
952 3484 1181 3564 quiequiddixe·

98 3565 134 3629 ΙΙΙ,
148 3572 171 3616 ut
185 3584 234 3621 nou
253 3562 375 3640 impleat
394 3561 531 3641 quiequid
553 3563 690 3641 loquutus
710 3563 756 3621 sit.

150 3643 185 3702 ld·
219 3639 300 3714 Quid
321 3659 392 3717 ergo
416 3640 471 3696 sibi
490 3638 552 3697 vult
577 3639 776 3718 poeniteutiae
800 3637 930 3697 nornen?
967 3636 1082 3718 Nempe
1102 3636 1183 3715 qnod

94 3704 241 3775 aliatouroes
261 3716 402 3794 loquendi
423 3714 576 3786 formulae,
595 3736 670 3794 quac
681 3715 777 3772 Deum
799 3715 962 3773 humanitus
974 3712 1061 3772 nobis¹
1074 3712 1183 3771 descri-

93 3779 152 3847 ltot.
183 3792 258 3867 Quia
280 3792 358 3849 euim
383 3791 419 3849 ad
444 3792 505 3850 eius
529 3791 709 3850 altitudinem
737 3811 798 3850 nou
824 3791 966 3871 pertingit
986 3802 1084 3848 nostra
1103 3788 1183 3847 insir-

91 3860 158 3937 mitas,
173 3890 242 3947 quae
264 3868 350 3927 nobis
370 3869 494 3927 traditur
514 3869 574 3926 eius
591 3866 759 3946 descriptio,
779 3866 814 3925 ad
835 3879 951 3945 captum
971 3879 1102 3925 nostrum
1114 3864 1185 3923 sub-

90 3936 199 4005 mittenda
219 3958 280 4017 est,
298 3957 332 4002 nt
351 3965 367 4002 a
388 3944 472 4004 nobis
493 3944 681 4025 intelligatur.
720 3944 800 4002 llaec
821 3956 865 4001 est
885 3964 975 4021 porro
994 3940 1185 4001 submittendi

90 4015 152 4091 uta,
167 4034 198 4080 ut
215 4042 246 4080 se
265 4020 352 4080 talem
374 4020 464 4079 nobis
478 4021 600 4101 figuret,
619 4040 681 4078 non
723 4020 793 4078 ualis
813 4020 843 4076 iu
863 4039 894 4077 se
915 4030 969 4090 est,
987 4017 1038 4076 sed
1058 4015 1149 4093 qualis
1169 4037 1186 4075 a

89 4090 153 4177 polis
173 4098 304 4157 sentitur.
353 4096 440 4157 Extra
464 4117 583 4155 omnem
609 4042 839 4173 perturbationis
863 4094 1000 4155 allectum
1026 4112 1115 4170 quum
1139 4091 1188 4165 sit,

89 4172 151 4229 rusci
168 4195 197 4232 se
215 4173 417 4253 peccatoribus
436 4184 568 4236 testatur.
609 4171 866 4246 Quemadmodum
887 4190 976 4252 ergo,
996 4189 1085 4247 quum
1104 4167 1188 4226 audi-

89 4258 134 4304 ttus
144 4248 233 4309 Deum
253 4249 370 4321 iratum,
389 4250 539 4329 imaginari
561 4270 621 4307 non
643 4249 782 4307 debemus
801 4246 923 4325 aliquam
943 4248 972 4305 in
993 4245 1057 4323 ipso
1077 4244 1187 4301 motio-

89 4334 148 4396 ten,
163 4327 212 4385 sed
223 4337 360 4405 reputare
373 4326 468 4405 potius
479 4325 683 4404 loquutiouem
695 4326 769 4384 banc
788 4345 804 4382 a
823 4345 908 4383 seusu
923 4332 1024 4383 nostro
1034 4332 1190 4399 sumptam,
