2700 4732
391 172 407 187 -
500 226 578 287 tus.
597 224 655 289 111.
695 224 785 287 ttae.
805 225 863 289 111.
1200 236 1260 301 385

110 373 274 434 cionantur
294 370 429 434 Claristus
448 369 595 432 Dominus
614 382 644 430 et
664 371 792 432 {munes
811 370 974 450 (blattina,
991 376 1052 455 2):
1071 374 1258 449 „Paeniten-

108 450 184 511 tiam
244 448 575 541 'te,.appropinquavit
595 448 673 508 enim
697 468 821 530 reguum
842 449 1033 510 coelorum:“
1058 472 1157 512 aunon
1185 453 1257 512 resi·

134 526 215 607 isceu
239 528 249 587 i
272 546 388 585 causam
419 524 456 584 ab
489 546 549 613 apsa
584 527 678 605 gratia
708 537 739 584 et
769 524 868 587 salutis
900 526 1094 607 promissione
1125 528 1257 590 ducunt?

109 548 245 663 beriade
264 622 337 683 crgo
357 601 455 661 valent
475 621 579 660 eorum
598 599 687 661 rerba
706 601 765 661 acsi
791 602 941 679 dicerent,
971 604 1121 678 Quoniam
1146 626 1256 685 appro-

110 678 268 761 pinquavit
289 698 414 759 regnum
433 676 597 750 coelorum,
617 674 685 738 ideo
706 678 874 756 resipiscite.
915 680 989 739 Nam
1011 681 1184 755 Matthaeus,
1203 682 1256 743 ubi

106 755 155 829 sis
174 754 358 837 praedicasse
376 754 520 821 Ioannem
541 754 684 829 narravit,
712 754 863 833 impletum
889 756 920 815 in
946 756 1009 834 ipso
1038 757 1124 817 luisse
1144 758 1256 818 lesaiae

111 831 283 893 vaticinium
303 834 366 908 (to,
384 832 429 905 3.)
460 830 548 889 docet
574 830 611 889 de
635 850 712 890 voce
739 831 768 889 in
789 831 907 892 deserto
933 832 1092 895 clamante:
1127 835 1255 907 „Parate

111 908 192 967 viam
212 907 346 980 Domini,
366 919 460 967 rectas
480 907 567 966 lacite
587 907 770 967 semitasDei
793 910 917 968 nostri.“
930 944 941 961 ι
955 909 1065 968 Verum
1086 910 1163 1002 apud
1178 911 1255 970 Pro-

136 984 236 1045 betsm
252 983 303 1043 illa
321 1004 381 1043 ros
400 984 520 1044 iubetur
543 1002 559 1042 a
586 982 790 1043 consolatione
811 996 841 1044 et
865 986 944 1045 laeto
971 988 1077 1046 nuntio
1102 987 1253 1047 tncboare.

146 1080 226 1140 eque
243 1072 356 1131 tamen,
389 1081 478 1139 quum
504 1059 723 1140 resipiscentiae
748 1061 894 1141 originem
919 1060 955 1120 ad
982 1061 1066 1122 fidem
1087 1062 1254 1136 referimus,

111 1136 242 1217 spatium
261 1135 392 1216 ,aliquod
421 1136 564 1215 temporis
591 1136 786 1209 somniamus,
815 1157 875 1216 quo
907 1139 998 1218 ipsam
1018 1140 1175 1217 parturiat:
1200 1140 1253 1200 sed

110 1212 274 1275 ostendere
292 1213 440 1289 volumus,
459 1232 522 1273 uon
542 1231 628 1292 posse
648 1212 796 1271 bominem
818 1213 1017 1293 poenitentiae
1037 1216 1114 1276 serio
1133 1216 1255 1277 studere

110 1289 172 1351 nisi
190 1308 223 1351 sc
242 1290 299 1351 Dei
318 1308 382 1349 esse
401 1290 528 1349 noverit.
573 1289 630 1348 Dei
649 1300 746 1363 autem
767 1308 798 1349 se
819 1310 881 1349 esse
901 1310 990 1350 nemo
1010 1306 1080 1351 vere
1099 1313 1253 1371 persuasus

110 1376 170 1441 est,
190 1366 247 1427 nisi
266 1366 317 1446 qui
336 1366 398 1425 eius
410 1366 532 1447 gratiam
552 1364 633 1444 prius
652 1386 667 1425 a
692 1365 889 1426 'rebenderib
928 1366 988 1427 Sed
1008 1366 1081 1428 baec
1099 1368 1254 1431 dilucidius

110 1445 143 1504 isa
164 1442 231 1523 ipso
251 1462 410 1524 progressu
430 1442 636 1502 edisserentur.
702 1441 794 1501 elellit
814 1463 865 1503 cos
886 1444 964 1502 sorte
977 1443 1057 1524 quod
1078 1444 1161 1504 multi
1179 1466 1252 1505 con·

111 1519 254 1581 scientiae
273 1519 431 1599 pavoribus
455 1531 524 1578 ante
549 1519 720 1591 domantur,
753 1517 797 1577 vel
822 1519 987 1579 formantur
1011 1520 1046 1580 ad
1067 1521 1254 1600 obsequium,

133 1616 200 1657 mm
220 1594 328 1657 imbuti
349 1594 459 1654 luerint
478 1595 649 1677 cognitione
668 1594 791 1687 gratiae,
812 1595 870 1655 imo
892 1616 954 1655 eam
973 1599 1155 1677 gustaverint
1175 1598 1250 1688 [vid.
1321 1623 1325 1631 ·

159 1672 199 1733 lv.
220 1671 249 1731 iu
270 1672 337 1731 Act
355 1678 406 1744 ⁸20,
426 1671 498 1752 ⁶21.].
538 1673 637 1750 Atque
658 1671 704 1731 luc
729 1683 772 1730 est
793 1672 910 1731 initialis
930 1673 1034 1747 timor,
1059 1694 1145 1753 quem
1174 1686 1253 1735 anter

114 1748 241 1810 virtutes
261 1748 380 1829 quidam
399 1760 569 1818 recensent,
598 1748 667 1827 quis
684 1766 770 1808 verae
798 1762 828 1807 et
853 1749 946 1809 iustae
966 1748 1154 1810 obedientiae
1178 1771 1252 1841 pro-

112 1824 260 1907 pinquum
281 1844 343 1885 csse
363 1836 497 1883 cernunt
537 1824 597 1883 Sed
618 1845 678 1884 non
700 1824 746 1883 bic
766 1826 872 1905 agitur,
892 1847 977 1905 quam
997 1826 1077 1886 varie
1097 1827 1252 1887 noslbri-

110 1914 175 1963 stus
194 1900 232 1961 ad
251 1921 284 1963 se
302 1900 414 1974 trabat,
440 1901 484 1960 vel
506 1912 660 1979 praeparet
678 1902 713 1961 ad
734 1901 848 1981 pietatis
867 1902 1010 1963 studium:
1038 1913 1152 1961 tantum
1173 1903 1253 1978 dico,

111 1977 227 2039 nullam
250 1976 456 2039 rectitudinem
477 1998 562 2056 posse
589 1976 726 2050 inveniri,
752 1978 801 2037 ubi
825 1998 887 2038 non
912 1990 1017 2059 regnat
1036 1980 1162 2059 Spiritus
1188 1978 1252 2057 ille,

134 2076 204 2117 uem
223 2074 290 2115 accc
314 2054 337 2113 it
356 2065 389 2112 ut
408 2073 473 2113 eum
494 2053 631 2113 membris
649 2054 705 2113 suis
719 2056 957 2115 communicaret.
995 2055 1124 2130 Deinde,
1144 2076 1252 2116 secun-

134 2152 187 2191 um
205 2129 276 2191 illud
294 2076 404 2193 l’salnri
425 2132 508 2208 (130,
520 2131 576 2207 ·l.):
598 2130 706 2210 „Apud
726 2142 757 2189 te
777 2141 821 2190 est
841 2132 1013 2225 propitiatio
1033 2144 1066 2191 ut
1085 2133 1253 2192 timearis:“

110 2226 206 2269 nemo
225 2228 354 2289 unquam
374 2206 471 2265 Deum
493 2207 685 2281 reverebitur,
706 2206 759 2265 nisi
779 2209 829 2287 qui
849 2207 905 2269 sibs
925 2208 1084 2288 propitium
1105 2208 1251 2268 confidet:

112 2304 206 2345 metuo
225 2304 258 2345 sc
278 2284 313 2343 ad
333 2282 420 2418 Legis
448 2282 683 2342 observationem
718 2283 846 2344 libenter
864 2285 1014 2376 accinget,
1040 2285 1095 2344 nisi
1115 2285 1164 2363 qui
1184 2305 1254 2364 per·

112 2380 216 2421 suasus
235 2360 293 2420 erit
313 2361 340 2419 ei
365 2380 483 2438 parere
502 2380 551 2421 sua
571 2358 728 2438 obsequia:
754 2383 829 2440 quae
854 2362 882 2420 io
910 2362 1093 2442 agnoscendo
1118 2373 1148 2420 et
1173 2360 1253 2421 tole-

111 2435 214 2498 randis
235 2436 315 2497 vitiis
340 2435 521 2515 indulgentia
546 2436 661 2516 signum
683 2448 727 2496 est
750 2438 864 2517 paterni
889 2437 1003 2499 laveris.
1049 2438 1140 2512 Quod
1162 2438 1251 2499 etiam

112 2515 298 2579 demonstrat
317 2513 366 2573 illa
386 2513 503 2571 lloseae
522 2516 567 2585 (6,
587 2518 630 2589 1.)
651 2513 827 2573 exhortatio:
848 2514 994 2588 ‚,Venite,
1014 2527 1195 2576 revertamur
1214 2514 1251 2575 ad

111 2590 272 2651 Iebovam:
300 2592 368 2670 quia
388 2589 450 2669 ipse
471 2589 582 2667 rapuit,
614 2601 643 2648 et
667 2590 778 2649 sanabit
800 2612 866 2651 nos:
897 2592 1055 2683 percussit,
1080 2586 1110 2650 et
1135 2592 1252 2651 curabit

113 2670 208 2727 nos:“
239 2667 306 2746 quia
325 2686 391 2746 spes
412 2667 512 2724 veniae
532 2677 668 2744 tanquam
690 2667 821 2726 stimulus
842 2668 972 2741 addatur,
994 2688 1032 2726 ne
1053 2668 1081 2726 in
1103 2668 1160 2727 suis
1203 2688 1251 2728 ec·

116 2742 189 2803 catis
207 2754 354 2823 torpeant.
395 2742 485 2801 Omni
512 2754 608 2800 autem
641 2742 763 2801 rationis
788 2746 885 2821 specie
910 2755 991 2803 caret
1016 2763 1118 2802 eorum
1145 2690 1252 2802 delira-

116 2829 265 2892 mentum,
288 2819 339 2899 qui
364 2830 397 2878 ut
421 2840 438 2875 a
464 2818 644 2897 poenitentia
667 2819 869 2893 exordiantur,
897 2832 994 2880 certos
1015 2821 1075 2879 dies
1099 2820 1155 2879 suis
1177 2840 1252 2879 neo-

140 2894 219 2975 tysis
229 2894 439 2975 praescribunt,
460 2915 513 2974 per
525 2915 599 2972 quos
618 2915 649 2955 se
670 2896 698 2954 in
721 2895 931 2974 poeniteutiam
952 2908 1122 2955 exerceant:
1144 2896 1250 2975 quibus

113 2918 234 3031 demum
254 2971 422 3045 transactis,
447 2971 476 3030 in
498 2971 576 3030 Euan
602 2971 691 3031 elicae
712 2971 822 3052 gratiae
842 2973 1081 3033 communionem
1100 2972 1178 3050 ipsos
1200 2971 1252 3031 ad·

111 3048 244 3107 mittunt.
292 3048 338 3108 De
364 3047 495 3126 plurimis
515 2992 773 3127 Anabaptistarum
798 3048 920 3128 loquor:
941 3048 974 3108 iis
995 3038 1177 3127 praesertinl,
1199 3047 1251 3127 qui

111 3124 278 3205 spirituales
299 3124 401 3184 baberi
421 3125 493 3183 mire
512 3125 652 3204 gaudent,
673 3143 835 3204 eorumque
854 3125 1001 3186 sodalibus
1018 3124 1144 3195 Iesuitis,
1164 3136 1194 3184 et
1213 3125 1252 3185 si·

111 3200 231 3261 milibus
250 3202 420 3281 quisquiliis.
464 3199 549 3260 'l'ales
570 3202 681 3260 scilicet
706 3202 817 3263 fructus
836 3203 953 3293 profert
972 3202 1091 3282 spiritus
1112 3202 1162 3261 ille
1181 3221 1250 3261 ver-

110 3276 233 3373 tiginis,
252 3289 286 3336 ut
305 3277 530 3368 poenitentiam,
556 3299 630 3356 quae
651 3278 679 3336 in
701 3290 793 3337 totam
813 3292 904 3339 vatam
924 3276 1113 3361 proroganda
1132 3289 1177 3339 est
1196 3277 1252 3340 bo·

109 3354 186 3416 mani
206 3353 386 3427 Christiano,
407 3355 503 3434 paucis
525 3353 644 3413 dieculis
665 3355 810 3413 terminet.

189 3437 218 3495 3.
258 3431 416 3493 Caeterum
437 3431 473 3489 de
494 3431 676 3511 poenitentia
697 3431 777 3490 docti
802 3431 1011 3510 quidamviri,
1040 3431 1091 3491 lou
1116 3452 1133 3492 e
1158 3433 1249 3492 etiam

109 3517 184 3568 ante
205 3508 276 3567 baec
295 3519 447 3587 tempora,
472 3529 560 3586 quum
586 3508 664 3566 iuxta
683 3507 852 3586 Scripturas
877 3507 1008 3588 regulam
1028 3450 1199 3589 simpliciter
1219 3520 1251 3570 et

109 3585 228 3644 sincere
248 3583 328 3676 loqui
349 3583 468 3658 vellent,
489 3584 624 3642 dixerunt
640 3595 776 3642 constare
797 3583 906 3644 duabus
925 3584 1066 3664 partibus,
1085 3585 1246 3645 mortifica-

109 3662 198 3720 tione
218 3672 248 3721 et
266 3661 472 3721 vivificatione.
521 3659 781 3719 blortiltcationcm
808 3661 1041 3740 interpretantur
1060 3663 1172 3721 animae
1194 3661 1251 3721 do-

109 3737 226 3810 lorem,
245 3750 276 3797 et
294 3750 439 3797 terrorem
460 3757 493 3796 er
513 3736 664 3817 agnitione
692 3736 804 3815 peceati
824 3748 854 3794 et
872 3758 958 3796 sensu
978 3737 1079 3798 iudicii
1096 3738 1155 3796 Dei
1175 3756 1251 3796 cou-

109 3825 240 3891 ceptum.
292 3814 353 3873 Ubi
375 3813 452 3873 enim
473 3815 536 3892 quis
561 3813 592 3871 in
618 3832 717 3872 veram
742 3813 855 3893 peccati
879 3814 1082 3906 cognitionem
1108 3802 1257 3875 adductus

110 3901 168 3960 cst,
186 3901 247 3949 tum
261 3911 330 3950 vere
350 3900 499 3970 peccatum
515 3889 610 3949 odisse
631 3901 662 3949 et
681 3891 821 3948 exsecrari
843 3890 959 3969 incipit:
981 3902 1042 3949 tum
1063 3890 1120 3951 sibi
1139 3892 1195 3970 ipsi
1215 3910 1251 3950 ex

110 3965 213 4025 auimo
235 3966 385 4046 displicet,
405 3966 541 4024 miserum
562 3985 594 4025 se
615 3979 645 4024 et
669 3966 814 4045 perditum
836 3967 958 4041 latetur,
978 3979 1009 4026 et
1028 3966 1115 4026 alium
1136 3987 1167 4026 se
1187 3984 1251 4027 csse
1315 4002 1319 4009 ·

109 4053 205 4121 optet
253 4044 373 4103 Adbaee
405 4042 456 4100 ubi
483 4063 568 4100 sensu
597 4044 696 4122 aliquo
723 4042 821 4102 iudicii
841 4043 899 4101 Dei
924 4055 1019 4103 tactus
1045 4043 1250 4122 est(alterum

107 4120 190 4178 euim
212 4140 245 4179 ex
265 4120 358 4178 dltcro
383 4120 518 4199 protinus
538 4121 702 4196 sequitur),
723 4130 784 4176 tum
805 4141 875 4179 vero
898 4120 1045 4198 perculsus
1068 4140 1101 4179 ac
1119 4130 1252 4179 conster-
1333 4162 1338 4175 ,

107 4207 197 4254 natus
217 4196 304 4264 iacet,
326 4195 489 4255 humiliatus
509 4216 543 4254 ac
564 4196 692 4255 deiectus
714 4195 830 4271 tremit,
850 4200 977 4255 animum
999 4195 1178 4276 despondet,
1199 4195 1252 4254 de-

107 4282 220 4348 sperat
267 4274 350 4333 llaec
398 4273 458 4330 rior
484 4272 685 4350 poenitentiae
718 4292 799 4349 pars,
831 4292 917 4351 quam
942 4271 1031 4353 vulgo
1056 4274 1254 4333 contritionem

109 4348 257 4408 dixerunt.
296 4296 533 4410 Vividcationern
553 4349 785 4428 interpretantur
794 4349 1039 4419 consolationem,
1054 4369 1129 4429 quae
1148 4348 1252 4409 exfidc

136 4447 230 4493 carvin
243 4450 362 4494 suntrana
379 4451 398 4494 1.
1008 4431 1048 4490 ‘25
