2700 4732
96 192 158 259 m
309 162 327 187 “
484 184 952 271 mmmm,

96 331 257 397 scindenda
276 329 390 394 scilicet
408 349 472 391 esse
491 318 591 405 corda,
609 350 672 392 noo
690 333 875 396 vestimenta.
925 334 1014 396 Extra
1039 334 1160 397 dubium
1180 350 1240 414 est,

95 431 160 472 non
179 431 295 491 semper
335 407 515 483 penitentiae
535 408 694 468 cohaerere
714 410 871 486 ieiunium,
894 413 945 471 sed
966 412 1139 475 calamitosis
1157 425 1240 474 tem-

119 486 220 548 oribus
239 430 429 567 peculiariter
453 484 606 544 destinari:
638 485 717 545 unde
743 498 774 547 et
802 508 868 547 cum
899 487 977 549 lucto
1004 490 1197 571 coniungitur
1218 512 1239 552 a

95 509 219 627 {bristo
249 561 370 643 (lllattb.
387 567 418 636 9,
437 561 516 637 lb),
536 561 605 621 dum
624 561 787 642 Apostolos
806 563 842 623 ab
863 565 925 625 eius
945 565 1117 626 necessitate
1136 566 1239 627 absol·

96 642 150 716 vit,
180 641 277 701 donee
296 659 347 700 sua
367 637 532 717 praesentia
557 636 654 697 orbati
681 659 819 700 moerore
850 641 1082 703 conficerentur:
1112 643 1149 703 de
1172 644 1240 704 sol-

95 716 180 779 lenni
199 716 310 777 ieiunio
330 715 359 774 lo
383 734 447 773 uor.
497 713 573 774 Nam
603 715 718 794 piorum
748 717 808 776 vita
835 716 1003 799 frugalitate
1024 730 1054 777 et
1073 719 1239 781 sobrietate

95 805 258 874 temperata
278 811 341 852 esse
360 735 461 865 debet,
480 801 514 850 ut
532 791 562 849 in
584 802 649 851 toto
670 791 731 853 eius
752 791 873 853 decursu
895 794 1035 874 quaedam
1051 795 1153 856 ieiunii
1167 816 1240 877 spe·

95 871 156 932 cies
176 870 365 930 continenter
384 877 531 946 appareat.
558 867 667 927 Verum
687 878 750 928 tota
770 867 819 929 illa
840 890 895 941 res,
915 871 983 949 quia
1001 892 1110 944 rursus,
1129 873 1182 933 obi
1196 873 1240 933 de

96 946 236 1009 ecclesiae
256 944 407 1025 disciplina
430 955 550 1034 agetur,
581 944 761 1026 expedienda
786 947 843 1007 erit
872 947 938 1027 (lib.
957 954 986 1011 4.
1006 968 1030 1008 e.
1050 951 1125 1027 12),
1154 970 1240 1012 nune

97 1024 215 1107 parcius
235 1043 251 1083 a
271 1041 320 1081 me
338 1021 505 1101 attingitur.

172 1104 222 1165 18.
259 1098 327 1163 Hoc
346 1109 444 1157 tamen
465 1095 560 1156 adhuc
578 1095 717 1158 inseram:
737 1119 827 1178 quum
846 1099 882 1161 ad
903 1100 979 1162 banc
998 1112 1145 1162 externam
1164 1100 1247 1181 pro?

94 1176 256 1239 sessionem
285 1173 469 1239 transfertur,
493 1192 603 1232 nomen
626 1176 836 1249 poenitentioe,
869 1179 1030 1257 improprie
1059 1199 1076 1238 a
1102 1179 1239 1259 genuino

94 1253 149 1314 illo
167 1274 255 1313 sensu
276 1272 362 1331 quem
384 1250 469 1329 posui
489 1248 616 1309 deflecti.
654 1251 759 1331 Neque
784 1254 861 1312 enim
882 1266 939 1315 tato
961 1266 1004 1314 est
1023 1255 1180 1315 conversio
1198 1254 1240 1316 ad

94 1330 205 1405 Deum,
224 1350 311 1409 quarn
324 1323 427 1407 culpae
447 1326 612 1400 consessio,
631 1348 696 1386 cum
716 1348 831 1408 poenae
851 1341 881 1391 et
900 1342 997 1391 reatus
1017 1331 1238 1411 deprecatione.

34 1404 42 1421 '
96 1406 149 1467 sic
170 1403 384 1487 poeniteutiam
408 1422 496 1483 agere
520 1401 550 1461 in
575 1402 674 1463 cinere
702 1417 733 1464 et
752 1405 848 1466 cilicio
878 1407 998 1485 (lllattb.
1018 1415 1067 1481 11,
1084 1413 1132 1471 21.
1161 1408 1238 1467 Luc.

94 1483 237 1559 10‚13.),
257 1478 330 1540 nibil
349 1476 427 1549 aliud
449 1490 503 1552 est,
533 1498 620 1556 quam
640 1480 741 1539 testari
761 1480 990 1560 displicentiam,
1021 1481 1072 1541 ubi
1090 1480 1175 1542 Deus
1193 1482 1237 1543 ol)

95 1578 198 1641 paves
218 1555 349 1617 oliensas
368 1554 456 1616 nobis
474 1553 617 1615 irascitur.
637 1620 641 1627 ,
675 1555 774 1636 Atque
800 1559 871 1618 baec
895 1559 1014 1638 quidem
1040 1557 1238 1620 consessionis

93 1635 207 1715 species
228 1631 344 1713 publiea
364 1643 424 1706 est,
456 1652 512 1710 qna
532 1651 589 1692 nos
608 1632 779 1694 damnantes
800 1654 897 1695 coram
917 1634 1028 1717 augelis
1055 1646 1085 1694 et
1111 1632 1238 1709 mundo,

116 1712 297 1772 raeseuimus
315 1708 456 1769 iudicium
476 1706 545 1766 Dei.
583 1709 658 1768 Naro
679 1728 781 1769 eorum
801 1730 832 1770 se
855 1712 955 1770 uitiem
974 1731 1142 1793 coarguens
1158 1710 1239 1771 Pau·

93 1734 141 1851 los
160 1789 199 1867 (Ι.
220 1787 456 1861 Cor.11,31.),
478 1785 528 1864 qui
545 1785 674 1918 Beccatis
693 1786 751 1845 sois
771 1731 939 1868 induigeut:
960 1788 1019 1863 „Si
1039 1787 1239 1848 indicaremus

94 1866 249 1944 nosipsos
269 1862 407 1942 (iuquit),
427 1882 487 1921 uon
509 1880 526 1919 a
577 1880 613 1921 co
637 1860 863 1922 indicaremus·
901 1864 962 1923 Sed
983 1863 1118 1925 homines
1136 1864 1240 1931 lacere

93 1941 189 2024 palam
210 1941 345 2001 conscios
366 1950 397 1999 et
415 1949 504 1998 testes
523 1948 641 1997 nostrae
661 1938 716 1998 resi
739 1938 887 2015 isceutiae,
907 1961 968 2001 non
987 1961 1104 2019 semper
1122 1952 1169 2001 est
1180 1958 1238 1999 ne·

95 2020 267 2081 sessanum:
288 2015 424 2096 privatim
444 2025 541 2074 autem
561 2013 629 2073 Deo
650 1960 801 2087 coniteri,
819 2036 887 2105 pars
907 2029 951 2077 est
970 2038 1056 2077 verae
1075 2016 1239 2096 poeniten·

95 2097 167 2168 tiae,
198 2112 273 2174 quae
305 2092 401 2152 omitti
427 2111 489 2150 non
521 2101 629 2169 potest.
668 2090 748 2152 Nibil
779 2110 856 2151 enmr
877 2094 971 2155 minus
991 2106 1237 2167 consentaneum,

95 2193 183 2253 quatu
202 2182 237 2229 ut
278 2181 376 2229 cecata
396 2170 531 2250 ignoscat
548 2166 646 2241 Deus,
677 2168 708 2226 in
737 2166 842 2247 quibus
867 2169 954 2229 nobis
977 2170 1030 2249 ipsi
1050 2168 1236 2229 blandimurl

95 2262 128 2310 et
147 2267 185 2325 ne
205 2248 235 2307 in
255 2190 350 2307 locem
371 2243 515 2321 proferat,
534 2244 730 2323 praetegimus
750 2264 804 2335 per
822 2243 1000 2325 hypocrisin.
1037 2246 1101 2305 Nee
1117 2256 1236 2305 tanturn

94 2344 171 2405 quae
191 2322 324 2403 quotidie
343 2320 520 2383 admittimus
541 2332 660 2399 peccata
679 2318 764 2380 lateri
787 2323 943 2381 convenit:
963 2344 1064 2382 uerum
1084 2320 1238 2403 graviores

94 2402 191 2480 lapsus
212 2399 329 2479 lougius
348 2397 465 2458 trahere
484 2416 540 2456 nos
566 2395 691 2470 debent,
723 2408 811 2475 atque
841 2398 871 2457 iu
896 2399 1067 2458 memoriam
1093 2416 1238 2459 revocare

117 2498 170 2536 uas
190 2475 328 2534 videntur
346 2473 460 2553 pridem
479 2471 606 2551 sepulta:
628 2472 708 2552 quod
729 2473 860 2553 exemplo
880 2496 934 2533 suo
955 2474 1041 2535 nobis
1060 2473 1238 2554 praescribit

125 2552 189 2614 auid
201 2552 264 2630 (Ps.
278 2558 327 2623 51,
340 2558 369 2615 5.
381 2552 442 2628 ss).
462 2549 572 2608 Tactus
585 2549 663 2608 euim
683 2552 809 2609 recentis
828 2551 931 2631 flagitii
951 2551 1076 2630 pudore,
1094 2552 1235 2630 seipsum

95 2628 239 2692 examinat
257 2626 402 2706 usquead
423 2625 521 2685 matris
541 2638 671 2698 uterum,
692 2636 722 2683 et
740 2627 872 2705 agnoscit
892 2628 946 2686 iam
967 2639 1037 2687 tunc
1057 2627 1146 2688 fuisse
1165 2647 1236 2687 cor·

93 2717 214 2787 ruptum
235 2716 265 2764 et
283 2704 425 2763 iniectum
446 2701 540 2763 earnis
560 2700 634 2761 labe.
672 2702 777 2781 Neque
796 2702 826 2761 id
846 2715 879 2761 ut
904 2704 1019 2782 culpam
1043 2725 1122 2764 suam
1153 2715 1236 2764 exte-

94 2795 183 2846 nuet:
203 2782 287 2842 sicuti
309 2779 394 2839 multi
412 2780 442 2839 iu
464 2778 549 2839 turba
568 2798 599 2838 se
620 2779 784 2852 occultant,
817 2791 847 2837 ct
866 2779 937 2839 alios
957 2802 1054 2839 secum
1075 2779 1235 2840 involven-

96 2863 147 2935 do,
166 2859 368 2939 impunitatem
389 2867 516 2936 captant
555 2855 660 2947 Longe
680 2855 764 2914 aliter
784 2855 887 2927 David,
908 2856 958 2936 qui
975 2857 1103 2936 ingenue
1117 2853 1236 2937 culpam

96 2947 262 3019 exaggerat,
283 2934 362 3014 quod
383 2954 398 2993 a
419 2933 512 3013 prima
532 2932 653 2991 infantia
673 2946 838 3012 corruptus,
857 2954 918 2991 nou
939 2933 1059 2991 desierit
1076 2932 1153 2994 mala
1172 2954 1237 2993 ma·

94 3014 133 3077 lis
152 3012 310 3077 cumulare.
363 3009 432 3069 Alio
453 3010 538 3068 ctiam
560 3008 627 3068 loco
659 3008 721 3083 (l’s.
741 3014 791 3082 25,
809 3011 854 3085 7.)
886 3008 944 3067 tale
965 3013 1138 3088 praeteritae
1156 3010 1236 3071 ritae

96 3110 216 3152 examen
236 3086 373 3166 suscipit,
403 3097 436 3144 ut
455 3085 670 3145 adolescentiae
689 3103 758 3144 suae
778 3085 904 3164 peccatis
924 3085 1154 3145 misericordiam
1174 3084 1237 3146 Dei

93 3168 135 3229 im
158 3166 243 3225 loret.
281 3164 321 3222 Et
340 3173 421 3223 certe
440 3172 511 3220 tunc
531 3161 647 3219 demum
666 3181 805 3239 soporem
825 3161 911 3221 nobis
927 3181 989 3220 esse
1002 3181 1151 3222 excussum
1162 3183 1235 3242 pro·

94 3190 239 3307 habimus,
258 3241 282 3299 si
302 3237 449 3320 gemendo
470 3236 524 3296 sub
545 3257 650 3310 onere,
669 3236 801 3316 malaque
822 3249 922 3298 nostra
941 3238 1091 3313 deflendo,
1109 3238 1236 3299 levatio-

94 3340 165 3381 nem
185 3339 201 3377 a
221 3317 288 3376 Deo
310 3326 451 3395 petemus.
497 3313 666 3371 Notandum
687 3327 839 3392 praeterea
858 3327 916 3389 est,
953 3315 1165 3394 poeniteutiam
1186 3314 1236 3375 cui

94 3395 209 3459 assidue
227 3390 397 3453 incumbere
418 3389 562 3461 iubemur,
581 3388 617 3448 ab
638 3409 671 3448 ea
695 3390 815 3449 dillerre
836 3412 910 3468 quae
928 3392 1010 3451 velut
1029 3413 1045 3451 a
1065 3404 1163 3451 morte
1183 3412 1236 3453 ex-

6 3524 10 3537 .
95 3475 183 3545 citat,
203 3469 253 3549 qui
271 3467 316 3526 vel
338 3466 450 3546 turpius
470 3466 650 3537 ceciderant,
670 3466 717 3525 vel
739 3467 846 3525 ellreui
867 3467 983 3526 licentia
1002 3490 1033 3527 se
1047 3468 1237 3546 proiecerant

95 3550 133 3610 ad
157 3544 354 3628 peccandum,
384 3543 429 3602 vel
457 3542 580 3622 quadam
606 3543 781 3602 desertionis
804 3544 903 3622 specie
931 3555 1112 3610 excusserant
1132 3544 1235 3626 iugum

94 3625 166 3686 Dei.
214 3624 288 3685 Nam
310 3619 462 3699 Scriptura
487 3619 660 3697 saepedum
683 3619 870 3680 liortaturad
892 3622 1120 3698 poeniteutiam,
1150 3621 1237 3699 quasi

39 3708 48 3718 ''
93 3701 250 3764 transitum
270 3709 300 3757 et
321 3698 566 3757 resurrectionem
587 3716 603 3753 a
623 3707 720 3755 morte
744 3696 774 3754 in
801 3697 887 3755 vitam
915 3698 1074 3787 siguificat:
1103 3708 1134 3756 et
1164 3698 1237 3758 dum

94 3779 190 3842 relect
209 3774 351 3857 populum
372 3773 465 3853 egisse
485 3772 714 3853 poeniteutiam,
739 3773 775 3832 als
801 3773 968 3835 idololatria
991 3774 1052 3833 aliis
1074 3792 1110 3832 ue
1131 3775 1237 3835 crassis

94 3853 256 3918 sceleribus
276 3870 448 3911 conversum
470 3848 558 3908 luisse
578 3848 725 3929 iutelligit.
767 3849 834 3923 Qua
859 3850 975 3909 ratione
995 3796 1101 3910 Patrios
1121 3847 1236 3911 luctum

94 3927 300 4014 peccatoribus
317 3926 479 3999 denuntiat,
498 3925 548 4003 qui
583 3925 775 3984 oeuitentiam
788 3947 848 3986 unu
863 3938 989 4005 egerunt
1000 3946 1088 4006 super
1101 3925 1238 4003 lasciviis,

94 4007 275 4071 scortatione
296 4015 328 4063 et
345 4001 524 4083 impudicitia
543 3946 599 4078 (ll.
612 4002 684 4063 (ior.
699 4009 747 4077 12,
758 4007 830 4078 ut).
857 4004 924 4063 Hoc
939 4003 1092 4062 discrimen
1106 4002 1237 4084 diligen-

83 4098 144 4147 ·ter
163 4081 378 4145 observandum
398 4091 458 4153 est,
489 4098 526 4136 ue
552 4077 603 4138 ubi
623 4099 729 4158 paucos
749 4079 880 4141 audimus
901 4080 936 4138 ad
958 4079 1170 4159 poeniteutiam
1192 4079 1238 4143 ci-

95 4160 172 4236 tari,
203 4158 290 4219 uobis
321 4159 425 4237 supina
453 4155 579 4236 obrepat
603 4155 757 4229 securitas,
784 4157 864 4233 quasi
885 4157 959 4216 nibil
979 4156 1102 4234 amplius
1121 4154 1157 4214 ad
1178 4175 1237 4216 nos

96 4240 264 4321 pertineret
281 4237 375 4296 earnis
395 4232 600 4294 mortificatio:
631 4231 711 4291 cuius
737 4254 835 4293 curam
861 4233 1011 4291 remittere
1030 4253 1093 4291 riou
1113 4232 1237 4312 permit·

95 4326 176 4391 tunt,
195 4331 335 4393 qnaenos
353 4331 471 4390 semper
489 4309 610 4370 titillant
626 4329 733 4388 prauae
752 4309 944 4391 cupiditates,
964 4321 996 4370 et
1014 4328 1090 4390 quae
1109 4308 1237 4371 subinde
