2700 4732
483 236 865 305 mmmm
1185 194 1249 312 m

112 384 184 448 baec
204 384 271 444 dico
292 385 373 465 quod
398 384 456 447 ulla
480 385 603 447 omuino
633 386 805 448 conditione
835 386 962 448 dandum
992 386 1056 450 esse'
1085 386 1182 449 locum
1208 388 1244 448 iis

113 462 286 525 Canonibus
307 482 456 537 censeam,
501 463 532 521 ui
555 463 703 524 vinculum
732 463 892 526 coelibatus
921 463 1114 526 ecclesiastico
1145 465 1245 525 ordini

64 534 71 547 '
110 541 261 600 inliciunt:
286 541 336 598 sed
365 553 397 600 ut
419 483 586 618 intebigaut
604 539 807 617 cordatiores,
827 563 883 620 qua
903 541 1002 601 leonte
1028 542 1125 603 hostes
1151 542 1248 604 nostri

110 629 242 677 sanctum
264 616 449 697 coniugium,
473 616 592 676 obiecto
619 618 795 697 antiquitatis
820 618 957 694 nomine,
990 620 1018 677 in
1043 617 1245 681 sacerdotibus

111 693 266 753 infament.
319 693 472 767 Quantum
497 693 533 751 ad
559 694 660 753 Patres
692 695 810 766 attinet,
842 714 969 774 quorum
993 696 1049 754 scri
1072 707 1101 754 ta
1121 706 1244 770 exstant,

61 819 72 827 .
111 791 210 850 neque
230 769 294 849 ipsi,
314 790 403 861 quum
423 790 456 828 ex
476 789 528 828 suo
549 769 656 828 iudicio
677 769 890 848 loquebantur,
912 791 979 831 erce
1003 782 1033 830 to
1084 772 1243 862 ieronpmo

111 858 190 906 tanta
210 844 390 927 malignitate
409 845 541 927 coniugii
563 845 708 905 honestati
725 847 936 917 obtrectarunt.
976 793 1119 909 booteoti
1138 868 1245 910 eramus

111 945 173 983 uno
195 923 403 999 Chrysostomi
423 923 537 1007 elogio:
559 922 638 1000 quod
659 924 692 997 is,
712 944 801 1014 quum
816 925 994 1014 praecipuus
1014 923 1104 985 luerit
1123 924 1244 1002 virgini-

111 1002 179 1060 tatis
198 1000 371 1071 admirator,
391 1020 452 1058 non
473 1011 571 1080 potest
589 998 619 1057 iu
644 1000 824 1058 matrimonii
848 1000 1131 1071 commendationem
1152 1001 1245 1062 videri

111 1074 201 1140 fuisse
220 1077 282 1136 aliis
302 1077 459 1155 profusior.
505 1075 554 1135 Sic
575 1087 670 1135 autem
697 1076 828 1155 loquitur
847 1075 1129 1157 Chrysostomus
1149 1080 1243 1157 (bom.

113 1153 150 1212 de
170 1153 281 1212 invent.
300 1154 423 1231 crucis):
445 1150 581 1227 „Primus
600 1152 707 1233 gradus
726 1153 863 1213 eastitatis
883 1165 927 1212 est
945 1153 1057 1215 sincera
1077 1155 1243 1236 virginitas:

92 1231 276 1305 ,secundus
296 1228 382 1289 fidele
402 1229 581 1309 coniugium.
620 1229 701 1310 Ergo
721 1230 833 1310 species
851 1230 978 1290 secunda
997 1231 1179 1313 virginitatis,
1200 1242 1245 1299 est

110 1305 310 1382 „matrimonii
330 1318 406 1367 casta
427 1305 575 1367 ditectioe‘
1249 1320 1261 1332 “

484 1625 880 1721 carurxm

111 1821 165 1879 De
184 1819 296 1893 rotis,
328 1839 478 1899 quorum
504 1821 701 1881 temeraria
727 1820 1181 1902 nuncupationevquisque
1205 1838 1244 1881 se

504 1912 636 1974 misere
661 1913 853 1995 implicuit.
890 1912 924 1939 '¹

181 2091 289 2144 Constat
312 2089 364 2141 boc
382 2089 468 2159 Caput
490 2091 590 2144 duabus
612 2092 736 2163 partibus.
770 2091 802 2163 1)
826 2091 945 2164 Primum
969 2091 997 2145 iu
1019 2109 1112 2157 genere
1129 2090 1245 2144 devotis

112 2176 194 2242 agitur
210 2196 224 2228 a
241 2175 327 2245 prima
343 2189 404 2227 sect.
421 2178 455 2229 ad
472 2190 598 2236 octavam,
639 2177 671 2245 2)
688 2176 793 2230 Deinde
811 2196 872 2228 sero
897 2196 979 2246 usque
999 2178 1033 2229 ad
1056 2176 1135 2229 finem
1157 2177 1244 2231 nomi·

110 2263 190 2315 natim
208 2263 242 2313 de
258 2260 322 2314 votis
339 2260 498 2313 monasticis:
521 2281 615 2331 nempe
633 2263 666 2314 de
690 2261 832 2315 monastica
853 2261 1016 2332 professione
1033 2274 1059 2313 et
1080 2260 1212 2323 moribus,
1228 2279 1245 2314 a

109 2362 169 2400 rect.
186 2346 286 2401 8-16.
319 2343 412 2396 Postea
430 2345 463 2397 de
479 2346 672 2400 monachorum
691 2347 768 2410 votis,
790 2360 816 2400 et
837 2345 977 2417 praecipue
1000 2345 1033 2397 de
1050 2360 1111 2399 roto
1130 2347 1245 2401 coeliba-

110 2447 158 2495 tus,
173 2445 233 2484 sect.
250 2431 368 2484 17-21.

185 2604 214 2663 1.
253 2597 442 2676 Deploranda
463 2597 580 2676 quidem
606 2620 651 2659 res
678 2609 735 2669 est,
766 2598 934 2672 ecclesiam,
966 2596 1013 2657 cui
1038 2595 1245 2657 inaestimabili
1280 2603 1284 2612 '

110 2673 259 2756 sanguinis
280 2675 389 2734 Christi
410 2676 505 2766 pret'qo
527 2686 623 2754 empta
643 2688 707 2734 erat
727 2675 861 2750 libertas,
886 2674 994 2733 crudeli
1022 2673 1181 2748 tyrannide
1200 2673 1243 2734 sic

111 2753 199 2810 luisse
220 2770 401 2829 oppressam,
427 2765 457 2810 et
481 2753 593 2834 ingenti
619 2752 810 2810 traditionum
837 2749 977 2832 congerie
1003 2749 1065 2807 lere
1090 2748 1241 2808 obrutam:
1306 2755 1311 2766 '

110 2826 162 2887 sed
182 2826 290 2905 privata
309 2827 426 2886 interim
447 2830 585 2906 cuiusque
605 2828 732 2885 amentia
752 2827 895 2901 ostendit,
921 2846 982 2884 non
1001 2824 1065 2884 sine
1089 2824 1241 2884 iustissima

111 2924 194 2963 causa
214 2914 325 2962 tantum
347 2905 433 2962 luisse
454 2903 587 2964 divinitus
609 2905 733 2962 Satanae
758 2906 877 2980 eiusque
903 2900 1039 2961 ministris
1061 2901 1251 2980 permissum.

108 2980 214 3058 Neque
234 2981 310 3038 enirn
332 2981 398 3039 satis
424 2981 479 3038 luit
503 2979 639 3060 neglecto
662 2979 771 3041 Christi
796 2980 920 3059 imperio
942 2977 1090 3059 quaelibet
1114 2997 1242 3037 oneraa

108 3057 185 3118 falsis
206 3056 376 3117 doctoribus
397 3057 533 3136 imposita
553 3057 700 3136 perferre,
725 3057 778 3117 nisi
804 3055 922 3137 propria
942 3056 1029 3114 etiarn
1054 3053 1162 3137 singuli
1186 3052 1243 3114 sibi

101 3147 305 3207 arcesserent,
331 3133 461 3212 adeoque
482 3154 617 3193 cavernas
638 3134 695 3194 sibi
721 3133 861 3194 fodiendo
880 3152 912 3193 se
933 3131 1105 3213 profundius
1126 3130 1261 3191 dener-v

107 3223 221 3293 gerent.
261 3211 296 3268 ld
316 3209 423 3269 factum
445 3224 488 3270 est
508 3211 576 3268 dum
597 3211 729 3269 certatim
750 3211 917 3292 excogitant
928 3220 1005 3281 vota,
1026 3230 1060 3268 ex
1080 3207 1184 3288 quibus
1204 3207 1241 3267 ad

108 3287 275 3346 communia
293 3286 411 3345 vincula
432 3289 524 3347 maior
550 3300 578 3346 et
602 3291 710 3351 arctior
736 3288 798 3348 obli
821 3289 880 3347 atio
906 3287 1070 3361 accederet.
1111 3284 1241 3358 Quando

108 3365 207 3439 itaque
228 3363 379 3423 docuimus
399 3383 501 3423 eorum
522 3363 651 3436 audacia,
672 3363 722 3441 qui
741 3365 793 3424 sub
841 3374 968 3423 asturum
989 3360 1076 3421 titulo
1098 3361 1241 3421 dominati

109 3438 225 3497 suntin
248 3438 384 3513 ecclesia,
403 3441 535 3499 vitiatum
558 3439 644 3498 luisse
664 3439 721 3499 Dei
742 3440 869 3513 cultum,
893 3439 944 3497 ubi
963 3437 1069 3518 iniquis
1088 3437 1146 3497 suis
1166 3437 1240 3519 legi-

108 3516 162 3572 bus
183 3515 301 3572 miseras
322 3515 429 3574 animas
451 3517 660 3594 illaquearent:
688 3514 734 3574 hic
755 3516 862 3574 malurn
887 3514 975 3574 albae
999 3526 1156 3574 annectere
1176 3534 1239 3573 non

107 3590 343 3669 intempestivum
357 3593 422 3666 erit,
441 3605 473 3650 ut
492 3604 640 3684 appareat,
659 3592 799 3652 mundum
820 3614 874 3671 pro
894 3591 1006 3672 ingenii
1024 3589 1069 3648 sui
1090 3591 1242 3669 pravitate,

130 3666 213 3725 uibus
267 3668 343 3724 otuit
375 3668 531 3728 obstaculis
563 3688 680 3748 semper
699 3669 866 3729 adiumenta
895 3666 1053 3746 repulisse,
1074 3664 1178 3744 quibus
1204 3665 1241 3725 ad
1288 3731 1293 3741 ‚

138 3762 203 3801 eum
224 3688 328 3800 alduei
347 3742 498 3803 debuerat.
538 3743 635 3805 Porro
648 3766 707 3825 quo
727 3745 830 3806 melius
848 3756 945 3825 pateat
956 3741 1241 3826 gravissimamper-

105 3820 215 3878 niciem
235 3839 269 3877 ex
289 3820 365 3878 votis
385 3821 530 3881 invectam
551 3841 629 3894 esse,
661 3822 803 3958 principia
828 3824 883 3883 iam
908 3833 976 3880 ante
1000 3817 1093 3900 posita
1118 3827 1242 3878 teneant

766 3924 772 3957 l

106 3894 241 3954 lectores.
290 3895 451 3956 Docuimus
482 3899 559 3956 enim
589 3899 713 3978 primum
740 3905 751 3971 (
777 3900 805 3958 b.
824 3904 853 3963 2.
872 3920 897 3958 c.
917 3903 946 3964 8.
965 3919 987 3958 s.
1006 3896 1068 3971 5.),
1100 3893 1241 3974 quicquid

106 3973 142 4030 ad
162 3972 248 4030 vitam
270 3974 319 4051 pie
338 3985 496 4053 sancteque
516 3975 723 4036 instituendam
737 3977 894 4036 desiderari
915 3986 1022 4055 potest,
1041 3975 1071 4032 in
1085 3971 1167 4053 Lege
1178 3990 1240 4031 esse

106 4050 360 4127 comprehensum.
408 4050 570 4112 Docuimus
590 4074 702 4125 rursus,
733 4052 896 4111 Dominum
916 4071 975 4130 quo
1001 4050 1103 4109 melius
1127 4069 1183 4107 nos
1203 4046 1240 4105 ab

106 4127 303 4259 exeoqitandis
336 4128 418 4187 novis
444 4129 582 4207 operibus
607 4141 760 4203 avocaret,
791 4141 883 4189 totam
913 4125 1038 4186 iustitiae
1068 4125 1183 4184 laudem
1210 4125 1240 4182 in

105 4202 180 4278 simp
195 4203 229 4261 ici
252 4202 410 4263 voluntatis
437 4227 506 4264 suae
533 4204 700 4275 obedientia
724 4196 890 4266 inclusisse.⁸
931 4203 1012 4262 Haec
1027 4201 1056 4261 si
1075 4221 1143 4261 rera
1162 4211 1240 4272 sunt,

106 4276 232 4336 iudicare
253 4293 423 4358 promptum
444 4293 504 4356 est,
530 4282 647 4343 fictitios
668 4302 771 4342 omnes
791 4282 900 4357 cultos,
926 4299 1000 4361 quos
1024 4276 1111 4336 nobis
1130 4277 1184 4358 ipsi
1203 4277 1240 4336 ad

105 4355 332 4431 promerendum
359 4357 455 4418 Deum
483 4357 746 4439 comminiscimur,
776 4359 896 4419 minime
924 4376 988 4416 esse
1016 4352 1060 4415 illi
1091 4364 1241 4434 acceptor,
