2700 4732
87 136 323 258 m,-
482 185 824 256 mmmm

90 332 271 410 dementum,
290 331 434 405 Christus.
471 325 569 397 Porrb
587 332 683 416 prima
703 345 757 410 est,
777 330 870 409 Quod
887 333 1002 396 uneut
1013 332 1085 417 olim
1105 352 1228 417 quoqne

91 410 237 473 Dominus
257 411 360 492 populi
370 411 414 471 sui
434 422 547 471 mentes
567 413 598 471 in
618 409 777 472 coelestem
796 410 1004 472 haereditatem
1024 409 1143 472 solebat
1163 413 1228 472 tol·

7 536 8 541 ,
93 485 213 560 limare,
235 498 424 566 arrectosqne
450 508 513 548 esse
539 489 665 547 animos:
691 507 752 566 quo
778 499 876 547 tamen
902 488 933 547 in
953 506 1005 568 spe
1025 486 1102 549 illius
1122 488 1227 551 melius

93 563 258 636 alerentur,
284 574 401 624 contem
423 564 537 623 landam
562 563 616 624 sub
642 562 791 623 beneficiis
811 565 935 625 terrenis
953 585 986 624 ac
1007 565 1227 643 quodammodo

95 638 304 721 degustandam
334 585 504 700 exhibebat:
540 660 618 699 nunc
650 638 755 699 clarius
790 639 984 730 liquidiusque
1015 639 1141 700 revelata
1170 661 1229 734 per

51 726 57 744 '
93 714 286 808 Evangelium
300 715 501 776 futuraevitae
513 717 620 796 gratia,
640 728 720 774 recta
739 715 848 775 adeius
867 717 1097 789 meditationem,
1118 737 1227 779 omisso

93 791 242 866 inferiori,
261 811 346 871 quem
364 793 438 872 apud
449 792 593 852 lsraelitas
603 790 769 865 adhibebat,
789 793 1003 852 exercitationis
1022 793 1123 868 modo,
1142 813 1228 853 men·

93 878 139 928 tes
160 881 274 929 nostras
287 868 394 948 dirigit.
434 869 500 928 Hoc
513 867 666 928 consilium
680 868 800 947 Deiqui
822 889 881 928 non
902 868 1145 944 animadvertunt,
1164 891 1228 930 non

94 942 201 1025 putanl
231 955 360 1005 veterem
386 945 528 1024 populum
548 941 633 1004 altius
658 944 877 1019 conscendisse,
902 944 1048 1023 quam·ad
1073 943 1123 1005 illa
1150 948 1228 1025 quae

94 1022 216 1100 corpori
235 1020 484 1101 promittebantur
508 1019 595 1080 bona.
633 1020 766 1079 Audiunt
789 1021 878 1079 toties
902 1031 1010 1079 terram
1030 1020 1150 1081 Canaan
1172 1041 1229 1081 no-

94 1096 217 1188 minari,
247 1095 327 1157 velut
354 1096 643 1188 insigneua'deoqne,
662 1096 786 1186 unicum·
805 1096 905 1186 Legis·
922 1095 1034 1155 divinae
1065 1095 1229 1187 cultoribus

94 1171 858 1337 titttttt.lllltl.tss¹'l.:⁶l‘tt¹⁸.ll.⁰ttttt
878 1172 1230 1337 ‘t'tlitdtttpttt

58 1337 65 1355 ²
93 1266 168 1397 dos,
197 1343 231 1384 ac
261 1321 472 1412 dispergendos
499 1325 529 1378 in
557 1324 664 1380 alienas
688 1323 834 1402 regiones.
911 1323 992 1391 rdent
1017 1324 1047 1382 in
1069 1324 1145 1384 banc
1164 1326 1230 1386 lere

95 1417 237 1460 summam
257 1396 399 1469 recidere,
419 1415 610 1476 quaecunque
628 1394 675 1456 sel
695 1394 917 1456 benedictiones
937 1398 984 1459 sel
1008 1397 1230 1462 maledictiones
1266 1454 1272 1462 .

97 1494 114 1535 a
134 1474 218 1535 Mose
243 1472 461 1532 denuntiantur.
511 1472 553 1530 Ex
579 1472 613 1532 iis
638 1473 757 1531 minime
782 1471 952 1532 dubitanter
977 1476 1161 1560 constituuqt
1179 1476 1231 1536 lu·

97 1549 187 1611 daeos
206 1569 268 1609 non
288 1571 339 1609 sua
359 1570 461 1622 eausa,
480 1549 531 1608 sed
555 1548 649 1608 aliena
674 1548 761 1608 luisse
780 1569 796 1606 a
816 1551 937 1608 caeteris
956 1551 1073 1630 populis
1092 1564 1239 1634 segrega·

96 1637 162 1687 tos:
189 1644 295 1705 nempe
320 1637 355 1684 ut
380 1624 533 1706 imaginem
553 1623 677 1684 baberet
696 1623 858 1685 Christiana
878 1625 1009 1702 ecclesia,
1028 1628 1057 1686 in
1080 1632 1160 1687 cuius
1181 1634 1230 1687 ex'·

97 1712 184 1763 terna
211 1701 308 1781 specie
334 1701 526 1781 spiritualium
545 1721 643 1760 rerum
667 1701 842 1760 documenta
862 1714 1006 1761 cerneret.
1053 1702 1113 1761 Sed
1140 1725 1230 1783 quum

98 1777 254 1859 aliquoties
273 1778 424 1857 Scriptura
444 1777 636 1848 demonstret,
655 1775 712 1836 buc
731 1787 860 1849 terrena,
880 1777 1048 1855 quibuseos
1088 1799 1231 1858 roseque-

98 1852 195 1930 batur,
216 1846 358 1913 beneficia
377 1853 474 1913 Deum
494 1854 586 1932 ipsum
608 1853 779 1926 destinasse,
799 1862 831 1910 nt
849 1850 884 1910 ad
904 1874 985 1934 spem
1012 1800 1170 1914 coelestem
1190 1855 1231 1916 ita

96 1930 177 2010 ipsos
211 1929 433 1989 manuduceret:
474 1928 616 1988 eiusmodi
654 1930 900 2006 dispensationem
937 1950 998 1988 non
1033 1930 1231 2006 considerare,

20 2002 24 2019 '
97 2005 204 2066 nimiae
223 2005 396 2084 imperitiae,
416 2024 454 2064 ne
474 2004 565 2064 dicam
586 2003 781 2078 hebetudinis,
801 2003 864 2061 luit.
905 2005 982 2066 Cum
1001 2004 1059 2066 boc
1080 2007 1230 2067 bominum
1256 2060 1265 2077 ,,

138 2101 210 2142 nere
228 2093 317 2142 status
329 2082 546 2141 controversiae
566 2080 652 2141 nobis
665 2092 719 2152 est,
738 2080 818 2172 qnod
839 2077 880 2139 illi
900 2081 1115 2162 possessionem
1134 2094 1232 2143 terrae

127 2179 217 2219 anmn
238 2156 374 2218 Israelitis
394 2177 449 2237 pro
464 2178 572 2216 summa
592 2168 677 2236 atque
698 2156 797 2216 ultima
818 2154 999 2216 beatitudine
1019 2157 1155 2234 habitam,
1170 2180 1231 2219 *no-

98 2233 144 2296 bis
168 2246 237 2315 post
260 2234 417 2293 revelatum
439 2233 587 2293 Christum
614 2233 771 2293 coelestem
798 2231 1006 2293 haereditatem
1031 2233 1157 2316 figurare
1178 2236 1232 2296 do·

99 2322 178 2373 cent.
198 2311 259 2370 Nos
270 2321 373 2370 contra
386 2309 599 2385 contendimus,
610 2309 642 2368 in
655 2321 770 2368 terrena
784 2329 839 2387 qua
852 2309 1025 2370 fruebantur
1037 2311 1232 2390 possessione,

97 2386 227 2449 velutin
248 2386 384 2465 speculo,
405 2386 546 2459 suturam,
566 2406 650 2478 quam
669 2384 727 2447 sibi
746 2385 777 2444 iu
796 2386 887 2447 coelis
906 2399 1106 2468 praeparatam
1127 2388 1232 2447 crede-

98 2474 177 2537 rent,
196 2462 405 2521 haereditatem
426 2482 488 2522 esse
507 2462 637 2524 intuitos.
945 2527 947 2531 ,

176 2543 204 2602 2.
243 2538 278 2596 ld
298 2538 400 2598 melius
421 2538 548 2598 elucebit
574 2560 607 2598 ex
625 2536 825 2613 similitudine,
845 2559 929 2618 quam
949 2538 1056 2617 posuit,
1066 2536 1174 2597 Paulus
1193 2537 1230 2597 ad

62 2626 66 2642 '
99 2613 220 2676 Galatas
238 2615 346 2693 (t,1.).
378 2614 539 2694 Comparat
558 2614 732 2674 ludaeorum
752 2626 871 2694 gentem
892 2613 1007 2673 haeredi
1028 2612 1159 2694 parvulo,
1180 2615 1231 2694 qui

98 2691 186 2753 adse
207 2692 369 2773 regendum
389 2695 520 2752 nondum
541 2692 676 2766 idoneus,
694 2691 801 2751 tutoris
821 2701 872 2750 aut
910 2689 1064 2773 aedagogi,
1085 2691 1166 2750 cuius
1179 2713 1233 2751 cu-

97 2768 210 2839 stodiae
231 2769 400 2828 commissus
420 2780 479 2840 est,
505 2767 613 2828 dictum
632 2769 772 2847 sequitur.
812 2712 909 2841 Quod
923 2778 1021 2826 autem
1041 2785 1104 2826 eam
1123 2766 1160 2827 ad
1181 2785 1233 2827 ce·

34 2896 36 2902 .
97 2845 244 2923 aemonias
269 2844 487 2905 similitudinem
513 2844 694 2921 potissimum
727 2843 834 2916 relert,
863 2842 934 2903 nibil
955 2841 1052 2902 obstat
1076 2842 1232 2921 quominus

97 2919 156 2982 buc
168 2941 287 3000 quoque
306 2921 634 3002 aptissimetapplicetur.
672 2918 783 2989 Eadem
796 2939 867 3001 ergo
887 2920 944 2979 illis
965 2918 1136 2991 baereditas,
1157 2939 1233 2999 quae

29 2994 36 3012 “
98 2997 187 3058 nobis
202 2997 343 3058 destinata
364 2997 434 3057 luit:
454 2998 506 3058 sed
519 2997 599 3057 cuius
618 2995 768 3056 adeundae
789 3007 819 3054 et
839 2995 1007 3057 tractandae
1027 2995 1156 3054 nondum
1178 3015 1233 3075 per

98 3085 225 3134 aetatem
246 3093 366 3152 capaces
387 3074 496 3137 locent
534 3073 645 3132 Eadem
665 3072 743 3131 inter
762 3070 828 3131 illos
842 3072 976 3133 ecclesia:
999 3071 1049 3130 sed
1061 3070 1140 3130 cuins
1153 3084 1233 3131 aetas

98 3149 194 3211 adbuc
214 3149 333 3228 puerilis
353 3163 424 3210 erat.
464 3148 526 3210 Sub
549 3149 601 3209 bac
624 3168 695 3230 ergo
715 3147 894 3242 paedagogia
915 3146 981 3206 illos
1002 3146 1148 3206 continuit
1167 3146 1234 3207 Do-

97 3225 210 3301 minus,
241 3237 275 3283 ut
297 3224 459 3303 spirituales
507 3226 693 3285 romissiones
720 3245 781 3284 non
807 3239 848 3285 sta
873 3222 964 3282 nudas
985 3234 1015 3282 et
1038 3235 1151 3302 apertas
1177 3222 1233 3284 illis

98 3300 193 3375 daret,
211 3301 263 3361 sed
283 3303 406 3362 terrenis
418 3248 634 3381 quodammodo
655 3299 846 3362 adumbratas.
884 3297 1033 3358 Abraham
1050 3319 1133 3381 ergo,
1154 3298 1233 3359 Isaac

98 3387 132 3438 et
154 3376 261 3452 lacob,
293 3397 455 3458 eorumque
484 3379 686 3457 posteritatem
735 3398 802 3435 uum
829 3379 860 3436 in
890 3395 972 3455 spem
1008 3375 1233 3435 immortalitatis

99 3464 272 3533 cooptaret,
294 3465 402 3514 terram
430 3453 550 3515 Canaan
576 3454 606 3513 in
631 3399 839 3514 haereditatem
864 3450 919 3512 illis
945 3451 1090 3531 promisit:
1121 3471 1181 3510 non
1202 3452 1234 3535 in

63 3537 67 3547 ’
98 3549 156 3610 qua
175 3548 240 3609 spes
260 3551 324 3589 suas
344 3531 550 3603 terminarent,
574 3529 624 3590 sed
645 3530 727 3589 cuius
752 3541 870 3609 aspectu
889 3529 920 3587 in
939 3548 1021 3608 spem
1041 3547 1126 3586 verae
1145 3527 1235 3601 illius,

120 3624 174 3666 uae
194 3605 325 3665 nondum
345 3605 515 3697 apparebat,
535 3605 719 3665 baereditatis
738 3626 770 3666 se
784 3616 954 3666 exercerent
965 3625 999 3664 ac
1015 3603 1235 3685 confirmarent.

95 3625 143 3745 dc
161 3701 200 3742 ne
221 3681 391 3742 hallucinari
410 3694 541 3762 possent,
561 3682 683 3742 dabatur
702 3683 837 3760 superior
856 3681 1022 3761 promissio,
1042 3691 1235 3760 quaeterram

96 3758 177 3820 illam
197 3777 259 3818 non
278 3779 445 3837 supremum
466 3779 528 3819 esse
540 3758 598 3817 Dei
619 3759 793 3818 beneficium
813 3769 979 3818 testaretur.
1019 3757 1068 3816 Sic
1086 3757 1235 3815 Abrabam

96 3835 129 3896 in
149 3845 270 3914 accepta
288 3846 385 3925 terrae
405 3834 601 3916 promissione
615 3847 736 3913 torpere
757 3855 816 3894 non
830 3835 949 3895 sinitur:
970 3833 1021 3892 sed
1041 3833 1143 3892 maiori
1157 3853 1237 3967 pro-

96 3910 384 3992 missioneensgitur
417 3911 493 3970 illius
524 3930 607 3970 mens
640 3910 672 3968 in
702 3910 874 3986 Dominum.
921 3909 1014 3969 Audis
1039 3910 1153 3984 enim(
1189 3929 1236 3966 en.

97 3993 153 4061 15,
172 3987 232 4064 t.):
267 3986 453 4062 „Abrabam
483 4006 540 4067 ego
589 3997 720 4047 rotector
751 4000 834 4062 tuus,
864 3997 894 4045 et
912 4000 1032 4046 'merces
1057 3998 1106 4044 tua
1129 4005 1237 4067 magna

96 4063 214 4123 valde.“
254 4063 313 4123 llic
334 4064 463 4125 videmus
483 4007 651 4122 Abralamo
677 4065 805 4143 proponi
832 4064 920 4121 linem
944 4082 1012 4121 suae
1037 4063 1179 4120 mercedis
1205 4061 1237 4119 in

95 4137 249 4217 Domino,
277 4159 316 4199 ne
343 4139 422 4198 illam
442 4151 564 4219 quaerat
582 4139 687 4198 llnxam
715 4161 748 4199 ac
768 4139 910 4200 lubricam
930 4141 959 4197 in
981 4138 1132 4197 elementis
1152 4137 1238 4195 huius

95 4215 288 4306 mundis-apd
307 4214 577 4280 immarcescibilem
595 4235 657 4274 esse
677 4226 804 4295 reputet.
844 4207 1006 4307 Subiungit
1016 4213 1121 4274 deinde
1141 4226 1238 4275 terrae

15 4306 33 4321 ·'
94 4309 334 4377 promissionem,
354 4311 417 4355 non
437 4291 493 4355 alin
512 4290 696 4372 conditione,
715 4312 801 4374 quam
822 4304 856 4354 ut
874 4292 912 4353 sit
924 4291 1038 4354 divinae
1056 4289 1238 4354 benevolen-
