2700 4732
497 216 858 283 mmmm
1192 174 1315 288 ω’

117 369 330 436 confidentiam
355 363 513 458 Bibplonis
536 385 592 444 per
611 363 716 425 Medos
739 374 771 423 et
789 363 892 426 Persas
917 361 1031 423 domuit
1077 383 1168 443 quum
1192 363 1250 424 iam

117 450 225 512 Medos
246 449 342 531 Cyrus
365 442 563 524 subrogasset:
595 460 698 522 regum
718 459 789 499 vero
809 438 882 500 luda
903 450 934 499 et
952 405 1048 500 Israel
1062 438 1250 521 ingratitudi-

117 546 189 586 nem
211 537 240 585 et
260 545 329 607 erga
347 532 393 580 tot
416 540 466 581 sua
491 517 632 578 beneficia
651 516 768 596 impiam
789 518 1001 577 contumaciam
1022 538 1101 578 nunc
1120 536 1175 597 per
1192 519 1250 577 As-

116 604 227 738 {tlte
243 621 340 736 fili
359 592 816 732 ttlrltlltlttttttf‘ll
835 592 954 749 tlltlt
979 593 1166 730 3⁰:333?
1180 615 1250 733 lii

117 755 250 815 facinora
269 750 399 831 legitima
417 747 475 808 Dei
493 747 650 808 vocatione
669 744 797 807 arcessiti
818 758 919 821 erunt,
938 747 968 805 in
988 746 1085 826 Reges
1104 768 1181 807 arma
1202 768 1250 807 su·

116 831 227 890 mendo
258 826 379 886 minime
405 820 555 885 violabant
586 843 665 897 eam,
689 841 765 901 quae
790 822 886 882 divina
911 823 1101 883 ordinatione
1119 824 1251 907 Regibus

117 907 213 967 indita
236 916 296 979 est,
326 902 523 975 maiestatem,
551 900 603 960 sed
624 919 641 959 e
662 897 747 960 coelo
772 897 875 959 armati
903 899 1048 959 minorem
1072 912 1251 980 potestatem

117 984 229 1042 maiore
249 978 442 1041 coercebant:
474 976 598 1057 perinde
624 996 658 1036 ae
684 976 715 1035 in
735 995 804 1036 suos
822 985 949 1055 satrapas
968 975 1099 1059 Regibus
1119 977 1250 1038 animad-

67 1092 69 1104 ι
115 1069 233 1117 vertere
251 1056 330 1117 licet.
369 1054 408 1115 Hi
427 1055 540 1114 tametsi
559 1052 619 1111 Dei
639 1073 743 1125 manu,
769 1071 829 1132 quo
848 1051 893 1111 illi
912 1053 1003 1114 visum
1024 1066 1101 1128 erat,
1121 1053 1252 1115 destina-

67 1171 70 1205 ,
116 1133 226 1193 bantur
244 1150 377 1213 opusque
392 1131 453 1191 eius
467 1129 624 1190 inscientes
636 1126 831 1210 peragebant,
849 1127 922 1188 nibil
935 1141 1034 1191 tamm
1051 1130 1130 1192 aliud
1149 1132 1250 1195 animo

67 1246 73 1286 ι
116 1231 205 1290 quam
224 1210 319 1271 scelus
336 1206 537 1275 volutabant.¹

67 1301 74 1359 ,
193 1291 242 1351 31.
279 1286 391 1345 Verum
410 1297 561 1363 utcunque
579 1281 641 1363 ipsa
661 1280 811 1342 bominum
832 1279 908 1342 facta
927 1295 1119 1361 conmanunt,
1144 1284 1251 1345 Domi„
1333 1304 1336 1309 ·

70 1402 76 1435 ,
116 1383 172 1422 nus
191 1374 289 1423 umen
310 1383 364 1444 per
383 1380 417 1420 ea
442 1381 526 1421 suum
546 1377 639 1439 aeque
664 1378 739 1439 opus
763 1358 989 1436 exsequebatur,
1018 1381 1114 1440 quum·
1132 1362 1251 1444 sangui-

67 1464 77 1519 q
114 1439 200 1500 naria
218 1439 333 1521 Regum
352 1436 542 1497 insolentium
561 1446 677 1515 sceptra
695 1434 899 1516 confringeret
917 1455 951 1495 ac
975 1435 1175 1499 intolerandas
1195 1440 1252 1499 do·

71 1538 78 1595 q
115 1514 291 1576 minutiones
312 1524 466 1576 everteret.
504 1511 636 1572 Audiant
675 1510 802 1592 rincipes
822 1522 853 1571 et
870 1522 1047 1574 terreantur.
1084 1515 1180 1578 Nobis
1199 1537 1252 1577 au·

67 1638 78 1691 q
114 1603 176 1651 tem
202 1592 321 1652 interim
345 1607 532 1668 summopere
556 1531 733 1662 caventium,
759 1606 798 1646 ne
822 1588 901 1648 illam
927 1587 1044 1669 plenam
1068 1593 1253 1653 venerandae

67 1696 68 1704 ¹
114 1668 273 1728 maiestatis
291 1670 510 1759 magistratuum
529 1668 742 1738 auctoritatem,
783 1685 848 1725 uam
860 1665 941 1726 Deus
957 1667 1129 1746 gravissimis
1149 1670 1253 1731 edictis

67 1712 78 1755 Ι
115 1745 220 1818 sanxit,
239 1745 350 1804 etiamsi
369 1742 445 1823 apud
465 1742 681 1824 indignissimos
700 1687 827 1803 resideat
846 1755 876 1803 et
892 1743 942 1822 qui
958 1764 1022 1804 eam
1040 1766 1091 1805 sua
1110 1746 1254 1824 nequitia,

67 1796 78 1911 ζ
117 1833 258 1913 quantum
278 1823 309 1881 in
328 1841 359 1880 se
379 1831 433 1893 est,
452 1817 600 1899 polluunt,
618 1838 788 1954 spernamus
807 1819 1016 1880 autviolemus.
1055 1821 1160 1902 Neque
1173 1823 1252 1882 enim

72 1930 75 1941 ·
117 1920 142 1959 sr
163 1897 235 1957 ultio
247 1897 369 1958 Domini
389 1908 433 1957 est
451 1895 613 1955 effrenatae
648 1896 837 1957 ominationis
851 1899 1009 1968 correctio,
1027 1897 1095 1959 ideo
1116 1901 1252 1979 protinus

67 1946 77 2009 i
98 1987 101 1990 ’
118 1974 321 2035 demandatam
340 1971 428 2033 nobis
447 1971 636 2046 arbitremur,
661 1971 766 2052 quibus
793 1972 906 2033 nullum
925 1973 1002 2033 aliud
1023 1995 1109 2054 quam
1129 1976 1253 2054 parendi

67 2029 75 2144 ἶ
118 2061 150 2112 et
167 2051 298 2131 patiendi
317 2051 414 2110 datum
435 2060 480 2109 est
502 2049 678 2108 mandatum.
727 2049 774 2108 De
800 2049 917 2129 privatis
943 2049 1110 2110 bominibus
1136 2072 1196 2110 sem
1220 2073 1254 2112 er

67 2166 75 2185 ·.
116 2127 234 2208 loquor.
273 2129 348 2187 Nam
359 2126 382 2185 si
394 2125 445 2205 qui
463 2146 543 2184 nunc
555 2126 613 2184 sint
632 2147 671 2204 po
694 2126 789 2186 ulares
801 2127 982 2208 magistratus
993 2127 1028 2186 ad
1042 2127 1183 2187 moderan
1205 2149 1253 2189 am

67 2187 75 2299 ἰ’
116 2203 231 2286 Regum
255 2203 406 2294 libidinem
427 2201 580 2293 constituti
600 2147 713 2292 (qualis
733 2203 805 2262 olim
826 2214 924 2293 erant,
943 2205 992 2282 qui
1012 2194 1253 2294 bacedaemoniis

72 2336 74 2341 ,
116 2280 248 2418 Regibus
268 2291 397 2359 opposrtr
417 2290 517 2351 erant,
536 2277 663 2358 bpborr:
682 2290 733 2337 aut
752 2278 891 2338 Romanis
914 2279 1104 2352 Consulibus,
1124 2281 1253 2341 Tribuni

67 2363 69 2379 '
116 2358 165 2439 ple
188 2358 227 2416 is:
258 2371 308 2416 aut
322 2354 548 2414 Atheniensium
568 2354 696 2431 senatui,
727 2354 898 2414 Demarcbi:
929 2368 959 2415 et
984 2377 1040 2435 qua
1065 2355 1152 2416 etiam
1172 2359 1252 2418 forte

67 2429 69 2434 ’
116 2445 276 2516 potestate,
307 2444 340 2492 ut
368 2453 447 2491 nunc
472 2453 517 2490 res
544 2430 669 2507 babent,
702 2431 911 2513 funguuturin
932 2431 1053 2513 singulis
1073 2433 1171 2516 reguis
1191 2447 1251 2495 tres

67 2491 73 2593 ξ
115 2510 247 2584 ordines,
266 2531 354 2589 quum
376 2507 527 2589 primarios
547 2524 708 2569 conventus
729 2512 899 2591 peragunt),
919 2509 993 2569 adeo
1014 2509 1081 2569 illos
1094 2510 1251 2570 ferocienti

67 2630 70 2661 3
114 2589 228 2669 Regum
251 2586 385 2646 licentiae
405 2606 459 2663 pro
480 2583 579 2644 officio
609 2585 795 2645 intercedere
820 2606 881 2645 non
902 2599 986 2657 veto,
1006 2596 1055 2658 ut,
1076 2587 1100 2644 si
1118 2586 1251 2667 Regibus

67 2666 71 2677 '
114 2666 295 2744 impotenter
319 2660 514 2744 grassantibus
540 2675 570 2721 et
595 2661 696 2722 humili
720 2662 890 2742 plebeculae
910 2660 1117 2720 insultantibus
1144 2664 1252 2721 conui-

67 2726 71 2760 ²
113 2752 212 2813 veant,
232 2759 334 2798 eorum
350 2737 607 2797 dissimulationem
627 2739 738 2805 nefaria
759 2738 877 2816 perfidia
897 2758 959 2796 non
979 2756 1079 2796 carere
1098 2736 1251 2814 affirmem,

67 2803 70 2838 ³
115 2816 183 2894 quia
203 2813 307 2894 populi
334 2812 515 2884 libertatem,
546 2812 627 2872 cuius
652 2833 684 2873 se
702 2814 760 2872 Dei
780 2813 969 2872 ordinatione
999 2823 1114 2873 tutores
1138 2815 1250 2894 positos

67 2881 69 2912 ¹
116 2903 238 2962 norunt,
259 2886 460 2947 fraudulenter
480 2887 619 2965 produnt.

171 2972 238 3032 „32
277 2965 398 3023 lltvero
418 2962 449 3020 in
469 2984 513 3036 ea,
524 2983 610 3042 quam
630 2962 846 3044 praefectorum
866 2962 996 3044 imperiis
1015 2962 1118 3025 deberi
1138 2967 1249 3028 consti·

113 3044 240 3113 tuimus,
261 3039 429 3100 obedientia
448 3038 477 3097 id
497 3060 614 3117 semper
632 3039 835 3122 excipiendum
861 3052 919 3114 est,
944 3042 1005 3100 imo
1031 3041 1068 3100 im
1090 3042 1170 3103 rimis
1194 3042 1250 3104 ob·

113 3120 299 3192 servandum,
319 3137 357 3176 ne
375 3116 411 3175 ab
433 3115 494 3176 eius
514 3115 683 3176 obedientia
702 3138 757 3177 nos
777 3117 913 3192 deducat,
933 3118 1013 3178 cuius
1032 3062 1249 3180 voluntatiRe-

113 3219 183 3280 gum
198 3195 334 3256 omnium
349 3205 416 3252 vota
435 3193 564 3264 subesse,
584 3195 665 3253 cuius
684 3192 810 3254 decretis
829 3195 904 3253 iussa
924 3194 1040 3266 cedere,
1059 3195 1140 3256 cuius
1159 3197 1249 3256 maie·

94 3274 183 3335 ,stati
203 3273 293 3332 fasces
312 3270 445 3330 submitti
463 3290 516 3349 par
536 3280 589 3329 est.
628 3271 667 3329 Et
685 3291 767 3346 vero,
786 3281 819 3329 ut
839 3269 1007 3330 bominibus
1027 3271 1195 3346 satisfacias,
1216 3273 1247 3332 in

114 3353 176 3409 eius
196 3347 393 3408 offensionem
412 3347 573 3418 incurrere,
593 3357 718 3426 propter
736 3356 823 3426 quem
844 3346 1039 3407 hominibusi
1062 3349 1098 3408 sis
1118 3341 1259 3425 obedias,'

113 3425 210 3506 quam*
227 3435 449 3503 praeposterum
476 3423 584 3484 fueriti
599 3480 605 3508 Ι
622 3422 768 3482 Dominus
793 3443 866 3505 ergo
885 3422 947 3482 Rex
974 3436 1018 3485 est
1036 3369 1166 3507 Regum,
1197 3429 1248 3506 qui

113 3501 166 3561 ubi
185 3521 296 3561 sacrum
316 3521 349 3558 os
369 3498 501 3589 aperuit,
533 3520 608 3558 unus
628 3519 683 3579 pro
704 3499 841 3560 omnibus
868 3498 954 3559 simul
979 3519 1013 3559 ac
1037 3523 1125 3580 sopra
1144 3522 1248 3563 omnes

114 3590 160 3638 est
179 3575 352 3649 audiendus:
373 3576 406 3635 irs
426 3575 549 3649 deinde,
568 3575 618 3655 qui
645 3575 731 3636 nobis
754 3588 909 3656 praesunt,
929 3575 1097 3637 bominibus
1121 3578 1248 3640 subiecti

111 3675 227 3727 sumus,
255 3652 305 3712 sed
332 3652 450 3712 nonnisi
476 3653 506 3711 in
530 3653 606 3731 ipso.
655 3652 802 3713 Adversus
834 3653 928 3734 ipsum
953 3653 1066 3732 siquid
1091 3655 1248 3735 imperent,

110 3730 196 3790 nullo
216 3728 254 3789 sit
274 3749 329 3788 nec
347 3730 416 3789 loco
438 3749 493 3787 nec
513 3748 651 3788 numero:
674 3749 771 3808 neque
790 3729 838 3790 bic
856 3741 948 3789 totam
969 3727 1057 3804 illam,
1077 3751 1134 3810 qua
1154 3753 1199 3790 ma
1223 3734 1248 3792 i-

72 3860 76 3866 .
109 3818 219 3866 stratus
232 3804 358 3886 pollent,
380 3804 714 3885 dignitatemquicquam
730 3826 894 3881 moremur,
914 3806 962 3865 cui
980 3807 1085 3865 iniuria
1106 3806 1184 3866 nulla
1201 3755 1248 3885 lt,
1309 3852 1314 3859 -

112 3883 181 3943 dum
202 3885 232 3941 in
252 3882 387 3941 ordinem
408 3900 478 3961 prae
497 3879 636 3963 singulari
664 3881 713 3940 illa
733 3902 862 3962 vereque
886 3904 996 3942 summa
1016 3883 1075 3941 Dei
1100 3896 1247 3963 potestate

109 3959 238 4040 cogitur.
277 3956 446 4017 Secundum
467 3958 540 4016 banc
559 3959 704 4017 rationem
724 3957 831 4019 Daniel
855 3979 886 4019 se
906 3959 1060 4038 quiequam
1081 3959 1113 4018 in
1133 3960 1247 4040 Regem

109 4055 246 4115 peccasse
272 4044 374 4116 negat,
403 4033 454 4092 ubi
484 4032 575 4113 impio
602 4037 663 4095 eius
687 4034 785 4096 edicto
810 4057 870 4096 non
898 4035 994 4115 paruit
1014 4029 1156 4113 (Dan.⁸6,
1173 4039 1248 4114 η),

109 4111 179 4190 quia
199 4123 360 4171 excesserat
383 4111 433 4169 ille
459 4111 532 4171 fines
555 4132 623 4172 suos
648 4132 704 4171 nec
723 4111 814 4173 mddo
834 4112 955 4171 iniurius
976 4112 1071 4187 fuerat
1091 4112 1122 4171 in
1148 4113 1247 4172 bomi-

107 4206 173 4261 nes,
191 4187 254 4263 sed,
274 4206 386 4247 cornua
398 4185 530 4247 tollendo
542 4187 679 4248 adversus
687 4188 796 4262 Deum,
814 4198 992 4267 potestatem
1012 4188 1068 4249 sibi
1086 4187 1148 4268 ipse
1157 4189 1247 4251 abro-

107 4275 240 4345 garerat.
278 4264 321 4322 Ex
340 4262 480 4344 opposito
491 4263 664 4324 damnantur
674 4263 834 4338 israelitae,
846 4264 926 4344 quod
943 4264 1033 4345 impio
1044 4264 1134 4347 Regis
1146 4267 1246 4329 edicto

106 4338 231 4400 nimium
261 4340 380 4402 fuerant
408 4337 559 4422 morigeri.
601 4340 677 4402 Nam
702 4362 791 4421 quum
815 4339 971 4402 Iarobeam
1000 4341 1109 4406 titulos
1140 4363 1247 4435 auqeos
1295 4370 1297 4374 ¹
