2700 4732
418 62 434 105 r

106 198 169 261 1oe
264 232 282 267 ,
487 187 566 251 ΠΒ.
584 188 643 251 111.
682 190 772 254 CAP.
790 191 856 253 XX.

107 336 229 413 scimus,
247 332 364 414 quoties
372 331 460 394 nobis
478 334 641 410 auxiliatur,
659 336 808 415 specimen
828 357 862 398 ac
881 335 1091 418 probationem
1102 334 1178 398 dare
1193 334 1246 398 bo·

107 413 211 476 nitatis
229 432 299 472 snae
319 422 350 471 et
367 410 451 486 fidei,
479 413 644 473 timendum
674 434 737 473 non
763 425 808 475 est
833 432 872 473 ne
897 433 963 494 spes
988 425 1091 476 nostra
1110 412 1246 499 pudebat,

104 490 155 555 vel
175 511 231 549 nos
250 490 417 549 frustretur.
1213 552 1219 559 ,

187 571 235 631 27.
274 565 394 624 Summa
413 563 485 625 haec
504 564 553 637 sit,
572 586 661 644 quum
680 565 834 657 Scriptura
852 566 883 625 in
903 566 962 627 Dei
982 565 1065 659 cultu
1083 565 1146 627 boe
1164 562 1243 657 nobit

107 663 255 784 titul?
274 642 650 778 tit'llttmtt'lltssill
668 662 934 799 {lttt'blttlt
951 640 1243 792 iiiissliil'ffi

107 795 266 859 manifesto
296 794 452 875 sacrilegio
484 795 650 854 orationem
681 795 717 854 ad
747 794 820 855 :lios
847 797 941 879 dirigi.
1015 818 1033 855 n
1058 815 1074 856 e
1103 794 1242 855 etiami!

107 872 227 935 Psalmo
248 870 354 930 dicitur
371 869 464 948 (Psal.
485 877 540 943 44,
558 874 636 949 21.);
665 872 721 944 „Si
741 873 927 963 expandimus
951 894 1054 933 manus
1073 868 1242 943 nostrated

109 950 197 1011 deum
217 945 359 1018 alienum,
390 967 492 1007 nonne
511 948 593 1008 Deus
617 949 748 1027 requiret
771 949 864 1009 ssta?“
900 950 1028 1017 ,Deinde
1054 968 1148 1029 quum
1167 946 1241 1007 Dus

108 1024 229 1089 nonnisi
259 1043 293 1082 ex
322 1022 385 1083 fide
406 1023 477 1083 uelit
507 1024 653 1096 invocari,
683 1035 713 1083 et
738 1022 845 1085 diserte
870 1026 906 1087 ad
933 1024 1067 1086 amussim
1094 1022 1182 1085 verbi
1200 1020 1240 1085 tui

108 1103 262 1166 orationes
283 1098 405 1159 formari
423 1099 537 1160 iubeat:
558 1099 685 1179 denique
704 1116 792 1179 quum
813 1102 884 1163 fides
903 1102 1039 1162 inrerbo
1059 1100 1193 1175 lundata,
1208 1098 1243 1159 sit

107 1192 209 1241 rectae
238 1175 380 1236 orationis
410 1188 517 1237 mater:
548 1175 667 1236 simulac
698 1197 714 1236 a
738 1178 830 1238 verbo
858 1178 1042 1252 deflectitur,
1076 1177 1241 1237 orationem

108 1253 269 1319 adulterari
288 1272 408 1313 necesse
428 1264 481 1313 est.
518 1252 610 1332 Atqui
630 1253 684 1312 iam
706 1265 854 1314 ostensum
876 1266 930 1327 est,
949 1255 973 1315 si
997 1252 1165 1315 consulitur
1182 1262 1243 1313 tnta

108 1331 273 1409 Scriptura,
291 1326 352 1389 illic
373 1329 450 1389 bunc
469 1328 615 1389 honorem
634 1330 690 1389 soli
704 1328 771 1390 Deo
791 1331 940 1391 vindicari.
981 1330 1073 1405 Quod
1094 1328 1134 1389 ad
1152 1330 1242 1390 inter·

107 1406 248 1471 cessionis
267 1424 372 1466 munus
390 1405 531 1486 pertinet,
549 1406 638 1464 etiam
649 1405 778 1466 videmus
792 1407 913 1487 Christo
930 1407 1077 1487 peculiare
1098 1425 1175 1481 esse,
1191 1420 1243 1465 aee

105 1485 198 1546 ullam
208 1482 275 1541 Deo
288 1495 399 1563 gratam
419 1501 482 1543 esse
501 1482 713 1561 precationem,
733 1483 787 1543 nisi
801 1506 886 1563 quam
900 1485 1048 1544 Mediator
1065 1482 1119 1541 ille
1138 1480 1243 1543 uncti·

106 1562 187 1623 ficat.
240 1559 285 1619 Ac
309 1559 425 1619 tametsi
454 1558 555 1618 fideles
579 1558 658 1618 ultro
684 1560 759 1620 citro
784 1580 819 1619 ue
845 1580 948 1652 preces
972 1560 1048 1639 apud
1068 1559 1170 1619 Denrn
1189 1576 1242 1637 pro

105 1637 248 1700 fratribus
267 1634 416 1712 offerunt,
439 1634 498 1696 hoe
521 1634 595 1695 nibil
619 1636 723 1696 unicae
744 1581 853 1697 Cbristr
873 1636 1078 1697 intercessioni
1099 1636 1175 1697 dero

106 1706 304 1777 ostendimus:
330 1715 398 1793 quia
419 1732 522 1773 omnes
546 1710 632 1773 simul
652 1731 685 1772 ea
705 1712 820 1773 subnixi
844 1726 904 1773 tam
924 1733 955 1773 se
997 1734 1063 1773 uam
1083 1711 1159 1773 alios
1209 1728 1244 1771 eo

104 1789 324 1854 commendant.
362 1778 484 1849 adhaec
496 1788 648 1849 docuimus
667 1789 771 1849 inscite
791 1790 847 1851 boc
865 1790 942 1849 trabi
961 1735 997 1850 ab
1010 1799 1160 1862 mortuos,
1179 1787 1244 1871 qni-

102 1868 164 1930 bus
184 1887 325 1945 nusquam
345 1864 469 1947 legimus
496 1866 663 1925 mandatum
684 1886 757 1939 esse,
776 1880 809 1926 ut
828 1887 883 1947 pro
903 1867 990 1927 nobis
1009 1876 1110 1931 orent.
1149 1863 1245 1945 Saepe

103 1966 164 2007 nos
184 1943 336 2023 Scriptura
356 1942 495 2003 bortatur
515 1941 551 2003 ad
576 1955 690 2003 mutuas
716 1942 800 2003 buius
825 1943 916 2005 officii
939 1944 1032 2003 vices:
1061 1940 1101 2003 dc
1120 1954 1242 2079 mortqp

103 2040 146 2082 ne
159 2019 276 2101 syllaba
295 2019 422 2099 quidem.
470 2019 537 2079 Imo
557 2018 682 2080 lacobus
702 2018 775 2079 haec
795 2019 854 2078 duo
875 2021 1075 2101 coniungens,
1095 2030 1131 2079 ut
1149 2041 1209 2081 eon

102 2110 221 2160 tenmur
239 2109 359 2176 peccata
377 2106 478 2156 nostra
497 2095 576 2154 inter
595 2116 665 2170 nos,
689 2107 720 2155 et
737 2096 861 2157 vicissim
886 2096 935 2156 alii
960 2110 1025 2177 pro·
1041 2094 1106 2158 aliis
1125 2116 1242 2159 omne

103 2174 181 2314 Slus.
202 2180 232 2250 5,
252 2175 333 2250 to),
356 2184 490 2232 mortuos
508 2171 597 2231 tacite
618 2171 751 2233 excludit
794 2172 924 2232 Proinde
950 2175 985 2233 ad
1010 2172 1090 2231 bunc
1109 2192 1241 2235 errore!
1277 2242 1280 2249 ,

125 2249 302 2313 amnandum
322 2249 431 2309 sufficit
449 2268 508 2307 una
531 2246 579 2307 illa
598 2255 690 2324 ratio,
721 2249 871 2308 exordium
896 2250 954 2309 rite
978 2248 1083 2310 orandi
1110 2250 1194 2311 nasci
1211 2268 1242 2311 et

42 2395 48 2403 ,
82 2328 175 2401 dide,
196 2327 281 2385 fidem
300 2345 374 2385 vero
395 2345 458 2384 esse
479 2324 631 2385 exauditu
652 2325 733 2386 verbi
753 2325 821 2397 Dei,
841 2326 891 2385 ubi
911 2325 991 2385 nulla
1011 2325 1132 2385 fictitiae
1152 2329 1241 2387 inter·

104 2402 247 2467 cessionis
266 2402 396 2461 mentio:
416 2402 483 2481 quia
503 2413 614 2461 temere
634 2414 774 2482 patronos
794 2402 849 2462 sibi
869 2404 971 2464 ascivit
987 2424 1021 2462 su
1043 2402 1176 2477 cratitio,
1194 2402 1241 2483 qni

104 2473 244 2542 divinitus
264 2477 325 2538 dati
344 2499 406 2537 non
426 2489 521 2537 erant.
572 2478 646 2538 Nam
667 2500 756 2557 quum
785 2480 884 2539 multis
910 2422 1049 2558 precandi
1069 2477 1179 2544 soranis
1196 2500 1240 2541 re·

27 2586 31 2601 ··
103 2559 182 2619 serta
202 2555 239 2615 sit
257 2554 322 2614 Scri
346 2566 425 2628 tura,
445 2552 558 2614 nullum
577 2576 609 2614 re
633 2556 724 2614 eritur
744 2554 906 2635 exemplum
928 2556 1010 2615 buius
1029 2554 1240 2631 advocationis,

102 2634 170 2697 aine
190 2632 295 2711 quain
316 2575 428 2711 llapatu
452 2630 532 2691 nulla
553 2576 682 2691 creditur
707 2651 769 2692 esse
790 2634 896 2693 oratio.
939 2633 1076 2705 Adhaec,
1100 2654 1133 2692 su
1158 2633 1238 2695 ereti-

102 2712 218 2771 tionem
239 2709 313 2769 banc
333 2718 449 2769 constat
474 2727 508 2767 cx
532 2708 695 2768 diffidentia
727 2721 824 2768 natam
850 2728 928 2769 esse:
964 2709 1031 2788 quia
1051 2706 1099 2768 vel
1146 2710 1239 2771 bristo

102 2787 298 2869 deprecatore
311 2784 444 2846 contenti
463 2805 524 2844 non
546 2785 666 2857 luerint,
684 2784 734 2844 vel
755 2806 820 2845 cum
834 2787 957 2845 omnino
976 2783 1173 2864 spoliaverint
1189 2784 1240 2849 bac
1284 2804 1287 2841 t

102 2864 202 2925 laude.
240 2863 279 2923 At
301 2882 339 2923 ue
359 2861 416 2921 boe
432 2862 580 2953 posterius
592 2882 741 2922 exeorum
762 2863 942 2940 impudentia
955 2861 1041 2921 lacile
1053 2864 1240 2945 coarguitur:
1285 2912 1287 2931 ,

103 2940 175 3023 quia
194 2960 256 3000 non
269 2940 291 2999 ¹n
305 2940 334 3000 'o
354 2937 545 3003 validiorear
567 2951 688 2999 umento
709 2950 856 3030 pugnant,
881 2960 954 3018 opus
974 2939 1060 2999 nobis
1082 2958 1147 2999 esse
1167 2940 1240 3001 sss
1284 2948 1287 3023 l

102 3030 222 3080 ntorum
242 3015 422 3097 patrocinio,
440 3035 526 3093 quam
546 2958 615 3075 bum
632 3016 777 3075 obiiciunt
796 3035 850 3074 nos
870 3036 933 3076 esse
952 3015 1092 3097 indignos
1111 3014 1240 3079 latniliari

103 3094 143 3156 ad
163 3094 260 3153 Deum
285 3113 411 3153 accessu.
463 3093 554 3165 Quod
584 3114 638 3154 nos
664 3092 843 3153 verissimum
869 3092 1079 3171 quidemsesse
1106 3093 1242 3171 latemur,

102 3169 159 3233 aed
178 3169 247 3229 inde
267 3168 432 3260 colligimus
452 3169 524 3227 nihil
545 3188 596 3229 eos
616 3168 736 3229 Christo
756 3169 809 3228 reli
834 3192 901 3227 num
923 3170 1029 3240 lacere,
1049 3169 1100 3247 qui
1143 3192 1181 3231 ro
1199 3170 1241 3231 ni·

103 3245 169 3307 bilo
189 3245 300 3305 ducunt
319 3265 381 3305 erus
401 3246 650 3321 intercessionem,
671 3246 725 3306 nisi
743 3190 885 3306 accedant
904 3244 1052 3327 Georgius
1073 3258 1106 3307 et
1159 3247 1242 3329 ippo-
1283 3254 1287 3331 ΙΙ

104 3322 198 3401 lytus,
217 3333 268 3382 aut
285 3319 393 3382 similes
413 3319 516 3381 larvae.

183 3403 231 3463 28.
270 3398 332 3459 Etsi
352 3409 448 3459 autem
469 3398 565 3458 oratio
585 3399 706 3488 proprie
726 3398 762 3458 ad
782 3408 849 3458 vota
869 3411 901 3457 et
920 3418 1021 3478 preces
1042 3399 1243 3484 restringitur,

104 3485 188 3537 unta
212 3486 257 3535 est
286 3482 384 3535 tamen
405 3475 483 3534 inter
507 3475 681 3566 petitionem
702 3487 732 3534 et
756 3476 914 3556 gratiarum
935 3479 1081 3534 actionem
1108 3477 1244 3553 affinitas,

104 3563 141 3617 ut
166 3551 322 3612 commode
351 3550 404 3612 sub
436 3569 558 3611 nomme
588 3571 649 3609 uno
674 3552 884 3631 comprehendi
909 3563 1027 3630 queant.
1077 3553 1156 3614 Nam
1177 3576 1244 3636 quas

105 3628 216 3689 Paulus
235 3640 389 3687 enumerat
409 3628 520 3707 species
540 3628 579 3705 (I.
594 3627 672 3686 Tim.
685 3634 715 3701 2,
726 3629 779 3705 1.),
798 3628 852 3687 sub
873 3629 952 3707 prius
972 3628 1139 3689 membrum
1160 3630 1245 3693 buitta

128 3704 273 3766 artitionis
293 3705 435 3765 recidunt.
480 3704 627 3785 Rogando
648 3715 679 3763 et
700 3706 848 3782 precando
876 3705 1017 3765 desideria
1043 3719 1147 3767 nostra
1168 3706 1245 3788 apud

139 3801 206 3841 eum
219 3782 406 3856 effundimus,
425 3795 579 3861 poscentes
597 3791 656 3839 tam
669 3801 744 3860 quae
763 3781 874 3840 faciunt
893 3782 928 3840 ad
950 3783 1169 3863 propagandam
1183 3786 1245 3845 eiua

107 3859 232 3943 gloriam
258 3871 289 3918 et
313 3858 513 3918 illustrandum
544 3859 605 3917 eius
637 3879 761 3929 nomen,
792 3879 876 3936 quam
910 3857 1052 3918 beneficia
1076 3880 1155 3939 quae
1180 3862 1245 3922 usui

106 3947 212 3997 nostro
234 3935 413 3995 conducunt.
453 3933 572 3994 Gratias
592 3936 725 4013 agendo,
746 3935 899 3993 benefacta
921 3935 981 3995 eius
1002 3955 1071 4016 erga
1092 3956 1150 3997 nos
1172 3938 1246 3999 iusta

107 4013 196 4073 laude
216 4012 414 4088 celebramus,
446 4022 597 4091 acceptum
618 4013 747 4071 ferentes
773 4012 833 4070 eius
853 4012 1018 4070 liberalitati
1060 4012 1184 4091 uicquid
1210 4014 1245 4076 ad

107 4111 164 4151 nos
183 4088 330 4169 bonorum
352 4088 496 4168 pervenio
540 4085 585 4147 Ita
608 4108 644 4146 ue
664 4087 734 4147 duas
761 4087 829 4147 istas
874 4099 950 4147 artes
968 4034 1056 4147 simul
1074 4090 1246 4171 complexos

108 4178 155 4227 est
172 4165 268 4227 David
287 4164 378 4256 (Psal.
397 4163 546 4243 50,15.):
575 4109 708 4240 ,Ilnvoca
727 4183 774 4223 me
794 4162 825 4223 in
845 4110 892 4223 die
916 4164 1110 4225 necessitatis:
1143 4187 1247 4229 eruam

105 4254 151 4318 te,
169 4253 202 4303 et
219 4240 398 4323 glosulicabis
416 4245 499 4301 me.“
542 4240 709 4319 Utrumque
735 4240 822 4301 nobis
841 4241 1030 4301 continenter
1054 4241 1086 4301 in
1106 4264 1165 4303 usn
1184 4262 1248 4307 esse

107 4338 172 4383 non
191 4317 242 4382 aba
262 4337 295 4380 re
313 4318 458 4402 praecipit
469 4315 636 4401 Scriptura:
654 4328 764 4381 uotam
784 4317 864 4380 enim
881 4330 1013 4383 nostram
1027 4318 1247 4404 necinopian,
