2700 4732
478 218 626 280 LIB.1V.
666 218 755 279 CAP.
775 212 854 278 tvl.
1179 227 1238 292 m

109 369 235 449 primurn
255 366 422 426 denuntiat:
454 376 516 424 tum
542 363 648 423 deinde
675 372 741 441 post
772 361 858 421 fidem
887 363 1073 442 promissioni
1098 367 1237 448 habitam,

108 445 281 508 sacramenti
301 441 370 502 facit
390 442 570 521 participem.
610 440 672 501 Cur
690 436 898 498 inAhrahamo
917 439 1003 499 fidem
1024 458 1236 508 sacramentum

110 522 251 600 sequitur,
269 520 299 578 in
312 518 414 578 isaaco
434 516 495 577 filio
516 514 738 597 intelligentiam
759 534 876 574 omnem
895 518 1064 596 praecedit?
1084 522 1236 596 Quoniam

111 619 176 658 eum
218 599 247 655 ni
267 595 363 655 adulta
388 594 503 652 demum
529 605 623 653 aetate
646 594 677 651 in
707 590 834 650 foederis
864 594 1033 653 societatem
1060 598 1235 678 recipitnra

113 695 172 753 quo
198 619 298 732 iuerat
325 671 463 730 hactenus
494 668 620 740 alienus,
648 670 710 728 eins
742 667 926 729 conditiones
956 681 1041 731 antea
1073 676 1238 754 perdiscere

112 771 145 810 ae
169 771 237 808 uum
257 760 314 809 est:
333 747 476 806 infantem
495 766 565 806 vero
586 766 619 804 ex
639 764 676 805 eo
695 765 749 823 pro
772 743 893 818 coitum,
912 765 973 806 non
991 749 1075 810 item:
1097 753 1147 844 qni
1165 752 1239 814 hae-

112 773 334 896 reiitarioiure,
352 823 510 883 secundnm
524 821 722 901 promissionis
752 817 904 894 ormulam,
923 823 977 881 iam
997 844 1013 882 a
1032 838 1131 888 matres
1151 839 1236 892 utero

112 904 141 963 in
163 903 284 961 foedere
304 903 482 960 continetur.
500 933 539 945 -
576 898 670 974 Aut(
693 917 731 957 uo
752 915 797 955 res
817 894 920 956 clarius
939 918 974 958 ne
994 900 1107 963 hrevius
1127 905 1238 967 indice·

114 983 176 1057 tur)
196 979 219 1039 si
239 977 366 1036 fidelium
391 975 492 1050 liberi,
525 976 596 1033 citra
621 919 835 1055 intilligentiae
859 973 1078 1052 adminiculum,
1110 981 1237 1044 foederis

113 1068 182 1115 sunt
200 1055 365 1134 participes,
384 1073 445 1111 nou
466 1063 510 1110 est
529 1073 581 1110 cnr
600 1051 640 1109 oh
661 1051 689 1110 id
711 1072 725 1109 a
746 1050 829 1186 sqgno
850 1061 1014 1125 arceantur,
1035 1057 1101 1135 quia
1121 1058 1150 1117 io
1169 1058 1239 1119 ioe-

115 1133 189 1191 deris
209 1131 245 1191 sti
268 1131 426 1189 elationem
447 1128 542 1187 iurare
562 1146 599 1185 ne
622 1139 720 1186 neunt.
791 1146 842 1187 aee
855 1138 935 1186 certe
955 1131 1030 1189 ratio
1050 1145 1095 1193 est
1114 1157 1166 1195 cur
1185 1134 1240 1196 ali·

115 1209 230 1286 quoties
248 1152 329 1265 heus
348 1205 505 1277 inianter,
521 1205 572 1283 qui
592 1149 629 1262 sih
650 1202 786 1265 Israelitis
812 1203 963 1280 oriuntur,
991 1208 1048 1268 sihi
1071 1213 1188 1290 genitos
1209 1223 1239 1272 et

115 1297 199 1344 natos
220 1284 306 1343 luisse
320 1294 428 1343 assemt
447 1281 569 1360 (Erech.
584 1287 631 1354 16,
642 1285 690 1344 20.
704 1291 734 1338 et
750 1286 799 1354 23,
812 1282 883 1356 32).
922 1282 995 1343 Nara
1015 1285 1141 1347 filiorum
1162 1289 1247 1361 haud¹

115 1362 202 1421 duhie
222 1361 289 1421 loco
314 1360 403 1419 hahet
428 1379 529 1419 eornm
555 1357 641 1429 filios,
660 1378 785 1437 qnorum
809 1357 912 1417 semini
933 1361 963 1418 in
990 1374 1101 1442 patrem
1122 1384 1153 1426 se
1173 1366 1241 1426 fore

115 1439 337 1520 pollicitusest.
378 1435 438 1510 Qui
458 1455 531 1494 vero
552 1433 675 1494 infidelis
695 1445 750 1507 cst,
769 1435 864 1514 impiis
884 1447 964 1496 ortus
985 1442 1165 1519 parentibus,
1184 1443 1240 1504 do-

115 1535 170 1576 nec
190 1536 244 1596 per
262 1515 348 1574 fidem
363 1514 432 1571 Deo
450 1512 579 1587 uniatur,
598 1532 613 1571 a
633 1511 759 1571 foederis
771 1512 979 1571 communione
998 1528 1150 1579 extranens
1171 1540 1241 1580 cen·

114 1605 204 1652 setun.
242 1594 347 1671 Itaque
367 1588 440 1648 nihil
460 1589 564 1649 mirum
582 1588 606 1648 si
625 1608 681 1649 nec
701 1590 724 1648 si
746 1609 785 1648 no
804 1584 1011 1666 comniunicet,
1031 1593 1111 1655 cuius
1130 1596 1241 1679 signifi.

115 1671 192 1731 catio
212 1669 242 1727 in
264 1689 300 1728 eo
321 1667 405 1728 fallax
424 1665 574 1744 inanisque
596 1665 682 1726 toret.
720 1609 755 1726 in
776 1685 838 1725 earn
859 1668 1033 1730 sententiam
1045 1670 1151 1732 Paulus
1167 1695 1243 1756 quo·

116 1766 173 1827 que
193 1744 309 1818 scribit,
329 1744 459 1815 Gentes,
478 1741 615 1821 quamdiu
634 1742 664 1801 in
685 1764 734 1803 sua
755 1741 919 1802 idololatria
942 1743 1092 1808 immersae
1112 1748 1243 1830 inerunt,

117 1837 196 1883 extra
216 1833 420 1882 testamentum
443 1817 771 1910 inisse(liph.2,11.).
810 1820 877 1879 Hoc
896 1823 1083 1899 compendio,
1102 1835 1164 1886 tota
1184 1847 1243 1904 res,

117 1900 174 1959 nisi
198 1897 483 1977 iallor,·perspicue
503 1895 630 1974 expediri
654 1910 756 1977 queat,
787 1895 849 1969 Qui
879 1897 975 1964 adulta
1005 1898 1120 1960 demum
1147 1915 1245 1965 aetate

118 1975 229 2037 Christi
248 1975 333 2035 fidem
354 1973 583 2053 amplectuntur,
612 1992 681 2048 eos,
710 1994 799 2051 quom
821 1970 960 2034 hactenns
979 1974 1067 2035 alieni
1086 1998 1102 2037 a
1121 1977 1244 2040 foedere

117 2053 242 2127 iecerint,
272 2072 333 2112 non
362 2070 424 2111 esse
442 2049 593 2129 Baptismo
612 2048 823 2133 insigniendos,
848 2049 902 2110 nisi
921 2051 979 2111 fide
1002 2073 1035 2113 ac
1060 2055 1244 2132 poenitentia

117 2130 336 2189 intercedente:
368 2133 443 2207 q'uae
474 2125 583 2184 aditum
608 2126 663 2186 illis
690 2128 719 2187 in
745 2126 871 2186 foederis
890 2126 1059 2189 societatem
1079 2131 1245 2209 patefacere

118 2205 199 2266 solae
218 2216 353 2285 possunt:
373 2203 512 2282 quivero
533 2222 549 2260 a
570 2202 743 2263 Christianis
763 2203 906 2285 originem
927 2203 1037 2265 ducunt
1055 2206 1193 2285 infantes,
1210 2223 1245 2272 ut

118 2283 150 2342 in
171 2282 298 2341 foederis
318 2278 538 2352 haereditatem,
557 2280 654 2339 statim
680 2301 713 2339 ac
740 2279 801 2338 nati
825 2290 908 2354 suut,
927 2300 944 2341 a
963 2280 1030 2341 De'o
1052 2284 1112 2345 exei
1135 2287 1245 2361 iuotnr,

117 2361 158 2418 ita
181 2359 212 2417 in
233 2358 411 2438 Baptismom
437 2355 631 2435 recipiendos.
680 2357 727 2416 Eo
758 2355 944 2417 referendum
974 2369 1018 2418 est
1043 2305 1132 2442 quoti
1147 2373 1246 2424 narrat

119 2437 199 2495 Esau
223 2435 318 2509 elista,
340 2433 500 2513 baptizatos
519 2432 665 2493 aloanne
685 2433 771 2493 fuisse
791 2433 841 2512 qui
861 2445 978 2515 peecata
998 2456 1049 2495 son
1068 2439 1244 2500 confiteren-

120 2517 201 2590 tur(
238 2512 307 2571 atth.
324 2518 354 2585 3,
370 2511 429 2586 6.):
461 2509 539 2589 quod
561 2509 722 2589 exemplum
743 2508 958 2570 observandum
978 2509 1124 2594 hodieque
1134 2535 1247 2579 „cense-

120 2611 192 2649 mus.
231 2590 327 2647 Tucca
348 2587 468 2645 enimsi
488 2606 518 2644 se
536 2586 572 2647 ad
592 2587 772 2666 Baptismum
792 2586 912 2662 oiserat,
937 2607 998 2649 non
1023 2600 1134 2650 temere
1153 2612 1170 2650 a
1190 2614 1247 2654 no-

120 2666 164 2725 his
184 2666 390 2747 intingeretur,
418 2663 474 2723 nisi
493 2663 679 2725 consessione
703 2663 816 2724 scilicet
839 2664 925 2741 edita,
951 2684 1007 2745 qua
1038 2665 1177 2729 eeclesiae
1200 2689 1247 2729 aa·

121 2742 254 2800 tisiaciat.

197 2823 244 2879 ⁶25.
282 2815 410 2889 hdhaec,
431 2813 539 2875 Christi
551 2814 638 2874 verha
658 2833 733 2894 qnae
750 2814 870 2875 Ioannis
889 2817 980 2878 tertio
998 2818 1160 2895 recitantur
1178 2843 1249 2902 pro-

124 2895 238 2964 ferunt,
282 2891 369 2950 uibus
389 2902 569 2970 praesentem
589 2893 618 2949 in
639 2890 788 2970 Baptismo
812 2893 1067 2973 regenerationem
1088 2897 1251 2961 existimant

123 2969 232 3050 requiri
253 2911 312 3046 (io.
329 2974 358 3038 3,
379 2967 438 3041 5.):
470 2967 552 3040 „Nisi
577 2966 641 3046 quis
666 2978 785 3026 renatos
814 2968 903 3028 luerit
929 2991 962 3030 er
982 2991 1055 3049 aqua
1075 2984 1107 3032 et
1127 2973 1250 3066 Spiritu,

124 3069 185 3106 non
228 3056 305 3104 otest
325 3042 439 3124 ingredi
458 3043 490 3100 iu
510 3063 633 3123 regnum
646 3043 734 3102 Dei.“
772 3044 818 3104 En
838 3046 1006 3125 (inquiunt)
1026 3059 1058 3108 nt
1076 3050 1250 3131 Baptismus,

124 3144 178 3183 ore
196 3067 317 3181 llomini
343 3121 528 3201 regeneratio
549 3130 678 3180 vocetur.
729 3119 813 3193 Quos
833 3122 923 3204 igitur
946 3126 1178 3207 regenerationis
1196 3129 1251 3189 mi·

124 3202 203 3259 nime
224 3218 342 3277 capaces
367 3215 429 3255 esse
459 3196 526 3255 satis
558 3215 703 3276 superque
729 3210 831 3258 noturn
859 3212 917 3274 est,
942 3220 1001 3278 qno
1021 3214 1172 3281 praetextu
1190 3203 1251 3266 Ba-

147 3278 231 3336 tismo
259 3277 422 3344 initiamus,
454 3273 503 3362 qni
522 3272 587 3332 sine
606 3274 666 3351 ipsa
692 3278 968 3355 constare-nequit?
1004 3278 1136 3340 Primum
1161 3280 1192 3340 in
1213 3300 1251 3344 eo

125 3299 265 3412 ialluntur
287 3351 367 3431 quod
387 3350 527 3442 Baptismi
559 3349 739 3408 mentionem
768 3350 832 3410 heri
865 3351 921 3414 hoc
950 3355 1018 3416 loeo
1044 3368 1159 3436 putant,
1183 3359 1252 3437 quia

125 3449 218 3508 aquae
238 3449 345 3488 nomen
371 3427 499 3485 andiunt.
538 3426 694 3504 Postquam
716 3426 792 3487 enim
812 3440 934 3490 naturae
959 3437 1178 3524 corruptionem
1198 3436 1253 3496 Ni-

128 3507 251 3565 codemo
276 3505 408 3585 exposuit
427 3503 577 3578 Christus,
607 3524 641 3563 ac
666 3505 779 3565 renasci
803 3517 943 3585 oportere
969 3509 1082 3569 docuit:
1115 3511 1182 3590 qnia
1201 3511 1253 3572 ille

127 3583 336 3641 renascentiam
363 3577 548 3661 corporalem
573 3579 753 3655 somniabat,
779 3582 897 3642 modum
921 3582 968 3645 hic
990 3584 1101 3644 indicat
1120 3607 1179 3666 quo
1205 3609 1254 3649 re·

127 3670 248 3738 generat
267 3678 321 3716 nos
340 3657 437 3730 Dens,
464 3674 569 3734 nempe
595 3677 647 3737 per
666 3678 768 3748 aquam
795 3670 825 3717 et
843 3658 1001 3738 Spiritum:
1033 3662 1114 3740 qnasi
1133 3663 1256 3740 diceret,

150 3734 341 3813 erSpiritum,
361 3734 410 3811 qni
432 3733 584 3813 purgando
604 3746 634 3792 et
652 3733 803 3815 irrigando
825 3735 922 3796 fideles
941 3736 1058 3814 animas,
1076 3738 1142 3798 rice
1162 3759 1256 3818 aquae

127 3756 267 3892 iungitur.
306 3810 420 3888 Aquam
443 3829 514 3888 ergo
535 3820 564 3868 et
583 3809 724 3892 Spiritum
745 3810 915 3893 simpliciter
932 3812 1044 3893 accipio
1065 3834 1120 3895 pro
1131 3816 1256 3895 Spiritu,

151 3889 179 3945 ui
199 3907 272 3965 aqua
293 3899 344 3943 est.
396 3886 500 3963 Neque
519 3886 590 3947 laaec
611 3907 685 3946 nova
707 3898 750 3946 est
770 3885 920 3968 loquutio:
952 3911 1071 3982 prorsus
1092 3893 1169 3951 enim
1190 3915 1256 3954 cnm

129 3910 178 4024 illa
199 3983 272 4053 quae
293 3964 382 4021 tertio
402 3962 543 4020 Matthaei
567 3964 661 4043 capite
685 3962 811 4022 hahetur
835 3978 989 4026 convenit:
1022 3966 1106 4042 „Qui
1125 3970 1257 4049 sequitur

128 4061 186 4113 me,
207 4040 255 4097 1lle
277 4039 389 4117 estqui
416 4038 545 4117 baptizat
571 4040 601 4098 in
621 4040 733 4119 Spiritu
754 4051 855 4101 sancto
876 4054 905 4101 et
925 4043 1015 4125 igni.“
1056 4042 1258 4118 Quemadmo-

131 4118 197 4176 dum
220 4136 290 4197 ergo
312 4115 424 4193 Spiritu
448 4126 548 4176 sancto
571 4127 600 4176 et
626 4116 688 4198 igni
711 4115 875 4207 baptizare,
902 4132 945 4180 est
964 4119 1105 4198 Spiritum
1125 4134 1258 4183 sanctum

131 4193 283 4268 conferre,
317 4193 365 4270 qui
395 4191 426 4250 in
451 4192 676 4273 regeneratione
702 4194 777 4283 ignis
796 4192 926 4255 officium
944 4208 1134 4277 naturamque
1154 4197 1257 4258 hahete
1301 4233 1307 4240 ·

131 4269 171 4329 ita
190 4267 302 4330 renasci
321 4289 395 4348 aqua
415 4279 445 4328 el
464 4268 577 4349 Spiritu
595 4269 667 4329 nihil
687 4268 767 4329 aliud
786 4281 841 4346 est,
859 4292 945 4364 quam
963 4273 1023 4331 rirn
1041 4272 1121 4333 illam
1134 4273 1260 4356 spiritns

131 4345 273 4427 recipere,
291 4365 367 4427 qnae
387 4346 418 4406 io
438 4345 533 4408 anima
551 4344 582 4408 id
601 4344 672 4409 iacit
682 4344 763 4427 qnod
779 4365 854 4429 aqna
872 4367 904 4410 an
923 4366 1058 4431 corpore.
1097 4351 1169 4414 Scio
1188 4350 1261 4414 alios
