<?xml version="1.0" encoding="UTF-8"?>
<!DOCTYPE html PUBLIC "-//W3C//DTD XHTML 1.0 Transitional//EN"
    "http://www.w3.org/TR/xhtml1/DTD/xhtml1-transitional.dtd">
<html xmlns="http://www.w3.org/1999/xhtml" xml:lang="en" lang="en">
 <head>
  <title>
</title>
<meta http-equiv="Content-Type" content="text/html;charset=utf-8" />
  <meta name='ocr-system' content='tesseract 3.04.00' />
  <meta name='ocr-capabilities' content='ocr_page ocr_carea ocr_par ocr_line ocrx_word'/>
</head>
<body>
  <div class='ocr_page' id='page_1' title='image "./ioanniscalvinii02tholgoog/ioanniscalvinii02tholgoog_0306.png"; bbox 0 0 2700 4732; ppageno 0'>
   <div class='ocr_carea' id='block_1_1' title="bbox 552 210 1288 281">
    <p class='ocr_par' dir='ltr' id='par_1_1' title="bbox 552 210 1288 281">
     <span class='ocr_line' id='line_1_1' title="bbox 552 210 1288 281; baseline 0.014 -10"><span class='ocrx_word' id='word_1_1' title='bbox 552 210 630 271; x_wconf 79' lang='lat' dir='ltr'>tau.</span> <span class='ocrx_word' id='word_1_2' title='bbox 648 211 690 271; x_wconf 93' lang='lat' dir='ltr'>ll.</span> <span class='ocrx_word' id='word_1_3' title='bbox 730 210 891 274; x_wconf 69' lang='lat' dir='ltr'>cnuxt</span> <span class='ocrx_word' id='word_1_4' title='bbox 1226 214 1288 281; x_wconf 65' lang='grc' dir='ltr'><strong>Μ</strong></span> 
     </span>
    </p>
   </div>
   <div class='ocr_carea' id='block_1_2' title="bbox 144 352 1284 829">
    <p class='ocr_par' dir='ltr' id='par_1_2' title="bbox 144 352 1284 829">
     <span class='ocr_line' id='line_1_2' title="bbox 144 352 1284 439; baseline 0.004 -24"><span class='ocrx_word' id='word_1_5' title='bbox 144 354 233 427; x_wconf 72' lang='lat' dir='ltr'>ram,</span> <span class='ocrx_word' id='word_1_6' title='bbox 250 352 456 433; x_wconf 79' lang='lat' dir='ltr'>comprehensi</span> <span class='ocrx_word' id='word_1_7' title='bbox 474 354 505 413; x_wconf 92' lang='lat' dir='ltr'>in</span> <span class='ocrx_word' id='word_1_8' title='bbox 525 354 662 428; x_wconf 87' lang='lat' dir='ltr'>foedere,</span> <span class='ocrx_word' id='word_1_9' title='bbox 681 357 761 435; x_wconf 91' lang='lat' dir='ltr'>quod</span> <span class='ocrx_word' id='word_1_10' title='bbox 781 356 927 416; x_wconf 83' lang='lat' dir='ltr'><strong>Dominus</strong></span> <span class='ocrx_word' id='word_1_11' title='bbox 947 354 1017 415; x_wconf 88' lang='lat' dir='ltr'>olim</span> <span class='ocrx_word' id='word_1_12' title='bbox 1028 374 1103 417; x_wconf 85' lang='lat' dir='ltr'>¹cum</span> <span class='ocrx_word' id='word_1_13' title='bbox 1122 377 1173 417; x_wconf 88' lang='lat' dir='ltr'>sua</span> <span class='ocrx_word' id='word_1_14' title='bbox 1191 369 1284 439; x_wconf 83' lang='lat' dir='ltr'>gente</span> 
     </span>
     <span class='ocr_line' id='line_1_3' title="bbox 146 428 1283 514; baseline 0.006 -26"><span class='ocrx_word' id='word_1_15' title='bbox 146 431 318 512; x_wconf 73' lang='lat' dir='ltr'>pepigisset.</span> <span class='ocrx_word' id='word_1_16' title='bbox 342 428 387 489; x_wconf 76' lang='lat' dir='ltr'>hc</span> <span class='ocrx_word' id='word_1_17' title='bbox 398 452 436 489; x_wconf 87' lang='lat' dir='ltr'>ne</span> <span class='ocrx_word' id='word_1_18' title='bbox 450 431 478 489; x_wconf 77' lang='lat' dir='ltr'>ivl</span> <span class='ocrx_word' id='word_1_19' title='bbox 490 432 559 491; x_wconf 87' lang='lat' dir='ltr'>solis</span> <span class='ocrx_word' id='word_1_20' title='bbox 569 432 665 491; x_wconf 86' lang='lat' dir='ltr'>verbis</span> <span class='ocrx_word' id='word_1_21' title='bbox 684 443 820 492; x_wconf 88' lang='lat' dir='ltr'>testatum</span> <span class='ocrx_word' id='word_1_22' title='bbox 840 445 926 506; x_wconf 88' lang='lat' dir='ltr'>esset,</span> <span class='ocrx_word' id='word_1_23' title='bbox 945 431 1090 493; x_wconf 89' lang='lat' dir='ltr'>Dominus</span> <span class='ocrx_word' id='word_1_24' title='bbox 1109 432 1188 495; x_wconf 89' lang='lat' dir='ltr'>facto</span> <span class='ocrx_word' id='word_1_25' title='bbox 1203 456 1283 514; x_wconf 90' lang='lat' dir='ltr'>quo·</span> 
     </span>
     <span class='ocr_line' id='line_1_4' title="bbox 146 505 1281 589; baseline 0.004 -22"><span class='ocrx_word' id='word_1_26' title='bbox 146 528 209 587; x_wconf 90' lang='lat' dir='ltr'>que</span> <span class='ocrx_word' id='word_1_27' title='bbox 232 505 407 586; x_wconf 72' lang='lat' dir='ltr'>approbavit</span> <span class='ocrx_word' id='word_1_28' title='bbox 429 508 548 584; x_wconf 88' lang='lat' dir='ltr'>(lllattb.</span> <span class='ocrx_word' id='word_1_29' title='bbox 567 515 622 583; x_wconf 70' lang='lat'>27,</span> <span class='ocrx_word' id='word_1_30' title='bbox 639 513 714 586; x_wconf 68' lang='lat'>52).</span> <span class='ocrx_word' id='word_1_31' title='bbox 763 511 811 567; x_wconf 84' lang='lat' dir='ltr'>Eo</span> <span class='ocrx_word' id='word_1_32' title='bbox 836 508 915 568; x_wconf 89' lang='lat' dir='ltr'>cuim</span> <span class='ocrx_word' id='word_1_33' title='bbox 939 531 999 589; x_wconf 94' lang='lat' dir='ltr'>quo</span> <span class='ocrx_word' id='word_1_34' title='bbox 1026 511 1184 570; x_wconf 78' lang='lat' dir='ltr'>resurrexit</span> <span class='ocrx_word' id='word_1_35' title='bbox 1214 532 1281 572; x_wconf 87' lang='lat' dir='ltr'>mn·</span> 
     </span>
     <span class='ocr_line' id='line_1_5' title="bbox 145 583 1281 668; baseline 0.004 -25"><span class='ocrx_word' id='word_1_36' title='bbox 145 595 268 658; x_wconf 84' lang='lat' dir='ltr'>mento,</span> <span class='ocrx_word' id='word_1_37' title='bbox 295 583 403 643; x_wconf 88' lang='lat' dir='ltr'>multos</span> <span class='ocrx_word' id='word_1_38' title='bbox 428 597 596 644; x_wconf 83' lang='lat' dir='ltr'>sanctorum</span> <span class='ocrx_word' id='word_1_39' title='bbox 621 585 841 646; x_wconf 88' lang='lat' dir='ltr'>resurrectionis</span> <span class='ocrx_word' id='word_1_40' title='bbox 865 606 934 645; x_wconf 87' lang='lat' dir='ltr'>snae</span> <span class='ocrx_word' id='word_1_41' title='bbox 964 586 1117 645; x_wconf 87' lang='lat' dir='ltr'>consortio</span> <span class='ocrx_word' id='word_1_42' title='bbox 1143 587 1281 668; x_wconf 83' lang='lat' dir='ltr'>dignatus</span> 
     </span>
     <span class='ocr_line' id='line_1_6' title="bbox 146 660 1280 742; baseline 0.004 -22"><span class='ocrx_word' id='word_1_43' title='bbox 146 672 210 734; x_wconf 86' lang='lat' dir='ltr'>est,</span> <span class='ocrx_word' id='word_1_44' title='bbox 240 681 275 719; x_wconf 92' lang='lat' dir='ltr'>ac</span> <span class='ocrx_word' id='word_1_45' title='bbox 299 660 433 720; x_wconf 86' lang='lat' dir='ltr'>visendos</span> <span class='ocrx_word' id='word_1_46' title='bbox 464 660 495 719; x_wconf 91' lang='lat' dir='ltr'>in</span> <span class='ocrx_word' id='word_1_47' title='bbox 520 661 635 720; x_wconf 90' lang='lat' dir='ltr'>civitate</span> <span class='ocrx_word' id='word_1_48' title='bbox 661 662 811 742; x_wconf 89' lang='lat' dir='ltr'>praebuit:</span> <span class='ocrx_word' id='word_1_49' title='bbox 843 674 926 722; x_wconf 88' lang='lat' dir='ltr'>certo</span> <span class='ocrx_word' id='word_1_50' title='bbox 951 661 1118 722; x_wconf 82' lang='lat' dir='ltr'>arrhabone</span> <span class='ocrx_word' id='word_1_51' title='bbox 1137 666 1178 723; x_wconf 89' lang='lat' dir='ltr'>sic</span> <span class='ocrx_word' id='word_1_52' title='bbox 1198 664 1280 737; x_wconf 85' lang='lat' dir='ltr'>dato,</span> 
     </span>
     <span class='ocr_line' id='line_1_7' title="bbox 145 735 1280 829; baseline 0.004 -33"><span class='ocrx_word' id='word_1_53' title='bbox 145 736 287 829; x_wconf 84' lang='lat' dir='ltr'>quioquid</span> <span class='ocrx_word' id='word_1_54' title='bbox 306 735 377 795; x_wconf 90' lang='lat' dir='ltr'>fecit</span> <span class='ocrx_word' id='word_1_55' title='bbox 396 757 429 795; x_wconf 90' lang='lat' dir='ltr'>ac</span> <span class='ocrx_word' id='word_1_56' title='bbox 450 758 547 816; x_wconf 85' lang='lat' dir='ltr'>passus</span> <span class='ocrx_word' id='word_1_57' title='bbox 573 750 617 797; x_wconf 88' lang='lat' dir='ltr'>est</span> <span class='ocrx_word' id='word_1_58' title='bbox 641 739 672 797; x_wconf 91' lang='lat' dir='ltr'>in</span> <span class='ocrx_word' id='word_1_59' title='bbox 691 752 829 799; x_wconf 76' lang='lat' dir='ltr'>aeternae</span> <span class='ocrx_word' id='word_1_60' title='bbox 851 737 950 799; x_wconf 87' lang='lat' dir='ltr'>salutis</span> <span class='ocrx_word' id='word_1_61' title='bbox 973 738 1214 829; x_wconf 74' lang='lat' dir='ltr'>acquisitionem,</span> <span class='ocrx_word' id='word_1_62' title='bbox 1241 740 1280 801; x_wconf 86' lang='lat' dir='ltr'>ad</span> 
     </span>
    </p>
   </div>
   <div class='ocr_carea' id='block_1_3' title="bbox 105 812 1329 2263">
    <p class='ocr_par' dir='ltr' id='par_1_3' title="bbox 105 812 1329 2166">
     <span class='ocr_line' id='line_1_8' title="bbox 145 812 1280 896; baseline 0.005 -23"><span class='ocrx_word' id='word_1_63' title='bbox 145 825 254 873; x_wconf 81' lang='lat' dir='ltr'>veteris</span> <span class='ocrx_word' id='word_1_64' title='bbox 264 812 445 872; x_wconf 76' lang='lat' dir='ltr'>Testamenti</span> <span class='ocrx_word' id='word_1_65' title='bbox 458 812 557 872; x_wconf 83' lang='lat' dir='ltr'>fideles</span> <span class='ocrx_word' id='word_1_66' title='bbox 570 836 630 873; x_wconf 90' lang='lat' dir='ltr'>nou</span> <span class='ocrx_word' id='word_1_67' title='bbox 648 837 730 874; x_wconf 87' lang='lat' dir='ltr'>secus</span> <span class='ocrx_word' id='word_1_68' title='bbox 743 836 828 894; x_wconf 89' lang='lat' dir='ltr'>qnam</span> <span class='ocrx_word' id='word_1_69' title='bbox 848 814 885 874; x_wconf 93' lang='lat' dir='ltr'>ad</span> <span class='ocrx_word' id='word_1_70' title='bbox 902 836 956 875; x_wconf 91' lang='lat' dir='ltr'>uos</span> <span class='ocrx_word' id='word_1_71' title='bbox 976 816 1135 895; x_wconf 79' lang='lat' dir='ltr'>pertinere.</span> <span class='ocrx_word' id='word_1_72' title='bbox 1163 818 1280 896; x_wconf 75' lang='lat' dir='ltr'>Nempe</span> 
     </span>
     <span class='ocr_line' id='line_1_9' title="bbox 144 887 1280 972; baseline 0.004 -23"><span class='ocrx_word' id='word_1_73' title='bbox 144 900 181 949; x_wconf 89' lang='lat' dir='ltr'>et</span> <span class='ocrx_word' id='word_1_74' title='bbox 204 888 311 949; x_wconf 89' lang='lat' dir='ltr'>eodem</span> <span class='ocrx_word' id='word_1_75' title='bbox 335 887 402 947; x_wconf 87' lang='lat' dir='ltr'>tidei</span> <span class='ocrx_word' id='word_1_76' title='bbox 427 888 555 968; x_wconf 82' lang='lat' dir='ltr'>Spiritu,</span> <span class='ocrx_word' id='word_1_77' title='bbox 587 912 646 969; x_wconf 90' lang='lat' dir='ltr'>qno</span> <span class='ocrx_word' id='word_1_78' title='bbox 674 891 703 950; x_wconf 92' lang='lat' dir='ltr'>in</span> <span class='ocrx_word' id='word_1_79' title='bbox 723 892 809 950; x_wconf 87' lang='lat' dir='ltr'>vitam</span> <span class='ocrx_word' id='word_1_80' title='bbox 834 911 1057 972; x_wconf 80' lang='lat' dir='ltr'>regeneramur,</span> <span class='ocrx_word' id='word_1_81' title='bbox 1087 903 1162 951; x_wconf 89' lang='lat' dir='ltr'>teste</span> <span class='ocrx_word' id='word_1_82' title='bbox 1185 892 1280 954; x_wconf 87' lang='lat' dir='ltr'>Petro</span> 
     </span>
     <span class='ocr_line' id='line_1_10' title="bbox 143 964 1281 1047; baseline 0.005 -24"><span class='ocrx_word' id='word_1_83' title='bbox 143 968 230 1042; x_wconf 76' lang='lat' dir='ltr'>(Art.</span> <span class='ocrx_word' id='word_1_84' title='bbox 249 970 297 1039; x_wconf 77' lang='lat'>16,</span> <span class='ocrx_word' id='word_1_85' title='bbox 314 967 374 1041; x_wconf 84' lang='lat'>8.),</span> <span class='ocrx_word' id='word_1_86' title='bbox 394 964 518 1044; x_wconf 88' lang='lat' dir='ltr'>praediti</span> <span class='ocrx_word' id='word_1_87' title='bbox 538 966 665 1026; x_wconf 89' lang='lat' dir='ltr'>fuerunt.</span> <span class='ocrx_word' id='word_1_88' title='bbox 704 965 805 1040; x_wconf 83' lang='lat' dir='ltr'>Quum</span> <span class='ocrx_word' id='word_1_89' title='bbox 824 968 957 1046; x_wconf 88' lang='lat' dir='ltr'>spiritum</span> <span class='ocrx_word' id='word_1_90' title='bbox 975 965 1075 1041; x_wconf 86' lang='lat' dir='ltr'>illurn,</span> <span class='ocrx_word' id='word_1_91' title='bbox 1093 969 1142 1047; x_wconf 89' lang='lat' dir='ltr'>qui</span> <span class='ocrx_word' id='word_1_92' title='bbox 1162 980 1208 1029; x_wconf 86' lang='lat' dir='ltr'>est</span> <span class='ocrx_word' id='word_1_93' title='bbox 1224 987 1281 1028; x_wconf 78' lang='lat' dir='ltr'>re-</span> 
     </span>
     <span class='ocr_line' id='line_1_11' title="bbox 146 1041 1280 1121; baseline 0.004 -20"><span class='ocrx_word' id='word_1_94' title='bbox 146 1042 202 1101; x_wconf 88' lang='lat' dir='ltr'>luti</span> <span class='ocrx_word' id='word_1_95' title='bbox 221 1042 364 1121; x_wconf 79' lang='lat' dir='ltr'>quaedam</span> <span class='ocrx_word' id='word_1_96' title='bbox 383 1041 605 1102; x_wconf 80' lang='lat' dir='ltr'>immortalitatis</span> <span class='ocrx_word' id='word_1_97' title='bbox 625 1043 655 1102; x_wconf 92' lang='lat' dir='ltr'>in</span> <span class='ocrx_word' id='word_1_98' title='bbox 675 1044 762 1104; x_wconf 86' lang='lat' dir='ltr'>nobis</span> <span class='ocrx_word' id='word_1_99' title='bbox 780 1042 904 1103; x_wconf 89' lang='lat' dir='ltr'>scintilla</span> <span class='ocrx_word' id='word_1_100' title='bbox 923 1043 1017 1121; x_wconf 87' lang='lat' dir='ltr'>(unde</span> <span class='ocrx_word' id='word_1_101' title='bbox 1029 1054 1060 1103; x_wconf 90' lang='lat' dir='ltr'>et</span> <span class='ocrx_word' id='word_1_102' title='bbox 1071 1043 1196 1105; x_wconf 86' lang='lat' dir='ltr'>arrhabo</span> <span class='ocrx_word' id='word_1_103' title='bbox 1209 1044 1280 1105; x_wconf 89' lang='lat' dir='ltr'>hae·</span> 
     </span>
     <span class='ocr_line' id='line_1_12' title="bbox 146 1117 1279 1199; baseline 0.004 -22"><span class='ocrx_word' id='word_1_104' title='bbox 146 1118 282 1177; x_wconf 86' lang='lat' dir='ltr'>reditatis</span> <span class='ocrx_word' id='word_1_105' title='bbox 301 1128 420 1178; x_wconf 80' lang='lat' dir='ltr'>nostrae</span> <span class='ocrx_word' id='word_1_106' title='bbox 437 1117 508 1178; x_wconf 89' lang='lat' dir='ltr'>alibi</span> <span class='ocrx_word' id='word_1_107' title='bbox 527 1131 651 1178; x_wconf 81' lang='lat' dir='ltr'>uocatur</span> <span class='ocrx_word' id='word_1_108' title='bbox 669 1119 776 1199; x_wconf 82' lang='lat' dir='ltr'>Ephes.</span> <span class='ocrx_word' id='word_1_109' title='bbox 795 1128 825 1194; x_wconf 84' lang='lat'>1,</span> <span class='ocrx_word' id='word_1_110' title='bbox 844 1122 924 1194; x_wconf 68' lang='lat' dir='ltr'>fl),</span> <span class='ocrx_word' id='word_1_111' title='bbox 942 1121 971 1179; x_wconf 90' lang='lat' dir='ltr'>iu</span> <span class='ocrx_word' id='word_1_112' title='bbox 991 1120 1049 1179; x_wconf 91' lang='lat' dir='ltr'>illis</span> <span class='ocrx_word' id='word_1_113' title='bbox 1067 1120 1203 1181; x_wconf 86' lang='lat' dir='ltr'>similiter</span> <span class='ocrx_word' id='word_1_114' title='bbox 1224 1142 1279 1181; x_wconf 90' lang='lat' dir='ltr'>uu·</span> 
     </span>
     <span class='ocr_line' id='line_1_13' title="bbox 145 1192 1329 1273; baseline 0.005 -21"><span class='ocrx_word' id='word_1_115' title='bbox 145 1194 243 1253; x_wconf 83' lang='lat' dir='ltr'>dimus</span> <span class='ocrx_word' id='word_1_116' title='bbox 262 1192 416 1273; x_wconf 75' lang='lat' dir='ltr'>habitasse,</span> <span class='ocrx_word' id='word_1_117' title='bbox 434 1195 587 1273; x_wconf 89' lang='lat' dir='ltr'>quomodo</span> <span class='ocrx_word' id='word_1_118' title='bbox 611 1193 668 1255; x_wconf 87' lang='lat' dir='ltr'>illis</span> <span class='ocrx_word' id='word_1_119' title='bbox 686 1198 762 1255; x_wconf 87' lang='lat' dir='ltr'>vitae</span> <span class='ocrx_word' id='word_1_120' title='bbox 786 1194 994 1255; x_wconf 88' lang='lat' dir='ltr'>haereditatem</span> <span class='ocrx_word' id='word_1_121' title='bbox 1019 1196 1149 1257; x_wconf 84' lang='lat' dir='ltr'>adimere</span> <span class='ocrx_word' id='word_1_122' title='bbox 1172 1197 1278 1258; x_wconf 88' lang='lat' dir='ltr'>audea-</span> <span class='ocrx_word' id='word_1_123' title='bbox 1326 1260 1329 1265; x_wconf 80' lang='grc'>,</span> 
     </span>
     <span class='ocr_line' id='line_1_14' title="bbox 105 1268 1279 1351; baseline 0.006 -24"><span class='ocrx_word' id='word_1_124' title='bbox 105 1306 111 1327; x_wconf 66' lang='lat' dir='ltr'>r</span> <span class='ocrx_word' id='word_1_125' title='bbox 143 1268 231 1330; x_wconf 80' lang='lat' dir='ltr'>mus?</span> <span class='ocrx_word' id='word_1_126' title='bbox 268 1270 340 1345; x_wconf 88' lang='lat' dir='ltr'>Quo</span> <span class='ocrx_word' id='word_1_127' title='bbox 362 1271 453 1350; x_wconf 72' lang='lat' dir='ltr'>magis</span> <span class='ocrx_word' id='word_1_128' title='bbox 472 1271 577 1330; x_wconf 88' lang='lat' dir='ltr'>mirum</span> <span class='ocrx_word' id='word_1_129' title='bbox 592 1282 639 1330; x_wconf 81' lang='lat' dir='ltr'>est</span> <span class='ocrx_word' id='word_1_130' title='bbox 659 1292 695 1331; x_wconf 92' lang='lat' dir='ltr'>eo</span> <span class='ocrx_word' id='word_1_131' title='bbox 714 1274 841 1350; x_wconf 89' lang='lat' dir='ltr'>stuporis</span> <span class='ocrx_word' id='word_1_132' title='bbox 852 1272 921 1330; x_wconf 91' lang='lat' dir='ltr'>olim</span> <span class='ocrx_word' id='word_1_133' title='bbox 934 1273 1069 1333; x_wconf 86' lang='lat' dir='ltr'>recidisse</span> <span class='ocrx_word' id='word_1_134' title='bbox 1080 1272 1279 1351; x_wconf 81' lang='lat' dir='ltr'>Sadducaeos,</span> 
     </span>
     <span class='ocr_line' id='line_1_15' title="bbox 144 1346 1280 1437; baseline 0.003 -32"><span class='ocrx_word' id='word_1_135' title='bbox 144 1358 260 1405; x_wconf 82' lang='lat' dir='ltr'>attunt</span> <span class='ocrx_word' id='word_1_136' title='bbox 277 1346 536 1433; x_wconf 78' lang='lat' dir='ltr'>resurrectionem,</span> <span class='ocrx_word' id='word_1_137' title='bbox 555 1358 617 1432; x_wconf 81' lang='lat' dir='ltr'>tum</span> <span class='ocrx_word' id='word_1_138' title='bbox 637 1348 798 1434; x_wconf 75' lang='lat' dir='ltr'>animarum</span> <span class='ocrx_word' id='word_1_139' title='bbox 817 1348 1005 1434; x_wconf 71' lang='lat' dir='ltr'>substantiam</span> <span class='ocrx_word' id='word_1_140' title='bbox 1016 1360 1180 1437; x_wconf 68' lang='lat' dir='ltr'>negarent-2</span> <span class='ocrx_word' id='word_1_141' title='bbox 1202 1369 1280 1427; x_wconf 90' lang='lat' dir='ltr'>quo-</span> 
     </span>
     <span class='ocr_line' id='line_1_16' title="bbox 141 1418 1280 1586; baseline -0.001 -27"><span class='ocrx_word' id='word_1_142' title='bbox 141 1433 403 1559; x_wconf 56' lang='lat' dir='ltr'>sminlllmlit‘c</span> <span class='ocrx_word' id='word_1_143' title='bbox 416 1418 1280 1586; x_wconf 51' lang='lat' dir='ltr'>‘thul‘attat‘ttttttt‘t‘ttttftttttttt</span> 
     </span>
     <span class='ocr_line' id='line_1_17' title="bbox 141 1571 1278 1654; baseline 0.003 -21"><span class='ocrx_word' id='word_1_144' title='bbox 141 1574 219 1635; x_wconf 80' lang='lat' dir='ltr'>ditas</span> <span class='ocrx_word' id='word_1_145' title='bbox 243 1574 273 1633; x_wconf 90' lang='lat' dir='ltr'>ia</span> <span class='ocrx_word' id='word_1_146' title='bbox 294 1571 486 1652; x_wconf 84' lang='lat' dir='ltr'>exspectando</span> <span class='ocrx_word' id='word_1_147' title='bbox 512 1584 644 1632; x_wconf 78' lang='lat' dir='ltr'>terrestri</span> <span class='ocrx_word' id='word_1_148' title='bbox 665 1572 774 1633; x_wconf 83' lang='lat' dir='ltr'>Christi</span> <span class='ocrx_word' id='word_1_149' title='bbox 798 1593 909 1647; x_wconf 87' lang='lat' dir='ltr'>reno,</span> <span class='ocrx_word' id='word_1_150' title='bbox 939 1572 994 1632; x_wconf 90' lang='lat' dir='ltr'>nisi</span> <span class='ocrx_word' id='word_1_151' title='bbox 1025 1573 1100 1634; x_wconf 91' lang='lat' dir='ltr'>hanc</span> <span class='ocrx_word' id='word_1_152' title='bbox 1130 1575 1278 1654; x_wconf 88' lang='lat' dir='ltr'>repudiati</span> 
     </span>
     <span class='ocr_line' id='line_1_18' title="bbox 141 1592 1277 1733; baseline 0.002 -24"><span class='ocrx_word' id='word_1_153' title='bbox 141 1648 296 1733; x_wconf 67' lang='lat' dir='ltr'>Evangelii</span> <span class='ocrx_word' id='word_1_154' title='bbox 312 1669 440 1728; x_wconf 86' lang='lat' dir='ltr'>poenam</span> <span class='ocrx_word' id='word_1_155' title='bbox 459 1648 579 1721; x_wconf 82' lang='lat' dir='ltr'>daturos</span> <span class='ocrx_word' id='word_1_156' title='bbox 599 1649 769 1727; x_wconf 88' lang='lat' dir='ltr'>Scripturae</span> <span class='ocrx_word' id='word_1_157' title='bbox 787 1592 881 1708; x_wconf 79' lang='lat' dir='ltr'>multo</span> <span class='ocrx_word' id='word_1_158' title='bbox 901 1661 969 1709; x_wconf 89' lang='lat' dir='ltr'>ante</span> <span class='ocrx_word' id='word_1_159' title='bbox 988 1650 1212 1728; x_wconf 80' lang='lat' dir='ltr'>praedixissent:</span> <span class='ocrx_word' id='word_1_160' title='bbox 1234 1652 1277 1712; x_wconf 86' lang='lat' dir='ltr'>sic</span> 
     </span>
     <span class='ocr_line' id='line_1_19' title="bbox 139 1724 1277 1804; baseline 0 -18"><span class='ocrx_word' id='word_1_161' title='bbox 139 1724 327 1787; x_wconf 78' lang='lat' dir='ltr'>euim·l&#39;a&#39;tto</span> <span class='ocrx_word' id='word_1_162' title='bbox 351 1725 409 1784; x_wconf 87' lang='lat' dir='ltr'>Dei</span> <span class='ocrx_word' id='word_1_163' title='bbox 439 1724 547 1784; x_wconf 81' lang='lat' dir='ltr'>iudicio</span> <span class='ocrx_word' id='word_1_164' title='bbox 578 1726 775 1785; x_wconf 87' lang='lat' dir='ltr'>conveniebat</span> <span class='ocrx_word' id='word_1_165' title='bbox 802 1737 916 1784; x_wconf 89' lang='lat' dir='ltr'>mentes</span> <span class='ocrx_word' id='word_1_166' title='bbox 940 1728 1084 1786; x_wconf 87' lang='lat' dir='ltr'>coecitate</span> <span class='ocrx_word' id='word_1_167' title='bbox 1109 1739 1277 1804; x_wconf 85' lang='lat' dir='ltr'>percutere,</span> 
     </span>
     <span class='ocr_line' id='line_1_20' title="bbox 141 1800 1275 1893; baseline 0 -30"><span class='ocrx_word' id='word_1_168' title='bbox 141 1820 221 1893; x_wconf 83' lang='lat' dir='ltr'>quae</span> <span class='ocrx_word' id='word_1_169' title='bbox 238 1800 372 1863; x_wconf 86' lang='lat' dir='ltr'>oblatum</span> <span class='ocrx_word' id='word_1_170' title='bbox 398 1800 473 1861; x_wconf 84' lang='lat' dir='ltr'>coeli</span> <span class='ocrx_word' id='word_1_171' title='bbox 498 1800 597 1860; x_wconf 87' lang='lat' dir='ltr'>lumen</span> <span class='ocrx_word' id='word_1_172' title='bbox 616 1803 800 1882; x_wconf 88' lang='lat' dir='ltr'>respuendo,</span> <span class='ocrx_word' id='word_1_173' title='bbox 819 1801 957 1862; x_wconf 86' lang='lat' dir='ltr'>tenebras</span> <span class='ocrx_word' id='word_1_174' title='bbox 978 1802 1056 1862; x_wconf 91' lang='lat' dir='ltr'>ultro</span> <span class='ocrx_word' id='word_1_175' title='bbox 1075 1801 1132 1861; x_wconf 90' lang='lat' dir='ltr'>sibi</span> <span class='ocrx_word' id='word_1_176' title='bbox 1152 1804 1275 1863; x_wconf 84' lang='lat' dir='ltr'>arcessi-</span> 
     </span>
     <span class='ocr_line' id='line_1_21' title="bbox 139 1876 1273 1958; baseline 0.001 -20"><span class='ocrx_word' id='word_1_177' title='bbox 139 1888 261 1949; x_wconf 80' lang='lat' dir='ltr'>vrsreut.</span> <span class='ocrx_word' id='word_1_178' title='bbox 298 1876 404 1937; x_wconf 80' lang='lat' dir='ltr'>Mosen</span> <span class='ocrx_word' id='word_1_179' title='bbox 430 1897 502 1957; x_wconf 84' lang='lat' dir='ltr'>ergo</span> <span class='ocrx_word' id='word_1_180' title='bbox 527 1877 647 1958; x_wconf 81' lang='lat' dir='ltr'>legunt,</span> <span class='ocrx_word' id='word_1_181' title='bbox 677 1890 708 1936; x_wconf 93' lang='lat' dir='ltr'>et</span> <span class='ocrx_word' id='word_1_182' title='bbox 726 1879 838 1937; x_wconf 88' lang='lat' dir='ltr'>assidue</span> <span class='ocrx_word' id='word_1_183' title='bbox 862 1876 1033 1938; x_wconf 85' lang='lat' dir='ltr'>revolvunt:</span> <span class='ocrx_word' id='word_1_184' title='bbox 1060 1878 1111 1938; x_wconf 88' lang='lat' dir='ltr'>sed</span> <span class='ocrx_word' id='word_1_185' title='bbox 1132 1879 1273 1958; x_wconf 88' lang='lat' dir='ltr'>opposito</span> 
     </span>
     <span class='ocr_line' id='line_1_22' title="bbox 142 1952 1326 2035; baseline 0.001 -22"><span class='ocrx_word' id='word_1_186' title='bbox 142 1954 287 2016; x_wconf 86' lang='lat' dir='ltr'>velamine</span> <span class='ocrx_word' id='word_1_187' title='bbox 305 1953 515 2033; x_wconf 88' lang='lat' dir='ltr'>impediuntur,</span> <span class='ocrx_word' id='word_1_188' title='bbox 536 1974 574 2013; x_wconf 91' lang='lat' dir='ltr'>ne</span> <span class='ocrx_word' id='word_1_189' title='bbox 594 1966 716 2014; x_wconf 86' lang='lat' dir='ltr'>cernant</span> <span class='ocrx_word' id='word_1_190' title='bbox 735 1952 829 2014; x_wconf 86' lang='lat' dir='ltr'>lucem</span> <span class='ocrx_word' id='word_1_191' title='bbox 849 1953 880 2012; x_wconf 90' lang='lat' dir='ltr'>in</span> <span class='ocrx_word' id='word_1_192' title='bbox 900 1956 962 2012; x_wconf 87' lang='lat' dir='ltr'>eius</span> <span class='ocrx_word' id='word_1_193' title='bbox 975 1952 1055 2014; x_wconf 89' lang='lat' dir='ltr'>vultu</span> <span class='ocrx_word' id='word_1_194' title='bbox 1074 1953 1273 2035; x_wconf 75' lang='lat' dir='ltr'>refulgentem</span> <span class='ocrx_word' id='word_1_195' title='bbox 1316 1952 1326 1965; x_wconf 79' lang='grc'><em>’</em></span> 
     </span>
     <span class='ocr_line' id='line_1_23' title="bbox 139 2027 1275 2166; baseline -0.002 -76"><span class='ocrx_word' id='word_1_196' title='bbox 139 2032 198 2166; x_wconf 63' lang='lat' dir='ltr'>qil.</span> <span class='ocrx_word' id='word_1_197' title='bbox 219 2030 436 2104; x_wconf 80' lang='lat' dir='ltr'>Cor.3,1d.):</span> <span class='ocrx_word' id='word_1_198' title='bbox 468 2042 557 2110; x_wconf 87' lang='lat' dir='ltr'>atque</span> <span class='ocrx_word' id='word_1_199' title='bbox 580 2031 618 2090; x_wconf 89' lang='lat' dir='ltr'>ita</span> <span class='ocrx_word' id='word_1_200' title='bbox 643 2030 776 2090; x_wconf 85' lang='lat' dir='ltr'>manebit</span> <span class='ocrx_word' id='word_1_201' title='bbox 798 2029 854 2089; x_wconf 87' lang='lat' dir='ltr'>illis</span> <span class='ocrx_word' id='word_1_202' title='bbox 884 2027 1020 2097; x_wconf 84' lang='lat' dir='ltr'>obtectus</span> <span class='ocrx_word' id='word_1_203' title='bbox 1049 2053 1083 2091; x_wconf 88' lang='lat' dir='ltr'>ac</span> <span class='ocrx_word' id='word_1_204' title='bbox 1113 2030 1275 2107; x_wconf 86' lang='lat' dir='ltr'>involutus,</span> 
     </span>
    </p>

    <p class='ocr_par' dir='ltr' id='par_1_4' title="bbox 141 2106 1271 2263">
     <span class='ocr_line' id='line_1_24' title="bbox 161 2106 1271 2189; baseline 0.001 -21"><span class='ocrx_word' id='word_1_205' title='bbox 161 2127 240 2168; x_wconf 90' lang='lat' dir='ltr'>oaec</span> <span class='ocrx_word' id='word_1_206' title='bbox 257 2108 294 2167; x_wconf 88' lang='lat' dir='ltr'>ad</span> <span class='ocrx_word' id='word_1_207' title='bbox 314 2106 465 2167; x_wconf 84' lang='lat' dir='ltr'>Christum</span> <span class='ocrx_word' id='word_1_208' title='bbox 485 2118 705 2179; x_wconf 87' lang='lat' dir='ltr'>convertantur,</span> <span class='ocrx_word' id='word_1_209' title='bbox 724 2128 740 2167; x_wconf 92' lang='lat' dir='ltr'>a</span> <span class='ocrx_word' id='word_1_210' title='bbox 761 2128 821 2189; x_wconf 92' lang='lat' dir='ltr'>qun</span> <span class='ocrx_word' id='word_1_211' title='bbox 840 2106 923 2166; x_wconf 86' lang='lat' dir='ltr'>illurn</span> <span class='ocrx_word' id='word_1_212' title='bbox 942 2128 1021 2169; x_wconf 90' lang='lat' dir='ltr'>nuuc</span> <span class='ocrx_word' id='word_1_213' title='bbox 1041 2119 1182 2187; x_wconf 84' lang='lat' dir='ltr'>quantum</span> <span class='ocrx_word' id='word_1_214' title='bbox 1200 2127 1271 2187; x_wconf 85' lang='lat' dir='ltr'>pos·</span> 
     </span>
     <span class='ocr_line' id='line_1_25' title="bbox 141 2183 766 2263; baseline -0.005 -16"><span class='ocrx_word' id='word_1_215' title='bbox 141 2197 224 2263; x_wconf 83' lang='lat' dir='ltr'>mot,</span> <span class='ocrx_word' id='word_1_216' title='bbox 240 2183 388 2246; x_wconf 87' lang='lat' dir='ltr'>abducere</span> <span class='ocrx_word' id='word_1_217' title='bbox 406 2202 441 2243; x_wconf 87' lang='lat' dir='ltr'>ac</span> <span class='ocrx_word' id='word_1_218' title='bbox 460 2183 619 2246; x_wconf 86' lang='lat' dir='ltr'>distrahere</span> <span class='ocrx_word' id='word_1_219' title='bbox 638 2183 766 2245; x_wconf 76' lang='lat' dir='ltr'>student</span> 
     </span>
    </p>
   </div>
   <div class='ocr_carea' id='block_1_4' title="bbox 526 2506 890 2576">
    <p class='ocr_par' dir='ltr' id='par_1_5' title="bbox 526 2506 890 2576">
     <span class='ocr_line' id='line_1_26' title="bbox 526 2506 890 2576; baseline -0.003 -2"><span class='ocrx_word' id='word_1_220' title='bbox 526 2506 782 2576; x_wconf 81' lang='lat' dir='ltr'>CAPUT</span> <span class='ocrx_word' id='word_1_221' title='bbox 831 2508 890 2576; x_wconf 86' lang='lat' dir='ltr'>Xl.</span> 
     </span>
    </p>
   </div>
   <div class='ocr_carea' id='block_1_5' title="bbox 251 2698 1161 2761">
    <p class='ocr_par' dir='ltr' id='par_1_6' title="bbox 251 2698 1161 2761">
     <span class='ocr_line' id='line_1_27' title="bbox 251 2698 1161 2761; baseline -0.004 -4"><span class='ocrx_word' id='word_1_222' title='bbox 251 2701 304 2757; x_wconf 86' lang='lat' dir='ltr'>De</span> <span class='ocrx_word' id='word_1_223' title='bbox 331 2698 549 2758; x_wconf 82' lang='lat' dir='ltr'>differentia</span> <span class='ocrx_word' id='word_1_224' title='bbox 575 2698 679 2758; x_wconf 89' lang='lat' dir='ltr'>nnius</span> <span class='ocrx_word' id='word_1_225' title='bbox 706 2700 938 2761; x_wconf 88' lang='lat' dir='ltr'>Testamenti</span> <span class='ocrx_word' id='word_1_226' title='bbox 963 2701 1004 2758; x_wconf 90' lang='lat' dir='ltr'>ab</span> <span class='ocrx_word' id='word_1_227' title='bbox 1031 2700 1161 2758; x_wconf 84' lang='lat' dir='ltr'>altero.</span> 
     </span>
    </p>
   </div>
   <div class='ocr_carea' id='block_1_6' title="bbox 136 2874 1272 3362">
    <p class='ocr_par' dir='ltr' id='par_1_7' title="bbox 136 2874 1272 3362">
     <span class='ocr_line' id='line_1_28' title="bbox 206 2874 1272 2945; baseline -0.005 -17"><span class='ocrx_word' id='word_1_228' title='bbox 206 2876 273 2928; x_wconf 84' lang='lat' dir='ltr'>Tres</span> <span class='ocrx_word' id='word_1_229' title='bbox 289 2890 351 2929; x_wconf 89' lang='lat' dir='ltr'>suut</span> <span class='ocrx_word' id='word_1_230' title='bbox 367 2875 522 2944; x_wconf 87' lang='lat' dir='ltr'>praecipuae</span> <span class='ocrx_word' id='word_1_231' title='bbox 539 2889 624 2944; x_wconf 86' lang='lat' dir='ltr'>partes</span> <span class='ocrx_word' id='word_1_232' title='bbox 642 2875 716 2928; x_wconf 88' lang='lat' dir='ltr'>huius</span> <span class='ocrx_word' id='word_1_233' title='bbox 735 2876 844 2945; x_wconf 88' lang='lat' dir='ltr'>Capitis:</span> <span class='ocrx_word' id='word_1_234' title='bbox 868 2878 899 2944; x_wconf 85' lang='grc'>1)</span> <span class='ocrx_word' id='word_1_235' title='bbox 917 2874 1048 2943; x_wconf 84' lang='lat' dir='ltr'>Proponit</span> <span class='ocrx_word' id='word_1_236' title='bbox 1063 2875 1179 2943; x_wconf 88' lang='lat' dir='ltr'>quinque</span> <span class='ocrx_word' id='word_1_237' title='bbox 1195 2874 1272 2924; x_wconf 69' lang='lat' dir='ltr'>vetet</span> 
     </span>
     <span class='ocr_line' id='line_1_29' title="bbox 140 2956 1272 3026; baseline -0.003 -11"><span class='ocrx_word' id='word_1_238' title='bbox 140 2962 173 3014; x_wconf 85' lang='lat' dir='ltr'>ria</span> <span class='ocrx_word' id='word_1_239' title='bbox 187 2976 214 3015; x_wconf 85' lang='lat' dir='ltr'>et</span> <span class='ocrx_word' id='word_1_240' title='bbox 229 2959 460 3012; x_wconf 82' lang='lat' dir='ltr'>NoriTestamenti</span> <span class='ocrx_word' id='word_1_241' title='bbox 478 2958 641 3021; x_wconf 78' lang='lat' dir='ltr'>differentias,</span> <span class='ocrx_word' id='word_1_242' title='bbox 657 2975 716 3014; x_wconf 81' lang='lat' dir='ltr'>sect</span> <span class='ocrx_word' id='word_1_243' title='bbox 735 2966 838 3016; x_wconf 78' lang='grc'>1-11.</span> <span class='ocrx_word' id='word_1_244' title='bbox 857 2989 889 2999; x_wconf 90' lang='lat'>-</span> <span class='ocrx_word' id='word_1_245' title='bbox 922 2960 954 3025; x_wconf 72' lang='lat'>2)</span> <span class='ocrx_word' id='word_1_246' title='bbox 973 2958 1107 3026; x_wconf 75' lang='lat' dir='ltr'>Quoniam</span> <span class='ocrx_word' id='word_1_247' title='bbox 1124 2978 1186 3010; x_wconf 80' lang='lat' dir='ltr'>vero</span> <span class='ocrx_word' id='word_1_248' title='bbox 1205 2956 1272 3009; x_wconf 79' lang='lat' dir='ltr'>inter</span> 
     </span>
     <span class='ocr_line' id='line_1_30' title="bbox 138 3039 1272 3118; baseline -0.006 -21"><span class='ocrx_word' id='word_1_249' title='bbox 138 3047 183 3099; x_wconf 85' lang='lat' dir='ltr'>bas</span> <span class='ocrx_word' id='word_1_250' title='bbox 208 3060 341 3118; x_wconf 86' lang='lat' dir='ltr'>postrema</span> <span class='ocrx_word' id='word_1_251' title='bbox 367 3059 417 3106; x_wconf 87' lang='lat' dir='ltr'>est,</span> <span class='ocrx_word' id='word_1_252' title='bbox 443 3046 514 3114; x_wconf 90' lang='lat' dir='ltr'>quod</span> <span class='ocrx_word' id='word_1_253' title='bbox 532 3045 822 3098; x_wconf 83' lang='lat' dir='ltr'>Vetus&#39;scstamontrrm</span> <span class='ocrx_word' id='word_1_254' title='bbox 846 3048 878 3097; x_wconf 93' lang='lat' dir='ltr'>ad</span> <span class='ocrx_word' id='word_1_255' title='bbox 896 3046 1007 3098; x_wconf 87' lang='lat' dir='ltr'>ludaeos</span> <span class='ocrx_word' id='word_1_256' title='bbox 1023 3055 1124 3094; x_wconf 86' lang='lat' dir='ltr'>tantum</span> <span class='ocrx_word' id='word_1_257' title='bbox 1140 3039 1272 3111; x_wconf 80' lang='lat' dir='ltr'>pertinuit,</span> 
     </span>
     <span class='ocr_line' id='line_1_31' title="bbox 137 3122 1271 3193; baseline -0.007 -11"><span class='ocrx_word' id='word_1_258' title='bbox 137 3132 244 3184; x_wconf 85' lang='lat' dir='ltr'>Novum</span> <span class='ocrx_word' id='word_1_259' title='bbox 272 3132 306 3182; x_wconf 89' lang='lat' dir='ltr'>ad</span> <span class='ocrx_word' id='word_1_260' title='bbox 335 3149 438 3191; x_wconf 89' lang='lat' dir='ltr'>omnes,</span> <span class='ocrx_word' id='word_1_261' title='bbox 467 3132 500 3180; x_wconf 91' lang='lat' dir='ltr'>dc</span> <span class='ocrx_word' id='word_1_262' title='bbox 527 3130 664 3181; x_wconf 79' lang='lat' dir='ltr'>vocatione</span> <span class='ocrx_word' id='word_1_263' title='bbox 692 3128 816 3180; x_wconf 86' lang='lat' dir='ltr'>Gentium</span> <span class='ocrx_word' id='word_1_264' title='bbox 842 3129 1005 3193; x_wconf 75' lang='lat' dir='ltr'>subiungitur</span> <span class='ocrx_word' id='word_1_265' title='bbox 1030 3126 1113 3178; x_wconf 85' lang='lat' dir='ltr'>brevis</span> <span class='ocrx_word' id='word_1_266' title='bbox 1143 3122 1271 3187; x_wconf 90' lang='lat' dir='ltr'>tractatio,</span> 
     </span>
     <span class='ocr_line' id='line_1_32' title="bbox 136 3207 1272 3284; baseline -0.006 -17"><span class='ocrx_word' id='word_1_267' title='bbox 136 3230 199 3268; x_wconf 86' lang='lat' dir='ltr'>sect.</span> <span class='ocrx_word' id='word_1_268' title='bbox 211 3218 252 3271; x_wconf 69' lang='lat'>12·</span> <span class='ocrx_word' id='word_1_269' title='bbox 269 3244 303 3253; x_wconf 91' lang='lat'><em>-</em></span> <span class='ocrx_word' id='word_1_270' title='bbox 324 3214 356 3284; x_wconf 77' lang='lat'>3)</span> <span class='ocrx_word' id='word_1_271' title='bbox 375 3215 486 3266; x_wconf 78' lang='lat' dir='ltr'>Additur</span> <span class='ocrx_word' id='word_1_272' title='bbox 503 3214 638 3282; x_wconf 82' lang='lat' dir='ltr'>responsio</span> <span class='ocrx_word' id='word_1_273' title='bbox 657 3216 690 3264; x_wconf 91' lang='lat' dir='ltr'>ad</span> <span class='ocrx_word' id='word_1_274' title='bbox 709 3216 771 3266; x_wconf 85' lang='lat' dir='ltr'>duas</span> <span class='ocrx_word' id='word_1_275' title='bbox 782 3213 948 3276; x_wconf 84' lang='lat' dir='ltr'>obiectioucs‚</span> <span class='ocrx_word' id='word_1_276' title='bbox 967 3212 1058 3283; x_wconf 90' lang='lat' dir='ltr'>quibua</span> <span class='ocrx_word' id='word_1_277' title='bbox 1075 3211 1140 3261; x_wconf 89' lang='lat' dir='ltr'>haec</span> <span class='ocrx_word' id='word_1_278' title='bbox 1152 3207 1272 3261; x_wconf 88' lang='lat' dir='ltr'>doctriua</span> 
     </span>
     <span class='ocr_line' id='line_1_33' title="bbox 136 3296 1196 3362; baseline -0.004 -9"><span class='ocrx_word' id='word_1_279' title='bbox 136 3303 170 3353; x_wconf 82' lang='lat' dir='ltr'>de</span> <span class='ocrx_word' id='word_1_280' title='bbox 186 3299 286 3353; x_wconf 74' lang='lat' dir='ltr'>Veteris</span> <span class='ocrx_word' id='word_1_281' title='bbox 305 3314 331 3352; x_wconf 88' lang='lat' dir='ltr'>ct</span> <span class='ocrx_word' id='word_1_282' title='bbox 345 3300 414 3351; x_wconf 87' lang='lat' dir='ltr'>Novi</span> <span class='ocrx_word' id='word_1_283' title='bbox 436 3298 591 3353; x_wconf 78' lang='lat' dir='ltr'>&#39;t&#39;esramenri</span> <span class='ocrx_word' id='word_1_284' title='bbox 610 3296 756 3352; x_wconf 86' lang='lat' dir='ltr'>discrimine</span> <span class='ocrx_word' id='word_1_285' title='bbox 772 3298 872 3362; x_wconf 79' lang='lat' dir='ltr'>gravari</span> <span class='ocrx_word' id='word_1_286' title='bbox 889 3300 961 3361; x_wconf 79' lang='lat' dir='ltr'>solet,</span> <span class='ocrx_word' id='word_1_287' title='bbox 977 3311 1037 3351; x_wconf 82' lang='lat' dir='ltr'>sect.</span> <span class='ocrx_word' id='word_1_288' title='bbox 1054 3297 1093 3351; x_wconf 77' lang='lat' dir='ltr'>ttt</span> <span class='ocrx_word' id='word_1_289' title='bbox 1112 3310 1138 3347; x_wconf 83' lang='lat' dir='ltr'>ct</span> <span class='ocrx_word' id='word_1_290' title='bbox 1155 3296 1196 3349; x_wconf 73' lang='lat' dir='ltr'>lf-</span> 
     </span>
    </p>
   </div>
   <div class='ocr_carea' id='block_1_7' title="bbox 131 3460 1269 4390">
    <p class='ocr_par' dir='ltr' id='par_1_8' title="bbox 131 3460 1269 4390">
     <span class='ocr_line' id='line_1_34' title="bbox 214 3460 1269 3546; baseline -0.006 -21"><span class='ocrx_word' id='word_1_291' title='bbox 214 3472 242 3530; x_wconf 89' lang='lat'>1.</span> <span class='ocrx_word' id='word_1_292' title='bbox 283 3465 365 3540; x_wconf 87' lang='lat' dir='ltr'>Quid</span> <span class='ocrx_word' id='word_1_293' title='bbox 390 3464 481 3546; x_wconf 80' lang='lat' dir='ltr'>ergo?</span> <span class='ocrx_word' id='word_1_294' title='bbox 513 3466 644 3544; x_wconf 90' lang='lat' dir='ltr'>inquies,</span> <span class='ocrx_word' id='word_1_295' title='bbox 663 3464 814 3522; x_wconf 89' lang='lat' dir='ltr'>nullumne</span> <span class='ocrx_word' id='word_1_296' title='bbox 833 3463 990 3524; x_wconf 87' lang='lat' dir='ltr'>discrimen</span> <span class='ocrx_word' id='word_1_297' title='bbox 1012 3462 1121 3524; x_wconf 83' lang='lat' dir='ltr'>veteris</span> <span class='ocrx_word' id='word_1_298' title='bbox 1146 3472 1176 3521; x_wconf 90' lang='lat' dir='ltr'>et</span> <span class='ocrx_word' id='word_1_299' title='bbox 1199 3460 1269 3520; x_wconf 90' lang='lat' dir='ltr'>novi</span> 
     </span>
     <span class='ocr_line' id='line_1_35' title="bbox 135 3537 1268 3632; baseline -0.006 -29"><span class='ocrx_word' id='word_1_300' title='bbox 135 3543 319 3603; x_wconf 78' lang='lat' dir='ltr'>&#39;Testamenti</span> <span class='ocrx_word' id='word_1_301' title='bbox 340 3542 540 3632; x_wconf 75' lang='lat' dir='ltr'>relinquetur?</span> <span class='ocrx_word' id='word_1_302' title='bbox 561 3554 591 3600; x_wconf 89' lang='lat' dir='ltr'>et</span> <span class='ocrx_word' id='word_1_303' title='bbox 610 3541 680 3620; x_wconf 91' lang='lat' dir='ltr'>quid</span> <span class='ocrx_word' id='word_1_304' title='bbox 699 3541 751 3601; x_wconf 90' lang='lat' dir='ltr'>fiet</span> <span class='ocrx_word' id='word_1_305' title='bbox 769 3553 816 3600; x_wconf 87' lang='lat' dir='ltr'>tot</span> <span class='ocrx_word' id='word_1_306' title='bbox 835 3540 1004 3618; x_wconf 85' lang='lat' dir='ltr'>Scripturae</span> <span class='ocrx_word' id='word_1_307' title='bbox 1024 3537 1112 3613; x_wconf 91' lang='lat' dir='ltr'>locis,</span> <span class='ocrx_word' id='word_1_308' title='bbox 1132 3538 1182 3597; x_wconf 90' lang='lat' dir='ltr'>uhi</span> <span class='ocrx_word' id='word_1_309' title='bbox 1201 3551 1268 3597; x_wconf 87' lang='lat' dir='ltr'>tan-</span> 
     </span>
     <span class='ocr_line' id='line_1_36' title="bbox 136 3613 1269 3701; baseline -0.007 -21"><span class='ocrx_word' id='word_1_310' title='bbox 136 3642 226 3701; x_wconf 87' lang='lat' dir='ltr'>quam</span> <span class='ocrx_word' id='word_1_311' title='bbox 252 3640 298 3679; x_wconf 86' lang='lat' dir='ltr'>res</span> <span class='ocrx_word' id='word_1_312' title='bbox 323 3618 533 3679; x_wconf 80' lang='lat' dir='ltr'>diversissimae</span> <span class='ocrx_word' id='word_1_313' title='bbox 558 3619 637 3677; x_wconf 85' lang='lat' dir='ltr'>inter</span> <span class='ocrx_word' id='word_1_314' title='bbox 660 3639 691 3677; x_wconf 88' lang='lat' dir='ltr'>se</span> <span class='ocrx_word' id='word_1_315' title='bbox 712 3617 925 3676; x_wconf 72' lang='lat' dir='ltr'>conferuntur?</span> <span class='ocrx_word' id='word_1_316' title='bbox 962 3616 1028 3695; x_wconf 84' lang='lat' dir='ltr'>Ego</span> <span class='ocrx_word' id='word_1_317' title='bbox 1048 3636 1118 3675; x_wconf 90' lang='lat' dir='ltr'>vero</span> <span class='ocrx_word' id='word_1_318' title='bbox 1139 3613 1269 3672; x_wconf 88' lang='lat' dir='ltr'>libenter</span> 
     </span>
     <span class='ocr_line' id='line_1_37' title="bbox 134 3689 1268 3775; baseline -0.008 -18"><span class='ocrx_word' id='word_1_319' title='bbox 134 3701 197 3758; x_wconf 90' lang='lat' dir='ltr'>reci</span> <span class='ocrx_word' id='word_1_320' title='bbox 221 3699 261 3769; x_wconf 87' lang='lat' dir='ltr'>io,</span> <span class='ocrx_word' id='word_1_321' title='bbox 282 3715 355 3775; x_wconf 89' lang='lat' dir='ltr'>quae</span> <span class='ocrx_word' id='word_1_322' title='bbox 375 3696 405 3753; x_wconf 91' lang='lat' dir='ltr'>in</span> <span class='ocrx_word' id='word_1_323' title='bbox 419 3696 568 3772; x_wconf 87' lang='lat' dir='ltr'>Scriptura</span> <span class='ocrx_word' id='word_1_324' title='bbox 589 3705 865 3767; x_wconf 86' lang='lat' dir='ltr'>commemorantur,</span> <span class='ocrx_word' id='word_1_325' title='bbox 886 3691 1082 3751; x_wconf 78' lang='lat' dir='ltr'>differentias:</span> <span class='ocrx_word' id='word_1_326' title='bbox 1102 3689 1152 3749; x_wconf 88' lang='lat' dir='ltr'>sed</span> <span class='ocrx_word' id='word_1_327' title='bbox 1173 3690 1213 3748; x_wconf 89' lang='lat' dir='ltr'>ita</span> <span class='ocrx_word' id='word_1_328' title='bbox 1234 3700 1268 3749; x_wconf 89' lang='lat' dir='ltr'>nt</span> 
     </span>
     <span class='ocr_line' id='line_1_38' title="bbox 133 3720 1268 3854; baseline -0.01 -20"><span class='ocrx_word' id='word_1_329' title='bbox 133 3720 219 3834; x_wconf 81' lang='lat' dir='ltr'>nihii</span> <span class='ocrx_word' id='word_1_330' title='bbox 232 3772 408 3832; x_wconf 83' lang='lat' dir='ltr'>constitutae</span> <span class='ocrx_word' id='word_1_331' title='bbox 427 3772 485 3831; x_wconf 90' lang='lat' dir='ltr'>iam</span> <span class='ocrx_word' id='word_1_332' title='bbox 505 3771 609 3829; x_wconf 90' lang='lat' dir='ltr'>unitati</span> <span class='ocrx_word' id='word_1_333' title='bbox 634 3773 792 3851; x_wconf 81' lang='lat' dir='ltr'>derogent:</span> <span class='ocrx_word' id='word_1_334' title='bbox 818 3767 1060 3848; x_wconf 87' lang='lat' dir='ltr'>quemadmodum</span> <span class='ocrx_word' id='word_1_335' title='bbox 1079 3766 1183 3854; x_wconf 42' lang='lat' dir='ltr'>videre·</span> <span class='ocrx_word' id='word_1_336' title='bbox 1200 3766 1268 3842; x_wconf 86' lang='lat' dir='ltr'>erit,</span> 
     </span>
     <span class='ocr_line' id='line_1_39' title="bbox 133 3841 1267 3923; baseline -0.009 -14"><span class='ocrx_word' id='word_1_337' title='bbox 133 3851 186 3909; x_wconf 81' lang='lat' dir='ltr'>ubi</span> <span class='ocrx_word' id='word_1_338' title='bbox 207 3870 255 3909; x_wconf 85' lang='lat' dir='ltr'>eas</span> <span class='ocrx_word' id='word_1_339' title='bbox 276 3849 380 3908; x_wconf 89' lang='lat' dir='ltr'>ordine</span> <span class='ocrx_word' id='word_1_340' title='bbox 400 3849 624 3909; x_wconf 86' lang='lat' dir='ltr'>tractaverimus.</span> <span class='ocrx_word' id='word_1_341' title='bbox 664 3847 741 3905; x_wconf 87' lang='lat' dir='ltr'>Sunt</span> <span class='ocrx_word' id='word_1_342' title='bbox 760 3859 855 3906; x_wconf 84' lang='lat' dir='ltr'>autem</span> <span class='ocrx_word' id='word_1_343' title='bbox 874 3845 941 3904; x_wconf 87' lang='lat' dir='ltr'>illae</span> <span class='ocrx_word' id='word_1_344' title='bbox 960 3850 1116 3923; x_wconf 90' lang='lat' dir='ltr'>(quantum</span> <span class='ocrx_word' id='word_1_345' title='bbox 1135 3841 1267 3901; x_wconf 88' lang='lat' dir='ltr'>ammad-</span> 
     </span>
     <span class='ocr_line' id='line_1_40' title="bbox 133 3916 1266 4003; baseline -0.01 -17"><span class='ocrx_word' id='word_1_346' title='bbox 133 3940 253 3987; x_wconf 84' lang='lat' dir='ltr'>vertere</span> <span class='ocrx_word' id='word_1_347' title='bbox 272 3927 341 3983; x_wconf 90' lang='lat' dir='ltr'>mihi</span> <span class='ocrx_word' id='word_1_348' title='bbox 362 3925 457 3999; x_wconf 89' lang='lat' dir='ltr'>licuit,</span> <span class='ocrx_word' id='word_1_349' title='bbox 478 3937 508 3983; x_wconf 87' lang='lat' dir='ltr'>et</span> <span class='ocrx_word' id='word_1_350' title='bbox 527 3925 691 3983; x_wconf 90' lang='lat' dir='ltr'>meminisse</span> <span class='ocrx_word' id='word_1_351' title='bbox 711 3925 844 4003; x_wconf 90' lang='lat' dir='ltr'>possum)</span> <span class='ocrx_word' id='word_1_352' title='bbox 864 3941 988 3980; x_wconf 89' lang='lat' dir='ltr'>numero</span> <span class='ocrx_word' id='word_1_353' title='bbox 1006 3931 1133 4000; x_wconf 91' lang='lat' dir='ltr'>quatuor</span> <span class='ocrx_word' id='word_1_354' title='bbox 1152 3916 1266 3996; x_wconf 85' lang='lat' dir='ltr'>praeci·</span> 
     </span>
     <span class='ocr_line' id='line_1_41' title="bbox 132 3995 1266 4085; baseline -0.008 -23"><span class='ocrx_word' id='word_1_355' title='bbox 132 4023 222 4085; x_wconf 89' lang='lat' dir='ltr'>puae.</span> <span class='ocrx_word' id='word_1_356' title='bbox 261 4002 377 4074; x_wconf 86' lang='lat' dir='ltr'>Quibus</span> <span class='ocrx_word' id='word_1_357' title='bbox 395 4003 419 4062; x_wconf 91' lang='lat' dir='ltr'>si</span> <span class='ocrx_word' id='word_1_358' title='bbox 439 4003 568 4081; x_wconf 85' lang='lat' dir='ltr'>quintam</span> <span class='ocrx_word' id='word_1_359' title='bbox 588 4002 747 4081; x_wconf 83' lang='lat' dir='ltr'>adiungere</span> <span class='ocrx_word' id='word_1_360' title='bbox 768 4000 871 4072; x_wconf 87' lang='lat' dir='ltr'>libeat,</span> <span class='ocrx_word' id='word_1_361' title='bbox 895 3997 1014 4056; x_wconf 89' lang='lat' dir='ltr'>minime</span> <span class='ocrx_word' id='word_1_362' title='bbox 1033 3996 1169 4055; x_wconf 88' lang='lat' dir='ltr'>reclamo.</span> <span class='ocrx_word' id='word_1_363' title='bbox 1209 3995 1266 4053; x_wconf 84' lang='lat' dir='ltr'>Eas</span> 
     </span>
     <span class='ocr_line' id='line_1_42' title="bbox 132 4070 1265 4154; baseline -0.009 -15"><span class='ocrx_word' id='word_1_364' title='bbox 132 4098 241 4140; x_wconf 89' lang='lat' dir='ltr'>omues</span> <span class='ocrx_word' id='word_1_365' title='bbox 259 4081 301 4138; x_wconf 90' lang='lat' dir='ltr'>sic</span> <span class='ocrx_word' id='word_1_366' title='bbox 320 4097 382 4137; x_wconf 85' lang='lat' dir='ltr'>esse</span> <span class='ocrx_word' id='word_1_367' title='bbox 402 4080 485 4150; x_wconf 86' lang='lat' dir='ltr'>dico,</span> <span class='ocrx_word' id='word_1_368' title='bbox 516 4089 546 4136; x_wconf 89' lang='lat' dir='ltr'>et</span> <span class='ocrx_word' id='word_1_369' title='bbox 570 4090 753 4137; x_wconf 89' lang='lat' dir='ltr'>ostensurum</span> <span class='ocrx_word' id='word_1_370' title='bbox 778 4096 825 4134; x_wconf 90' lang='lat' dir='ltr'>me</span> <span class='ocrx_word' id='word_1_371' title='bbox 850 4074 1008 4154; x_wconf 88' lang='lat' dir='ltr'>profiteor,</span> <span class='ocrx_word' id='word_1_372' title='bbox 1031 4084 1065 4130; x_wconf 91' lang='lat' dir='ltr'>ut</span> <span class='ocrx_word' id='word_1_373' title='bbox 1088 4070 1265 4132; x_wconf 85' lang='lat' dir='ltr'>admodum</span> 
     </span>
     <span class='ocr_line' id='line_1_43' title="bbox 132 4148 1267 4233; baseline -0.005 -20"><span class='ocrx_word' id='word_1_374' title='bbox 132 4154 393 4215; x_wconf 88' lang='lat' dir='ltr'>administrationis</span> <span class='ocrx_word' id='word_1_375' title='bbox 437 4157 513 4213; x_wconf 89' lang='lat' dir='ltr'>otius</span> <span class='ocrx_word' id='word_1_376' title='bbox 533 4176 618 4233; x_wconf 89' lang='lat' dir='ltr'>quam</span> <span class='ocrx_word' id='word_1_377' title='bbox 643 4153 680 4212; x_wconf 90' lang='lat' dir='ltr'>ad</span> <span class='ocrx_word' id='word_1_378' title='bbox 703 4152 891 4213; x_wconf 86' lang='lat' dir='ltr'>substantiam</span> <span class='ocrx_word' id='word_1_379' title='bbox 916 4150 1093 4230; x_wconf 85' lang='lat' dir='ltr'>pertineant.</span> <span class='ocrx_word' id='word_1_380' title='bbox 1135 4148 1200 4211; x_wconf 77' lang='lat' dir='ltr'>Hac</span> <span class='ocrx_word' id='word_1_381' title='bbox 1220 4166 1267 4207; x_wconf 89' lang='lat' dir='ltr'>ra·</span> 
     </span>
     <span class='ocr_line' id='line_1_44' title="bbox 133 4179 1266 4311; baseline -0.007 -20"><span class='ocrx_word' id='word_1_382' title='bbox 133 4233 219 4291; x_wconf 89' lang='lat' dir='ltr'>tione</span> <span class='ocrx_word' id='word_1_383' title='bbox 237 4230 311 4291; x_wconf 89' lang='lat' dir='ltr'>nihil</span> <span class='ocrx_word' id='word_1_384' title='bbox 330 4179 504 4311; x_wconf 80' lang='lat' dir='ltr'>impedient,</span> <span class='ocrx_word' id='word_1_385' title='bbox 524 4231 679 4310; x_wconf 86' lang='lat' dir='ltr'>quominus</span> <span class='ocrx_word' id='word_1_386' title='bbox 706 4229 826 4288; x_wconf 81' lang='lat' dir='ltr'>eaedem</span> <span class='ocrx_word' id='word_1_387' title='bbox 851 4238 989 4286; x_wconf 83' lang='lat' dir='ltr'>maneant</span> <span class='ocrx_word' id='word_1_388' title='bbox 1012 4224 1118 4287; x_wconf 85' lang='lat' dir='ltr'>veteris</span> <span class='ocrx_word' id='word_1_389' title='bbox 1143 4243 1177 4283; x_wconf 82' lang='lat' dir='ltr'>ac</span> <span class='ocrx_word' id='word_1_390' title='bbox 1197 4225 1266 4293; x_wconf 74' lang='lat' dir='ltr'>quvi</span> 
     </span>
     <span class='ocr_line' id='line_1_45' title="bbox 131 4299 1266 4390; baseline -0.011 -21"><span class='ocrx_word' id='word_1_391' title='bbox 131 4308 318 4371; x_wconf 82' lang='lat' dir='ltr'>Testamenti</span> <span class='ocrx_word' id='word_1_392' title='bbox 337 4309 559 4390; x_wconf 86' lang='lat' dir='ltr'>promissiones:</span> <span class='ocrx_word' id='word_1_393' title='bbox 587 4320 674 4387; x_wconf 82' lang='lat' dir='ltr'>atquc</span> <span class='ocrx_word' id='word_1_394' title='bbox 700 4306 777 4367; x_wconf 89' lang='lat' dir='ltr'>idem</span> <span class='ocrx_word' id='word_1_395' title='bbox 802 4306 927 4384; x_wconf 81' lang='lat' dir='ltr'>ipsarum</span> <span class='ocrx_word' id='word_1_396' title='bbox 951 4302 1177 4385; x_wconf 82' lang='lat' dir='ltr'>promissin&#39;uum</span> <span class='ocrx_word' id='word_1_397' title='bbox 1198 4299 1266 4359; x_wconf 89' lang='lat' dir='ltr'>fuu-</span> 
     </span>
    </p>
   </div>
   <div class='ocr_carea' id='block_1_8' title="bbox 0 0 1354 4732">
    <p class='ocr_par' dir='ltr' id='par_1_9' title="bbox 0 0 1354 4732">
     <span class='ocr_line' id='line_1_46' title="bbox 0 0 1354 4732; baseline 0 6"><span class='ocrx_word' id='word_1_398' title='bbox 0 0 1354 4732; x_wconf 95' lang='lat' dir='ltr'> </span> 
     </span>
    </p>
   </div>
  </div>
 </body>
</html>
