2700 4732
74 172 217 288 m'
454 164 866 281 mmmm'

30 337 46 367 ⁸
74 361 256 445 Prophetae,
274 361 381 423 lrustra
390 360 459 423 Deo
479 362 645 445 hypocritas
664 361 801 445 ingerere
811 362 930 425 lrctltlos
951 363 1023 427 ritus
1040 384 1095 458 pro
1108 366 1217 447 poeni·

68 444 181 516 tentia,
200 459 288 520 quern
308 437 438 499 oblectat
456 440 609 523 integritas
629 462 695 501 cum
716 440 820 501 officiis
839 442 974 501 caritatis.
1020 441 1105 503 Sicut
1126 442 1216 503 etiam

77 519 220 578 admonet
238 527 343 576 auctor
361 516 514 595 Epistulae
532 516 568 576 ad
589 516 742 576 Hebraeos
762 520 826 597 (13,
846 520 918 594 ld),
938 517 1220 591 beneficentiam-et

75 594 286 655 humanitatem
312 594 535 667 commendans,
564 593 706 653 eiusmodi
729 595 867 654 sacrificia
915 595 1010 655 lacere
1031 590 1112 656 Deo.
1152 597 1219 657 Nec

77 683 158 733 certe
179 669 313 733 Christus
333 668 401 727 dum
421 670 592 729 Pharisaeos
611 668 802 739 mbsannans,
822 617 912 750 quod
923 672 1082 753 purgandis
1100 684 1219 733 tantam

76 748 180 809 catinia
199 748 317 817 intenti,
337 746 435 807 cordis
454 746 627 805 munditiem
646 747 726 828 negli
749 761 843 819 erent,
863 748 946 807 iubet
964 769 1015 808 eos
1035 770 1095 829 quo
1115 750 1220 810 omnia

75 825 186 885 munda
204 823 273 899 sint,
293 824 363 882 dare
382 822 593 903 eleemosynas,
612 768 895 883 adsatisiacieodum
909 825 1056 886 bortatur:
1076 824 1129 885 sed
1148 836 1218 885 tan-

76 912 140 961 tum
160 900 259 973 docet,
278 897 370 979 qualis
390 900 534 979 probetur
545 898 612 958 Deo
632 900 798 959 mundities.
825 901 872 959 De
909 922 944 959 ua
958 900 1134 981 loquutione
1144 900 1220 962 alibi

38 1025 43 1039 .
75 988 232 1040 tractatum
240 975 408 1056 cst(b1atth·
416 975 837 1047 ettamunster-mss.
847 922 1221 1059 Calv.int1nm.t’,nng.).

153 1060 201 1120 37.
240 1054 394 1127 Quantum
413 1054 520 1111 attinet
538 1052 573 1111 ad
594 1052 691 1112 locum
711 1053 808 1113 Lucae
828 1057 907 1134 (cop.
918 1061 946 1126 7,
958 1059 1006 1119 36.
1016 1057 1106 1134 sqq),
1126 1075 1221 1115 nemo

78 1131 129 1212 qui
149 1129 317 1212 parabolam
338 1129 397 1189 illic
416 1129 579 1189 aDomino
601 1130 780 1265 propositam
800 1152 873 1190 sano
893 1131 1002 1191 iudicio
1022 1131 1141 1212 legerit,
1159 1152 1222 1193 oo·

78 1208 123 1269 bis
143 1229 177 1267 ex
198 1226 235 1267 eo
255 1206 485 1266 controversiam
507 1207 601 1265 laciet.
629 1206 653 1263 1>
676 1206 800 1266 arisaeus
821 1228 836 1265 a
860 1209 897 1266 ud
920 1229 951 1267 se
971 1207 1132 1289 cogitabat,
1151 1228 1219 1269 non

79 1283 247 1367 cognoscis
259 1282 392 1342 Domino
405 1282 567 1356 mulierem,
578 1304 663 1361 quum
683 1294 763 1342 tanta
784 1230 858 1343 facil

79 1360 235 1421 sentiebat
253 1359 332 1418 enim
352 1380 413 1418 non
435 1358 522 1419 luisse
540 1359 741 1434 admissurum,
759 1360 784 1419 si
804 1362 1006 1440 peccatricem,
1026 1360 1121 1441 qualis
1140 1372 1220 1453 erat¹

79 1437 275 1520 cognovisset.
312 1436 352 1496 At
375 1454 412 1495 ue
441 1455 475 1495 ex
501 1456 537 1496 eo
558 1435 737 1516 colligebat,
762 1457 823 1496 noo
850 1457 912 1499 esse
932 1436 1131 1516 Prophetam,
1163 1458 1218 1517 qur

79 1534 146 1574 eum
166 1514 197 1572 in
216 1512 337 1572 modum
354 1456 424 1571 iattt
448 1523 557 1592 posset.
601 1511 762 1586 Dominus,
788 1524 820 1572 ut
845 1514 1038 1593 peccatricem
1063 1534 1126 1574 non
1151 1532 1218 1575 esse

80 1590 271 1663 ostenderet,
293 1589 339 1649 cni
364 1589 420 1648 iam
447 1589 564 1648 remissa
585 1600 681 1648 essent
700 1602 830 1668 peccata,
851 1590 1020 1669 parabolam
1041 1589 1218 1670 proposuit:

77 1669 171 1745 „Duo
192 1666 342 1726 debitores
361 1676 445 1725 erant
463 1665 515 1725 uni
536 1664 730 1726 foeneratori:
751 1665 825 1725 alter
845 1667 1057 1748 quinquaginta
1076 1666 1221 1743 debebat,

78 1742 177 1822 „alter
196 1743 374 1823 quingenta:
407 1741 523 1821 utrique
556 1742 705 1801 remissurn
731 1755 774 1802 est
800 1742 947 1802 debitum:
981 1755 1046 1802 uter
1071 1743 1218 1803 maiorem

78 1821 226 1905 „gratiam
247 1818 354 1879 babet?
393 1818 567 1899 Respondet
586 1817 769 1878 Pharisaeus:
796 1819 825 1879 ls
844 1820 947 1898 utique
968 1820 1014 1880 cui
1035 1818 1099 1900 plus
1121 1820 1219 1881 dona·

78 1910 162 1975 „tum
182 1906 235 1956 est.
274 1894 403 1955 Subiicit
421 1894 578 1954 Dominus:
598 1894 676 1955 llinc
696 1915 824 1977 agnosce
843 1897 961 1955 remissa
982 1916 1043 1955 esse
1065 1894 1133 1957 huic
1152 1916 1218 1957 rau·

78 1972 165 2051 „lieri
185 1984 314 2054 peccata,
335 1974 402 2051 qnia
421 1971 523 2031 ‹lilexit
541 1971 695 2030 multum.“
735 1972 853 2046 Quibus
865 1972 961 2031 verbis
978 1978 1027 2051 (ut
1039 1972 1135 2049 vides)
1154 1974 1218 2035 eitra

79 2050 268 2131 dilectionem
289 2070 350 2109 non
377 2047 446 2108 lacit
466 2070 578 2108 causam
605 2048 781 2108 remissionis
808 2061 1009 2129 peecatorum,
1031 2050 1083 2109 scd
1105 2048 1215 2128 proba-

77 2131 201 2190 tionem.
249 2125 327 2184 Sunt
354 2125 431 2183 enim
461 2136 576 2204 sumpta
608 2144 623 2183 a
650 2124 736 2184 simili
768 2126 830 2185 eius
856 2126 1008 2199 debitoris,
1028 2126 1076 2185 cui
1096 2126 1216 2187 remissa

77 2216 163 2264 erant
176 2204 348 2283 quingenta,
368 2202 415 2260 cui
428 2221 488 2260 non
501 2202 581 2273 dixit,
600 2200 667 2261 ideo
679 2202 807 2275 remissa,
827 2204 893 2282 quia
914 2202 1035 2262 multum
1054 2200 1214 2263 dilexisset:

77 2281 128 2341 sed
149 2279 217 2338 ideo
237 2277 360 2337 multum
376 2277 509 2359 diligere,
530 2278 595 2357 quia
615 2279 731 2338 remissa
750 2279 816 2339 sint.
856 2281 953 2357 Atque
975 2280 1029 2338 buc
1050 2299 1117 2338 eam
1135 2278 1216 2339 simi-

77 2356 231 2416 litudinem
253 2353 391 2434 applicari
404 2355 554 2427 convenit,
574 2355 603 2413 in
625 2354 698 2414 banc
719 2356 858 2415 sormam:
881 2353 1133 2419 Putasmulierem
1144 2355 1218 2416 banc

79 2452 142 2494 esse
163 2435 369 2511 peccatricem:
391 2432 471 2509 atqui
489 2430 579 2489 talem
592 2451 653 2489 non
667 2450 728 2491 esse
749 2450 909 2513 agnoscere
923 2432 1075 2504 debueras,
1096 2432 1216 2511 quando

79 2511 108 2569 ei
126 2509 244 2568 remissa
264 2507 323 2567 sint
342 2521 470 2587 peccata.
514 2507 705 2567 Remissionis
724 2522 820 2567 autem
841 2520 1029 2588 peccatorum
1049 2508 1140 2569 fidem
1160 2508 1216 2569 tibi

78 2586 177 2647 iacere
197 2584 340 2643 debuerat
360 2583 420 2643 eius
446 2583 581 2658 dilectio,
611 2605 667 2662 qua
694 2584 732 2644 ob
768 2585 940 2644 beneficium
987 2586 1086 2643 ratiam
1114 2583 1225 2651 refert.¹

77 2665 134 2725 Est
153 2672 250 2721 antem
271 2672 475 2741 argumentum
501 2681 517 2720 a
543 2660 716 2740 posteriori,
743 2683 802 2740 quo
829 2662 938 2740 aliquid
960 2604 1218 2723 demonstratura

79 2741 102 2801 si
147 2741 169 2798 is
194 2738 393 2817 sequentibus.
439 2736 508 2811 Qua
534 2749 631 2795 autem
657 2736 772 2797 ratione
798 2750 986 2818 peccatorum
1012 2738 1219 2825 remissiqnem

78 2815 328 2890 ilaobtinuerit,
379 2812 457 2873 alam
474 2812 619 2873 Dominus
644 2824 775 2873 testatur.
824 2814 948 2888 „Fides,
978 2815 1090 2894 iuquit,
1117 2826 1170 2875 tua
1189 2826 1220 2875 te

78 2893 186 2955 salvam
207 2891 308 2951 lecit.“
358 2834 432 2949 lide
452 2891 543 2971 igitur
567 2890 766 2950 scurissionem
787 2892 980 2971 assequimur:
1006 2892 1129 2952 caritate
1148 2912 1221 2974 gra·

78 2970 134 3031 tias
153 2968 275 3049 agimus,
296 2977 326 3027 et
345 2965 466 3027 Domini
487 2967 710 3026 beneficentiam
730 2980 881 3033 testamur.

111 3090 118 3101 .
154 3050 202 3109 38.
241 3045 346 3103 Parum
368 3057 465 3103 autem
486 3063 533 3102 me
553 3056 769 3123 movent,quae
790 3045 966 3106 inveterom
986 3043 1221 3121 scriptisdesa-

78 3121 246 3183 tislactione
266 3121 369 3200 passim
390 3131 559 3180 occurrunt.
598 3119 696 3179 Video
710 3121 828 3211 quidem
849 3141 951 3180 eorum
973 3118 1135 3181 nonnullos
1154 3120 1221 3197 (di-

80 3220 143 3259 cam
162 3197 343 3276 simpliciter,
364 3216 466 3257 omnes
487 3190 549 3255 lire
569 3218 694 3276 quornm
707 3197 774 3257 libri
789 3199 917 3275 exstant)
938 3210 989 3257 aut
1009 3197 1062 3257 hac
1082 3197 1112 3255 iu
1133 3210 1221 3277 parte

852 1286 922 1344 itate
941 1285 977 1343 ad
997 1304 1028 1343 se
1043 1284 1220 1345 admisisset.

79 3274 177 3355 lapsos
197 3293 270 3348 esse,
290 3286 339 3333 aut
360 3273 445 3332 nimis
466 3295 494 3331 as
518 3293 568 3332 ere
588 3294 620 3332 ac
642 3273 712 3332 dure
735 3275 887 3354 loquutos:
909 3275 960 3333 sed
980 3295 1040 3333 non
1053 3273 1219 3335 concedam

80 3370 132 3411 eos
152 3351 232 3429 ipsos
252 3352 325 3409 adeo
348 3349 436 3410 luisse
457 3296 543 3409 rudes
564 3361 593 3407 et
613 3349 779 3429 imperitos,
806 3362 838 3410 ut
858 3370 895 3411 eo
915 3372 1001 3410 sensu
1021 3349 1069 3410 illa
1088 3350 1218 3429 scripse-

79 3427 152 3501 rint,
173 3448 233 3519 qno
254 3449 270 3486 a
290 3427 372 3485 novis
391 3427 454 3487 istis
473 3425 718 3486 satisfactionariis
739 3426 887 3509 leguntur.
929 3428 1221 3506 Chrysostomua

80 3503 188 3585 alieubi
207 3503 246 3562 ita
265 3502 368 3562 scribit
388 3502 481 3581 [bom.
502 3509 530 3565 2.
552 3504 582 3561 in
603 3501 678 3562 Psal.
698 3504 778 3583 50.]:
811 3504 893 3574 „Ubi
914 3503 1112 3564 misericordia
1132 3502 1220 3585 llagi-

79 3591 196 3658 „tator,
216 3581 328 3639 interro
351 3580 411 3638 atio
438 3592 543 3638 cessat:
568 3579 619 3637 ubi
645 3580 846 3640 misericordia
871 3581 1050 3660 postulatur,
1076 3579 1220 3640 iudicium

75 3678 163 3735 „noo
184 3658 288 3716 saevit:
318 3599 369 3716 uli
389 3655 587 3715 misericordia
629 3655 734 3729 etitur,
761 3677 875 3736 poenae
896 3657 977 3717 locus
997 3678 1057 3716 rron
1080 3668 1141 3717 est:
1168 3657 1221 3717 ubi

77 3732 310 3812 „misericordia,
330 3732 461 3812 quaestio
473 3731 567 3791 nulla:
588 3676 638 3790 uli
652 3734 862 3806 misericordia,
883 3734 1050 3793 condonata
1062 3733 1222 3813 responsio

79 3815 176 3887 „est.“
216 3810 303 3884 Quae
323 3807 412 3868 rerba
432 3820 581 3888 utcunque
601 3820 807 3887 torqueantur,
827 3832 894 3870 cum
912 3810 1097 3892 dogmatibus
1118 3820 1220 3870 tameo

79 3886 260 3947 scholasticis
280 3884 430 3945 conciliari
450 3906 597 3963 nunquam
619 3896 770 3964 poterunt.
810 3887 846 3944 In
868 3887 944 3946 libro
965 3900 1062 3946 autem
1081 3884 1118 3944 de
1131 3885 1221 3961 Dog-

78 3962 415 4031 motiduseeolesinstiois,
437 3962 486 4040 qui
497 3961 525 4019 A
534 3982 622 4042 ugus
631 3963 656 4020 ti
666 3983 710 4022 oo
731 3962 910 4037 inscribitur,
922 3965 962 4023 sic
975 3964 1046 4043 legis
1059 3962 1222 4043 [cap.5d.]:

78 4039 310 4118 „poenitentiae
328 4038 485 4099 satisfactio
498 4050 551 4112 est,
568 4059 664 4099 causas
683 4052 871 4117 pcccatorum
884 4041 1026 4110 excidere,
1047 4060 1102 4099 nee
1114 4059 1222 4100 eorum

78 4117 341 4197 „sugestionibus
373 4114 482 4173 aditum
506 4115 691 4195 indulgere.“
742 4115 813 4188 Quo
841 4131 977 4196 apparet,
1010 4116 1064 4177 illis
1095 4136 1221 4195 quoque

78 4136 202 4253 saecrliis
232 4194 345 4252 irrisam
376 4190 480 4270 passim
513 4190 600 4250 fuisse
626 4191 833 4251 satisfactionis
854 4193 1033 4267 doctrinam,
1065 4213 1141 4272 quae
1162 4214 1221 4274 pro

80 4269 210 4330 admissis
230 4268 343 4329 delictis
361 4267 486 4349 rependi
507 4268 669 4327 diceretur:
690 4291 779 4349 quum
793 4290 910 4328 omnem
931 4270 1163 4329 satisfactionem
1185 4270 1223 4330 ad

78 4345 248 4405 cautionem
269 4345 429 4407 reseratae
448 4344 478 4404 in
500 4357 649 4429 posterum
670 4364 686 4403 a
707 4347 834 4424 peccatis
854 4346 1029 4409 abstinendi.
1074 4345 1156 4406 Nolo
1178 4349 1223 4407 ci-
