2700 4732
493 184 568 245 ΗΒ.
588 184 641 245 tv.
682 183 770 247 CAP.
789 183 859 245 ΧΠ.
1186 187 1244 251 331

80 352 84 363 ·
187 335 235 392 at.
274 329 406 409 Sequuta
425 341 494 390 sunt
513 329 619 415 dqinde
633 328 780 389 deteriora
800 338 946 406 tempora,
966 337 995 385 et
1014 325 1050 385 ad
1071 336 1244 405 praeposte-

110 428 178 467 rum
198 404 276 486 vulgi
307 407 432 466 studium
463 408 582 466 accessit
610 407 815 485 episcoporum
842 416 904 463 tum
928 401 1042 462 inscitia
1069 414 1099 461 ct
1115 401 1243 477 ruditas,

70 524 75 537 ·
110 496 175 543 tum
197 483 288 541 libido
310 483 479 543 dominandi
500 494 529 541 et
548 482 718 563 tyrannicus
737 482 830 562 rigor.
873 481 962 539 Latae
982 491 1050 538 erint
1075 478 1180 557 impiae
1192 477 1244 536 ·le·

109 580 175 641 ges,
189 580 263 638 quae
275 561 468 619 conscientias
482 559 644 618 exitialibus
656 556 775 617 vinculis
795 557 952 637 stringunt.
991 555 1166 615 interdictus
1180 575 1244 614 car-

110 636 193 695 nium
214 655 278 694 esus
298 636 377 714 quasi
410 636 557 695 bominem
583 634 802 695 contaminaret.
852 632 977 691 Additae
996 631 1155 712 sacrilegae
1175 631 1243 711 opi-

110 712 217 771 niones
242 711 314 772 aliae
338 732 425 791 super
450 711 533 783 alias,
564 711 659 770 donec
686 713 715 768 in
741 709 921 790 prolundum
948 707 1077 768 omnium
1110 728 1243 767 errorum

108 801 231 849 ventum
252 800 304 848 est.
345 789 388 847 Ac
410 810 446 847 ne
467 789 535 867 quid
556 788 707 867 pravitatis
728 788 929 857 omitteretur,
954 786 1134 862 ineptissimo
1155 783 1245 842 absti-

109 864 230 925 nentiae
251 861 399 944 praetextu
420 884 484 923 cum
506 866 571 922 Deo
597 864 697 923 ludere
724 874 888 943 coeperunt
900 864 943 939 *).
992 862 1065 923 Nam
1093 859 1121 921 in
1144 860 1245 939 exqui-

108 939 251 1005 sitissimis
271 934 432 1019 quibusque
453 940 562 999 deliciis
581 939 763 1013 lausicivmii
783 937 946 1018 quaeritur:
973 937 1070 998 nullae
1090 949 1161 995 tunc
1180 936 1244 996 lau-

108 1016 192 1077 titiae
212 1017 375 1089 sulliciunt,
407 1038 555 1096 nunquam
575 1016 669 1081 maior
693 1016 827 1087 ciborum
847 1014 892 1075 vel
914 1017 1030 1094 copia,·
1046 1013 1092 1073 vel
1111 1013 1245 1097 varietas,

108 1093 161 1153 vel
179 1093 310 1153 suavitas.
350 1095 383 1151 In
405 1093 456 1151 tali
477 1115 509 1152 ac
529 1105 587 1152 tam
607 1092 762 1172 splendido
773 1102 912 1172 apparatu
934 1101 1037 1170 putant
1055 1110 1086 1151 se
1102 1091 1161 1171 ¹rite
1176 1110 1244 1167 ser-

108 1170 173 1230 vire
186 1171 261 1228 Deo.
301 1170 399 1229 Taceo
422 1170 500 1249 quod
521 1190 669 1248 nunquam
692 1168 806 1227 loedius
826 1188 857 1227 se
876 1168 1058 1248 ingurgitant
1078 1167 1128 1246 qui
1141 1164 1245 1227 volunt

108 1242 212 1335 hpberi
232 1245 412 1305 sanctissimi.
451 1246 485 1304 ln
507 1267 630 1317 summa,
656 1243 702 1303 bic
722 1266 849 1304 summus
869 1256 913 1303 est
932 1243 1118 1316 lleicnltus,
1144 1264 1158 1303 a
1180 1264 1243 1302 car-

108 1314 197 1385 inbus
217 1322 378 1394 abstinere,
412 1320 516 1381 stillis
539 1322 664 1402 exceptis
685 1320 806 1379 allluere
827 1319 908 1379 omui
927 1326 1037 1401 genere
1057 1318 1244 1385 lautitiarum.

108 1394 236 1459 Rursum
263 1392 333 1457 haec
359 1397 460 1457 ultima
488 1398 531 1456 est
557 1396 689 1477 impietas
711 1409 740 1456 et
759 1397 804 1456 vix
824 1408 920 1455 morte
942 1395 1105 1475 expiabilia,
1135 1399 1158 1455 si
1180 1396 1243 1476 quis

107 1472 260 1535 minimum
294 1473 365 1532 lardi
395 1485 444 1531 aut
476 1474 610 1532 rancidae
636 1473 728 1533 carnis
749 1493 910 1552 cum-panc
936 1472 1057 1553 cibario>
1075 1473 1244 1553 gustaverit.

107 1548 215 1613 Narrat
238 1548 435 1628 Hieronymus
459 1549 510 1628 (ad
537 1548 766 1628 Nepotianum),
796 1549 851 1608 iarn
881 1569 935 1608 suo
960 1544 1076 1607 saeculo
1103 1548 1243 1629 quosdam

109 1625 261 1700 prestitisse,
283 1627 332 1707 qui
353 1625 457 1684 talibus
477 1626 594 1704 ineptiis
606 1647 671 1685 cum
683 1626 751 1684 Deo
772 1622 921 1684 luderent:
943 1626 992 1705 qni
1014 1645 1051 1682 ne
1064 1624 1243 1687 oleosescess

107 1712 226 1773 rentur,
247 1701 328 1761 cibos
348 1701 569 1761 delicatissimos
588 1701 717 1781 undique
738 1702 840 1760 advehi
864 1700 929 1767 sibi,
941 1700 1096 1763 curabant:
1128 1701 1189 1761 imo
1209 1713 1243 1765 ut

107 1787 230 1853 naturae
249 1777 305 1836 vim
327 1776 480 1851 inferrent,
500 1777 536 1837 ab
558 1799 650 1857 aquae
670 1791 743 1859 potu
764 1776 961 1850 abstinebant,
980 1777 1030 1837 sed
1051 1798 1151 1838 suares
1194 1798 1241 1839 re-

107 1854 255 1933 tinsasque
274 1855 501 1915 sorbitiunculas
520 1854 583 1914 fieri
602 1854 658 1913 sibi
672 1854 822 1929 curabant,
843 1876 913 1935 quas
933 1874 993 1913 non
1015 1875 1048 1914 ex
1068 1854 1157 1915 calice
1169 1799 1243 1914 iau·

107 1928 235 2003 riebant,
255 1930 305 1989 sed
327 1930 447 1991 coneha.
488 1932 578 2005 Quod
601 1931 701 1990 vitium
722 1944 792 1990 tunc
813 1933 843 1990 in
864 1930 964 2009 paucis
984 1943 1058 2003 erat,
1078 1930 1241 1992 hodievul-

107 2025 179 2088 gare
191 2017 234 2065 est
252 2007 329 2067 inter
349 2027 451 2066 omnes
468 2007 584 2068 divites:
604 2018 637 2066 ut
654 2008 767 2068 scilieet
786 2028 848 2067 non
868 2008 925 2066 alio
947 2006 1005 2066 fine
1025 2007 1168 2080 ieiunent,
1188 2008 1243 2068 nisi

106 2093 143 2141 ut
161 2081 265 2143 lautim
286 2083 464 2162 nitidiusque
476 2085 641 2164 epulentur.
680 2084 740 2143 Sed
761 2084 832 2144 nnlo
852 2084 976 2143 multum
993 2084 1150 2143 verborum
1172 2106 1242 2165 pro-

107 2157 232 2217 fundere
253 2161 281 2218 in
303 2181 335 2218 re
356 2180 416 2219 non
438 2160 511 2220 adeo
533 2160 628 2219 dubia.
668 2160 735 2221 Hoc
755 2171 868 2219 tantum
890 2160 968 2233 dico,
989 2181 1055 2221 cunt
1076 2161 1106 2220 in
1128 2161 1242 2221 ieiuniis

107 2245 170 2294 tum
194 2234 224 2295 in
252 2236 387 2296 omnibns
414 2234 476 2295 aliis
501 2236 667 2314 disciplinae
693 2235 827 2316 partibus¹
845 2238 921 2296 adeo
947 2235 1020 2296 nihil
1051 2236 1140 2312 recti,
1171 2236 1243 2297 nihil

106 2311 225 2388 sinceri,
246 2311 317 2371 nihil
337 2312 415 2370 bene
435 2313 588 2392 compositi
608 2336 641 2373 ac
662 2313 787 2373 ordinati
808 2312 918 2373 habere
930 2313 970 2373 Pa
994 2314 1068 2388 istas,
1088 2312 1242 2393 utsuperss

107 2385 208 2465 biendi
229 2389 412 2449 occasionem
433 2389 540 2449 nullam
562 2389 698 2466 babeant,
719 2389 799 2471 quasi
818 2389 926 2469 aliquid
942 2335 1085 2470 reliquum
1106 2390 1145 2452 sit
1164 2390 1241 2469 aputl

108 2484 155 2527 eas
174 2465 259 2524 laude
280 2466 408 2545 dignum.

183 2547 230 2604 22.
270 2542 411 2620 Sequitur
430 2541 519 2601 altera
544 2564 609 2679 pars
630 2540 807 2633 disciplinae,
828 2563 902 2622 quae
924 2542 959 2602 ad
981 2541 1091 2602 clerum
1111 2526 1242 2633 peculia·

107 2617 181 2678 riter
200 2619 336 2697 pertinet.
376 2619 416 2678 Ea
429 2618 543 2680 Cannni
567 2643 599 2678 ns
612 2632 792 2691 continetur,
806 2641 879 2699 quos
900 2619 954 2679 sibi
974 2631 1087 2678 veteres
1109 2620 1241 2699 episcopi

107 2716 220 2785 suoque
241 2696 338 2754 ordini
358 2695 569 2775 imposuerunt.
619 2697 729 2768 Quales
750 2709 832 2770 sunt,
861 2697 906 2753 Ne
927 2697 991 2773 quis
1011 2694 1132 2761 clericus
1153 2715 1241 2755 vena-

108 2771 196 2845 tioni,
216 2771 331 2850 nequis
351 2771 441 2845 aleae,
461 2773 574 2851 nequis
594 2773 852 2830 comessationibus
872 2783 1002 2831 vacaret:
1025 2774 1138 2849 nequis
1160 2791 1242 2830 exer-

109 2859 191 2907 ceret
210 2847 312 2907 suenus
333 2860 382 2907 aut
402 2860 607 2906 mercaturam:
640 2870 677 2905 ne
699 2849 761 2924 quis
791 2847 900 2906 lascivis
925 2848 1129 2906 saltationibus
1149 2849 1242 2906 inter·

109 2936 199 2983 esset:
219 2924 339 3004 aliisque
360 2925 421 2983 eins
442 2924 565 3004 generis.
605 2922 826 2990 aldiiciebantur
847 2935 876 2981 et
897 2943 1027 3012 poenae,
1055 2923 1160 3000 quibus
1181 2925 1243 3002 ipsa

108 3001 263 3061 Canouum
283 3003 439 3060 auctoritas
458 2999 658 3071 sanciebatur,
683 3018 721 3057 ne
742 2998 876 3077 quis'ens
896 3019 1014 3078 impune
1034 2998 1166 3058 violaret.
1204 3000 1242 3061 In

107 3077 184 3138 hrrnc
205 3079 291 3136 finem
312 3078 469 3154 rrrvicnique
489 3076 588 3153 episco
613 3074 882 3136 ocommittebatur
898 3076 968 3135 cleri
988 3075 1032 3135 sui
1052 3074 1241 3157 gubernatio,

106 3167 140 3213 ut
159 3156 317 3215 secundum
332 3154 468 3214 Canones
489 3174 555 3211 suns
576 3099 696 3213 clericos
717 3163 843 3233 regeret,
864 3174 896 3211 ac
917 3153 945 3211 in
967 3152 1068 3212 ollicio
1090 3153 1241 3213 retineret.
1286 3163 1288 3169 ’

106 3231 142 3289 ln
165 3232 240 3290 hunc
260 3232 348 3288 finem
370 3230 519 3289 institutae
540 3244 623 3288 erant
642 3250 755 3288 annuae
776 3228 973 3308 inspectiones
998 3251 1031 3288 ac
1057 3230 1176 3309 synodi:
1207 3241 1241 3291 ut

106 3308 206 3385 siquis
223 3308 300 3366 lorct
321 3307 349 3365 in
367 3307 466 3365 olficio
488 3305 696 3386 negligentior,
715 3307 938 3365 admoneretur:
958 3306 1061 3386 siquis
1080 3317 1241 3385 peccasset,

107 3403 162 3461 pro
183 3385 272 3441 modo
294 3384 392 3443 delicti
416 3383 446 3440 in
469 3403 533 3441 eum
555 3383 843 3442 animadverteretur.
888 3382 947 3461 lpsi
969 3403 1087 3462 quoque
1108 3381 1240 3464 episcopi

108 3461 265 3536 quotannis
293 3481 358 3518 suas
389 3460 536 3518 habebant
566 3458 758 3537 provinciales
784 3459 928 3539 synodos,
964 3460 1124 3539 antiquitus
1151 3460 1239 3518 etiam

108 3536 204 3607 binas,
224 3556 238 3593 a
259 3536 363 3613 quibus
382 3534 603 3607 indicabantur,
624 3534 737 3613 siquid
764 3548 879 3613 praeter
900 3535 1029 3595 officium
1055 3536 1239 3595 admiserant.

107 3613 182 3669 Nam
203 3610 225 3669 si
247 3613 310 3688 quis
332 3613 485 3690 episcopus
507 3612 609 3669 durior
634 3622 699 3669 erat
718 3623 767 3669 ant
786 3611 945 3673 violentior
963 3612 993 3670 in
1014 3634 1097 3671 suum
1118 3611 1240 3687 clerum,

108 3686 178 3745 illuc
190 3699 251 3745 erat
264 3688 448 3765 provocatio,
464 3686 572 3747 etiamsi
594 3708 665 3745 rinus
687 3698 797 3747 tanturn
812 3690 1059 3767 conquerebatur.
1098 3687 1240 3747 Animad-

107 3764 202 3823 versio
223 3761 401 3822 severissima
423 3775 500 3836 crat,
530 3776 563 3824 ut
583 3763 782 3842 deponeretur
802 3763 837 3823 ab
864 3765 963 3825 officio
985 3764 1035 3844 qui
1060 3775 1241 3843 peccaverat,

107 3861 140 3898 ac
162 3841 369 3899 communione
389 3840 424 3897 ad
444 3852 559 3919 tempus
577 3840 748 3920 privaretur.
798 3839 877 3914 Quia
902 3853 999 3901 autem
1019 3852 1082 3900 erat
1101 3839 1150 3899 ille
1171 3861 1240 3921 per-

106 3929 211 3996 petuus
236 3916 326 3991 ordo,
357 3916 501 3995 synodum
533 3917 680 3976 dimittere
706 3937 856 3996 nunquam
880 3917 1026 3992 solebant,
1046 3916 1115 3998 quin
1141 3916 1241 3983 locum

112 4084 193 4092 ..--

109 4241 115 4253 ·
148 4241 154 4253 ·
176 4175 203 4292 *lp
220 4174 369 4255 Bernardus
387 4175 469 4227 Servo.
489 4180 511 4231 l.
540 4175 568 4227 in
593 4175 636 4229 die
661 4173 788 4254 Paschae,
814 4172 982 4254 repreliendit
1005 4170 1155 4254 et‘intaliis
1172 4185 1198 4224 et
1207 4171 1243 4253 ‘in

107 4262 167 4308 rpus
202 4243 350 4302 tonantis,
375 4245 447 4313 qnod
470 4258 520 4295 tem
542 4263 588 4296 ore
605 4244 815 4312 quadragesimas
837 4242 871 4293 ad
894 4254 1016 4295 instanter
1039 4239 1172 4300 inhiarent
1187 4242 1242 4303 dans

110 4310 302 4364 resurrectionis
319 4311 438 4375 Domini,
454 4327 483 4367 ut
500 4312 517 4364 l'
539 4311 605 4372 erius
622 4311 785 4376 indulgerent
801 4307 935 4380 voluptati,
