2700 4732
15 268 17 273 ,
104 203 165 269 m
271 182 275 191 '
501 176 653 255 umis.
692 190 838 257 ceux.

46 384 50 395 ,
94 344 189 406 tium.
227 340 293 403 Hae
310 337 427 401 ratione
444 334 571 401 Iacobus
591 339 636 430 (4,
654 344 703 405 11.
723 348 754 399 et
771 338 848 412 120:
880 336 967 425 „Qui
984 335 1102 400 iudicet
1120 334 1250 413 intem,

19 456 24 469 ν
109 420 245 501 „iuquit,
270 416 383 479 iudicat
401 417 528 498 Legem:
558 438 612 497 qur
631 416 742 497 Legem
767 415 893 492 iudicat,
924 433 987 475 non
1007 426 1056 476 est
1074 413 1249 475 obremus

109 497 236 578 „Legis,
261 493 314 557 sed
331 492 427 554 iudex.
468 492 552 554 Unus
571 504 669 552 autem
687 490 867 585 Legislator,
892 491 943 572 qui
961 501 1065 572 potest
1082 509 1206 551 servare
1221 500 1250 551 et

46 574 49 579 ’
110 573 299 656 „perderea“·
312 569 479 644 Audimus,
497 570 594 631 Deum
615 569 673 629 hoc
691 568 746 629 sibi
766 568 818 628 uni
834 567 915 631 velut
933 568 1091 649 proprium
1112 584 1249 645 usmete,

111 662 146 711 ut
163 648 245 711 serbi
264 646 310 709 sui
333 646 458 728 imperio
479 665 513 708 ac
537 645 652 726 legibus
677 665 732 707 nos
749 657 847 727 regat:
893 644 993 725 Atque
1012 644 1167 735 idiosum
1185 654 1248 703 aute

110 725 148 788 al)
165 725 261 787 'lesaia
280 724 389 785 dictum
409 722 505 783 fueret
523 725 588 799 (33,
606 727 654 785 22.
676 766 685 797 ‚
712 722 841 815 qu'dtdvis
860 721 949 803 paulo
966 719 1151 783 'obscurans-⁰
1167 718 1249 795 „Dn-

112 804 236 882 „minus¹
254 799 326 861 Res·
342 808 470 887 noster-,¹
483 799 629 885 Dominus
681 798 821 880 dgrslato'r
840 804 963 872 noster,
982 796 1139 885 Dominus
1163 794 1248 856 luter

274 874 489 1013 ‘seem
614 875 713 1010 „oo
736 895 867 1011 stne
885 872 1249 1011 insutum

490 974 513 1011 l'l
634 975 644 1011 l
664 974 672 1010 l
828 974 842 1010 'l
1011 993 1021 1011 ι
1122 980 1126 985 “

110 968 265 1093 lesirrlndlade⁸
276 973 457 1111 dionuutiat.
487 1028 523 1088 Id
541 973 635 1109 pierio
655 974 1248 1107 ellel³neuu·tomtuummmere'potue

111 1110 210 1177 Deum
229 1106 319 1191 igitur
336 1104 455 1165 unicum
468 1106 629 1191 animarum
640 1104 752 1187 Regem
773 1104 924 1187 agnoscio
947 1114 1039 1177 ortet,
1058 1116 1247 1184 penesque!

110 1204 203 1247 uuum
221 1181 569 1273 terrendi-perdendique
580 1190 777 1269 potestas'estt
794 1186 900 1267 autfini
907 1122 959 1240 illa
970 1178 1088 1240 Iesaiae
1099 1178 1246 1267 nullast-

111 1271 194 1335 nant,
207 1262 360 1342 et'reg'em,
372 1268 402 1317 et
414 1257 551 1334 iudice'm',
563 1270 593 1318 et
602 1256 812 1339 legislatorem,
823 1270 854 1317 et
863 1266 1056 1318 servatorem.
1074 1254 1245 1337 Itaquel’e'·

111 1336 278 1427 trus,'dum
297 1346 429 1429 pastores
449 1334 539 1425 ollicii
558 1335 603 1396 sui
621 1336 776 1408 admonet,
801 1334 843 1395 sic
861 1352 982 1470 gregem
1001 1342 1131 1413 pascant
1149 1331 1245 1405 ltorta-
1283 1370 1285 1377 ·

109 1426 237 1552 ittet?
252 1408 1260 1573 lttztttt‘ttttsltff‘filttt‘palti’'iisset-

108 1568 145 1628 Id
164 1567 189 1628 si
206 1563 473 1646 riteexpeudimus,
491 1565 574 1624 nefas
594 1583 656 1625 esse
675 1564 711 1624 ad
730 1563 879 1631 hominem
899 1556 1246 1655 transferriquodlleur

110 1664 195 1706 suum
213 1641 299 1702 unius
319 1640 404 1702 sarit:
424 1639 519 1701 intelli
541 1654 621 1701 emus
640 1640 681 1700 ita
701 1639 1020 1721 praecisum'quicquid
1040 1638 1101 1700 srbr
1121 1648 1245 1719 potab-

108 1721 147 1782 tis
156 1719 317 1793 vindicant,
332 1718 383 1798 qui
401 1737 433 1778 se
452 1718 488 1777 ad
508 1660 617 1799 aliquid
636 1717 667 1776 in
688 1716 808 1779 eeclesia
827 1716 989 1778 iubendum
1007 1712 1244 1809 sinererltellti

1 1822 4 1836 ·
110 1796 220 1859 efferre
239 1795 352 1856 volunt.

184 1876 213 1939 8.
252 1871 348 1932 Porro
369 1871 510 1952 quoniam
529 1880 592 1931 tots
613 1891 697 1933 causa
717 1871 785 1932 inde
805 1871 926 1952 pendet,
945 1870 969 1931 si
983 1870 1068 1929 Deus
1082 1880 1131 1930 est
1148 1866 1241 1931 noim

93 1949 290 2030 ¹legislator,
317 1968 380 2009 non
411 1948 500 2009 licere
517 1946 692 2025 ¹hominibus
716 1948 745 2008 id
772 1949 828 2009 sibi
854 1947 979 2008 honoris
998 1966 1134 2008 sumere:
1164 1940 1241 2007 sind

35 2028 40 2033 '
109 2026 181 2087 duas
199 2025 264 2086 illas
283 2024 424 2097 rationes,
446 2045 517 2104 quas
535 2027 701 2104 posuimus,
729 2026 871 2087 memoria
893 2037 999 2085 tenere
1017 2020 1180 2096 convenii,
1196 2040 1241 2082 err

108 2102 167 2163 hoc
186 2101 243 2162 sibi
261 2103 313 2162 uni
332 2102 477 2161 Dominus
496 2112 613 2161 asserat.
657 2101 747 2161 Prior
771 2112 867 2162 autem
888 2113 948 2176 est,
975 2112 1009 2160 ut
1029 2100 1094 2160 eius
1114 2099 1239 2161 votnm

106 2178 239 2260 perlecta
258 2178 298 2239 sit
316 2177 402 2239 nobis
419 2176 514 2239 omnis
533 2176 661 2238 iustitiae
681 2190 712 2239 et
729 2178 891 2238 sanctitatis
910 2175 1028 2261 regula:
1049 2188 1143 2257 atque
1160 2172 1238 2237 tuta

107 2256 170 2316 eius
190 2254 363 2336 cognitione
382 2254 513 2334 perlecta
533 2255 571 2315 sit
591 2254 666 2314 bene
686 2255 803 2315 vivendi
822 2255 952 2316 scientis.
998 2253 1117 2325 Altera,
1135 2264 1169 2313 ut
1186 2252 1236 2333 inst

107 2352 182 2391 unus
209 2330 277 2410 (ubi
297 2330 358 2390 eius
377 2334 434 2391 rite
453 2331 607 2410 probeque
627 2331 745 2391 eoleudi
769 2330 920 2413 quaeritur
944 2331 1067 2409 modus)
1092 2327 1235 2411 inperia

96 2406 216 2487 ‚babeat
234 2407 265 2466 iu
286 2407 394 2467 animas
414 2419 543 2480 nostras,
569 2407 616 2466 eui
637 2428 740 2487 parere
761 2421 790 2467 et
809 2429 826 2468 a
846 2410 927 2469 cuins
947 2419 1020 2467 nutu
1040 2406 1177 2487 pendere
1193 2402 1234 2464 de·

106 2483 236 2545 beamus.
275 2483 327 2543 llis
348 2481 459 2543 duabus
479 2483 642 2544 rationibus
663 2485 842 2560 observatis,
876 2484 967 2546 facilis
988 2484 1046 2543 erit
1066 2482 1236 2551 diiudicatio.

29 2593 37 2604 .
107 2580 181 2642 quae
202 2558 352 2620 hominum
372 2560 600 2619 constitutiones
619 2562 679 2620 sint
696 2562 789 2625 verbo
809 2561 933 2621 Domini
952 2562 1145 2635 contrariae„
1170 2558 1236 2618 snat

106 2649 203 2700 autem
235 2635 297 2696 eius
328 2637 444 2718 generis
465 2656 578 2711 omnes,
599 2657 674 2716 quae
698 2639 734 2696 ad
755 2659 857 2698 verum
876 2638 934 2696 Dei
955 2636 1068 2698 cultum
1095 2638 1236 2719 linguntur

104 2713 267 2795 pertinere,
286 2723 317 2772 et
336 2712 443 2791 quibus
461 2713 608 2774 servandis
627 2715 823 2776 conscientiae
839 2714 1017 2796 obligantur,
1038 2714 1125 2794 qnasi
1145 2713 1236 2773 obser·

104 2803 173 2853 ratu
193 2789 372 2850 necessariae
384 2801 491 2850 essent.
531 2791 594 2850 Hac
607 2810 640 2849 er
662 2812 680 2851 o
701 2790 785 2852 lance
805 2792 1023 2851 meminerimus
1038 2789 1236 2871 ponderanda

104 2886 167 2929 esse
178 2886 280 2927 omnes
300 2865 440 2927 humanas
460 2867 549 2948 leges,
570 2869 593 2928 si
605 2811 737 2928 volumus
758 2868 867 2927 habere
888 2879 1000 2926 certum
1013 2886 1149 2940 eramen,
1166 2862 1237 2947 qnod

106 2964 250 3025 nusquam
270 2942 406 3003 aberrare
425 2946 584 3004 nostsinat.
623 2943 727 3003 Priore
748 2945 902 3005 contendit
921 2943 1028 3003 Paulus
1049 2944 1082 3003 iu
1103 2938 1236 3023 Epistol

108 3019 315 3093 Colossenses,
334 3021 469 3080 adversus
489 3020 753 3100 pseudoapostolos
774 3022 822 3100 qui
842 3021 926 3080 novis
947 3020 1091 3081 oneribus
1110 3034 1237 3113 premere

106 3095 241 3156 ecclesias
260 3095 424 3156 tentabant.
464 3095 600 3156 Secunda
612 3098 703 3178 magis
712 3099 804 3158 utitur
817 3099 845 3156 in
858 3096 980 3169 Galatis,
1000 3098 1031 3157 in
1051 3097 1143 3157 simili
1154 3114 1238 3157 caum.

105 3170 175 3231 Hoc
196 3191 267 3252 ergo
294 3173 323 3231 in
343 3173 435 3252 Epist
456 3171 491 3232 ad
513 3172 703 3232 colossenses
729 3175 911 3253 exsequitur,
936 3193 996 3232 non
1024 3192 1091 3234 esse
1113 3174 1156 3239 ‚de
1173 3190 1237 3234 vero

106 3246 165 3306 Dei
186 3247 267 3306 cultu
286 3249 445 3326 petendam
465 3248 500 3307 ab
523 3248 690 3309 hominibus
710 3250 888 3310 doctrinam:
915 3250 981 3329 quia
1001 3249 1153 3311 Dominus
1171 3248 1238 3308 tte·

106 3321 175 3381 liter
200 3343 254 3382 nos
281 3335 312 3382 et
330 3324 366 3384 ad
387 3324 506 3405 plenum
526 3325 661 3399 instituit,
682 3326 805 3405 qualiter
828 3328 865 3385 sit
890 3326 1040 3387 colendus.
1095 3328 1167 3402 Quo
1185 3326 1241 3387 ltoe

108 3398 307 3474 demonstret,
334 3400 429 3479 primo
450 3401 544 3482 capite
565 3401 635 3460 dicit
653 3402 683 3460 in
705 3402 865 3484 Evangelio
889 3403 1038 3463 contineri
1058 3422 1181 3463 omnem
1198 3423 1239 3462 sa·

107 3477 258 3553 pientiam,
270 3476 484 3555 quapersectus
504 3477 643 3537 reddatur
661 3477 819 3539 homoDei
839 3481 868 3537 in
882 3478 1012 3540 Christo.
1042 3479 1137 3540 Initio
1150 3484 1238 3560 cap-2

108 3550 179 3610 dicit
205 3571 307 3611 omues
336 3553 497 3631 sapientiae
520 3565 551 3613 et
576 3553 787 3635 intelligentiae
810 3555 962 3616 thesauros
985 3557 1016 3615 in
1038 3555 1163 3617 Christo
1182 3573 1239 3616 esst

106 3626 313 3687 absconditos:
337 3628 407 3688 inde
426 3641 528 3709 postea
548 3629 712 3700 concludit,
733 3644 853 3692 caveant
872 3632 973 3693 fideles
992 3652 1031 3692 ue
1050 3652 1108 3712 per
1125 3634 1240 3694 inanem

126 3700 320 3782 hilosophiam
340 3705 523 3767 abducantur
542 3727 558 3766 a
599 3727 669 3789 rege
689 3707 815 3783 Christi,
834 3709 994 3769 secundum
1015 3709 1239 3769 constitutiones

104 3722 258 3839 lominum
277 3780 363 3858 (ibid.
375 3784 479 3860 vnn).
518 3782 554 3842 Iu
575 3726 633 3843 dne
653 3794 750 3844 autem
770 3785 871 3864 capitis
889 3786 1002 3845 maiore
1021 3785 1119 3846 adhuc
1139 3784 1239 3875 fidncia

108 3852 228 3914 damnat
246 3876 347 3917 omnes
367 3859 683 3931 transmutantur
703 3872 760 3933 est,
780 3861 899 3921 fictitios
920 3861 1029 3936 cultus,
1048 3882 1125 3942 quos
1148 3861 1238 3921 ltomr·

108 3949 161 3989 ncs
180 3928 236 3990 sibi
257 3931 267 3989 i
289 3933 322 4024 si·
332 3932 603 4010 comminiscuntur,
623 3936 669 3997 rel
689 3937 725 3997 ab
745 3937 809 3997 aliis
830 3938 986 4018 accipiunt,
1006 3949 1239 4031 etquaecungne

107 4005 145 4097 de
165 4006 255 4067 cultu.
296 4028 323 4068 er
342 4009 459 4069 tradere
477 4022 635 4102 praecepta
650 4032 687 4104 er
706 4035 738 4073 se
757 4013 876 4073 audent.
919 4014 1072 4107 Halgemus
1091 4034 1168 4096 ergo
1188 4034 1240 4106 rm:

105 4103 166 4174 ⁹³³⁸
186 4102 248 4143 ‘⁸⁸⁰
267 4095 636 4226 ⁰t⁰⁹tt⁰¹¹³lt¹t⁰tzt
649 4110 821 4228 'titt‘
840 4090 1167 4229 tltttt‘t‘t‘tlt
1181 4090 1240 4228 ,¹3:2¹

102 4170 443 4331 ldtddeddsteousffientiis
474 4239 641 4302 induendos
656 4187 757 4323 q(quas
783 4242 884 4305 reolo
904 4243 973 4305 Deo
999 4188 1064 4328 ffigt
1084 4245 1239 4319 convenit)

16 4332 21 4348 ·
104 4320 173 4373 satu
197 4321 266 4373 runt
293 4325 402 4395 aputu
432 4317 605 4395 praesertim
638 4338 703 4402 cap.
730 4327 760 4388 ὅ.
815 4319 893 4413 ldeo
918 4319 1049 4384 sufficiat
1077 4334 1234 4387 annotasse
