2596 4726
452 224 528 285 mn
548 222 601 283 rr.
640 222 729 286 cau.
747 222 799 285 m
859 200 869 231 ¹
1140 230 1202 299 ran

76 369 215 432 Concilio
234 369 388 463 profligata
404 380 451 431 est
469 370 599 431 Nestorii
619 369 761 452 impietae.
806 369 888 430 llaec
904 368 1037 451 deniqne
1053 370 1091 435 ab
1113 372 1199 439 initio

74 447 134 507 luit
151 448 297 507 ordinaria
317 470 346 507 m
365 447 488 507 ecclesia
506 448 582 508 ratio
599 446 813 508 conservandae
832 446 963 522 uuitafia,
981 450 1097 527 quoties
1107 450 1200 515 Satan
1263 458 1273 473 ‘

75 523 185 614 aliquid
206 522 361 582 machinari
381 535 526 602 coeperat.
569 524 628 583 Sed
648 524 877 595 meminerimus,
897 543 960 585 non
980 524 1115 588 omuibus
1133 546 1200 589 sae·

75 601 149 660 colas
168 597 213 658 uel
233 599 304 658 locis
325 599 423 658 haberi
435 599 618 670 Athanasius,
638 599 770 671 Basilius,
790 598 928 690 Cyrillos,
949 610 979 658 et
997 600 1102 663 similes
1113 624 1199 665 verae

76 676 227 736 doctrinae
247 675 390 745 vindices,
416 697 487 754 quos
511 687 580 734 tuuc
601 675 744 735 Dominus
763 675 904 735 excitavit.
951 674 1016 736 Imo
1036 679 1197 760 cogitemus

74 753 145 830 quid
166 751 272 830 Ephesi
292 750 416 809 secunda
435 750 552 827 synodo
563 752 710 824 acciderit,
729 750 779 809 nbi
793 751 978 826 Eutychiana
998 752 1122 816 haeresis
1141 756 1198 817 ob-

73 827 179 888 tinuit:
212 838 326 885 sanctac
350 828 506 885 memoriae
530 827 577 884 vir
596 826 760 898 Flavianus,
790 829 819 887 in
846 827 975 886 exsilium
1001 831 1107 892 eiectus
1130 853 1197 893 cum

73 904 187 982 aliquot
213 902 265 981 piis
284 902 366 962 viris:
399 902 485 964 multa
512 903 653 961 eiusmodi
678 902 785 994 flagitia
811 902 977 996 designata,
1006 925 1111 985 nempe
1131 909 1198 985 quia

73 980 135 1041 illic
154 978 325 1051 Dioscorus,
344 979 433 1037 horno
456 979 590 1037 luctiosus
608 991 640 1039 et
660 979 773 1057 pessumi
792 979 893 1054 animi,
912 998 973 1037 nou
994 993 1089 1041 autem
1101 983 1197 1062 Spiri-

73 1069 122 1117 tus
130 1054 252 1115 Domini
265 1054 453 1133 praesidebat.
484 1055 592 1113 Atnou
608 1068 670 1113 crat
688 1054 747 1114 illic
763 1054 892 1116 ecelesia.
920 1054 1043 1115 Fateor:
1064 1059 1104 1120 aic
1117 1060 1202 1135 errius¹

74 1133 198 1266 omniqp
218 1142 325 1263 sta'tuo,
345 1131 414 1221 Non
433 1131 498 1266 idpo
519 1131 638 1265 iutqqire
658 1134 687 1222 in
708 1129 826 1265 p‘qqlqsia
847 1131 1010 1265 vssritatqqr,
1027 1126 1138 1226 etilrnsi
1158 1136 1197 1273 alp

190 1226 348 1266 oncrroo
390 1228 566 1266 rrnraur:s
636 1228 756 1266 mrrarr
791 1228 840 1266 ra
890 1229 948 1267 om:
1011 1230 1042 1267 se
1095 1233 1118 1269 rr

72 1229 180 1345 blidum
205 1302 258 1342 suo
284 1229 419 1361 tempiiire
444 1294 574 1362 emergat
599 1294 628 1342 et
653 1294 779 1362 superet,
818 1284 884 1342 Hoc
904 1294 1001 1342 autem
1021 1230 1195 1365 piipiethuiu

73 1378 138 1420 esse
157 1377 245 1436 nego,
264 1368 297 1416 ut
315 1378 382 1417 vera
401 1358 437 1418 sit
457 1371 486 1419 et
506 1370 584 1418 certa
601 1358 771 1440 Scripturas
789 1359 1006 1439 interpretatio,
1026 1382 1099 1441 quae
1112 1360 1196 1424 Con·

74 1434 134 1497 cilii
153 1437 244 1495 suffra
267 1435 298 1493 ’ia
317 1433 406 1493 luerit
424 1446 550 1514 recepta.
1123 1488 1128 1499 ,

151 1518 198 1576 tl·
262 1529 346 1569 erum
371 1511 427 1571 alio
452 1522 584 1589 spectant
604 1508 819 1583 Romanenses,
846 1532 936 1591 quum
956 1523 1130 1592 potestaten:
1149 1516 1197 1576 in·

52 1588 254 1668 ·terpretandi
273 1586 338 1646 Scr'
361 1601 453 1646 turam
475 1608 563 1667 penes
582 1587 717 1648 Consilia
742 1608 804 1648 esse
825 1588 962 1662 tradunt,
992 1600 1023 1649 et
1050 1591 1196 1653 camnine

72 1665 293 1745 provocatione.
328 1610 396 1723 llos
416 1664 493 1723 enim
510 1663 610 1723 colore
628 1663 796 1737 abutuntur,
816 1677 849 1725 ut
859 1663 1031 1744 Scripturas
1048 1665 1196 1747 interpre-

73 1744 214 1800 tationem
236 1752 341 1799 uocent
361 1740 496 1819 quicquid
517 1740 545 1798 iu
558 1739 699 1801 Consiliis
719 1752 856 1801 statutum
875 1740 922 1800 sit.
949 1740 996 1800 De
1008 1741 1196 1835 Purgatorio,

73 1816 112 1876 de
132 1816 306 1875 Sanctorum
325 1816 544 1888 intercessione,
563 1816 599 1874 de
619 1816 803 1877 consessione
821 1815 986 1889 auriculari,
1007 1829 1037 1877 et
1054 1818 1195 1880 similibus

73 1912 136 1953 non
163 1895 323 1971 reperietur
346 1914 404 1951 una
429 1891 542 1969 syllaba
566 1892 596 1951 iu
617 1892 783 1971 scripturis.
835 1894 942 1951 Verona
969 1893 1035 1972 quia
1056 1896 1196 1955 ecclesiae

73 1973 247 2028 auctoritate
265 1969 375 2027 sancita
394 1982 461 2029 sunt
482 1968 684 2040 haecomnia,
705 1968 761 2028 hoc
782 1980 825 2028 est
844 1974 891 2045 (nt
911 1969 1013 2028 verius·
1025 1968 1194 2050 loquamur)
1278 2004 1281 2011 ·

73 2045 216 2122 opinione
248 2055 278 2104 et
307 2066 358 2102 usu
388 2057 520 2124 recepta,
549 2065 603 2123 pro
633 2043 799 2125 Scripturae
829 2044 1073 2123 interpretatione
1104 2068 1195 2106 uuum

94 2121 212 2198 uodque
232 2120 394 2178 habendum
414 2122 479 2209 prit.
517 2122 621 2199 Neque
640 2120 667 2178 id
688 2121 792 2180 ruodo:
817 2121 867 2180 sed
887 2123 910 2180 ai
931 2122 1000 2198 quid
1019 2121 1195 2183 reclamante

72 2140 367 2333 {qripqu'rastatuerq
375 2196 540 2329 Coqcilium
560 2196 806 2333 interprqqationis
826 2196 946 2331 habebtit
962 2218 1083 2333 lrpqmen.
1107 2199 1196 2335 Ippbet

121 2293 207 2331 rasus
226 2292 326 2330 omnes
366 2294 382 2331 e
420 2293 491 2331 arce
541 2293 606 2332 uem
631 2294 660 2331 ru
709 2293 784 2332 uena
824 2294 914 2333 ornr
984 2293 1073 2333 rere,
1140 2294 1196 2334 on·

70 2294 571 2409 atmtienseConciliumcvetuitqne
591 2348 670 2429 plebi
684 2294 992 2421 erraturiseegsolnm
1011 2351 1194 2411 sacerdotem

71 2424 177 2483 bibere
203 2423 302 2483 voluit.
351 2426 443 2500 Quod
473 2426 513 2485 sic
545 2446 577 2483 ea
607 2426 761 2484 diametro
779 2436 891 2505 pugnat
914 2446 979 2485 eum
1010 2426 1195 2487 institutione

71 2500 182 2561 Christi
201 2501 320 2575 (Matth.
338 2507 385 2574 ⁶26,
405 2503 484 2577 202),
514 2522 568 2580 pro
594 2504 654 2562 eius
685 2502 762 2562 inter
785 2503 929 2563 relatione
955 2502 1056 2562 haberi
1080 2503 1193 2563 volunt.

70 2577 179 2636 Paulus
203 2577 331 2656 coniugii
350 2578 578 2655 prohibitionem
596 2590 682 2638 vocat
693 2579 731 2657 (l.
743 2523 886 2652 'ipim-M.
895 2588 926 2637 et
936 2579 981 2655 3)
1000 2578 1063 2657 „hy
1086 2579 1194 2639 oerisin

70 2653 331 2712 daemoniorum:“
351 2667 499 2725 „sanetum
517 2674 590 2713 uero
609 2655 638 2713 iu
660 2655 794 2714 omnibus
815 2654 995 2735 coniugium,
1014 2667 1044 2713 et
1065 2601 1193 2715 honora·

68 2729 165 2800 bile,“
184 2729 307 2809 Spiritus
326 2729 394 2788 alibi
413 2731 582 2808 pronuntiat
601 2731 691 2806 (lleb.
705 2736 752 2805 13,
763 2733 814 2805 4.).
854 2730 944 2803 Quod
965 2742 1066 2808 postea
1087 2731 1193 2790 Sacer-

70 2804 191 2865 dotibus
211 2805 426 2865 ioterdixerunt
449 2808 633 2887 coniugium,
661 2806 690 2864 id
710 2826 807 2864 veram
828 2817 858 2863 et
878 2807 1001 2865 nativam
1023 2807 1194 2886 scripturae

69 2880 340 2961 interpretationem
360 2880 461 2941 haberi
480 2883 640 2960 postulant:
667 2902 754 2960 quum
776 2879 846 2939 nihil
865 2881 955 2961 magis
974 2880 1100 2941 alienum
1118 2884 1159 2942 lin
1183 2885 1192 2901 ‘

69 2968 170 3049 queat.
205 2956 318 3037 Siquis
339 2956 449 3017 hiscere
459 2970 561 3017 contra
580 2956 663 3030 ausit,
684 2957 843 3017 haereticus
862 2957 1051 3019 iudicabitur:
1073 2902 1193 3036 quandd

67 3051 137 3111 atne¹
152 3033 365 3115 provocatione
385 3045 428 3093 est
447 3034 585 3093 ecclesiae
605 3033 824 3109 determinatio,
853 3046 884 3093 et
905 3034 941 3093 de
965 3034 1025 3094 eiua
1045 3034 1193 3113 interpre-

67 3110 198 3182 tatione,
226 3109 295 3189 quio
315 3130 380 3168 vera
402 3110 453 3182 sit,
483 3110 609 3169 dubitari
633 3109 713 3169 uelas
738 3121 790 3170 est.
838 3109 962 3171 Tantam
983 3110 1192 3189 impudentiam

65 3184 142 3266 quid
160 3183 304 3245 insecter?
323 3186 533 3245 demonstrasse
553 3186 647 3260 enim,
666 3186 768 3245 vicisse
787 3197 839 3246 eat.
879 3186 970 3261 Quod
991 3186 1027 3244 de
1047 3198 1193 3267 potestate

68 3260 277 3341 approbandae
297 3261 465 3338 Scripturas
486 3263 608 3341 docent,
637 3262 764 3340 prudens
787 3262 904 3322 omitto.
941 3261 1093 3323 Subiicere
1113 3264 1191 3325 enirn

69 3338 102 3397 in
123 3356 188 3396 eum
209 3337 324 3397 modurn
346 3337 539 3397 hetonam:
560 3338 708 3397 bominum
729 3358 890 3412 censurae,
912 3351 943 3398 ut
963 3339 1030 3398 ideo
1051 3353 1113 3400 rata
1132 3346 1192 3402 aiut

69 3412 139 3493 quia
159 3410 320 3491 placuerint
342 3414 525 3489 hominibus,
551 3415 610 3473 blas
633 3414 726 3474 hemia
750 3414 869 3496 indigna
895 3426 939 3475 est
983 3437 1037 3476 uae
1061 3438 1192 3477 comme-

68 3501 215 3548 moretur:
246 3501 276 3549 et
300 3509 356 3571 ego
382 3491 436 3550 ian:
460 3494 590 3569 superius
613 3435 676 3551 hoc
705 3492 799 3550 isum
829 3491 913 3573 attigi
932 3436 997 3569 (lib.
1017 3499 1044 3556 1.
1070 3514 1095 3553 o
1114 3500 1142 3559 7.
1161 3503 1193 3554 et

68 3568 232 3643 c.8.t.9.).
272 3566 369 3624 Unum
389 3579 485 3626 tamen
505 3587 556 3626 eos
577 3567 699 3649 rogabo,
717 3512 751 3626 bi
771 3567 800 3625 in
820 3567 958 3628 ecclesiae
978 3569 1191 3647 approbatione

67 3642 189 3701 lundata
211 3653 253 3700 est
272 3642 336 3699 Scri
359 3656 438 3702 turae
458 3643 627 3715 auctoritas,
647 3642 728 3703 cuius
748 3641 875 3703 concilii
899 3644 1029 3704 citabunt
1048 3642 1085 3704 de
1104 3664 1137 3705 ea
1157 3665 1191 3705 re

67 3718 239 3777 decretum?
282 3664 415 3794 Nullum,
440 3720 563 3797 opinor,
589 3718 706 3778 bahent
756 3720 818 3778 Cur
846 3722 855 3778 i
878 3719 935 3779 itur
964 3720 1089 3781 Nicaeae
1114 3720 1191 3782 vinci

65 3793 414 3930 aarum:
433 3794 673 3931 :saraca
693 3794 1009 3933 aranon:
1025 3794 1191 3933 :cu

65 3946 184 4006 versalia
205 3947 330 4006 Consilii
356 3913 550 4028 praeeesseiat
574 3893 757 4027 approbatib.
806 3916 872 4007 atie
890 3894 943 4007 int
963 3960 1091 4008 veterem
1110 3961 1191 4009 cata·

66 4022 180 4103 logum,
199 4022 248 4102 qui
269 4022 374 4083 Canon
394 4034 528 4083 vocatur:
548 4043 635 4103 quem
654 4024 756 4083 dicunt
774 4042 807 4082 ex
827 3968 965 4085 eeclesiae
984 4023 1192 4085 diiudicatioue

64 4112 206 4158 manasse.
259 4099 317 4158 Sed
343 4120 417 4179 rogo
443 4101 565 4173 iterum,
597 4118 657 4179 quo
686 4100 717 4159 in
741 4100 866 4160 concilio
892 4100 998 4162 Canon
1023 4100 1072 4159 ille
1096 4100 1191 4163 editus

65 4173 165 4234 luerit.
194 4175 251 4234 llic
264 4174 467 4235 obmutescant
477 4186 606 4256 oportet.
638 4175 812 4256 Quanquam
831 4176 905 4237 scire
925 4187 1074 4267 praeterea
1092 4177 1192 4256 cupio,

64 4249 184 4386 qpalenp
203 4270 265 4311 esse
282 4250 372 4387 mutii·
384 4250 538 4387 Canoqptm
557 4251 866 4390 arbqtlrentu‘p.blqideo
883 4273 972 4391 pouq
983 4253 1060 4390 ipitier
1078 4266 1192 4315 veteres

63 4349 75 4387 r
121 4346 223 4406 parum
252 4346 324 4388 cona
363 4348 426 4389 :aaa
543 4348 609 4389 etv
637 4346 688 4391 eae
731 4348 787 4391 ec
822 4348 881 4408 quo
931 4350 958 4391 aa
1036 4348 1191 4412 eronymua
