2700 4732
504 213 580 276 unt
601 214 655 278 tv.
694 214 783 277 GAP.
802 212 866 276 XX.
1197 220 1255 284 493

71 373 98 413 ΙΙ
123 361 241 438 „vineas
261 370 368 423 vestras
393 358 552 421 decimabit
570 372 602 420 et
621 359 704 421 dabit
723 359 863 421 eunuchis
883 369 914 420 et
932 359 1023 421 servis
1041 359 1108 422 suis.
1146 358 1256 423 Servus

71 452 98 491 ιι
123 451 272 514 „vestros,
291 436 409 498 ancillas
429 447 459 496 et
479 438 575 497 asinos
594 436 681 497 tollet
704 449 734 497 et
759 435 912 497 adhibebit
931 436 1015 516 operi
1040 457 1108 497 suo:
1134 437 1212 516 quio
1225 448 1257 497 et

84 531 252 595 ¹*‚,gregcs
278 526 387 574 vestros
408 512 577 574 decimabit:
605 525 635 573 et
654 534 705 574 vos
725 515 807 573 eritis
829 513 904 573 servi
923 514 1032 573 illius.“
1083 513 1172 575 Cert'e
1192 534 1255 574 non

71 601 97 644 ft
124 593 153 650 id
175 592 237 649 iure
259 590 361 650 facturi
381 601 464 649 erant
484 609 585 672 reges,
610 611 684 669 quos
709 592 819 669 optime
840 591 875 648 ad
903 610 1021 650 omnem
1045 590 1255 650 continentiam

71 670 95 723 el
123 668 184 726 Lex
205 666 387 742 instituebat,
406 666 456 725 sed
476 666 520 725 ius
539 667 568 725 in
590 666 732 746 populum
753 665 920 740 vocabatur,
940 666 986 727 cui
1005 685 1108 745 parere
1127 666 1181 745 ipsi
1201 686 1255 725 ne-

71 743 97 801 ri
125 764 205 803 cesse
226 756 374 804 essetnec
395 741 537 802 obsistere
557 741 674 802 liceret:
701 741 760 802 acsi
782 742 899 803 dixisset
917 742 1050 817 Samuel,
1076 762 1111 801 eo
1132 762 1163 802 se
1182 762 1255 822 pro-

86 820 213 899 xripiet
236 820 371 879 licentiae
390 819 505 899 Regum
529 817 640 894 libido,
670 840 759 900 quam
784 818 923 878 cohibere
947 830 1073 878 vestrum
1099 838 1159 877 non
1188 819 1255 895 erit,

84 911 96 956 u
125 896 230 975 quibus
251 896 308 956 boc
328 896 450 955 restabit
468 915 568 970 unum,
589 896 664 955 iussa
683 896 814 975 excipere
834 896 966 956 aedicto
987 895 1138 955 audientes
1151 914 1222 955 esse.

71 996 96 1033 ιι
202 979 250 1038 27.
290 972 437 1052 Imprimis
461 983 568 1031 autem‘
583 972 705 1054 insignis
729 983 774 1030 est
797 983 827 1030 et
851 971 1050 1032 memorabilis
1074 971 1150 1062 apud
1172 972 1256 1031 Iere-

71 1054 95 1110 [ε
125 1049 213 1110 miam
232 1048 329 1124 loeus,
350 1069 453 1128 quem,
471 1049 587 1107 mmetsi
607 1048 810 1126 prolixiorem,
830 1047 896 1107 ideo
917 1068 977 1108 uon
1020 1047 1114 1130 igebxt
1132 1046 1256 1123 referre,

71 1131 95 1188 Ιε
126 1127 194 1207 quia
221 1136 314 1185 totam
344 1125 417 1186 banc
442 1125 643 1203 quaestionem
670 1123 825 1184 clarissime
850 1123 951 1183 definit
976 1071 1050 1202 (ier.
1066 1118 1254 1201 27,5-8.):

71 1230 95 1266 ι
125 1203 211 1284 „Ego
233 1202 290 1262 ieci
310 1215 417 1262 terram
437 1213 468 1260 et
487 1201 631 1279 bomiues,
651 1200 690 1261 ait
706 1200 862 1272 Dominus,
881 1212 912 1261 et
930 1200 1074 1273 animalia,
1093 1220 1168 1281 quae
1187 1211 1257 1260 suut

71 1308 95 1344 ι
125 1280 180 1358 „in
199 1278 351 1359 superficie
371 1291 477 1352 terrae,
497 1279 527 1337 in
546 1277 719 1338 fortitudine
738 1295 803 1336 mea
821 1288 927 1359 magna
937 1287 968 1336 et
985 1276 1105 1338 brachio
1120 1289 1254 1337 extento:

84 1383 91 1420 r
124 1368 178 1433 „et
195 1358 285 1438 ipsam
305 1354 390 1415 trado
411 1354 455 1430 ei,
476 1356 526 1435 qui
550 1353 692 1433 placuerit
717 1355 747 1413 in
772 1352 863 1413 oculis
881 1354 962 1413 meis.
999 1354 1040 1413 Et
1058 1375 1139 1414 nunc
1156 1354 1256 1434 itaque

71 1445 93 1499 ιὶ
124 1454 203 1516 „ego
224 1433 290 1493 dedi
317 1453 419 1492 omnes
442 1442 534 1491 terras
559 1432 626 1505 istas
649 1430 680 1490 iu
704 1451 821 1490 manum
840 1429 1072 1490 Nebucednezar
1091 1430 1166 1490 servi
1185 1430 1256 1506 mei,

71 1522 92 1577 i
123 1522 177 1588 „et
195 1511 323 1570 servient
340 1518 444 1590 gentes
468 1508 497 1566 ei
520 1527 622 1568 omnes
646 1518 676 1567 et
694 1507 791 1590 Reges
815 1507 928 1588 magni:
956 1507 1052 1566 donec
1071 1517 1185 1586 tempus
1204 1526 1256 1567 ve-

71 1610 92 1654 ι
123 1587 208 1664 „niet
225 1598 321 1668 terrae
341 1585 413 1644 eius.
452 1582 586 1664 Eritque,
603 1596 637 1645 ut
675 1604 727 1644 ens
746 1594 777 1643 et
795 1603 929 1664 regnum,
948 1602 1022 1662 qnae
1042 1602 1103 1642 non
1122 1583 1257 1645 servierit

123 1662 221 1742 „Regi
240 1661 343 1736 Babel,
364 1659 486 1720 visitabo
505 1672 623 1743 gentem
642 1603 720 1721 idem
740 1661 770 1719 in
789 1659 900 1742 gladio,
920 1661 995 1719 farne
1007 1671 1037 1720 et
1049 1670 1144 1751 peste:
1165 1679 1256 1738 quare

71 1770 89 1809 ι
124 1744 230 1800 servite
250 1737 326 1820 Regi
346 1737 450 1811 Babel,
471 1749 501 1798 et
520 1737 637 1797 vivite.“
675 1737 824 1811 Videmus,
866 1748 953 1796 uanta
972 1736 1139 1796 obedientia
1149 1735 1255 1796 Domi·

71 1852 82 1886 ι
125 1839 181 1876 nus
201 1827 307 1897 tetrum
326 1814 409 1874 illum
430 1814 558 1875 ferocem
581 1834 619 1874 ue
639 1824 795 1894 tyrannum
814 1757 873 1874 coli
891 1812 1030 1888 voluerit,
1051 1832 1112 1873 uon
1133 1813 1188 1872 alia
1207 1834 1255 1873 ra·

71 1906 88 1963 fi
124 1893 220 1968 tione,
241 1891 295 1951 nisi
318 1892 386 1970 quia
405 1910 528 1972 regnum
553 1835 716 1953 dbtiuebat.
754 1890 789 1949 Id
810 1901 906 1950 autern
926 1889 1019 1970 ipsum
1039 1900 1112 1964 erat,
1132 1890 1255 1951 coelesti

71 1990 87 2041 a
126 1968 300 2050 decretulo
321 1967 426 2029 solium
450 1967 536 2049 regui
561 1966 728 2046 impositum
749 1985 863 2029 esseae
887 1966 918 2025 in
944 1967 1053 2057 regiam
1073 1966 1254 2026 maiestatem

71 2080 87 2116 ,ι
125 2056 320 2125 assumptum,
350 2063 435 2124 quam
460 2042 570 2106 violare
594 2043 674 2105 nelas
700 2055 784 2105 esset.
836 2044 903 2103 Hoc
928 2042 1014 2102 nobrs
1033 2041 1056 2102 si
1080 2043 1192 2102 assidue
1213 2042 1253 2103 ob

71 2138 84 2192 ·;
124 2121 237 2182 animos
258 2120 416 2184 et'oculos
438 2120 625 2202 obversetur,
650 2121 755 2182 eodem
780 2119 901 2185 decreto
925 2118 1064 2180 constitui
1088 2120 1175 2178 etiam
1201 2139 1255 2179 ne·

71 2235 85 2271 ,
109 2199 277 2278 unissimus
287 2197 393 2278 Reges,
414 2216 473 2276 quo
491 2197 607 2278 Regum
627 2197 783 2258 auctoritas
801 2197 951 2256 statuitur:
972 2215 1122 2273 nunquam
1142 2196 1171 2255 in
1192 2195 1255 2255 ani-

71 2313 81 2347 ,
123 2296 203 2334 mum
223 2274 310 2334 nobis
329 2274 482 2334 seditiosae
500 2273 567 2333 illae
578 2274 771 2354 cogitationes
785 2274 913 2347 venient,
931 2272 1113 2332 tractandum
1124 2291 1185 2332 esse
1196 2292 1252 2351 pro

71 2387 82 2424 ε
123 2352 235 2411 meritis
254 2350 367 2432 Regem
391 2369 448 2411 nec
477 2369 601 2427 aequum
628 2370 700 2425 esse,
718 2362 759 2410 ut
782 2348 915 2410 subditos
932 2349 963 2415 ei
982 2368 1036 2408 nos
1063 2360 1253 2429 praestemus,

71 2467 77 2475 -
119 2428 176 2508 gui
196 2427 317 2487 vicissim
337 2446 437 2508 regem
458 2425 544 2486 nobis
563 2445 594 2487 se
613 2448 673 2487 non
693 2437 829 2507 praestet.

71 2571 74 2575 Ι
200 2509 248 2568 29.
287 2504 405 2563 Frustra
426 2502 545 2563 obiiciat
564 2504 637 2582 quis,
656 2503 823 2581 mandatum
843 2502 914 2563 illud
935 2501 1022 2563 inisse
1041 2500 1180 2562 Israelitis
1200 2518 1253 2580 pe·

122 2579 241 2639 culiare.
279 2577 502 2640 Observandum
523 2579 600 2639 enim
626 2593 684 2655 est,
704 2588 760 2660 qua
780 2580 893 2640 ratione
916 2580 1009 2660 ipsum
1030 2577 1176 2637 Dominus
1195 2589 1253 2635 sta·

121 2656 217 2716 biliat
241 2655 394 2729 „Detuli,“
412 2657 517 2737 iuquit,
535 2656 788 2731 „Nebucadneaar
806 2676 945 2735 regnum:
966 2674 1055 2734 quare
1075 2654 1181 2712 servite
1200 2649 1253 2726 illi,

124 2744 157 2791 et
175 2733 285 2791 vivite“
304 2733 378 2808 (ler.
397 2754 459 2811 cap.
473 2732 546 2810 ab).
585 2732 758 2811 Cuicunque
779 2751 851 2812 ergo
876 2731 1003 2790 delatum
1023 2729 1109 2789 luisse
1127 2748 1266 2809 regnum

121 2807 283 2878 constabit,
302 2809 338 2864 ei·
349 2807 532 2879 serviendum
551 2826 613 2866 esse
633 2827 671 2866 ne
690 2808 864 2866 dubitemus.
900 2807 1000 2884 Atque
1014 2804 1133 2865 simulac
1152 2805 1182 2863 in
1204 2823 1252 2863 re·

121 2883 204 2963 gium
235 2882 382 2962 fastigium
413 2882 576 2961 quempiam
603 2881 699 2942 evehit
722 2883 883 2956 Dominus,
913 2892 1046 2942 testatam
1073 2879 1159 2940 nobis
1183 2879 1252 2939 iacit

120 2978 204 3020 suam
224 2956 420 3030 voluntatem,
449 2957 529 3035 quod
548 2977 672 3039 regnare
690 2957 772 3018 illum
791 2958 871 3018 velit.
912 2959 960 3036 De
980 2978 1016 3018 eo
1042 2959 1118 3017 enim
1140 2967 1252 3016 exstant

118 3032 270 3128 generalia
290 3033 458 3112 Scripturae
476 3032 651 3095 testimonia.
700 3034 820 3095 Salomo
842 3035 945 3113 (Prov-
960 3034 1077 3109 28‚2.):
1102 3033 1252 3112 „Propter

117 3111 308 3199 uniquitatem
339 3121 436 3168 terrae
462 3121 531 3169 sunt
561 3110 644 3171 multi
672 3111 853 3191 principes.“
905 3111 981 3171 ltem
1005 3110 1062 3171 Iob
1087 3108 1249 3187 (12,18.):

117 3184 368 3262 „subiectionem
388 3186 468 3246 tollit
487 3206 501 3244 a
523 3186 669 3268 Regibus,
695 3199 725 3247 et
743 3207 857 3247 rursum
880 3187 1007 3269 accingit
1031 3206 1081 3246 cos
1101 3183 1251 3268 cingulo.“

116 3264 169 3323 Eo
189 3274 285 3322 autem
306 3262 454 3337 consessu,
474 3262 546 3322 nibil
565 3275 663 3339 restat,
681 3263 736 3324 nisi
756 3274 789 3321 ut
807 3267 963 3324 serviamus
984 3276 1013 3324 et
1024 3264 1158 3324 vivamus.
1195 3263 1251 3323 Est

116 3338 201 3416 apud
212 3338 366 3399 Ieremiam
380 3338 555 3421 Prophetam
576 3340 697 3400 alterum
717 3359 776 3419 qno
799 3360 835 3399 ue
846 3340 969 3402 Domini
989 3340 1167 3414 mandatum,
1188 3357 1249 3418 quo

115 3413 207 3474 iubet
224 3415 367 3494 populum
392 3439 475 3477 suum
501 3436 641 3496 quaerere
665 3437 767 3497 pacem
779 3361 963 3498 (babylonis,
985 3418 1122 3495 inquam
1142 3412 1249 3495 captivi

114 3489 241 3551 abducti
262 3505 376 3566 essent,
408 3505 437 3552 et
456 3513 541 3553 orare
561 3493 596 3552 ad
616 3512 648 3553 se
688 3515 721 3554 ι·ο
742 3513 792 3566 ea,
822 3495 958 3571 quoniam
979 3494 1008 3553 iu
1029 3512 1101 3573 pace
1121 3490 1181 3551 eius
1201 3492 1249 3550 lu-

113 3580 187 3628 tura
207 3579 281 3626 esset
301 3588 354 3646 pax
375 3588 477 3629 eorum
497 3570 627 3647 (lenw,
639 3515 691 3647 zi.
730 3569 817 3644 Ecce,
837 3569 985 3631 israelitae
1006 3569 1131 3631 fortunis
1151 3566 1249 3628 omui-

111 3643 280 3731 busexnti,
301 3662 320 3700 e
339 3644 474 3705 domibus
494 3647 551 3706 suis
570 3646 669 3722 avulsi,
688 3647 717 3705 iu
729 3645 844 3706 exilium
855 3646 961 3719 abacti,
980 3647 1010 3706 in
1031 3645 1250 3705 miserameon·

107 3721 188 3781 iecn
206 3719 389 3798 servitutem,
409 3724 591 3799 provictoris
611 3744 678 3803 pros
701 3724 898 3783 critateorare
917 3723 1072 3797 iubentur,
1091 3741 1153 3780 non
1195 3739 1250 3779 uo-

106 3791 209 3856 modo
239 3792 379 3854 iubemur
402 3796 470 3856 alias
494 3743 729 3878 persecutoribus
754 3798 861 3859 nostris
883 3799 961 3859 bene
985 3798 1116 3879 precari,
1146 3741 1197 3856 sed
1217 3806 1251 3857 ut

106 3870 226 3933 salvum
246 3869 287 3930 illi
308 3890 433 3953 regnum
453 3883 483 3933 et
502 3874 688 3954 tranquillum
704 3888 905 3952 conservetur,
924 3887 958 3935 ut
975 3875 1029 3937 sub
1051 3894 1086 3936 eo
1106 3874 1116 3932 i
1138 3874 1162 3934 si
1175 3891 1251 3952 quo·

71 3986 75 3993 .
106 3964 178 4025 que
198 3966 341 4025 prospere
361 3961 456 4041 agant.
494 3950 545 4012 Sic
556 3952 662 4027 Darid,
680 3951 737 4025 iam
757 3951 818 4012 Reir
829 3952 888 4012 Dei
907 3951 1094 4013 ordinatione
1114 3893 1250 4031 designa·

105 4034 162 4080 tus
185 4035 347 4100 sanctoque
368 4044 428 4086 esus
448 4025 517 4095 oleo
536 4040 655 4104 unctus,
675 4049 763 4107 quum
787 4028 869 4089 nullo
890 4048 943 4089 suo
963 4029 1069 4089 merito
1089 4025 1212 4107 indigne
1232 4044 1250 4085 a

107 4096 208 4157 Saule
227 4099 432 4176 impeteretur,
450 4103 626 4165 insidiatoris
645 4117 744 4164 umen
762 4105 806 4164 sui
821 4116 1036 4166 sacrosanctum
1058 4101 1183 4163 babebat
1201 4121 1251 4161 ca-

105 4184 183 4248 put,
202 4177 285 4258 quod
306 4177 389 4255 regni
409 4175 526 4240 bonore
534 4181 677 4242 Dominus
690 4181 926 4241 sanctificaverat.
945 4181 1054 4258 „Absit
1072 4200 1089 4239 a
1107 4183 1185 4253 me,“
1206 4176 1250 4236 di-

109 4246 204 4316 cebet
213 4254 259 4336 (1.
275 4249 351 4309 Sam.
363 4256 410 4325 24,
422 4255 474 4330 7·),
496 4268 552 4331 „ut
569 4278 667 4318 coram
682 4257 813 4318 Domino
828 4259 931 4319 faciam
947 4279 1008 4318 rem
1027 4258 1110 4317 istam
1128 4253 1250 4314 domino

108 4341 215 4417 samen,
237 4326 358 4392 messiae
375 4326 516 4411 Domini,
533 4343 568 4396 ut
585 4334 696 4398 mittam
714 4354 945 4406 manummeam
965 4335 995 4397 in
1014 4354 1091 4412 eum,
1109 4330 1250 4413 quoniam
