2700 4732
106 242 166 313 isi
224 316 226 321 ¹
486 236 563 300 sio.
583 237 642 300 ns
683 237 773 301 osi.
793 235 847 298 iv.

107 380 270 447 obscurent
288 401 323 445 ac
343 380 503 465 depravent
521 402 625 465 puram
645 381 827 462 doctrinam,
851 382 959 446 fucosis
979 394 1078 444 antem
1097 382 1253 449 coloribus

109 459 273 542 impietates
292 470 404 543 tegant.

184 541 233 602 25.
271 536 407 599 Tertium
425 534 526 597 locum
544 535 737 597 satisfactioni
756 537 788 598 in
808 537 992 618 poenitentia
1015 536 1070 599 assi
1092 548 1180 614 nant,
1211 537 1252 599 de

109 633 168 694 qua
191 612 332 694 quicquid
357 613 519 686 blaterant,
550 634 611 674 uno
636 612 730 673 verbo
753 610 884 675 subverti
913 625 1020 694 potest.
1101 614 1184 674 icant
1201 614 1252 707 ὓ),

110 710 174 751 non
193 689 330 751 sufficere
349 690 516 770 poenitenti
536 711 552 750 a
571 690 737 782 praeteritis
756 690 837 752 malis
856 690 1019 767 abstinere,
1049 703 1081 751 et
1098 710 1199 752 mores
1217 711 1251 752 ui

108 765 214 829 melius
232 778 424 841 commutare,
443 765 500 826 nisi
520 764 557 825 de
576 767 612 827 iis
632 784 707 847 quae
727 765 804 828 facta
824 780 892 827 sunt
910 766 1157 828 satisfaciatDeo.
1175 768 1251 829 Esse

108 854 208 906 autem
226 843 318 904 multa
336 841 522 916 adminicula,
542 842 649 922 quibus
669 856 788 924 peccata
808 845 999 904 redimamus:
1024 842 1181 924 lacrymas,
1204 844 1249 904 ie·

109 919 190 1057 ipnqa
197 961 233 1057 ,F
247 916 604 1055 oblationemncaritatisl
618 918 749 1055 ⁰ffid⁰l³·„
770 920 810 981 lis
833 920 996 1056 Dominnpi
1010 919 1250 1055 propitiandum,

109 1007 412 1135 ttm‘itttttltt
432 1014 661 1151 ,ttttt‘tt‘t
680 1016 1050 1168 tiit’itttttttttsn
1070 1072 1251 1155 culparum-

108 1148 232 1226 miaerit,
250 1168 378 1229 poenam
396 1160 494 1209 tamen
514 1147 644 1208 retinere
665 1148 816 1230 disciplina
834 1150 977 1210 iustitiae:
997 1150 1073 1210 banc
1093 1167 1157 1210 esse
1171 1168 1251 1229 poc·

54 1262 59 1269 -
110 1244 290 1364 narrquqitiap³
303 1223 740 1362 ⁸²i³⁵s²⁰¹³g⁰¹b¹¹tdffflm⁸ssdt
758 1226 805 1361 silt.
844 1225 1088 1364 lnubaqclmmen
1106 1246 1251 1317 summam

108 1322 1250 1461 itastis,”ittiittitttcmmtsttitt,antistitum

108 1476 185 1517 noxa
204 1465 429 1536 compensetur,
447 1475 508 1536 quo
529 1453 626 1515 debita
646 1454 773 1516 iustitiae
791 1455 851 1517 Dei
869 1455 1030 1518 satisfactio
1049 1454 1249 1547 persolvatur·

108 1532 232 1595 Talibus
250 1532 409 1594 mendaciis
429 1552 447 1592 o
470 1552 554 1613 pono
572 1532 728 1613 gratuitam
747 1544 937 1613 peccatorum
954 1533 1167 1608 remissionem,
1188 1552 1250 1612 qua

443 1552 531 1669 tirius
550 1607 737 1687 praedicatur
755 1608 819 1685 iis).
857 1610 1005 1685 Primum,
1034 1608 1104 1688 quid
1135 1619 1181 1669 est
1199 1626 1249 1668 re-

107 1607 182 1671 nibil
200 1609 233 1670 iu
252 1609 441 1690 Scripturas

107 1685 208 1748 missio
228 1685 285 1747 nisi
302 1703 402 1746 merae
421 1684 604 1746 liberalitatis
623 1683 753 1746 donum?
779 1687 850 1746 Non
871 1686 949 1745 enim
967 1687 1119 1745 remittere
1138 1684 1250 1745 dicitnr

106 1762 249 1837 creditor,
268 1763 318 1843 qui
337 1760 503 1897 antapocba
522 1771 646 1822 testatur
663 1760 720 1821 sibi
740 1775 919 1822 numeratam
940 1761 1107 1841 pecuniams
1127 1760 1180 1822 sed

106 1837 188 1900 nulla
206 1838 369 1917 solutione,
389 1851 469 1899 utro
489 1860 540 1899 sua
559 1836 753 1898 beneficentia
764 1858 873 1899 nomen
886 1839 1034 1930 expungit
1058 1837 1122 1898 Cur
1137 1782 1251 1899 dequ:

180 1918 188 1934 ⁹
220 1915 353 1989 additur,
378 1915 434 1977 nisi
452 1913 489 1975 ad
508 1912 670 1975 tollendam
690 1934 809 1975 omnem
828 1915 1032 1976 satisfactionis
1051 1910 1251 1995 opinionem?

142 2011 179 2052 ua
198 1991 289 2075 igitur
309 1991 487 2051 confidentia
506 2011 570 2053 suas
589 1989 804 2051 satisfactiones
824 1992 918 2052 adbuc
938 1991 1070 2073 erigunt,
1090 2010 1164 2083 quae
1184 2001 1248 2051 ta·

107 2067 205 2129 valido
224 2067 348 2128 fulmine
372 2078 610 2147 prosternuntur.
661 2066 742 2143 Quid
767 2070 887 2128 autem?
915 2089 1004 2148 quum
1024 2069 1173 2128 Dominus
1191 2086 1249 2159 per

107 2143 232 2205 Iesaiam
251 2146 315 2222 (43,
333 2146 397 2222 25.)
417 2144 537 2207 clamat:
567 2143 656 2226 „Ego
675 2165 750 2218 sum,
770 2165 827 2226 ego
847 2167 910 2205 sum
930 2145 980 2224 qui
1001 2144 1087 2205 deleo
1105 2144 1249 2224 iniqueta-

106 2232 153 2282 tes
171 2232 235 2281 tuas
255 2231 379 2300 propter
397 2240 455 2294 me,
475 2232 506 2282 et
524 2231 713 2301 peccatorum
733 2232 850 2281 tuorum
872 2243 934 2282 non
954 2241 1006 2280 ero
1022 2225 1173 2280 memor:“
1192 2241 1249 2282 an·

107 2314 171 2358 non
190 2310 292 2377 aperte
312 2297 482 2370 denuntiat,
512 2317 626 2357 causam
652 2308 683 2356 et
706 2298 929 2357 fundamentum
956 2297 1127 2357 remittendi
1145 2316 1163 2357 a
1183 2296 1249 2359 sola

106 2393 159 2436 sua
178 2371 311 2434 bonitate
329 2393 362 2434 se
380 2371 503 2454 petere?
532 2374 691 2434 Praeterea
720 2395 809 2454 quum
830 2374 982 2453 Scriptura
1007 2374 1141 2434 universa
1160 2372 1250 2437 teeti-

39 2470 41 2474 ’
106 2451 241 2510 monium
261 2449 382 2511 Christo
402 2450 525 2526 deferat,
544 2451 625 2530 quod
646 2470 700 2529 per
718 2470 828 2510 nomen
849 2451 911 2510 eius
930 2450 969 2510 sit
987 2450 1159 2530 accipienda
1171 2471 1247 2531 poo-

107 2538 242 2587 catorum
262 2525 496 2606 remissioo(ilct.
516 2533 565 2600 10,
583 2526 660 2603 43.);
691 2547 793 2587 nonne
812 2527 867 2588 alia
888 2527 987 2587 omnia
1006 2526 1128 2587 nomina
1147 2526 1250 2591 exelu-

107 2603 171 2664 dit?
211 2602 375 2679 Quomodo
404 2603 497 2684 igitur
521 2623 577 2683 per
601 2602 831 2663 satisfactionum
860 2624 971 2663 nomen
998 2604 1089 2695 accipi
1114 2602 1250 2667 docent?

105 2680 213 2759 Neque
230 2699 302 2741 vero
323 2679 381 2740 boc
399 2699 431 2741 se
450 2679 520 2739 dare
538 2678 784 2741 satisfactionibus
804 2691 929 2761 negent,
960 2681 1073 2740 etiamsi
1096 2680 1180 2759 ipsae
1198 2681 1250 2742 iu·

106 2757 261 2817 tercedant
290 2756 373 2837 quasi
404 2755 539 2817 subsidia.
596 2757 671 2816 Nam
703 2756 782 2836 quod
809 2756 961 2836 Scriptura
985 2757 1044 2831 ait,
1066 2777 1125 2833 pei·
1140 2776 1251 2818 nom

108 2830 229 2907 Christi,
248 2833 388 2916 intelligit
406 2832 479 2892 nibil
500 2853 555 2893 nos
574 2832 698 2908 afferre,
718 2832 790 2891 niliil
810 2845 943 2894 nostrum
963 2835 1174 2968 praetendere,
1193 2832 1250 2896 sed

106 2910 170 2971 sola
191 2910 302 2972 Christi
321 2909 579 2972 commendatione
598 2909 667 2968 niti:
697 2910 942 2989 quemadmodum
989 2910 1071 2970 aulus
1094 2911 1149 2989 (11.
1171 2911 1249 2973 Cor.

106 2992 137 3062 5,
148 2988 211 3066 19.)
230 3006 371 3063 asserens,
391 2986 471 3068 quod
491 2986 593 3061 „Deus
606 2988 820 3048 eratmundum
840 2987 896 3047 sibi
916 2989 946 3047 in
968 2986 1089 3047 Christo
1109 2984 1251 3048 reconsi-

107 3063 193 3138 lians,
218 3084 280 3124 non
298 3064 445 3145 imputans
464 3074 588 3144 propter
607 3063 701 3143 ipsum
722 3062 889 3124 bominibus
908 3063 1048 3140 delicta,“
1067 3063 1252 3125 modumra·

106 3139 280 3219 tionemque
299 3161 367 3202 mox
386 3137 519 3216 subiicit,
543 3140 633 3219 „quia
652 3161 708 3220 pro
727 3139 813 3201 nobis
833 3140 926 3202 factus
947 3152 990 3202 est
1009 3151 1172 3222 peccatum,
1192 3140 1250 3222 qui

106 3216 221 3297 peccati
239 3235 342 3350 expers
361 3220 457 3281 erat.“

183 3297 231 3357 tu
299 3312 381 3354 erum
401 3313 458 3373 qua
477 3303 545 3352 sunt
565 3292 766 3372 perversitate,
785 3304 1016 3373 etpeccatorum
1029 3292 1250 3374 remissionem,

108 3377 139 3428 et
157 3369 429 3431 reconciliationem
448 3368 513 3428 fieri
530 3369 622 3428 semel
641 3369 758 3443 dicunt,
788 3391 877 3449 quum
905 3372 935 3430 in
962 3373 1086 3452 gratiam
1105 3369 1165 3431 Dei
1189 3390 1251 3451 per

108 3443 259 3506 Christum
283 3445 313 3505 in
338 3446 490 3525 Baptismo
513 3446 687 3525 recipimur:
717 3458 785 3537 post
803 3448 999 3526 baptismum,
1028 3447 1247 3540 resurgendum

107 3540 172 3582 esse
190 3540 245 3602 per
262 3521 488 3583 satisfactiones:
506 3525 679 3660 sanquinem
700 3522 810 3584 (abiisti
830 3523 901 3582 nihil
922 3525 1077 3604 prodesse,
1096 3524 1150 3583 nisi
1171 3544 1249 3604 qua-

108 3608 193 3658 tenus
214 3617 267 3678 per
286 3598 381 3660 claves
400 3599 540 3660 ecclesiae
580 3602 750 3678 ispensatur.
808 3599 873 3660 Nec
902 3601 938 3659 de
964 3621 996 3660 re
1017 3600 1103 3661 dubia
1123 3600 1250 3681 loquor,

108 3694 197 3755 quum
217 3696 298 3736 suam
317 3676 513 3754 impuritatem
533 3675 697 3737 clarissimis
721 3675 835 3754 scriptis
858 3677 1058 3755 prodiderint:
1092 3695 1148 3737 nec
1167 3698 1249 3740 uuus

107 3763 157 3821 aut
176 3751 261 3824 alter,
281 3753 333 3813 sed
353 3753 480 3813 universi
499 3751 684 3813 scholastici.
736 3753 812 3812 Nam
832 3755 962 3832 ipsorum
983 3755 1122 3836 magister
1142 3752 1247 3834 [Sent.

108 3827 157 3887 lib.
175 3833 205 3894 3.
225 3827 290 3888 dist.
309 3831 370 3912 9.],
400 3840 556 3910 postquam
578 3829 728 3890 Christum
753 3830 785 3888 in
806 3829 888 3911 ligno
908 3851 1036 3910 poenam
1055 3842 1248 3910 peecatorum

91 3903 241 3983 solvisse,
258 3905 338 3968 iusta
357 3908 440 3968 Petri
460 3906 624 3967 doctrinam
645 3905 685 3986 (1.
705 3926 752 3988 ep.
771 3913 800 3983 2,
819 3906 899 3984 24),
919 3908 1071 3970 confessus
1089 3918 1146 3969 est:
1173 3905 1249 3970 sub·

166 4179 202 4301 9
235 4180 276 4234 Cf.
293 4182 434 4233 bombard.
451 4182 522 4235 Scnt.
538 4185 585 4238 lib.
601 4186 628 4244 4.
652 4184 708 4238 dist.
726 4187 766 4241 10.
785 4206 806 4238 c.
822 4185 851 4240 4.
880 4182 909 4235 C.
928 4182 1106 4241 Non'sufficit.
1126 4186 1160 4237 de
1176 4205 1247 4256 poe·

103 4248 148 4303 nit
189 4253 282 4303 .med.
299 4252 391 4302 eadem
409 4251 464 4303 dist.
491 4251 521 4304 C.
538 4254 640 4306 Nullus.
657 4255 748 4305 cadem
761 4254 818 4307 dist.
834 4281 868 4294 -
892 4253 953 4309 Vid.
970 4269 1103 4326 practerea
1122 4256 1154 4307 de
1171 4255 1245 4309 satis-

103 4317 368 4379 trecassinensem
384 4317 427 4373 29.
444 4334 522 4389 atquo
538 4321 582 4373 lib.
598 4324 623 4375 a
642 4342 664 4372 c.
681 4323 727 4377 28.
744 4341 764 4374 a.
781 4324 823 4375 45.

53 4444 57 4451 ¹
155 4386 360 4452 ΙΙ),1οε.52,3.
394 4386 471 4440 Rom.
488 4391 515 4452 b,
531 4389 555 4445 8.
592 4388 649 4443 Col.
667 4391 693 4453 2,
712 4391 750 4447 14.
787 4389 836 4444 Tit.
854 4392 884 4461 3,
901 4388 926 4444 5.

1032 995 1129 1071 elicta,
1147 995 1183 1057 iis
1194 1016 1250 1057 ve·
1265 1050 1269 1057 .

1279 4220 1287 4289 l
