2700 4732
72 199 130 263 tut
462 193 542 255 ΠΒ.
561 192 619 257 111.
658 193 747 258 cat.
767 194 801 253 ll.

73 357 140 397 sum
170 346 202 396 et
233 337 371 397 laetitiam
400 336 472 397 fletu
503 338 689 418 stridoreque
722 336 852 397 dentium
883 333 1077 428 permutabit,
1107 352 1216 415 pacem

73 414 140 474 diro
170 414 368 475 conscientiae
406 427 557 475 tormento
588 413 780 495 inquietabit,
813 413 967 475 mollitiem
1001 410 1115 490 plectet
1143 410 1217 495 igne

75 489 268 551 inexstincto:
307 490 363 571 piis
393 491 496 566 ctiam,
552 511 658 551 uorum
692 491 834 581 patientia
863 490 947 550 abusi
983 489 1116 566 luerint,
1158 506 1227 567 eo-,

73 586 141 625 rum
176 566 272 645 capita
305 566 449 628 subiiciet.
506 608 530 643 „
567 587 619 627 aec
656 586 735 626 eorm
770 579 815 627 est
845 566 952 627 iustitia
988 570 1084 657 <teste
1115 562 1216 625 Paulo

73 641 139 719 „tt
158 642 261 703 Thess.
286 650 321 719 1,
352 645 412 721 6.),
451 643 521 704 dare
558 643 668 704 miseris
699 654 729 701 et
760 642 867 703 iniuste
901 642 1020 703 affltcns
1054 640 1217 702 relaxatio-

74 737 181 795 „nem,
218 719 343 779 reddere
377 739 448 780 vero
480 720 671 780 alllictionem
702 720 846 799 improbis
880 718 931 798 qui
966 719 1032 798 pios
1062 716 1216 799 affligunt,

73 815 187 873 „quum
229 795 410 856 revelabitur
445 796 592 857 Dominus
632 796 715 857 lesus
749 816 766 855 e
800 794 921 856 coelo.“
982 795 1065 853 Haec
1106 792 1216 874 prole-

12 908 14 913 ·
76 881 126 931 cto
147 872 233 931 unica
257 883 303 932 est
325 882 426 932 nostra
450 872 632 933 consolatio:
665 891 739 964 quae
768 873 791 932 si
821 872 983 945 auferatur,
1012 881 1216 931 autnecesse

75 947 151 1021 erit,
170 947 220 1007 des
243 948 355 1008 ondere
374 948 520 1024 animum,
548 959 600 1009 aut
616 969 697 1009 vanas
716 948 816 1007 mundi
835 948 945 1008 solatiis
964 947 994 1007 in
1015 944 1134 1005 exitium
1155 966 1216 1007 tto·

75 1034 167 1084 strum
188 968 320 1084 deiinire.
359 1024 511 1104 Siquidem
531 1036 561 1085 et
579 1023 730 1104 Propheta
758 1024 820 1103 (Ps.
841 1030 889 1099 73,
907 1025 951 1099 ⁶2.)
980 1022 1038 1083 sibi
1060 1020 1216 1083 vacillasse

74 1098 167 1179 pedes
185 1101 354 1175 confitetur,
373 1100 442 1160 dum
461 1101 492 1160 in
511 1104 658 1179 praesenti
670 1101 827 1180 impiorum
844 1100 1038 1180 prosperitate
1048 1096 1217 1178 reputanda

75 1175 198 1235 nimium
218 1177 406 1237 immoratur:
438 1197 535 1257 neque
554 1179 683 1257 potuisse
709 1177 794 1237 aliter
819 1178 997 1251 consistere,
1026 1195 1116 1254 quam
1142 1174 1215 1235 dum

73 1252 272 1313 auctuarium
291 1252 351 1313 Dei
381 1254 546 1336 ingressus,
577 1254 613 1313 ad
644 1254 829 1315 novissimum
862 1254 978 1332 piorum
1006 1273 1040 1312 ae
1064 1247 1215 1311 malorum

73 1327 165 1387 linem
183 1329 331 1389 convertit
348 1329 461 1391 oculos.
503 1332 543 1391 Ut
568 1351 629 1391 uno
656 1330 748 1392 verbo
774 1329 963 1401 concludam,
995 1340 1067 1388 tunc
1092 1326 1216 1387 demum

75 1403 107 1464 in
126 1405 298 1483 pectoribus
316 1405 444 1467 fidelium
469 1406 629 1488 triumphat
654 1428 723 1467 crux
748 1407 857 1467 Christi
883 1406 920 1465 de
945 1403 1082 1478 diabolo,
1112 1422 1218 1477 carne,

74 1493 200 1559 peccato
228 1495 260 1545 et
286 1483 398 1564 impiis,
427 1484 451 1544 si
476 1482 556 1545 ocrsli
582 1485 612 1544 in
637 1483 860 1545 resurrectionis
891 1482 1054 1562 potentiam
1083 1498 1217 1543 convea·

75 1566 187 1619 tuntur.

466 1917 723 1991 CAPUT
774 1920 815 1989 X.

178 2161 373 2237 Quomodo
405 2160 583 2222 utendum
615 2157 805 2241 praesenti
837 2158 923 2232 vita,
955 2156 1112 2237 eiusque

524 2252 755 2315 adiumentis.

144 2462 233 2518 Partes
250 2463 326 2518 huius
345 2462 460 2535 Capitea:
496 2462 526 2533 1)
554 2462 637 2517 lluius
655 2463 790 2516 doctrinae
806 2463 939 2519 necessitas
956 2475 981 2514 ct
1005 2459 1122 2513 utilitasa
1148 2480 1219 2531 quae

77 2560 190 2601 extrema
206 2548 268 2601 item
283 2549 361 2601 nobis
377 2548 513 2614 fugienda,
542 2548 563 2601 sl
581 2548 709 2625 praesenti
725 2549 775 2601 rita
793 2549 898 2617 eiusque
916 2545 1069 2599 adiumentis
1086 2558 1163 2599 reete
1181 2544 1226 2601 nti.

77 2631 211 2702 cupimus,
226 2646 286 2687 aest.
302 2636 326 2689 1.
344 2646 370 2685 et
384 2635 409 2687 2.
425 2661 459 2672 -
492 2632 525 2703 2)
551 2632 656 2685 Horum
673 2622 845 2684 extremorum
863 2634 986 2693 alterum,
1013 2650 1114 2701 nempe
1133 2632 1222 2687 carnia

75 2714 240 2787 intemperies
257 2717 392 2783 diligenter
409 2730 445 2770 est
469 2719 674 2788 compescenda,
700 2716 778 2786 idque
801 2730 914 2784 quatuor
935 2715 1022 2768 modia
1047 2718 1147 2771 ordine
1162 2719 1220 2785 lde-

76 2800 186 2871 tcriptia,
199 2815 259 2857 ancl.
275 2802 364 2857 3-lb

152 3010 182 3069 1.
221 3002 344 3067 Talibus
372 3003 546 3065 rudimentis
573 3001 669 3085 probe
693 3021 749 3063 nos
773 2998 859 3061 simul
889 2999 1016 3060 institnit
1044 2999 1218 3082 Scriptura,

4 3130 14 3155 ,
75 3077 143 3158 quis
161 3090 258 3142 rectus
277 3082 315 3142 sit
333 3080 482 3142 bonorum
500 3080 683 3141 terrestrium
702 3099 783 3138 usus:
805 3097 851 3137 res
871 3077 900 3135 in
913 3076 1121 3158 componenda
1136 3080 1220 3141 ritae

75 3156 191 3217 ratione
211 3157 329 3218 minime
349 3156 535 3239 negligenda.
572 3157 647 3216 Nam
666 3158 690 3216 si
708 3155 862 3216 vivendum
883 3166 941 3228 est,
971 3153 1115 3213 utendum
1136 3176 1219 3235 quo-

76 3250 135 3310 que
154 3234 322 3295 necessariis
340 3234 418 3293 vitae
436 3233 631 3294 adminiculis:
662 3252 717 3292 nec
739 3231 839 3313 lugere
860 3250 893 3289 ea
914 3250 1033 3312 quoque
1045 3251 1220 3320 possumus,

97 3326 152 3369 uae
171 3308 307 3370 videntur
326 3309 519 3371 oblectationi
538 3310 630 3391 magis
651 3330 736 3389 quam
756 3307 919 3367 necessitati
949 3307 1102 3367 inservire.
1141 3308 1218 3371 Mn-

75 3328 146 3445 dum
166 3404 238 3467 ergo
258 3397 362 3445 tenere
381 3398 511 3466 oportet,
530 3398 563 3445 ut
582 3406 653 3466 pura
672 3385 852 3446 conscientia
870 3386 930 3443 sive
946 3383 982 3443 ad
996 3384 1219 3465 necessitatem,

74 3460 135 3525 eive
167 3463 204 3523 ad
223 3460 472 3524 oblectamentum
496 3473 624 3523 utamur:
663 3482 730 3522 eum
754 3460 901 3520 Dominus
926 3461 1019 3523 verbo
1045 3480 1100 3521 suo
1127 3482 1218 3542 prae·

74 3536 187 3614 scribit,
218 3558 308 3616 quum
328 3538 433 3611 docet,
461 3542 550 3599 vitam
570 3550 754 3618 praesentem
774 3537 916 3673 guandam
936 3536 1216 3620 peregrinationem
1238 3612 1244 3619 ·

73 3614 133 3676 suis
154 3633 227 3690 esse,
246 3634 303 3693 qua
322 3614 352 3674 in
373 3615 502 3675 coeleste
520 3634 552 3675 re
575 3636 643 3674 num
663 3626 772 3675 conten
796 3625 856 3672 unt.
884 3614 916 3673 si
929 3626 1217 3694 perterramtrana-

73 3690 204 3751 eundum
229 3703 273 3751 est
298 3690 450 3766 duntaxat,
474 3712 536 3752 non
552 3634 678 3751 bublum
698 3692 769 3769 quin
789 3702 908 3750 eatenus
928 3691 1070 3751 utendum
1089 3691 1131 3751 sit
1149 3692 1216 3755 eiua

71 3766 171 3844 bonis,
189 3778 223 3828 ut
241 3787 356 3827 cursum
375 3780 508 3827 nostrum
527 3768 627 3828 iuvent
646 3768 744 3848 potius
763 3788 849 3846 quam
859 3779 1021 3826 morentur.
1060 3766 1216 3831 ldeo'ntttt

73 3841 126 3905 abs
145 3864 179 3905 re
197 3844 300 3904 suadet
310 3843 416 3904 Paulus
435 3844 474 3923 (1.
482 3844 589 3917 Con'i,
600 3847 727 3919 30.31.),
748 3844 803 3903 hoc
815 3844 926 3904 mundo
938 3848 978 3904 ita
990 3843 1136 3904 utendum
1148 3864 1214 3907 esre

71 3920 155 3998 quasi
174 3941 236 3995 non
256 3931 387 3980 utamur:
419 3920 524 3979 eodem
549 3921 648 3981 animo
675 3921 810 3980 enrerrdas
830 3940 891 3980 esse
911 3921 1124 4000 possessiones,
1149 3940 1213 4003 quo

71 3995 247 4057 venduntur.
287 3996 397 4056 Verum
418 3995 487 4076 quia
506 3996 633 4057 lubricus
653 4011 697 4058 cst
715 3997 761 4057 hic
783 3996 874 4069 locus,
894 4010 921 4055 rt
934 4010 1088 4076 utramque
1101 3998 1133 4059 in
1144 4020 1214 4080 par·

62 4082 133 4131 tem
152 4072 289 4151 proclivis
309 4072 494 4164 adlapsam,
525 4074 692 4135 studeamus
712 4075 818 4167 pcdcut
844 4076 952 4155 ligore,
972 4074 1022 4133 ubi
1041 4086 1109 4135 tuto
1130 4088 1213 4137 stare

70 4144 167 4209 liceat.
206 4148 341 4210 Fuerunt
360 4169 438 4208 cmm
463 4150 617 4228 nonnulli,
649 4151 721 4211 bons
747 4163 776 4210 ct
800 4153 891 4211 sarrcti
923 4151 981 4211 alio
1004 4150 1033 4209 ui
1063 4148 1215 4229 homines,

70 4222 123 4307 qui
143 4244 234 4305 quum
253 4226 386 4291 viderent
405 4226 608 4310 intemperiem
629 4249 662 4291 ac
683 4228 823 4290 luxuriam
856 4228 961 4291 cilrcni
984 4172 1115 4291 iibidinc
1136 4228 1220 4313 pem.

28 4362 71 4432 ι
1260 4352 1262 4403 l
