2700 4732
740 50 795 107 η.

31 235 36 260 ·
124 176 208 291 u'
549 170 836 283 mairano
903 240 908 255 ·
961 182 964 187 ’

126 366 275 451 Atnadei
315 367 438 445 electio
453 368 515 467 ²¹),
565 366 736 473 genei'tlis
780 386 814 443 et
856 386 1097 446 sacrosanctae
1130 367 1264 475 synodi

126 486 333 567 actuoritate
356 482 422 563 rite
446 502 604 589 peracta,
625 487 662 562 in
687 488 827 564 fumum
851 484 953 561 abiit:
977 485 1042 563 nisi
1068 484 1165 590 quod
1189 487 1266 591 ipse

45 660 49 669 ι
126 606 247 712 galero
264 601 492 695 cardinalitio,
514 630 579 680 ceu
593 603 688 681 canis
712 602 842 679 latrans
862 600 987 679 iniecta
1000 604 1084 695 olla,
1110 601 1268 707 placatus

127 742 188 801 est.
207 772 213 787 ·
246 729 301 831 E,
319 721 461 799 illorum
485 720 742 797 haereticorum
768 708 951 796 rebellium
970 750 1012 798 nc
1027 721 1266 827 ,pertinacium

126 842 261 948 gremio
286 838 418 944 prodiit
440 837 607 943 quicquid
637 855 759 943 postea
786 843 982 947 Papnmm,
1016 838 1267 931 Cardinalium,

126 959 398 1064 Episcoporum,
411 955 907 1061 Ahhtmm,·Presbytefomm
929 954 1004 1031 suit.
1053 957 1123 1032 Hic
1140 957 1268 1062 dopre-
1300 998 1303 1003 ¹

127 1076 227 1152 hensi
252 1075 419 1150 haereant
444 1101 585 1149 necesse
612 1089 671 1149 est.
723 1078 849 1148 Utram
869 1072 961 1147 enim
987 1072 1024 1149 in
1050 1090 1185 1177 partem
1197 1081 1266 1151 Ec·¹
1292 1152 1296 1161 ,

126 1193 251 1272 clasiae
273 1222 404 1270 nomen
429 1193 637 1269 conferent?
658 1188 882 1295 negabuntne
896 1188 1092 1266 Concilium
1104 1191 1268 1296 generale

128 1312 244 1402 luisse,
267 1311 324 1387 cui
349 1309 435 1387 nihil
461 1308 505 1386 ad
528 1308 735 1385 exteriorem
747 1306 963 1383 maiestatem
972 1305 1115 1385 deerat?
1138 1338 1267 1413 nempe

129 1458 202 1533 quo
228 1427 370 1505 duobus
393 1426 645 1533 diplomatibus
676 1423 877 1501 sollenniter
911 1424 1100 1517 indictum,
1135 1427 1267 1532 praesi-

129 1545 234 1624 dente
244 1552 429 1622 Romanae
446 1543 537 1619 sedis
549 1548 683 1645 Legato
700 1548 953 1631 consecratum,
968 1571 1088 1620 rerum
1106 1546 1265 1621 omnium

129 1662 255 1741 ordine
272 1662 364 1753 hene
377 1662 625 1766 compositum,
654 1658 777 1734 eadem
799 1687 939 1761 semper
960 1659 1127 1762 dignitate
1149 1660 1195 1737 ad
1208 1691 1266 1737 cx·

127 1800 280 1859 tremum
293 1779 536 1885 perseveravit.
568 1778 787 1871 Fatehuntur
798 1776 1056 1853 schismaticum
1069 1780 1266 1884 Eugenium

28 1962 31 1971 .
128 1928 210 1976 curn
244 1916 318 1974 tota
344 1928 406 1975 sua
437 1897 601 1987 cohorte,
635 1924 751 2000 aqua
781 1922 904 1970 omnes
933 1896 1133 1974 sanctificati
1163 1899 1268 1975 sonti.

128 2022 200 2097 Aut
231 2015 338 2120 igitur
369 2014 533 2092 ecclesiae
558 2015 712 2093 formam
739 2013 837 2091 aliter
860 2009 1044 2089 definiant:
1080 2032 1142 2091 aut
1156 2031 1267 2119 -quot-

129 2150 219 2240 qum
243 2150 339 2222 sunt,
365 2131 590 2207 habebuntur
615 2160 635 2206 a
662 2131 764 2207 nobis
790 2130 1014 2222 schismatici,
1039 2133 1100 2235 qui
1120 2132 1266 2211 scientes

64 2292 68 2299 ·
128 2251 285 2331 volentes
311 2250 356 2328 ab
383 2249 564 2323 haereticis
591 2247 742 2324 ordinati
769 2265 860 2324 sunt.
917 2246 1055 2345 Quodsi
1085 2279 1267 2353 nunquam

129 2387 230 2446 antea
260 2383 479 2470 compertum
506 2366 640 2457 luisset,
681 2366 831 2442 externis
860 2369 1000 2472 pompis
1030 2398 1103 2444 non
1135 2367 1267 2469 alligari

128 2484 319 2576 ecclesiam,
340 2484 407 2587 ipsi
431 2482 914 2586 prolixodocurnentonobis
931 2515 1005 2561 esse
1023 2501 1179 2589 possunt,
1204 2485 1265 2586 qui

129 2604 194 2682 sub
216 2603 375 2707 specioso
402 2601 463 2677 illo
495 2600 661 2678 ccclesiae
693 2599 792 2677 titulo
818 2600 952 2678 tamdiu
976 2632 1014 2678 se
1035 2602 1113 2677 orbi
1143 2630 1265 2703 super·

130 2723 249 2800 ciliose
262 2719 497 2809 venditarunt,
525 2749 635 2825 quum
661 2736 779 2795 tamen
804 2736 918 2795 essent
929 2719 1079 2795 exitiales
1091 2718 1266 2796 Ecclesiae

130 2859 254 2947 pestes.
302 2845 359 2915 De
382 2838 542 2913 moribus
565 2866 638 2931 non
665 2837 805 2942 loquor,
828 2855 863 2913 et
880 2838 1021 2939 tragicis
1046 2836 1111 2913 illis
1131 2839 1267 2913 facirm·

129 2958 236 3047 ribus,
260 2955 386 3059 quibus
409 2971 516 3032 scatet
540 2971 614 3029 tota
639 2984 763 3032 eorum
782 2956 868 3032 vita:
896 2955 1039 3058 quando
1057 2957 1266 3031 Pharisaeos

131 3106 168 3153 ae
194 3105 269 3152 esse
293 3074 404 3161 aiunt,
429 3073 488 3176 qui
513 3072 580 3147 siut
609 3072 803 3162 audiendi,¹
825 3102 897 3148 non
920 3072 1089 3149 imitandi.
1138 3081 1266 3177 Ipsam,

130 3191 468 3297 ipsam'doctrinnrn,
494 3190 550 3265 cui
573 3188 608 3264 id
635 3189 756 3267 deberi
774 3193 869 3268 aiunt
884 3192 980 3294 quod
1008 3209 1088 3268 sunt
1102 3192 1266 3282 Ecclesia,

132 3309 301 3386 exitialem
324 3309 520 3384 animarum
547 3310 799 3399 carnificinam,
825 3310 953 3398 facem,
986 3311 1122 3385 ruinam
1149 3326 1184 3385 et
1207 3338 1266 3387 ex-

129 3426 264 3527 cidium
283 3425 447 3503 ecclesiae
472 3453 547 3501 esse
568 3455 641 3500 non
662 3428 812 3504 obscure
832 3457 1033 3532 cognosces,
1058 3428 1086 3503 si
1111 3426 1266 3532 legendis

132 3544 260 3621 nostris
283 3543 496 3646 aliquantum
511 3545 572 3619 otii
592 3546 644 3621 tui
666 3543 815 3620 decidas.
843 3590 890 3607 -
934 3551 968 3623 7.
992 3552 1178 3622 Postremo
1193 3576 1268 3623 non

133 3663 213 3740 satis
224 3659 374 3737 candide
382 3661 525 3751 faciunt,
549 3691 659 3766 quum
671 3663 842 3740 invidiose
860 3681 1142 3739 commemorant
1156 3694 1268 3768 quan-

132 3797 185 3856 tas
208 3778 342 3867 turbas,
363 3777 543 3870 tumultus,
567 3782 807 3857 contentiones
832 3810 950 3856 secum
974 3776 1114 3857 traxerit
1124 3800 1268 3858 nostrae

133 3897 314 3974 doctrinae
344 3895 573 4000 praedicatio,
616 3914 651 3973 et
673 3928 763 4001 quos
796 3924 889 3997 nunc
921 3899 957 3973 in
989 3897 1106 3975 multis
1131 3901 1267 3977 froctu's

133 4016 236 4090 ierat:
260 4005 342 4090 nom
365 4014 494 4090 horum
520 4015 695 4092 malorum
721 4017 823 4121 culpa
845 4015 989 4117 indigne
1010 4018 1046 4091 in
1061 4019 1181 4121 ipsam
1204 4018 1267 4092 de-

131 4145 445 4167 Ἢ

199 4194 249 4265 21)
266 4194 329 4253 Pio
345 4194 418 4267 Pap·
435 4199 574 4260 secundus,
593 4200 693 4253 Aeneas
712 4162 812 4273 Sylvius
829 4215 888 4271 ante
902 4200 992 4265 dictus,
1006 4199 1036 4252 in
1052 4186 1130 4252 Bulla¹
1146 4194 1269 4251 mracta'·

132 4261 245 4326 tason.
259 4262 379 4328 Ingenio
396 4260 529 4337 deposito,
543 4266 641 4337 inquit,
658 4266 840 4322 sebastiensi·
855 4271 977 4323 suffectus
994 4282 1044 4330 eet,
1058 4283 1086 4320 et
1101 4266 1174 4318 Pelia
1191 4266 1269 4334 quin·

101 4430 106 4455 .
133 4332 599 4483 eminutus
610 4336 726 4459 :uu
742 4336 1267 4474 literatissimum
