2700 4732
512 114 588 176 ule.
607 114 648 175 ll.
687 114 777 177 CAP.
796 116 848 177 lX.
1185 124 1245 187 me

90 324 93 335 ,
144 278 194 331 ,m
207 256 313 321 abditis.
362 254 452 317 Multi
470 258 551 317 enlm
570 258 668 341 Reges
686 272 718 320 et
735 260 905 340 Prophetae
930 260 988 321 hoc
1007 268 1164 340 optarunt,
1187 280 1243 325 nee

63 342 99 415 ψ
142 334 182 407 ,ad
224 334 345 427 '‘sunt“
384 334 547 426 llaec-non
566 356 656 425 parva
676 350 720 397 est
738 337 929 399 revelationis
948 338 1029 397 Eion
1052 337 1142 399 olicae
1160 359 1243 401 eom·

63 412 97 511 :³²
136 430 188 547 Be:
240 432 270 487 o,
286 410 490 547 qpodsanetts
502 410 650 502 Patribus,
670 414 805 505 qpirora
826 414 933 494 pietate
954 357 1163 488 exceliuerunt,
1185 428 1242 506 nos

63 524 88 609 ἓ.
135 500 372 625 ntllthh
382 488 1242 653 ,lrhsshlllt?13:¹¹2l2h‘2llssllhllihllsslljrll?

134 638 423 715 Quieetsiobseurior
442 640 498 700 lmt
516 642 636 701 intuitus
654 644 697 702 rei
716 644 820 723 procul
841 655 983 715 remotae,
1001 643 1075 702 nihil
1095 644 1242 703 tamenod

130 712 191 777 bere
205 716 340 797 sperandi
359 716 564 777 certitudinem
582 718 690 778 deluit:
711 720 789 779 uude
810 720 916 779 laetitia
938 718 996 791 illo,
1015 740 1090 800 quoe
1108 731 1241 782 sanetum

128 790 304 863 Patriartbtm
322 795 360 853 ed
379 804 505 853 mortem
525 814 617 885 usque
636 798 772 857 comitato
792 809 845 855 est.
883 798 989 875 Neque
1007 818 1063 855 vox
1083 796 1130 855 illa
1149 795 1241 855 loan-

104 900 108 907 ·
130 868 322 951 sempiterne,
338 870 436 929 Deum
449 890 537 929 nemo
552 870 624 931 vidit
643 894 782 951 unquam,
802 873 971 953 unigenitus
991 873 1041 952 qui
1061 885 1105 933 est
1123 872 1153 933 in
1173 873 1240 932 sinu

129 942 219 1019 Patris,
236 948 382 1007 enarravit
401 946 487 1007 nobis
505 946 566 1021 (lo.
586 954 619 1021 1,
638 951 718 1023 te),
742 951 807 1028 pios
827 952 963 1028 quiante
982 950 1092 1008 mortui
1111 949 1241 1021 fuerant,

128 1024 234 1084 meludit
249 1044 266 1083 a
283 1024 426 1083 sotietate
444 1022 657 1103 intelligentiae
677 1038 708 1083 et
726 1024 814 1099 lueis,
833 1046 907 1104 quae
927 1023 1054 1106 refulget
1075 1025 1104 1083 in
1126 1024 1239 1087 Christi

64 1110 71 1141 ¹
129 1118 248 1177 moue:
266 1099 319 1160 red
337 1098 454 1159 illorum
473 1112 583 1159 sortem
604 1122 668 1159 eum
688 1114 788 1161 nostra
808 1122 991 1181 comparans,
1012 1102 1148 1191 mysteria
1183 1120 1238 1160 uae

128 1176 170 1235 rab
184 1174 290 1237 umbris
309 1176 437 1236 obscure
455 1187 567 1235 tantum
586 1176 727 1256 speculati
748 1191 831 1252 sunt,
862 1180 951 1237 docet
976 1177 1062 1236 nolus
1086 1122 1240 1237 manileste

110 1300 117 1329 ·.
129 1268 186 1313 tue:
205 1249 450 1333 quemadmodum
477 1252 572 1331 probe
592 1253 714 1331 explieat
738 1265 842 1313 auctor
861 1252 1002 1333 epistolae
1028 1253 1063 1311 ad
1083 1252 1238 1314 Hebraeos

130 1328 217 1409 (hh),
235 1326 423 1388 multifariam
443 1338 475 1387 et
492 1328 589 1387 multis
608 1329 704 1387 modis
724 1328 877 1409 loquutum
899 1330 985 1389 luisse
1004 1328 1074 1391 olim
1095 1329 1239 1407 perPro-

121 1404 216 1541 ,team
232 1422 408 1495 nuncyero
416 1424 482 1538 per
500 1404 637 1465 dilectum
658 1406 783 1496 lilium
814 1406 956 1479 Quamvis
976 1425 1049 1485 ergo
1069 1405 1239 1494 unigenitus

122 1479 1238 1647 e,thllthhht‘‘stillettlsslttfh‘lllllfn‘ll‘llllh}
1278 1554 1287 1573 ’

128 1630 195 1695 tere
215 1636 356 1713 antiquae
380 1631 564 1693 liberationis
588 1633 706 1692 ducem:
739 1654 839 1696 verum
861 1646 957 1694 tamen
978 1645 1039 1706 est,
1060 1631 1139 1712 quod
1165 1631 1236 1691 alibi

127 1710 290 1771 luditidem
310 1708 419 1770 Paulus
444 1708 501 1789 (11.
523 1710 594 1769 Cor.
613 1717 650 1782 d,
667 1710 727 1785 6.),
756 1710 854 1769 Deum
882 1712 931 1789 qui
956 1710 1040 1769 iussit
1063 1730 1080 1766 e
1105 1708 1235 1768 tenebris

126 1782 202 1847 luen
224 1785 448 1877 splendescere,
472 1805 550 1845 urrne
575 1784 699 1845 illuxisse
724 1787 861 1847 cordibus
881 1788 1005 1859 nostris,
1030 1784 1066 1844 ad
1086 1783 1234 1844 illustren-

123 1858 174 1923 h
190 1861 325 1923 notitiam
344 1862 457 1943 gloriale
477 1861 534 1920 Dei
553 1862 583 1919 in
604 1862 677 1921 secio
696 1862 763 1921 Iesu
785 1863 910 1923 Christi:
936 1863 1003 1939 quia
1028 1861 1079 1921 ubi
1099 1860 1235 1938 apparuit

122 1936 208 1999 hue
222 1958 274 1999 sua
294 1938 432 2019 imagine,
451 1939 669 2018 quodammodo
680 1958 711 1997 se
733 1939 801 1998 lesit
816 1940 971 2007 visibilem,
991 1948 1094 2017 praeut
1108 1935 1234 1996 obscura

120 2012 314 2075 tlubratilis
333 2028 403 2075 oute
423 2016 518 2074 iuerat
536 2015 598 2074 eius
617 2015 737 2093 speeies.
788 2017 859 2089 Quo
885 2015 1001 2106 turpior
1021 2027 1051 2073 et
1069 2014 1159 2092 magis
1180 2011 1234 2071 de-

102 2090 242 2153 1ώὶΙῆ
260 2102 307 2151 est
315 2110 418 2152 eorum
437 2091 617 2170 ingratitudo
637 2112 671 2151 ac
689 2091 822 2170 pravitas,
842 2092 892 2170 qui
912 2092 958 2150 lue
978 2092 1007 2149 in
1029 2090 1149 2150 meridie
1162 2108 1231 2148 coe-

117 2168 228 2229 dhre
262 2168 304 2227 Et
328 2168 396 2228 ideo
421 2180 535 2226 mentes
555 2187 657 2226 eurum
677 2189 693 2226 a
714 2168 822 2226 sarano
842 2166 1050 2226 obtenebratas
1075 2187 1137 2225 esse
1162 2165 1233 2224 dicit

98 2242 221 2319 ‚hiem
238 2256 409 2304 neeernsnt
448 2244 550 2302 loriam
564 2243 685 2317 Christi,
704 2244 785 2303 nullo
799 2245 866 2305 velo
885 2245 1072 2323 interposito,
1091 2244 1122 2303 in
1134 2244 1231 2302 Evno-

89 2389 94 2401 ,
116 2318 185 2403 flio
200 2321 395 2403 refulgentem
414 2264 516 2397 (llom.
534 2330 567 2395 ³,
582 2328 630 2385 27.
651 2332 682 2379 et
700 2328 749 2395 10,
769 2324 821 2393 8.).

130 2466 136 2473 ,
179 2400 210 2463 2
243 2398 342 2458 Porro
361 2398 552 2478 Evangelium
576 2397 686 2475 arripio
712 2397 864 2476 proclam
888 2397 1020 2461 musterii
1040 2396 1149 2457 Christi
1169 2416 1232 2454 rna·

118 2472 300 2535 admau'one.
337 2476 449 2534 Fateor
467 2485 563 2548 certe,
588 2487 731 2611 guatensis
750 2465 940 2553 Evangelim'n
960 2487 1082 2533 vocatur
1100 2494 1117 2531 u
1137 2472 1230 2531 Paulo

83 2620 86 2625 ¹
118 2544 393 2627 fflfimmo.)
415 2551 585 2611 doctrinali
608 2550 651 2622 ei,
682 2552 743 2611 eius
768 2563 863 2629 portes
883 2551 1012 2624 censeri,
1038 2568 1231 2629 quaeeunque

65 2616 88 2713 ἦ
120 2624 211 2717 μ’·
224 2628 254 2687 in
266 2627 349 2764 Lege
367 2638 528 2687 occurrunt
546 2628 751 2708 promissiones
772 2630 808 2685 de
828 2628 953 2706 gratuita
974 2640 1163 2703 perrotorum
1182 2645 1231 2683 re-

266 2707 316 2785 qui
340 2726 373 2764 us
393 2704 540 2763 sibiDeus
559 2705 731 2764 reconciliat
751 2704 891 2763 homiues.
930 2703 1032 2761 l'idem
1046 2703 1123 2761 enim
1135 2713 1232 2761 terro-

66 2796 89 2863 ς,
124 2774 205 2837 ΙΜ-
277 2781 424 2861 opponit,
455 2782 560 2861 quibus
590 2782 708 2859 ungitur
733 2792 763 2839 et
782 2793 899 2838 vexatur
924 2779 1121 2849 conscientie,
1152 2779 1176 2836 si
1196 2796 1229 2835 ex

85 2900 89 2907 ·
256 2857 387 2939 petenda
405 2858 442 2916 sit
459 2857 543 2917 salus.
582 2858 670 2915 Unde
690 2859 836 2936 sequitur,
855 2877 956 2915 vocem
975 2854 1130 2929 Evangelii.
1148 2854 1230 2933 large

92 2962 95 2967 ·
122 2932 259 3009 mdo,
276 2935 332 2994 sub
353 2956 388 2993 ea
407 2934 626 3013 comprehendi,
646 2953 720 3009 quae
741 2934 809 2993 olim
830 2932 997 2992 testimonia
1017 2932 1098 2991 Deus
1117 2931 1231 2989 miseri-

122 3006 223 3069 αὕη
237 3031 307 3071 suae
328 3012 501 3103 paternique
522 3011 627 3069 favoris
646 3010 783 3069 Patribus
803 3011 893 3069 dedit.
932 3010 1041 3067 l'erum
1062 3027 1116 3086 per
1135 3005 1230 3066 essel-

100 3078 222 3145 ht'nn
244 3100 339 3168 aptari
358 3088 425 3147 dico
450 3088 484 3145 od
510 3086 775 3167 promulgationem
803 3087 944 3145 exhibitae
971 3087 999 3143 in
1021 3084 1141 3143 Christo
1162 3104 1231 3163 gra·

101 3156 183 3223 ‘the
205 3162 292 3243 idque
311 3186 373 3224 nnn
394 3164 484 3222 modo
505 3166 651 3222 ‹eomumni
671 3185 724 3223 usu
751 3176 900 3240 receptum
923 3174 980 3233 est,
1010 3161 1061 3219 sed
1081 3182 1096 3220 o
1117 3159 1229 3220 Christi

117 3244 148 3297 -tt
159 3238 363 3321 Aposlulorum
382 3240 556 3300 auctoritate
576 3240 693 3320 pendet.
737 3239 826 3296 Unde
853 3239 1004 3317 proprium
1031 3237 1087 3296 lroc
1111 3236 1154 3295 illi
1174 3237 1228 3295 tri-

120 3308 214 3391 heim,
228 3316 324 3396 ipsum
343 3316 523 3396 praedicasse
545 3316 733 3396 Evangelium
754 3313 839 3395 regni
858 3315 975 3389 (utatur.
991 3321 1019 3386 d,
1032 3318 1078 3376 ⁸23,
1095 3326 1124 3371 et
1138 3320 1168 3385 9,
1179 3318 1227 3376 35.

211 3402 241 3465 1,
259 3400 332 3469 14.)
374 3392 412 3451 El
432 3394 546 3452 llloreus
571 3393 718 3473 praefatur
737 3391 794 3452 boe
814 3392 919 3463 modo,
937 3390 1057 3447 Initium
1074 3389 1230 3463 Euemgelii

111 3462 177 3527 'ln
193 3466 305 3529 christu
350 3470 413 3528 Nee
436 3490 507 3527 vero
527 3492 600 3546 opm
622 3481 665 3527 est
689 3469 771 3528 locos
790 3468 940 3557 colligere²
960 3466 1065 3545 quibus
1084 3464 1228 3545 probetur

119 3560 158 3605 ns
171 3546 235 3608 satis
251 3564 342 3625 super
362 3564 401 3604 ue
420 3559 499 3603 nota.
539 3550 601 3605 Suo
622 3545 710 3627 igitur
729 3544 853 3603 adventu
868 3544 1002 3602 (Ilrrrstus
1022 3542 1108 3601 vitam
1130 3553 1160 3599 rt
1175 3542 1228 3598 im·

103 3622 308 3683 murtahutem
326 3567 481 3682 illustravit
499 3642 553 3701 per
572 3621 771 3701 livangelium.
811 3620 927 3692 Quibus
943 3618 1038 3677 verbis
1057 3639 1119 3677 non
1139 3615 1229 3674 intel-

116 3690 173 3779 ligit
187 3700 293 3760 Paulus
312 3699 371 3775 (ll.
392 3698 468 3757 Tim.
488 3708 521 3770 l,
541 3702 618 3775 ill),
643 3700 790 3757 demersos
815 3698 903 3755 inisse
922 3697 1022 3755 Patres
1042 3695 1073 3752 iu
1097 3691 1229 3752 tenebris

115 3776 214 3849 nonis,
230 3776 329 3835 donee
348 3795 464 3833 earnem
485 3774 621 3834 indueret
639 3774 813 3832 Filiusllei:
832 3773 882 3831 sed
903 3772 978 3832 liene
996 3768 1230 3849 praerogativam

80 3880 83 3887 ·
115 3846 223 3913 fenoris
242 3852 405 3933 Evangelio
424 3851 588 3923 vindicans,
608 3873 717 3909 novum
738 3862 768 3908 et
793 3849 942 3907 insolitum
963 3845 1116 3927 legationis
1136 3862 1230 3925 genus

67 3996 72 4013 Ι
111 3924 189 3988 hine
207 3928 307 4001 docet,
328 3930 487 4008 qualleus,
506 3949 580 4007 quae
601 3926 746 4007 pollicitus
765 3926 872 3998 luerat,
891 3924 1047 4005 praestitit:
1067 3934 1100 3980 ut
1119 3922 1148 3979 in
1160 3918 1231 3978 Filii

67 4032 72 4055 ·
108 4022 226 4083 perrona
246 4005 623 4085 exstaret'promissionum
644 4005 757 4061 veritos.
805 4004 880 4061 Nem
900 4001 954 4059 etsi
982 4018 1098 4078 semper
1117 3994 1229 4075 experti

107 4092 171 4139 mut
187 4082 408 4157 fideles,rerum
429 4100 491 4139 esse
510 4081 581 4139 ilhul
601 4080 694 4153 Pauli,
712 4080 747 4137 In
761 4077 879 4137 Christo
901 4097 1003 4136 omnes
1022 4074 1231 4154 promissiones

107 4174 168 4214 esse
185 4158 269 4218 etiam
289 4169 322 4217 et
339 4178 425 4217 amen
445 4157 500 4231 (ll.
512 4158 585 4217 Cor.
600 4163 628 4230 l,
642 4158 721 4233 zet),
741 4156 807 4233 quia
827 4176 930 4214 eorum
951 4151 1090 4215 cordibus
1111 4150 1230 4209 luerunt

108 4231 286 4317 obsignatae:
320 4239 391 4317 quie
415 4246 514 4296 umen
539 4254 642 4294 omues
666 4244 785 4293 nostroe
810 4232 909 4293 solutis
933 4249 1073 4291 umneros
1091 4227 1122 4287 iu
1141 4244 1230 4287 cerne
1319 4276 1324 4285 .
