2700 4732
103 194 153 255 θ’
458 186 533 249 Lus.
553 184 610 247 lll.
650 186 738 249 (ΞΜ).
759 187 838 247 lilii.

105 329 247 393 ctrtsde‘
283 331 382 409 Atque
418 342 450 389 ut
469 326 568 391 obiter
586 349 705 412 qnoque
724 328 847 391 denotet
869 328 1005 393 iustitiam
1026 328 1102 389 hanc
1121 348 1231 391 mon-

103 406 252 469 ciliatione
271 418 405 467 constare
440 406 611 471 nominatim
629 406 733 487 ponit,
765 404 908 466 Gla-istm
930 404 1108 465 detumesce
1130 408 1165 465 in
1182 426 1229 467 ra-

103 482 335 547 meduntam.
374 481 424 543 Sic
444 494 475 541 et
493 485 530 543 ad
549 484 692 563 Ephesios
710 504 774 563 cap.
786 490 813 547 1.
833 506 859 542 ν.
872 488 988 548 o-t‘t.
1007 483 1097 543 docet
1115 501 1173 543 nos
1185 501 1230 541 re-

104 562 162 641 cipi
182 580 197 620 a
216 559 284 618 Deo
313 560 344 618 in
371 559 490 640 gratiam
511 582 544 619 en
568 580 647 620 mera
669 559 883 620 misericordia:
914 560 944 618 id
970 560 1031 619 lieri
1052 557 1165 619 Christi
1184 558 1230 618 in·

105 636 299 699 tercessione:
323 634 381 694 lide
404 656 418 693 a
443 637 583 715 prehendi
607 638 705 696 omnia
727 637 756 696 in
778 636 854 695 hunc
874 636 972 709 linem,
993 648 1026 695 ut
1039 633 1155 693 divinae
1174 632 1230 693 lto-

104 712 203 773 nitatis
222 710 316 793 gloria
342 713 377 771 ad
404 656 521 792 plenum
547 712 668 773 eluceat.
720 712 820 787 Quum
839 711 983 771 videamus
1008 730 1111 770 omnes
1130 708 1230 771 salutis

104 800 224 850 nostrae
264 787 398 848 articulis
417 788 456 847 ita
476 801 554 849 extra
575 810 629 849 nos
649 800 801 859 constare,
825 787 894 868 quid
915 786 1056 878 estquod
1077 786 1135 847 iam
1157 804 1229 867 ope-

104 864 242 927 cibusve
278 864 457 925 confidamus
481 864 526 925 vel
550 862 727 947 gloriemur?
773 864 836 924 Nec
861 863 897 923 de
923 862 1086 938 efficiente,
1117 862 1230 923 necde

103 940 184 1005 liuali
208 940 437 1001 controversiam
458 940 545 1002 nobis
572 960 689 1001 movere
714 952 837 1020 possunt
857 939 905 1001 rel
937 936 1162 1000 coniuratissimi
1185 936 1230 997 di·

103 1017 188 1079 vinae
207 1016 315 1097 gratiae
335 1016 451 1093 hostes,
479 1016 536 1077 nisi
560 1029 653 1078 totam
678 1016 857 1097 Scriptorum
882 1014 1027 1097 abnegare
1052 1015 1155 1077 velint.
1193 1012 1230 1073 ln

104 1092 247 1154 materiali
267 1104 298 1152 et
317 1090 431 1152 lormali
451 1090 549 1154 sucum
569 1092 689 1168 iaciunt,
708 1093 788 1172 quasi
803 1092 980 1152 dimidiatum
992 1113 1058 1153 cum
1069 1090 1128 1151 fide
1140 1088 1230 1151 Clari·

105 1170 200 1251 atique
225 1168 331 1229 iustitia
355 1168 452 1229 locum
473 1190 563 1250 opera
583 1181 681 1230 nostra
700 1180 830 1229 teneant.
879 1167 940 1229 Sed
960 1168 989 1227 id
1009 1186 1129 1249 quoqne
1151 1165 1232 1225 Scri·

104 1258 190 1327 ptura
209 1244 401 1315 reclamante,
432 1265 506 1325 quae
526 1258 557 1307 ct
577 1244 725 1308 Christum
745 1244 831 1305 nobis
850 1265 912 1305 esse
930 1244 960 1304 in
980 1243 1119 1305 iustitiam
1139 1254 1171 1303 et
1189 1240 1232 1301 ri·

103 1332 163 1383 tam
180 1320 351 1399 simpliciter
364 1320 500 1396 affirmat,
520 1334 551 1381 et
568 1320 626 1382 hoc
646 1320 772 1382 iustitiae
792 1321 902 1381 honum
921 1319 982 1381 sola
1001 1318 1058 1380 tide
1078 1316 1232 1401 possideri.

180 1400 228 1461 18.
267 1394 358 1471 Quod
387 1409 483 1457 autem
514 1398 699 1458 innocentiae
729 1396 962 1479 integritatisque
989 1416 1057 1457 suae
1087 1394 1233 1455 memoria

103 1472 281 1554 saepiuscule
302 1474 395 1534 sancti
414 1494 444 1534 se
464 1474 640 1535 conhrmant
663 1496 697 1533 ac
716 1474 923 1547 consolantur,
955 1493 1008 1534 nec
1028 1472 1117 1533 etiam
1138 1472 1177 1532 ab
1196 1490 1234 1531 ra

103 1548 299 1631 praedicanda
317 1550 465 1609 interdurn
484 1550 645 1625 abstinent,
676 1550 706 1611 id
726 1550 758 1610 lit
777 1550 922 1611 bilariam:
954 1550 1000 1610 vel
1019 1549 1099 1630 quod
1120 1548 1232 1609 bonam

103 1647 183 1687 auam
203 1646 316 1687 causam
336 1648 401 1687 cum
427 1626 498 1687 mala
519 1626 675 1707 impiorum
701 1647 783 1687 causa
807 1627 1020 1707 comparando,
1044 1626 1234 1687 securitatem

102 1700 174 1763 inde
192 1702 330 1764 victoriae
353 1704 540 1786 concipiunt,
571 1725 631 1765 non
657 1715 717 1763 tam
736 1722 805 1764 suae
829 1702 956 1764 iustitiae
976 1700 1234 1764 commendatione

104 1800 192 1871 quam
217 1780 291 1841 iusta
309 1779 472 1860 meritaque
495 1780 725 1841 adversariorum
750 1780 952 1840 damnationes
975 1780 1022 1840 vel
1042 1780 1122 1859 quod
1143 1778 1232 1840 etiam

105 1876 169 1917 arne
188 1854 283 1915 aliena
301 1856 532 1937 comparatione,
550 1856 618 1915 dum
644 1877 675 1917 se
695 1877 793 1917 coram
811 1855 877 1929 qu
899 1867 1133 1937 recognoscunt,
1154 1876 1232 1917 non-

103 1931 214 1995 nullam
233 1930 290 1991 illis
310 1943 340 1992 et
358 1931 592 1993 consolationem
613 1945 642 1993 et
661 1932 794 1993 fiduciam
815 1931 903 1992 allcrt
921 1932 1058 2012 propriae
1075 1934 1233 1993 conscien-

103 2010 163 2069 tiae
185 2010 302 2089 puritaa.
341 2008 387 2067 De
406 2010 508 2088 priore
529 2010 642 2070 ratione
660 2021 760 2089 postea
772 2008 930 2069 videbimus
951 2008 1004 2089 [cl.
1018 2030 1079 2087 cap.
1088 2014 1137 2073 17.
1149 2032 1172 2069 s.
1184 2014 1233 2075 14.

105 2090 282 2165 eccepto.
302 2084 422 2165 s.1tt.],
447 2106 525 2145 natac
545 2086 581 2144 dc
627 2089 769 2147 osteriore
788 2084 916 2144 breviter
935 2086 1135 2165 expediamus,
1155 2106 1232 2177 quo-

103 2162 195 2222 modo
214 2182 280 2221 cum
300 2180 337 2221 co
358 2162 514 2222 conveniat
530 2107 716 2253 quorlsupra
737 2160 866 2235 diximus,
886 2160 964 2221 nulla
984 2181 1046 2229 esse
1066 2162 1095 2220 in
1107 2160 1168 2222 ller
1188 2162 1232 2223 iu·

105 2237 182 2299 dicio
202 2257 222 2297 ο
245 2258 326 2296 erum
346 2236 449 2298 fiducia
469 2236 692 2311 suhnrtendum,
718 2236 796 2297 nulla
816 2258 916 2298 eorum
937 2237 1080 2317 opinione
1120 2236 1231 2301 lorian-

105 2315 184 2373 dum.
259 2332 311 2372 aec
337 2334 427 2394 porro
452 2316 657 2375 convenientia
676 2326 734 2386 est,
755 2314 833 2393 qnod
859 2314 965 2387 sancti,
985 2336 1072 2393 quum
1098 2257 1136 2374 de
1164 2314 1232 2375 liau-

106 2389 201 2451 danda
219 2389 482 2471 constituendaque
500 2391 593 2451 salute
617 2411 667 2451 sna
688 2391 799 2471 agitur,
829 2390 899 2451 citra
920 2411 1044 2470 operum
1064 2404 1231 2473 respectam

105 2466 138 2527 in
156 2464 248 2525 solam
267 2464 326 2524 Dei
350 2465 510 2527 bonitatem
531 2469 633 2527 oculos
657 2468 821 2526 intendunt.
866 2468 968 2546 Neque
993 2468 1028 2527 ad
1049 2488 1112 2528 eam
1140 2469 1231 2531 modo

107 2553 176 2604 ante
195 2542 294 2603 omnia
312 2555 450 2621 tanquam
470 2544 506 2603 ad
527 2543 715 2604 beatitudinis
734 2542 908 2622 principium
926 2564 957 2603 se
969 2556 1160 2605 convertunt:
1179 2546 1230 2607 aed

105 2630 243 2697 tanquam
262 2619 292 2678 in
312 2620 530 2698 complemento
550 2621 769 2699 conquiescunt.
813 2620 862 2678 Sic
883 2619 1016 2691 lundata,
1036 2634 1152 2698 erecta,
1172 2634 1230 2684 sta-

104 2694 188 2757 bilita
208 2695 396 2768 conscientia,
416 2716 537 2775 operum
559 2716 676 2789 quoque
693 2695 926 2755 consideratione
944 2696 1105 2756 stabilitur:
1126 2711 1227 2781 quate·

105 2794 161 2833 nua
178 2772 290 2832 scilicet
307 2774 473 2832 testimonia
492 2786 560 2833 sunt
579 2774 634 2832 Der
666 2773 695 2831 in
727 2772 812 2831 nobis
837 2772 992 2833 habitantis
1018 2795 1051 2833 ac
1071 2777 1231 2867 regnantis.

108 2848 237 2923 Quando
257 2848 347 2929 igitur
365 2850 472 2909 isthaec
483 2870 605 2929 operum
626 2850 728 2909 liducia
748 2850 843 2908 locum
864 2869 923 2908 non
945 2850 1042 2925 habet,
1063 2853 1117 2911 nisa
1137 2864 1229 2913 totarn

105 2928 186 3007 prius
204 2924 293 2985 animi
314 2926 448 2986 fiduciam
468 2927 497 2985 in
518 2926 743 2987 misericordiam
756 2924 812 2984 llei
832 2926 977 2998 reieceris,
997 2948 1057 2986 non
1079 2927 1170 2989 debet
1188 2926 1230 2987 illi

105 3003 197 3064 videri
217 3003 363 3063 contraria
383 3005 460 3062 unde
480 3004 598 3081 pendet.
637 3004 738 3076 Quare
751 3002 817 3061 dum
838 3022 959 3081 operum
981 3002 1113 3063 fiduciam
1134 3004 1231 3067 exclu-

108 3080 212 3153 dimus,
232 3077 287 3137 hoc
307 3080 439 3138 volumus
460 3078 604 3151 duntaxat,
625 3100 661 3139 ne
681 3099 761 3139 mens
782 3078 944 3139 Christiana
965 3079 1000 3139 ad
1021 3102 1145 3159 opernm
1167 3102 1230 3141 me·

108 3156 211 3227 ritum,
230 3153 308 3213 velut
328 3156 362 3215 ad
382 3155 480 3215 salutis
498 3156 674 3229 sarhsldinm,
694 3156 873 3214 cellectatur:
898 3158 947 3215 sed
970 3156 1085 3235 penitus
1105 3160 1232 3219 resideat

105 3233 137 3293 in
155 3231 281 3309 gratuita
298 3229 425 3292 institiae
446 3234 644 3311 promissione.
691 3233 758 3290 Non
779 3245 908 3291 vetanms
932 3244 1027 3291 autem
1056 3255 1094 3294 ne
1114 3236 1232 3296 divinae

107 3327 176 3388 erga
186 3327 217 3366 ae
237 3304 459 3368 benevolentiae
476 3308 564 3390 signis
586 3309 657 3368 hanc
677 3306 760 3366 fidem
773 3307 910 3367 luleiatet
925 3310 1088 3369 conhrmet.
1119 3314 1194 3373 Nam
1208 3312 1234 3372 si

107 3387 176 3444 dum
196 3383 336 3443 memoria
357 3396 529 3464 repetuntur
548 3404 737 3465 quaecunque
763 3386 792 3443 in
818 3405 871 3444 nos
892 3384 967 3444 dona
988 3387 1068 3446 Deras
1094 3388 1233 3463 contulit,

106 3472 175 3523 suot
194 3458 280 3517 nohis
299 3460 515 3538 quodammodo
536 3460 625 3521 instar
644 3463 789 3521 radiorum
812 3460 898 3520 divini
912 3462 1017 3536 vultus,
1037 3466 1142 3539 quihus
1162 3464 1233 3525 illu·

107 3538 252 3597 minemur
270 3534 305 3595 ad
324 3558 463 3597 summam
484 3537 560 3596 illam
581 3538 716 3597 bonitatis
738 3538 829 3595 lucem
846 3539 1116 3618 contemplandam:
1135 3542 1235 3601 multo·

107 3612 198 3695 magis
222 3610 369 3671 bonorum
395 3633 517 3691 operum
544 3615 652 3695 gratia,
684 3635 757 3694 quae
778 3613 918 3695 Spiritum
948 3617 1114 3695 adoptionis·
1144 3616 1233 3679 uobis

107 3692 205 3751 datum
225 3702 444 3749 commonstrat.

183 3774 230 3831 19.
270 3766 370 3839 Quum
394 3766 485 3847 igitur
510 3787 526 3825 a
546 3767 742 3827 conscientiae
763 3768 930 3827 innocentia
952 3768 1035 3826 fidem
1056 3790 1136 3829 snam
1159 3790 1233 3829 rnn-

107 3844 223 3903 lirmant
241 3846 350 3917 sancti,
370 3855 400 3901 et
420 3841 577 3902 exsultandi
603 3844 749 3903 materiam
770 3858 900 3917 sunmnt,
920 3844 990 3903 nihil
1011 3845 1088 3903 alind
1108 3866 1195 3925 quam
1215 3868 1232 3907 a

107 3920 249 3981 fructibus
270 3918 431 3979 vocationis·
450 3940 480 3979 se
500 3919 528 3978 in
549 3918 674 3980 liliorum
695 3920 791 3979 locum
811 3940 826 3979 a
843 3922 973 3982 Domino
994 3935 1148 4001 cooptatos
1169 3943 1233 3983 esse

108 4007 251 4077 reputant.
290 3994 382 4067 Quod
402 4015 473 4078 erqo
493 4017 509 4056 a
529 3997 689 4057 Salomone
709 3996 839 4069 traditur,
859 3998 889 4055 in
911 4001 1015 4056 timore
1028 3999 1148 4057 Donrini
1169 4018 1233 4059 esse

108 4075 219 4131 firmam
237 4074 422 4133 securitatem
448 4074 718 4151 (Prov.14,‘2(i.):
744 4074 820 4151 quod
842 4074 986 4132 interdum
1008 4075 1081 4134 hanc
1101 4078 1234 4134 obtesta-

106 4150 219 4209 tionem
238 4148 331 4210 aancti
349 4160 503 4228 usurpant,
526 4173 585 4229 quo
611 4150 797 4209 exarrdiantnr
816 4172 831 4209 a
851 4151 995 4221 Domino,
1019 4172 1049 4211 se
1069 4150 1234 4211 ambulasse

107 4244 205 4285 coram
226 4224 300 4285 laeic
320 4226 381 4286 cius
401 4224 430 4287 in
451 4225 618 4308 integritate
637 4240 665 4286 et
679 4226 1025 4304 simplieitate(l}en.·tt,
1037 4235 1084 4292 th.
1106 4228 1145 4286 ll.
1158 4227 1234 4305 [leg.

106 4304 224 4379 ‘dih-‘302
244 4320 279 4363 ca
288 4299 386 4363 locum
399 4303 429 4362 iu
442 4303 572 4365 iaciendo
585 4304 741 4365 firmandae
752 4305 948 4365 conscientiae
963 4304 1154 4367 fundamento
1165 4307 1233 4369 nul·
