2700 4732
817 39 838 89 ⁸
1114 63 1117 67 ⁴
1163 90 1172 133 i

511 215 588 275 Llll.
608 216 661 274 lV.
701 216 788 279 che.
808 217 833 276 1.
1187 221 1246 285 m

116 379 246 437 quamus.
288 356 395 417 Verum
416 358 532 435 quidem
553 370 598 429 est
618 359 697 439 quod
717 359 758 419 ait
778 358 883 420 Paulus
901 358 991 439 (Eph.
1010 365 1040 431 6,
1057 357 1131 435 tn),
1150 356 1240 420 Chri·

116 445 192 493 stum
212 455 243 492 se
264 433 357 511 ipsum
378 433 528 494 tradidisse
548 457 603 513 pro
624 435 761 511 ecclesia,
782 447 814 495 ut
832 434 911 495 illam
929 434 1135 495 sanctificaret:
1155 455 1240 495 mou·

117 510 198 569 dasse
221 508 339 569 lavacro
364 531 454 587 aquae
477 510 508 568 in
533 511 624 572 verbo
648 513 739 585 vitae,
771 526 804 571 ut
826 511 883 572 sibi
913 510 1060 570 exhiberet
1104 509 1240 571 loriosam

115 606 265 663 sponsam,
293 607 353 646 uon
380 585 535 645 habentem
562 588 702 647 maculam
722 599 771 647 aut
790 608 891 667 rugam
912 599 968 647 etc.
1012 529 1111 645 Nihilo
1140 597 1238 646 tamen

115 663 211 720 miuus
227 674 256 719 et
277 661 351 720 istud
371 682 469 721 serum
490 674 543 735 est,
563 664 722 724 Dominum
742 661 1010 742 quotidie-operari
1028 664 1059 721 iu
1078 662 1157 743 rugis
1176 663 1238 741 eius

115 737 303 816 expoliendis,
322 738 499 816 maculisque
518 741 726 818 abstergendis.
767 740 854 800 Unde
865 739 1006 819 sequitur,
1025 738 1155 797 nondum
1170 758 1238 816 per·

115 825 210 872 uctam
230 833 293 871 esse
312 813 373 875 eius
391 815 582 874 sanctitatem.
622 816 671 876 Sic
691 836 763 897 ergo
781 828 880 877 sancta
901 827 944 874 est
963 813 1093 889 ecclesia,
1114 824 1147 872 ut
1184 834 1239 874 uu-

115 889 187 948 tidie
207 889 354 967 proficiat,
384 890 512 949 nondum
538 892 668 970 perlecta
687 893 737 951 sit:
770 891 910 971 quotidie.
927 890 1078 969 procedat,
1106 835 1238 949 nonhum

114 965 281 1044 pervenerit
307 965 342 1024 ad
368 967 524 1026 sanctitatis
548 980 669 1028 nietam:
700 968 944 1047 quemadmodum
964 965 1035 1027 alibi
1053 986 1171 1059 quoque
1190 964 1238 1025 lu-

113 1042 173 1101 nius
193 1039 388 1118 explicabitur.
433 1043 523 1117 Quod
544 1065 616 1126 ergo
635 1057 763 1104 sanctam
783 1044 848 1104 sore
867 1042 1024 1103 Ierusalem
1044 1044 1240 1102 vaticinantur

112 1116 292 1195 Prophetae,
312 1138 466 1197 perquam
485 1118 571 1178 alieni
591 1141 651 1180 non
671 1121 729 1180 sint
747 1120 909 1180 transituri:
928 1131 1143 1179 sacrosanctum
1163 1130 1237 1177 tem·

112 1191 210 1273 plum,
242 1214 300 1271 quo
331 1194 437 1274 impuri
463 1216 523 1254 uon
542 1198 600 1256 sint
623 1197 779 1277 ingressuri
799 1196 889 1275 (luel.
908 1201 937 1269 3,
957 1201 1003 1260 17.
1035 1195 1091 1253 les.
1109 1200 1159 1268 35,
1177 1196 1236 1269 8·).:

112 1288 178 1329 nou
208 1270 382 1349 accipiamus
414 1271 534 1349 perinde
558 1271 616 1332 acsi
639 1272 735 1334 nullus
761 1274 792 1330 in
812 1272 950 1333 ecclesiae
974 1271 1111 1331 membris
1131 1290 1237 1337 naeuus

113 1344 270 1405 resideret:
289 1346 340 1405 sed
360 1347 426 1425 quia
447 1359 511 1407 toto
532 1348 628 1410 studio
641 1348 677 1408 ad
696 1348 915 1409 sanctimoniam
937 1360 967 1407 et
985 1348 1106 1408 solidam
1126 1349 1236 1439 purita-

112 1432 174 1480 tem
195 1421 330 1501 aspirant,
348 1421 503 1482 mundities
522 1422 587 1498 illis,
607 1445 692 1504 qoam
712 1425 842 1484 nonduin
863 1425 949 1505 plene
969 1436 1142 1503 consequuti
1159 1428 1238 1496 su'nt,

110 1495 172 1558 Dei
190 1496 372 1578 benignitate
390 1498 538 1558 tribuitur.
576 1501 615 1559 Et
634 1494 799 1580 qiianquam
820 1523 883 1561 rara
896 1502 1016 1581 saepius
1034 1499 1140 1560 iudicia
1160 1499 1237 1563 eius·

110 1572 195 1633 modi
213 1574 448 1634 sanctificationis
472 1587 582 1635 exstant
601 1577 680 1637 inter
698 1578 846 1652 homiues,
864 1577 1046 1638 statuendum
1067 1587 1164 1635 minen
1184 1585 1237 1649 est,

110 1647 225 1709 nullum
245 1650 331 1709 luisse
350 1649 386 1709 ab
407 1651 481 1710 orbe
501 1653 621 1714 condito
640 1666 698 1712 tem
722 1675 765 1727 us,
784 1675 843 1732 quo
863 1654 1012 1715 ecclesiam
1031 1674 1112 1713 suain
1130 1650 1238 1715 Dumi-

80 1738 83 1743 '
111 1746 169 1786 niis
189 1746 251 1785 non
269 1724 418 1786 babuerit:
450 1728 562 1789 nullum
582 1730 667 1790 etiam
692 1675 757 1791 thre
783 1730 819 1789 ad
844 1729 1125 1791 consummationem
1145 1746 1236 1806 usque

110 1801 237 1877 saeculi,
262 1822 321 1881 quo
343 1804 461 1863 nonsit
481 1804 639 1866 habiturus.
684 1798 758 1865 llam
779 1807 833 1869 etsi
852 1807 949 1867 statim
968 1827 985 1866 a
1004 1804 1150 1885 principle
1170 1803 1237 1863 uni-

109 1896 227 1939 versum
244 1898 338 1958 genus
358 1879 507 1939 hominurn
527 1881 609 1941 Adue
628 1893 749 1963 peccato
770 1895 939 1961 corruptum
959 1902 994 1942 ac
1019 1880 1148 1943 vitiatum
1178 1890 1236 1940 esti

110 1973 147 2015 ex
168 1954 219 2014 hac
241 1967 339 2015 umen
366 1975 419 2015 ceii
444 1956 556 2035 polluta
580 1980 669 2019 massa
692 1978 808 2037 semper
831 1979 898 2019 rasa
924 1956 1019 2036 aliqua
1039 1958 1068 2017 in
1089 1957 1235 2017 honorem

108 2029 286 2105 sancfilicat,
310 2050 348 2089 ne
374 2030 432 2090 ulla
456 2031 495 2091 sit
517 2045 595 2093 aetas
620 2054 694 2125 quae
714 2055 775 2094 uon
798 2055 878 2095 suam
904 2032 1131 2093 misericordiam
1151 2050 1237 2111 espe-

107 2108 211 2166 riatur.
250 2106 341 2181 Quod
353 2106 438 2167 certis
458 2110 696 2187 promissionibus
715 2122 851 2170 testatum
871 2110 952 2183 lecit,
971 2108 1070 2188 quales
1078 2120 1146 2168 sunt
1165 2109 1239 2173 istae

109 2183 242 2262 (esso,
261 2188 320 2257 d.):
351 2183 515 2254 „Ordinavi
545 2197 750 2246 testamentum
781 2186 882 2247 electis
913 2186 1000 2245 meis:
1031 2185 1122 2245 iursri
1140 2182 1237 2245 Dauid

108 2277 219 2336 „servo
239 2278 322 2333 meo,
347 2260 447 2338 Usque
472 2261 502 2319 in
523 2274 673 2321 aeternum
694 2265 864 2344 propagabo
889 2282 988 2322 semen
1013 2271 1108 2323 tuum:
1133 2261 1162 2319 iii
1182 2279 1238 2394 ge·

106 2335 286 2411 „uenatione
316 2346 347 2394 et
376 2337 566 2415 generatione
590 2337 750 2401 aedificabo
779 2340 878 2399 sedem
909 2338 1022 2397 toam.“
1048 2336 1146 2399 ¹ltein
1171 2340 1183 2410 (
1213 2356 1236 2396 r.

108 2416 180 2483 132,
198 2414 273 2487 m:
292 2411 411 2491 „Elegit
420 2412 574 2472 Dominus
592 2413 677 2489 Sion,
698 2413 742 2474 ele
766 2415 789 2474 it
807 2436 870 2474 enni
890 2414 919 2473 in
941 2411 1147 2472 habitationem
1165 2411 1235 2471 sibi:

108 2487 205 2564 „haec
223 2487 337 2566 requies
356 2508 420 2547 mea
440 2489 469 2546 in
490 2489 635 2549 saeculum
656 2432 784 2551 saecule*
804 2503 859 2550 etc.
907 2490 982 2547 Item
1002 2487 1074 2566 (les.
1092 2495 1141 2561 31,
1153 2487 1237 2620 hoq:

109 2563 215 2641 „llaec
234 2563 305 2622 dicit
321 2563 478 2639 Dominus,
520 2567 548 2623 ui
569 2565 623 2624 dat.
636 2566 727 2625 solein
748 2568 777 2626 in
798 2567 895 2625 lumen
916 2566 984 2637 diei,
1003 2564 1100 2624 lunsiii
1120 2576 1149 2622 et
1167 2575 1211 2623 ste
1223 2592 1238 2608 ·

108 2638 173 2716 „las
192 2637 223 2697 iii
242 2638 339 2697 lumen
361 2640 465 2698 noctis.
499 2586 537 2701 bi
549 2642 713 2701 defecerint
731 2643 810 2725 leges
830 2644 903 2703 istae
922 2661 1020 2700 eoram
1040 2660 1098 2714 me,
1117 2651 1188 2700 tunc
1207 2647 1239 2698 et

110 2734 233 2792 „semen
251 2714 341 2775 Israel
362 2715 505 2775 deficiet.“

189 2798 235 2855 18
273 2791 367 2850 Huius
386 2792 428 2849 rei
451 2792 582 2853 Christus
608 2795 685 2872 ipse,
714 2794 869 2873 Apostoli,
902 2803 932 2852 et
960 2792 1021 2851 sere
1041 2811 1142 2850 omnes
1162 2790 1236 2849 Pro·

109 2865 220 2947 phetae
238 2868 397 3002 exemplum
418 2868 505 2928 nobis
524 2870 731 2946 praebuerunt.
771 2870 944 2939 Horrendae
963 2879 1031 2927 sunt
1049 2866 1115 2924 illae
1126 2865 1237 2924 descri-

133 2943 246 3012 tiones,
265 2943 312 3021 qui
337 2964 369 3002 us
387 2944 510 3016 Iesaias,
530 2945 683 3019 lurcones,
703 2945 784 3016 Ioel,
802 2944 958 3016 Habncuc,
980 2955 1010 3001 et
1028 2942 1077 3001 alii
1096 2940 1237 3001 ecclesiae

109 2966 395 3096 llierosolymitanae
415 3021 538 3080 morbos.
555 3020 717 3098 deplorant.
754 3021 789 3079 ln
810 3020 913 3099 plebe,
944 3020 975 3078 in
995 3019 1180 3098 magistratu,
1205 3016 1236 3075 in

108 3095 312 3156 sacerdotibus
332 3096 429 3155 omnia
448 3117 539 3174 usque
558 3096 632 3155 adeo
652 3109 790 3177 corrupta
810 3107 903 3167 erant,
924 3107 1034 3154 utnon
1055 3094 1168 3153 dubitet
1189 3093 1238 3151 le-

109 3171 186 3230 saias
211 3172 260 3247 (1.
286 3171 347 3246 lb.)
377 3192 502 3249 aequare
534 3173 766 3251 llierosulpmam
800 3173 946 3231 Sodomae
977 3182 1008 3229 ct
1039 3168 1236 3230 Gomorrbae.

108 3246 230 3326 Religio
251 3249 353 3326 partim
375 3260 557 3327 contempta,
577 3249 681 3327 partini
701 3249 911 3309 contaminata:
931 3247 961 3303 in
983 3245 1113 3305 moribus
1133 3244 1236 3324 passim

110 3321 281 3381 referuntur
301 3324 391 3391 sorta,
411 3324 547 3402 rapinae,
567 3323 719 3403 perfidiae,
740 3324 841 3384 caedes
861 3334 891 3381 ct
908 3321 1139 3381 similiascelera.
1177 3320 1239 3378 Ne·

111 3415 172 3476 que
193 3408 286 3457 tamen
308 3412 463 3477 propterea
482 3412 532 3459 aiit
552 3419 640 3458 noves
665 3401 720 3459 sibi
746 3399 879 3459 ecclesias
900 3397 1068 3478 erigebant,
1088 3409 1139 3457 aut
1158 3415 1237 3456 nora

110 3473 214 3532 altaria
234 3477 419 3534 exstruebant
433 3476 610 3555 Prophetae,
629 3477 659 3533 in
672 3476 776 3554 quibus
786 3486 917 3553 separate
929 3473 1067 3534 sacrificia
1079 3472 1237 3533 haberent:

109 3549 163 3631 sed
185 3549 400 3628 qualescunque
412 3565 507 3609 essent
527 3550 669 3624 homines,
689 3552 755 3630 qnia
777 3563 872 3609 tauieu
891 3549 1065 3627 reputabant
1075 3548 1237 3608 Dominum

110 3624 194 3702 apud.
211 3644 262 3684 eos
280 3626 401 3684 verbum
420 3649 502 3685 snum
523 3626 704 3703 deposuisse,
738 3639 768 3685 et
793 3626 972 3686 ceremonias
995 3626 1153 3684 instituisse
1174 3622 1237 3699 qui-

111 3699 168 3759 bus
187 3698 245 3759 illic
258 3701 421 3776 colebatur,
441 3703 471 3760 in
492 3703 589 3762 medio
608 3701 762 3780 impiorum
774 3714 862 3760 coeto
881 3721 967 3780 puras
982 3721 1082 3758 manus
1101 3699 1136 3758 ad
1156 3699 1239 3757 illum

110 3776 319 3839 extendebant.
370 3777 460 3838 Certe
479 3779 502 3837 si
529 3789 676 3856 putassent
693 3777 801 3856 aliquid
826 3777 894 3835 inde
914 3776 1098 3867 contagionis
1116 3794 1147 3833 se
1167 3796 1240 3833 con-

109 3852 246 3922 trahere,
267 3854 376 3912 centies
396 3855 491 3931 potius
511 3855 619 3913 mortui
632 3853 763 3926 luissent,
783 3873 867 3930 quani
890 3854 960 3929 passi
981 3852 1101 3910 fuissent
1120 3850 1188 3908 illuc
1208 3869 1240 3909 se

111 3928 255 4008 pertrahi.
293 3929 371 3988 Nihil
393 3951 465 4011 ergo
486 3951 535 3989 eos
549 3930 859 4008 retinebatquominus
874 3928 1076 3986 discessionem
1096 3928 1239 4001 lacerent,

112 4024 201 4093 quain
221 4006 379 4064 servandae
399 4007 515 4064 unitatis
535 4005 669 4063 studium.
721 4004 836 4078 Quodsi
856 4004 958 4096 religio
978 4002 1084 4062 sanctis
1103 4001 1239 4080 Prophe-

113 4092 151 4137 tis
172 4079 243 4151 luit,
264 4080 303 4138 nb
324 4083 446 4158 plurima
467 4092 496 4138 ct
514 4082 634 4139 maxima
659 4080 768 4139 scelera
794 4101 854 4138 non
876 4101 959 4139 unius
979 4091 1027 4137 aiit
1047 4077 1164 4136 alterius
1186 4075 1239 4135 ho·

114 4154 211 4228 minis,
220 4155 271 4215 sed
285 4157 497 4237 propemodum
510 4159 600 4243 totius¹
615 4155 726 4236 populi,
738 4177 768 4215 se
779 4155 815 4214 ab
830 4155 949 4215 ecclesia
959 4153 1099 4214 alienare:
1119 4153 1242 4212 nimium

115 4228 204 4291 nobis
234 4252 420 4321 arrogamus,
449 4232 473 4293 si
499 4245 631 4312 protinus
656 4232 793 4295 audemus
811 4231 853 4335 ¹ab
874 4230 1011 4294 ccclesiae
1034 4228 1243 4291 commuuione
1272 4260 1280 4279 .
