2700 4732
57 292 67 305 θ
119 216 180 281 anu
516 208 596 274 utu
614 209 803 272 urucae.
823 208 892 271 ιι.»

120 357 292 450 hypocritae
311 353 461 416 anxietati:
501 352 545 416 bis
564 354 660 415 uerbis
679 375 745 415 eum
765 352 936 434 alloquitur,
959 353 1006 417 Sis
1024 353 1056 417 in
1076 354 1209 439 custodia
1229 368 1261 418 et

121 454 255 513 quiesce:
276 453 314 493 ne
335 431 485 506 formides,
504 443 560 491 etc.
579 430 651 512 (les.
671 438 700 506 7,
718 431 773 506 4.).
813 431 895 506 Quid
916 431 984 492 ille?
1003 431 1097 493 Sicuti
1116 433 1197 513 prius
1213 433 1260 493 di·

120 523 200 571 ctum
220 509 326 579 iuerat,
346 529 399 569 cor
418 509 479 568 eius
499 507 587 569 luisse
607 519 805 580 commotum,
833 510 926 568 sicuti
938 509 1110 588 quatiuntur
1134 509 1259 571 arborea

120 587 219 679 sylvae
240 607 256 646 a
276 598 378 655 vento,
398 583 467 645 licet
486 585 583 646 audita
603 584 815 664 promissione,
846 604 1035 662 expavescere
1054 606 1116 645 non
1137 586 1260 646 destitit.

120 665 174 727 bu
194 663 283 744 igitur
303 662 374 722 baec
393 661 514 740 propria
535 659 712 721 infidelitatis
732 680 843 721 merces
868 674 898 720 et
923 681 1036 741 poena,
1067 660 1107 721 sic
1136 675 1259 723 contre·

121 741 254 812 miscere,
275 739 354 797 utin
377 737 542 798 tentatione
561 757 592 797 se
612 758 629 796 a
648 737 715 797 Deo
736 749 862 808 avertat,
891 737 942 815 qui
966 738 1022 797 sibi
1052 737 1166 799 ianuam
1198 739 1257 798 lide

121 838 184 877 non
205 816 315 909 aperit:
346 827 449 874 contra
474 826 570 874 autem
591 812 715 884 fideles,
734 834 809 892 quus
828 812 961 874 incurvat
981 826 1012 872 et
1031 813 1093 875 lere
1114 816 1255 896 opprimit

120 896 318 955 tentationum
340 889 442 965 moles,
462 903 642 963 constanter,
664 890 791 981 quamvis
812 911 872 949 non
893 891 955 949 sine
975 889 1109 950 molestia
1129 903 1160 953 et
1177 891 1258 952 diffi-

122 968 234 1030 cultate
255 978 418 1045 emergunt.
457 967 496 1026 Et
528 967 594 1046 quia
626 965 681 1026 aibr
728 967 844 1046 copriae
869 965 1077 1028 imbecillitatis
1095 978 1164 1028 sunt
1182 988 1258 1030 con·

121 1046 186 1117 acii,
217 1065 295 1106 eum.
316 1043 465 1122 l‘ropbeta
494 1055 656 1132 precentur
689 988 752 1120 (le.
772 1050 840 1115 119,
860 1045 937 1116 aab:
969 1044 1038 1117 „Ne
1074 1044 1189 1106 auferas
1218 1044 1258 1107 ab

121 1141 176 1183 ore
206 1141 274 1181 meo
304 1119 426 1179 verbum
449 1119 576 1179 veritatis
600 1139 692 1198 usque
720 1118 834 1179 valdee*
892 1118 1009 1194 Quibus
1038 1118 1136 1180 verbis
1166 1121 1260 1183 duce-

121 1220 202 1271 mur,
237 1197 383 1256 interdum
415 1195 493 1275 ipsos
522 1196 744 1268 obmutescere,
779 1195 837 1255 acsi
869 1207 1013 1274 prostrata
1045 1198 1121 1256 esset
1152 1216 1257 1257 eorum

120 1276 210 1335 fides:
243 1294 303 1333 non
330 1284 427 1332 tamen
452 1272 577 1331 deficere
596 1283 646 1332 aut
666 1284 748 1352 terga
766 1283 901 1346 vertere,
931 1273 1153 1335 sed.certamen
1171 1295 1257 1334 suum

18 1365 21 1369 ’
120 1350 270 1432 persequi,
290 1360 320 1407 et
338 1369 418 1409 suam
437 1349 592 1428 segnitiem
615 1348 763 1428 precando
783 1368 905 1422 acuere,
924 1367 962 1407 ne
982 1348 1084 1409 saltem
1105 1370 1140 1409 ex
1156 1349 1257 1410 indul-

120 1427 219 1511 gentia
241 1438 286 1486 stu
311 1446 393 1485 orem
413 1424 588 1485 contrabant
607 1424 657 1504 [ci.
678 1422 759 1486 Cale.
779 1426 809 1485 in
829 1424 1065 1506 Psal.88,16.].

200 1508 246 1568 18.
285 1448 319 1560 lu
340 1522 398 1581 quo
420 1501 614 1584 intelligatur,
634 1521 752 1561 necesse
772 1513 823 1565 est·
835 1502 932 1562 redire
952 1503 987 1562 ad
1007 1501 1087 1561 illam
1108 1503 1202 1563 carnia
1223 1514 1257 1564 et

64 1610 67 1615 ·
120 1580 240 1673 spiritus
259 1579 442 1652 diuisionem,
462 1578 543 1638 cuius
563 1577 633 1640 alibi
660 1577 857 1653 meminimus,
889 1579 1012 1672 quaein
1033 1576 1189 1659 bacparte
1210 1577 1258 1640 lu-

121 1657 265 1721 cidissime
284 1676 315 1715 ae
335 1656 461 1733 profert.
508 1655 607 1715 Sentit
636 1673 709 1736 ergo
740 1655 771 1715 in
796 1674 828 1716 se
848 1655 1021 1716 divisionem
1041 1657 1122 1735 pium
1142 1670 1259 1736 pectus,

121 1734 200 1815 quod
223 1732 326 1812 partim
347 1731 387 1792 ob
408 1731 521 1790 divinae
542 1729 682 1792 bonitatis
701 1730 880 1814 agnitionem
902 1732 1041 1791 suavitate
1058 1731 1259 1812 perfunditur,

143 1810 227 1871 artirn
249 1809 288 1868 ob
309 1828 377 1868 suae
397 1807 565 1868 calamitatis
583 1829 699 1869 sensum
720 1809 913 1868 amaritudine
932 1808 1067 1886 angitur,
1098 1810 1257 1890 partimin

119 1832 273 1967 Evangelii
295 1885 517 1964 promissionem
537 1883 696 1957 recumbit,
727 1886 832 1965 partim
852 1904 921 1946 suae
941 1885 1102 1964 iniquitatis
1120 1887 1259 1948 testimo·

35 1958 40 1965 ¹
120 1964 172 2023 nio
192 1962 331 2054 trepidet,
353 1962 455 2040 partim
468 1962 790 2041 vitaeapprelrenaione
803 1961 933 2035 exsultat,
953 1963 1056 2041 partim
1070 1973 1263 2025 mortemexe
1292 1986 1295 1992 ¹

119 2038 275 2099 borrescrt.
315 2040 402 2111 Quae
421 2038 543 2097 variatio
564 2058 597 2095 ex
618 2038 685 2097 fidei
705 2038 928 2118 imperfectione
949 2039 1109 2119 contingit:
1136 2039 1256 2117 quaudo

120 2137 270 2208 nunquam
291 2127 350 2174 tam
372 2113 448 2172 bene
468 2113 497 2173 in
519 2114 679 2194 praesentis
698 2117 775 2175 ritae
795 2136 879 2174 cursu
900 2114 1053 2175 nobiscum
1073 2115 1190 2195 agitur,
1221 2127 1256 2178 ut

121 2212 202 2252 omns
234 2191 414 2250 diffidentiae
445 2191 550 2249 morbo
581 2191 690 2263 curati,
733 2190 789 2250 fide
817 2194 872 2250 toti
907 2191 1071 2270 repleamur
1102 2202 1133 2251 et
1164 2212 1255 2253 occu·

121 2287 234 2347 pemur.
295 2267 373 2327 lline
404 2267 557 2326 conilictus
583 2266 640 2326 illi:
671 2267 721 2326 ubi
743 2271 867 2347 quaein
889 2267 1018 2347 reliquiis
1039 2267 1256 2330 carnistneret

120 2343 283 2407 diffidentia
303 2343 339 2402 ad
359 2343 596 2422 oppugnandam,
616 2363 690 2422 quae
710 2345 786 2402 intus
806 2357 949 2423 concepta
970 2355 1029 2415 est,
1050 2343 1136 2403 iidem
1156 2344 1256 2407 iutur-

119 2420 174 2503 git.
214 2422 324 2480 Verum
350 2418 373 2478 si
399 2426 428 2477 in
449 2419 527 2478 fideli
548 2432 646 2478 mcute
667 2420 813 2479 certitudo
836 2421 973 2500 permixta
995 2431 1038 2479 est
1058 2419 1254 2497 dubitatione,

119 2516 221 2557 aunon
242 2518 278 2555 eo
299 2515 414 2574 semper
434 2496 598 2566 recidimus,
618 2507 650 2554 ut
669 2496 740 2556 fides
761 2517 821 2554 non
841 2509 919 2557 certa
941 2508 971 2555 et
990 2495 1116 2575 liquida,
1134 2496 1254 2567 sedub÷

120 2596 204 2633 ecura
227 2573 314 2631 modo
337 2584 366 2631 et
386 2572 520 2651 perplexa
542 2572 654 2631 divinae
675 2593 742 2653 erga
775 2594 829 2632 nos
859 2573 1015 2632 voluntatis
1046 2572 1150 2633 notitia
1179 2594 1254 2634 con-

121 2649 198 2711 stet?
217 2649 338 2709 Minime
359 2668 438 2707 vero.
496 2648 600 2727 Neque
626 2650 702 2707 enim
728 2651 751 2709 si
771 2649 854 2710 variis
874 2649 1102 2730 cogitationibus
1121 2648 1256 2709 dietrabi·
1300 2718 1303 2723 ¹

119 2748 196 2799 mur,
214 2725 282 2784 ideo
304 2725 436 2804 protinus
456 2745 471 2782 a
492 2724 548 2783 fide
569 2725 747 2798 divellimur,
767 2746 821 2784 nec
841 2725 863 2786 si
883 2749 995 2785 sursum
1017 2724 1254 2799 deorsumdiffi-

118 2803 237 2864 dentiae
256 2802 416 2883 agitatione
436 2821 581 2871 vexamur,
601 2802 668 2862 ideo
690 2803 718 2862 in
739 2803 799 2861 eius
819 2803 953 2881 abyssum
966 2804 1179 2882 demergimur:
1199 2822 1256 2863 ne-

118 2900 178 2960 que
198 2880 222 2939 si
241 2879 436 2948 concutimur,
470 2878 537 2937 ideo
558 2881 594 2936 de
615 2879 706 2958 gradu
732 2879 930 2938 deturbamur.
990 2879 1142 2956 Siquidem
1171 2879 1256 2941 istius

119 2956 284 3017 certaminis
303 2975 419 3035 semper
440 2954 485 3013 liic
505 2954 571 3014 finis
592 2968 650 3023 est,
670 2956 748 3034 quod
769 2956 839 3014 lides
860 2977 906 3015 eas
928 2956 1127 3033 difficultatem
1147 2955 1262 3035 quibua-

43 3096 46 3103 ,
119 3032 161 3095 ite
179 3033 366 3093 circumsessa
386 3030 501 3090 videtur
520 3031 689 3105 periclitari,
710 3032 824 3091 taudem
846 3032 999 3091 eluctatur.
1218 3086 1220 3090 .

195 3114 243 3172 10.
283 3108 401 3167 Summa
422 3106 493 3167 haec
512 3108 557 3167 sit.
585 3108 643 3168 Ubi
657 3108 779 3188 primum
790 3108 835 3166 vel
846 3109 961 3166 minima
973 3109 1040 3167 fidei
1053 3117 1133 3186 gutta
1145 3107 1255 3168 menti·

119 3186 175 3244 bus
195 3185 300 3244 nostris
321 3183 458 3243 instillata
480 3196 533 3258 est,
552 3184 608 3243 iam
630 3185 734 3243 faciem
754 3185 812 3244 Dei
832 3185 971 3264 placidam
994 3198 1022 3243 et
1041 3205 1174 3243 serenam
1195 3204 1254 3244 no-

118 3261 223 3339 bisque
243 3261 400 3352 propitianr
421 3260 614 3339 contemplari
627 3261 794 3340 incipimus:
816 3261 919 3340 procul
940 3263 968 3319 id
991 3261 1106 3339 quidem
1130 3273 1160 3319 et
1180 3259 1255 3320 emi·

119 3359 188 3406 nus,
223 3338 272 3394 sed
305 3350 344 3397 rta
376 3348 458 3395 certo
490 3337 611 3411 intuitu,
643 3351 676 3397 ut
700 3338 822 3397 sciamus
848 3358 901 3396 nos
925 3338 1043 3396 minime
1071 3336 1253 3397 hallucinari.

119 3414 271 3487 Quantum
292 3412 398 3471 deiude
418 3412 584 3491 prolusimus
604 3418 653 3492 (ut
673 3436 726 3474 nos
744 3413 855 3475 assidue
876 3414 1148 3494 proficeredecet),
1169 3413 1253 3490 quasi

117 3509 275 3570 progressu
297 3488 384 3560 sacto,
406 3488 434 3546 in
456 3489 625 3569 propiorem
647 3492 790 3551 eiuscons
814 3502 908 3550 ectum
922 3511 1018 3569 eoque
1032 3491 1189 3549 certiorem
1201 3508 1253 3548 ve·

116 3566 223 3636 nimus,
245 3567 353 3644 etipsa
375 3566 461 3624 etiam
482 3567 706 3627 continuatione
728 3511 898 3627 familiarior
917 3567 1001 3626 nobis
1022 3566 1170 3627 redditur,
1203 3565 1253 3627 lta

116 3653 247 3702 mentem
267 3643 323 3701 Dei
344 3641 516 3722 cognitione
536 3643 734 3717 illuminatam,
768 3644 851 3701 initio
874 3643 962 3701 multa
982 3641 1148 3724 ignorantia
1168 3641 1252 3701 ride·

116 3741 180 3780 ntus
199 3718 359 3778 involutam
380 3719 485 3791 teneri,
504 3741 579 3799 quae
599 3719 737 3799 paulatini
758 3720 941 3798 abstergitur.
967 3721 1035 3778 Non
1049 3730 1146 3778 tamen
1160 3737 1254 3798 quae·

116 3797 182 3856 dam
202 3795 382 3874 ignorando,
401 3807 451 3855 aut
469 3795 622 3856 obscurius
642 3797 670 3856 id
692 3797 770 3875 quod
791 3801 885 3855 cernit
902 3796 1068 3867 cernendo,
1092 3795 1254 3873 impeditur

115 3872 189 3950 quin
209 3873 322 3932 divinae
342 3892 410 3951 erga
429 3891 460 3931 se
480 3871 638 3932 uoluntatis
658 3874 809 3952 perspicua
829 3873 932 3932 notitia
954 3872 1080 3945 fruatur,
1112 3870 1192 3950 quod
1212 3860 1253 3931 in

115 3949 173 4007 lide
194 3951 301 4028 primas
320 3969 353 4007 ac
375 3948 536 4026 potissimus
562 3961 659 4029 partes
684 3961 776 4008 tenet.
836 3949 1092 4023 Quemadmodum
1122 3946 1199 4006 enim
1224 3946 1252 4006 ai

115 4024 179 4104 quis
199 4044 317 4085 carcere
337 4024 478 4098 inclusus,
510 4047 544 4084 ex
568 4028 736 4106 angustiore
763 4024 888 4084 fenestra
916 4024 1035 4102 oblique
1059 4035 1188 4095 tantum,
1219 4035 1253 4082 et

114 4102 196 4181 quasi
216 4101 386 4160 dimidiatim
408 4101 564 4161 emicantes
587 4102 693 4161 babeat
711 4100 778 4160 solis
800 4102 913 4174 radios,
933 4100 1028 4160 libero
1050 4099 1166 4179 quidem
1187 4100 1252 4178 prl-

112 4189 200 4238 ratur
218 4177 287 4238 solis
305 4189 437 4258 aspectu,
468 4177 656 4269 splendorem
676 4190 773 4235 tamen
795 4198 855 4236 non
876 4177 1043 4258 ambiguum
1065 4175 1155 4235 oculis
1176 4174 1252 4235 bau-¹

18 4322 24 4333 Ι
113 4253 163 4327 rit,
183 4253 302 4333 eiusque
321 4275 404 4312 usum
430 4255 549 4333 recipit:
582 4255 623 4315 sic
650 4253 739 4313 terrei
764 4255 897 4333 corporis
922 4253 1114 4332 compedibus
1144 4252 1254 4325 vincti,

112 4340 263 4410 utcunque
282 4328 374 4393 multa
392 4328 572 4393 ubscuritate
593 4329 723 4410 undique
742 4328 969 4404 obumbremur,
988 4333 1054 4407 luce
1074 4342 1169 4389 tamen
1190 4328 1254 4389 Dei
