<?xml version="1.0" encoding="UTF-8"?>
<!DOCTYPE html PUBLIC "-//W3C//DTD XHTML 1.0 Transitional//EN"
    "http://www.w3.org/TR/xhtml1/DTD/xhtml1-transitional.dtd">
<html xmlns="http://www.w3.org/1999/xhtml" xml:lang="en" lang="en">
 <head>
  <title>
</title>
<meta http-equiv="Content-Type" content="text/html;charset=utf-8" />
  <meta name='ocr-system' content='tesseract 3.04.00' />
  <meta name='ocr-capabilities' content='ocr_page ocr_carea ocr_par ocr_line ocrx_word'/>
</head>
<body>
  <div class='ocr_page' id='page_1' title='image "./ioanniscalvinii02tholgoog/ioanniscalvinii02tholgoog_0029.png"; bbox 0 0 2700 4732; ppageno 0'>
   <div class='ocr_carea' id='block_1_1' title="bbox 812 39 821 75">
    <p class='ocr_par' dir='ltr' id='par_1_1' title="bbox 812 39 821 75">
     <span class='ocr_line' id='line_1_1' title="bbox 812 39 821 75; baseline 0 0"><span class='ocrx_word' id='word_1_1' title='bbox 812 39 821 75; x_wconf 81' lang='grc' dir='ltr'><strong><em>Ι</em></strong></span> 
     </span>
    </p>
   </div>
   <div class='ocr_carea' id='block_1_2' title="bbox 39 215 795 303">
    <p class='ocr_par' dir='ltr' id='par_1_2' title="bbox 39 215 795 303">
     <span class='ocr_line' id='line_1_2' title="bbox 39 215 795 303; baseline -0.004 -22"><span class='ocrx_word' id='word_1_2' title='bbox 39 218 151 303; x_wconf 52' lang='lat' dir='ltr'><strong>,n</strong></span> <span class='ocrx_word' id='word_1_3' title='bbox 353 221 355 225; x_wconf 41' lang='lat'><strong>¹</strong></span> <span class='ocrx_word' id='word_1_4' title='bbox 529 215 795 281; x_wconf 25' lang='lat' dir='ltr'><strong>*tutatum</strong></span> 
     </span>
    </p>
   </div>
   <div class='ocr_carea' id='block_1_3' title="bbox 24 363 1280 4470">
    <p class='ocr_par' dir='ltr' id='par_1_3' title="bbox 24 363 1280 4470">
     <span class='ocr_line' id='line_1_3' title="bbox 111 363 1246 466; baseline 0.007 -31"><span class='ocrx_word' id='word_1_5' title='bbox 111 379 278 438; x_wconf 71' lang='lat' dir='ltr'><strong>caverant</strong></span> <span class='ocrx_word' id='word_1_6' title='bbox 303 391 530 466; x_wconf 87' lang='lat' dir='ltr'><strong>genu-coram</strong></span> <span class='ocrx_word' id='word_1_7' title='bbox 547 364 642 441; x_wconf 89' lang='lat' dir='ltr'><strong>Baal.</strong></span> <span class='ocrx_word' id='word_1_8' title='bbox 671 372 747 441; x_wconf 91' lang='lat' dir='ltr'><strong>Nec</strong></span> <span class='ocrx_word' id='word_1_9' title='bbox 762 363 907 442; x_wconf 89' lang='lat' dir='ltr'><strong>dubium</strong></span> <span class='ocrx_word' id='word_1_10' title='bbox 929 366 1031 443; x_wconf 89' lang='lat' dir='ltr'><strong>nobis</strong></span> <span class='ocrx_word' id='word_1_11' title='bbox 1044 394 1119 442; x_wconf 86' lang='lat' dir='ltr'><strong>esse</strong></span> <span class='ocrx_word' id='word_1_12' title='bbox 1132 365 1246 455; x_wconf 87' lang='lat' dir='ltr'><strong>dehet,</strong></span> 
     </span>
     <span class='ocr_line' id='line_1_4' title="bbox 113 480 1244 588; baseline 0.004 -33"><span class='ocrx_word' id='word_1_13' title='bbox 113 483 195 584; x_wconf 91' lang='lat' dir='ltr'><strong>quin</strong></span> <span class='ocrx_word' id='word_1_14' title='bbox 220 509 357 585; x_wconf 83' lang='lat' dir='ltr'><strong>semper</strong></span> <span class='ocrx_word' id='word_1_15' title='bbox 380 480 417 556; x_wconf 90' lang='lat' dir='ltr'><strong>in</strong></span> <span class='ocrx_word' id='word_1_16' title='bbox 441 482 540 557; x_wconf 83' lang='lat' dir='ltr'><strong>terris</strong></span> <span class='ocrx_word' id='word_1_17' title='bbox 566 484 761 585; x_wconf 79' lang='lat' dir='ltr'><strong>regnaverit</strong></span> <span class='ocrx_word' id='word_1_18' title='bbox 775 485 932 560; x_wconf 87' lang='lat' dir='ltr'><strong>Christus</strong></span> <span class='ocrx_word' id='word_1_19' title='bbox 955 512 1082 588; x_wconf 81' lang='lat' dir='ltr'><strong>exquo</strong></span> <span class='ocrx_word' id='word_1_20' title='bbox 1105 485 1244 561; x_wconf 91' lang='lat' dir='ltr'><strong>coelum</strong></span> 
     </span>
     <span class='ocr_line' id='line_1_5' title="bbox 31 596 1245 706; baseline 0.001 -31"><span class='ocrx_word' id='word_1_21' title='bbox 31 670 36 681; x_wconf 83' lang='lat'><strong>,</strong></span> <span class='ocrx_word' id='word_1_22' title='bbox 112 598 274 675; x_wconf 86' lang='lat' dir='ltr'><strong>ascendit.</strong></span> <span class='ocrx_word' id='word_1_23' title='bbox 298 596 593 676; x_wconf 82' lang='lat' dir='ltr'><strong>Notabilemvero</strong></span> <span class='ocrx_word' id='word_1_24' title='bbox 609 600 761 703; x_wconf 88' lang='lat' dir='ltr'><strong>aliquam</strong></span> <span class='ocrx_word' id='word_1_25' title='bbox 777 602 928 697; x_wconf 74' lang='lat' dir='ltr'><strong>sormam</strong></span> <span class='ocrx_word' id='word_1_26' title='bbox 945 602 1060 676; x_wconf 86' lang='lat' dir='ltr'><strong>situm</strong></span> <span class='ocrx_word' id='word_1_27' title='bbox 1074 601 1245 706; x_wconf 88' lang='lat' dir='ltr'><strong>pii=oculis</strong></span> 
     </span>
     <span class='ocr_line' id='line_1_6' title="bbox 111 716 1246 820; baseline 0.003 -29"><span class='ocrx_word' id='word_1_28' title='bbox 111 716 354 820; x_wconf 88' lang='lat' dir='ltr'><strong>requisiissent,</strong></span> <span class='ocrx_word' id='word_1_29' title='bbox 377 745 495 791; x_wconf 89' lang='lat' dir='ltr'><strong>nonne</strong></span> <span class='ocrx_word' id='word_1_30' title='bbox 517 718 677 820; x_wconf 84' lang='lat' dir='ltr'><strong>protinus</strong></span> <span class='ocrx_word' id='word_1_31' title='bbox 691 717 919 794; x_wconf 84' lang='lat' dir='ltr'><strong>concidissent</strong></span> <span class='ocrx_word' id='word_1_32' title='bbox 932 720 1078 794; x_wconf 83' lang='lat' dir='ltr'><strong>animis?</strong></span> <span class='ocrx_word' id='word_1_33' title='bbox 1104 726 1149 796; x_wconf 90' lang='lat' dir='ltr'><strong>Et</strong></span> <span class='ocrx_word' id='word_1_34' title='bbox 1162 747 1246 795; x_wconf 86' lang='lat' dir='ltr'><strong>sanc</strong></span> 
     </span>
     <span class='ocr_line' id='line_1_7' title="bbox 24 816 1246 925; baseline 0.003 -17"><span class='ocrx_word' id='word_1_35' title='bbox 24 816 26 831; x_wconf 44' lang='grc' dir='ltr'>Ι</span> <span class='ocrx_word' id='word_1_36' title='bbox 109 832 147 908; x_wconf 85' lang='lat' dir='ltr'><strong>id</strong></span> <span class='ocrx_word' id='word_1_37' title='bbox 164 834 236 908; x_wconf 87' lang='lat' dir='ltr'><strong>iam</strong></span> <span class='ocrx_word' id='word_1_38' title='bbox 262 836 389 911; x_wconf 89' lang='lat' dir='ltr'><strong>summi</strong></span> <span class='ocrx_word' id='word_1_39' title='bbox 412 833 483 910; x_wconf 86' lang='lat' dir='ltr'><strong>vitii</strong></span> <span class='ocrx_word' id='word_1_40' title='bbox 512 834 592 909; x_wconf 93' lang='lat' dir='ltr'><strong>loco</strong></span> <span class='ocrx_word' id='word_1_41' title='bbox 616 835 652 908; x_wconf 91' lang='lat' dir='ltr'><strong>in</strong></span> <span class='ocrx_word' id='word_1_42' title='bbox 677 864 741 910; x_wconf 91' lang='lat' dir='ltr'><strong>suo</strong></span> <span class='ocrx_word' id='word_1_43' title='bbox 764 836 902 911; x_wconf 89' lang='lat' dir='ltr'><strong>saeculo</strong></span> <span class='ocrx_word' id='word_1_44' title='bbox 921 836 1071 914; x_wconf 80' lang='lat' dir='ltr'><strong>ducebat</strong></span> <span class='ocrx_word' id='word_1_45' title='bbox 1082 836 1246 925; x_wconf 85' lang='lat' dir='ltr'><strong>Hilarius,</strong></span> 
     </span>
     <span class='ocr_line' id='line_1_8' title="bbox 112 949 1244 1058; baseline 0.003 -33"><span class='ocrx_word' id='word_1_46' title='bbox 112 949 209 1052; x_wconf 89' lang='lat' dir='ltr'><strong>quod</strong></span> <span class='ocrx_word' id='word_1_47' title='bbox 228 950 329 1027; x_wconf 83' lang='lat' dir='ltr'><strong>stulta</strong></span> <span class='ocrx_word' id='word_1_48' title='bbox 344 950 559 1055; x_wconf 83' lang='lat' dir='ltr'><strong>Episcopalis</strong></span> <span class='ocrx_word' id='word_1_49' title='bbox 573 951 745 1056; x_wconf 84' lang='lat' dir='ltr'><strong>diguitatis</strong></span> <span class='ocrx_word' id='word_1_50' title='bbox 760 953 991 1030; x_wconf 70' lang='lat' dir='ltr'><strong>admiratione.</strong></span> <span class='ocrx_word' id='word_1_51' title='bbox 1009 955 1179 1058; x_wconf 88' lang='lat' dir='ltr'><strong>occupati,</strong></span> <span class='ocrx_word' id='word_1_52' title='bbox 1195 952 1244 1028; x_wconf 86' lang='lat' dir='ltr'><strong>la·</strong></span> 
     </span>
     <span class='ocr_line' id='line_1_9' title="bbox 109 1067 1243 1147; baseline 0.001 -4"><span class='ocrx_word' id='word_1_53' title='bbox 109 1085 240 1143; x_wconf 88' lang='lat' dir='ltr'><strong>tentem</strong></span> <span class='ocrx_word' id='word_1_54' title='bbox 253 1068 317 1143; x_wconf 91' lang='lat' dir='ltr'><strong>sub</strong></span> <span class='ocrx_word' id='word_1_55' title='bbox 333 1098 373 1143; x_wconf 92' lang='lat' dir='ltr'><strong>ea</strong></span> <span class='ocrx_word' id='word_1_56' title='bbox 387 1067 482 1144; x_wconf 86' lang='lat' dir='ltr'><strong>larva</strong></span> <span class='ocrx_word' id='word_1_57' title='bbox 494 1067 662 1144; x_wconf 83' lang='lat' dir='ltr'><strong>exitialem</strong></span> <span class='ocrx_word' id='word_1_58' title='bbox 677 1068 809 1146; x_wconf 89' lang='lat' dir='ltr'><strong>lernam</strong></span> <span class='ocrx_word' id='word_1_59' title='bbox 822 1100 895 1146; x_wconf 88' lang='lat' dir='ltr'><strong>non</strong></span> <span class='ocrx_word' id='word_1_60' title='bbox 911 1070 1243 1147; x_wconf 86' lang='lat' dir='ltr'><strong>animadverterent:</strong></span> 
     </span>
     <span class='ocr_line' id='line_1_10' title="bbox 111 1176 1260 1287; baseline 0.002 -27"><span class='ocrx_word' id='word_1_61' title='bbox 111 1176 160 1260; x_wconf 85' lang='lat' dir='ltr'><strong>sic</strong></span> <span class='ocrx_word' id='word_1_62' title='bbox 171 1185 263 1287; x_wconf 87' lang='lat' dir='ltr'><strong>epim</strong></span> <span class='ocrx_word' id='word_1_63' title='bbox 287 1183 443 1286; x_wconf 80' lang='lat' dir='ltr'><strong>loquitur</strong></span> <span class='ocrx_word' id='word_1_64' title='bbox 454 1188 569 1282; x_wconf 86' lang='lat' dir='ltr'><strong>(cont.</strong></span> <span class='ocrx_word' id='word_1_65' title='bbox 586 1187 855 1281; x_wconf 79' lang='lat' dir='ltr'><strong>Auxentium),</strong></span> <span class='ocrx_word' id='word_1_66' title='bbox 875 1194 1016 1277; x_wconf 87' lang='lat' dir='ltr'><strong>„Unum</strong></span> <span class='ocrx_word' id='word_1_67' title='bbox 1032 1216 1173 1278; x_wconf 89' lang='lat' dir='ltr'><strong>moneo,</strong></span> <span class='ocrx_word' id='word_1_68' title='bbox 1186 1215 1260 1262; x_wconf 89' lang='lat' dir='ltr'><strong>ca-·</strong></span> 
     </span>
     <span class='ocr_line' id='line_1_11' title="bbox 110 1303 1244 1409; baseline -0.003 -30"><span class='ocrx_word' id='word_1_69' title='bbox 110 1303 492 1393; x_wconf 81' lang='lat' dir='ltr'><strong>‚·,vete·llntichristum:</strong></span> <span class='ocrx_word' id='word_1_70' title='bbox 516 1304 607 1379; x_wconf 91' lang='lat' dir='ltr'><strong>male</strong></span> <span class='ocrx_word' id='word_1_71' title='bbox 628 1304 720 1381; x_wconf 88' lang='lat' dir='ltr'><strong>enim</strong></span> <span class='ocrx_word' id='word_1_72' title='bbox 743 1335 806 1381; x_wconf 90' lang='lat' dir='ltr'><strong>vos</strong></span> <span class='ocrx_word' id='word_1_73' title='bbox 825 1306 997 1409; x_wconf 87' lang='lat' dir='ltr'><strong>parietum</strong></span> <span class='ocrx_word' id='word_1_74' title='bbox 1016 1334 1118 1381; x_wconf 88' lang='lat' dir='ltr'><strong>amor</strong></span> <span class='ocrx_word' id='word_1_75' title='bbox 1136 1304 1244 1406; x_wconf 86' lang='lat' dir='ltr'><strong>cepit:</strong></span> 
     </span>
     <span class='ocr_line' id='line_1_12' title="bbox 90 1417 1242 1525; baseline -0.002 -30"><span class='ocrx_word' id='word_1_76' title='bbox 90 1488 94 1495; x_wconf 91' lang='lat'><em>.</em></span> <span class='ocrx_word' id='word_1_77' title='bbox 110 1418 419 1509; x_wconf 81' lang='lat' dir='ltr'><strong>„maleEcclesiam</strong></span> <span class='ocrx_word' id='word_1_78' title='bbox 427 1420 493 1494; x_wconf 91' lang='lat' dir='ltr'><strong>Dei</strong></span> <span class='ocrx_word' id='word_1_79' title='bbox 506 1417 541 1494; x_wconf 90' lang='lat' dir='ltr'><strong>in</strong></span> <span class='ocrx_word' id='word_1_80' title='bbox 555 1421 650 1496; x_wconf 89' lang='lat' dir='ltr'><strong>tectis</strong></span> <span class='ocrx_word' id='word_1_81' title='bbox 668 1421 902 1525; x_wconf 84' lang='lat' dir='ltr'><strong>aedificiisque</strong></span> <span class='ocrx_word' id='word_1_82' title='bbox 913 1419 1242 1499; x_wconf 87' lang='lat' dir='ltr'><strong>veneramini:male</strong></span> 
     </span>
     <span class='ocr_line' id='line_1_13' title="bbox 109 1537 1242 1643; baseline -0.001 -31"><span class='ocrx_word' id='word_1_83' title='bbox 109 1537 195 1627; x_wconf 82' lang='lat' dir='ltr'><strong>„sub</strong></span> <span class='ocrx_word' id='word_1_84' title='bbox 216 1538 256 1611; x_wconf 88' lang='lat' dir='ltr'><strong>iis</strong></span> <span class='ocrx_word' id='word_1_85' title='bbox 270 1540 364 1641; x_wconf 90' lang='lat' dir='ltr'><strong>pacis</strong></span> <span class='ocrx_word' id='word_1_86' title='bbox 384 1565 513 1613; x_wconf 89' lang='lat' dir='ltr'><strong>nomen</strong></span> <span class='ocrx_word' id='word_1_87' title='bbox 540 1538 723 1641; x_wconf 87' lang='lat' dir='ltr'><strong>ingeritis.“</strong></span> <span class='ocrx_word' id='word_1_88' title='bbox 745 1546 846 1614; x_wconf 86' lang='lat' dir='ltr'><strong>Anne</strong></span> <span class='ocrx_word' id='word_1_89' title='bbox 861 1540 1064 1643; x_wconf 86' lang='lat' dir='ltr'><strong>ambiguum</strong></span> <span class='ocrx_word' id='word_1_90' title='bbox 1077 1555 1129 1615; x_wconf 90' lang='lat' dir='ltr'><strong>est</strong></span> <span class='ocrx_word' id='word_1_91' title='bbox 1152 1539 1188 1614; x_wconf 92' lang='lat' dir='ltr'><strong>in</strong></span> <span class='ocrx_word' id='word_1_92' title='bbox 1203 1537 1242 1611; x_wconf 87' lang='lat' dir='ltr'><strong>iis</strong></span> 
     </span>
     <span class='ocr_line' id='line_1_14' title="bbox 108 1655 1242 1746; baseline -0.002 -16"><span class='ocrx_word' id='word_1_93' title='bbox 108 1655 357 1730; x_wconf 76' lang='lat' dir='ltr'><strong>Antichristum</strong></span> <span class='ocrx_word' id='word_1_94' title='bbox 385 1685 459 1730; x_wconf 85' lang='lat' dir='ltr'><strong>esse</strong></span> <span class='ocrx_word' id='word_1_95' title='bbox 481 1657 680 1731; x_wconf 83' lang='lat' dir='ltr'><strong>sessurum?</strong></span> <span class='ocrx_word' id='word_1_96' title='bbox 713 1662 853 1731; x_wconf 80' lang='lat' dir='ltr'><strong>Montes</strong></span> <span class='ocrx_word' id='word_1_97' title='bbox 877 1658 979 1746; x_wconf 87' lang='lat' dir='ltr'><strong>mihi,</strong></span> <span class='ocrx_word' id='word_1_98' title='bbox 1005 1675 1039 1733; x_wconf 90' lang='lat' dir='ltr'><strong>et</strong></span> <span class='ocrx_word' id='word_1_99' title='bbox 1062 1656 1185 1744; x_wconf 85' lang='lat' dir='ltr'><strong>silvae,</strong></span> <span class='ocrx_word' id='word_1_100' title='bbox 1208 1672 1242 1729; x_wconf 91' lang='lat' dir='ltr'><strong>et</strong></span> 
     </span>
     <span class='ocr_line' id='line_1_15' title="bbox 105 1770 1241 1876; baseline -0.001 -29"><span class='ocrx_word' id='word_1_101' title='bbox 105 1770 216 1861; x_wconf 88' lang='lat' dir='ltr'><strong>lacus,</strong></span> <span class='ocrx_word' id='word_1_102' title='bbox 241 1792 274 1847; x_wconf 90' lang='lat' dir='ltr'><strong>et</strong></span> <span class='ocrx_word' id='word_1_103' title='bbox 300 1802 466 1860; x_wconf 85' lang='lat' dir='ltr'><strong>carceres,</strong></span> <span class='ocrx_word' id='word_1_104' title='bbox 491 1790 524 1848; x_wconf 87' lang='lat' dir='ltr'><strong>et</strong></span> <span class='ocrx_word' id='word_1_105' title='bbox 540 1775 722 1876; x_wconf 80' lang='lat' dir='ltr'><strong>voragines</strong></span> <span class='ocrx_word' id='word_1_106' title='bbox 744 1790 823 1847; x_wconf 88' lang='lat' dir='ltr'><strong>sunt</strong></span> <span class='ocrx_word' id='word_1_107' title='bbox 848 1775 1008 1851; x_wconf 88' lang='lat' dir='ltr'><strong>tutiores:</strong></span> <span class='ocrx_word' id='word_1_108' title='bbox 1032 1775 1067 1849; x_wconf 85' lang='lat' dir='ltr'><strong>in&#39;</strong></span> <span class='ocrx_word' id='word_1_109' title='bbox 1093 1775 1133 1850; x_wconf 88' lang='lat' dir='ltr'><strong>iis</strong></span> <span class='ocrx_word' id='word_1_110' title='bbox 1147 1773 1241 1848; x_wconf 90' lang='lat' dir='ltr'><strong>enim</strong></span> 
     </span>
     <span class='ocr_line' id='line_1_16' title="bbox 108 1888 1241 1995; baseline -0.001 -30"><span class='ocrx_word' id='word_1_111' title='bbox 108 1891 311 1993; x_wconf 86' lang='lat' dir='ltr'><strong>Prophetae</strong></span> <span class='ocrx_word' id='word_1_112' title='bbox 325 1908 384 1966; x_wconf 89' lang='lat' dir='ltr'><strong>aut</strong></span> <span class='ocrx_word' id='word_1_113' title='bbox 400 1909 578 1967; x_wconf 86' lang='lat' dir='ltr'><strong>manentes</strong></span> <span class='ocrx_word' id='word_1_114' title='bbox 602 1909 658 1966; x_wconf 88' lang='lat' dir='ltr'><strong>aut</strong></span> <span class='ocrx_word' id='word_1_115' title='bbox 676 1890 826 1966; x_wconf 89' lang='lat' dir='ltr'><strong>demersi</strong></span> <span class='ocrx_word' id='word_1_116' title='bbox 847 1892 1111 1995; x_wconf 79' lang='lat' dir='ltr'><strong>prophetabant</strong></span> <span class='ocrx_word' id='word_1_117' title='bbox 1144 1888 1241 1988; x_wconf 83' lang='lat' dir='ltr'><strong>Quid</strong></span> 
     </span>
     <span class='ocr_line' id='line_1_17' title="bbox 109 2008 1242 2112; baseline -0.002 -29"><span class='ocrx_word' id='word_1_118' title='bbox 109 2024 225 2083; x_wconf 90' lang='lat' dir='ltr'><strong>autem</strong></span> <span class='ocrx_word' id='word_1_119' title='bbox 239 2008 347 2085; x_wconf 92' lang='lat' dir='ltr'><strong>hodie</strong></span> <span class='ocrx_word' id='word_1_120' title='bbox 372 2010 407 2083; x_wconf 93' lang='lat' dir='ltr'><strong>in</strong></span> <span class='ocrx_word' id='word_1_121' title='bbox 421 2009 667 2085; x_wconf 73' lang='lat' dir='ltr'><strong>cornutis‘suis</strong></span> <span class='ocrx_word' id='word_1_122' title='bbox 682 2009 863 2112; x_wconf 86' lang='lat' dir='ltr'><strong>Episcopis</strong></span> <span class='ocrx_word' id='word_1_123' title='bbox 880 2009 1032 2086; x_wconf 88' lang='lat' dir='ltr'><strong>mundus</strong></span> <span class='ocrx_word' id='word_1_124' title='bbox 1047 2025 1242 2095; x_wconf 85' lang='lat' dir='ltr'><strong>veneratur,</strong></span> 
     </span>
     <span class='ocr_line' id='line_1_18' title="bbox 108 2126 1242 2231; baseline 0 -32"><span class='ocrx_word' id='word_1_125' title='bbox 108 2126 173 2200; x_wconf 87' lang='lat' dir='ltr'><strong>nisi</strong></span> <span class='ocrx_word' id='word_1_126' title='bbox 187 2128 352 2228; x_wconf 90' lang='lat' dir='ltr'><strong>quoniam</strong></span> <span class='ocrx_word' id='word_1_127' title='bbox 368 2143 506 2203; x_wconf 86' lang='lat' dir='ltr'><strong>sanctos</strong></span> <span class='ocrx_word' id='word_1_128' title='bbox 520 2156 593 2201; x_wconf 85' lang='lat' dir='ltr'><strong>esse</strong></span> <span class='ocrx_word' id='word_1_129' title='bbox 608 2126 781 2229; x_wconf 85' lang='lat' dir='ltr'><strong>religionis</strong></span> <span class='ocrx_word' id='word_1_130' title='bbox 794 2127 969 2231; x_wconf 88' lang='lat' dir='ltr'><strong>praesules</strong></span> <span class='ocrx_word' id='word_1_131' title='bbox 979 2145 1146 2216; x_wconf 82' lang='lat' dir='ltr'><strong>autumat,</strong></span> <span class='ocrx_word' id='word_1_132' title='bbox 1152 2154 1242 2229; x_wconf 88' lang='lat' dir='ltr'><strong>quos</strong></span> 
     </span>
     <span class='ocr_line' id='line_1_19' title="bbox 107 2232 1280 2348; baseline -0.003 -28"><span class='ocrx_word' id='word_1_133' title='bbox 107 2240 303 2320; x_wconf 84' lang='lat' dir='ltr'><strong>celebribus</strong></span> <span class='ocrx_word' id='word_1_134' title='bbox 324 2243 471 2319; x_wconf 90' lang='lat' dir='ltr'><strong>urbibus</strong></span> <span class='ocrx_word' id='word_1_135' title='bbox 484 2232 579 2319; x_wconf 87' lang='lat' dir='ltr'><strong>videt</strong></span> <span class='ocrx_word' id='word_1_136' title='bbox 603 2244 825 2348; x_wconf 83' lang='lat' dir='ltr'><strong>praesidere?</strong></span> <span class='ocrx_word' id='word_1_137' title='bbox 858 2253 978 2347; x_wconf 83' lang='lat' dir='ltr'><strong>Apage</strong></span> <span class='ocrx_word' id='word_1_138' title='bbox 999 2245 1044 2318; x_wconf 88' lang='lat' dir='ltr'><strong>sis</strong></span> <span class='ocrx_word' id='word_1_139' title='bbox 1070 2273 1154 2348; x_wconf 89' lang='lat' dir='ltr'><strong>ergo</strong></span> <span class='ocrx_word' id='word_1_140' title='bbox 1168 2261 1239 2318; x_wconf 89' lang='lat' dir='ltr'><strong>tam</strong></span> <span class='ocrx_word' id='word_1_141' title='bbox 1275 2244 1280 2255; x_wconf 80' lang='grc'><em>“</em></span> 
     </span>
     <span class='ocr_line' id='line_1_20' title="bbox 106 2360 1262 2465; baseline -0.003 -28"><span class='ocrx_word' id='word_1_142' title='bbox 106 2360 280 2465; x_wconf 84' lang='lat' dir='ltr'><strong>stupidam</strong></span> <span class='ocrx_word' id='word_1_143' title='bbox 294 2362 579 2437; x_wconf 86' lang='lat' dir='ltr'><strong>aestimationem.</strong></span> <span class='ocrx_word' id='word_1_144' title='bbox 602 2361 696 2459; x_wconf 85' lang='lat' dir='ltr'><strong>Quin</strong></span> <span class='ocrx_word' id='word_1_145' title='bbox 710 2362 826 2465; x_wconf 89' lang='lat' dir='ltr'><strong>potius</strong></span> <span class='ocrx_word' id='word_1_146' title='bbox 841 2362 1080 2465; x_wconf 88' lang='lat' dir='ltr'><strong>permittamus</strong></span> <span class='ocrx_word' id='word_1_147' title='bbox 1088 2361 1241 2439; x_wconf 91' lang='lat' dir='ltr'><strong>hocDo·</strong></span> <span class='ocrx_word' id='word_1_148' title='bbox 1259 2376 1262 2381; x_wconf 77' lang='grc'><em>’</em></span> 
     </span>
     <span class='ocr_line' id='line_1_21' title="bbox 106 2476 1239 2582; baseline -0.003 -28"><span class='ocrx_word' id='word_1_149' title='bbox 106 2481 215 2569; x_wconf 92' lang='lat' dir='ltr'><strong>mino,</strong></span> <span class='ocrx_word' id='word_1_150' title='bbox 236 2497 275 2554; x_wconf 91' lang='lat' dir='ltr'><strong>ut</strong></span> <span class='ocrx_word' id='word_1_151' title='bbox 296 2478 439 2582; x_wconf 89' lang='lat' dir='ltr'><strong>quando</strong></span> <span class='ocrx_word' id='word_1_152' title='bbox 464 2481 537 2582; x_wconf 88' lang='lat' dir='ltr'><strong>ipse</strong></span> <span class='ocrx_word' id='word_1_153' title='bbox 562 2477 657 2553; x_wconf 87' lang='lat' dir='ltr'><strong>solus</strong></span> <span class='ocrx_word' id='word_1_154' title='bbox 683 2480 781 2554; x_wconf 83' lang='lat' dir='ltr'><strong>novit</strong></span> <span class='ocrx_word' id='word_1_155' title='bbox 804 2479 863 2581; x_wconf 91' lang='lat' dir='ltr'><strong>qui</strong></span> <span class='ocrx_word' id='word_1_156' title='bbox 890 2479 942 2553; x_wconf 90' lang='lat' dir='ltr'><strong>sui</strong></span> <span class='ocrx_word' id='word_1_157' title='bbox 960 2478 1043 2567; x_wconf 90' lang='lat' dir='ltr'><strong>sint,</strong></span> <span class='ocrx_word' id='word_1_158' title='bbox 1064 2476 1239 2552; x_wconf 88' lang='lat' dir='ltr'><strong>interdum</strong></span> 
     </span>
     <span class='ocr_line' id='line_1_22' title="bbox 106 2595 1238 2674; baseline -0.003 -2"><span class='ocrx_word' id='word_1_159' title='bbox 106 2598 210 2673; x_wconf 86' lang='lat' dir='ltr'><strong>etiam</strong></span> <span class='ocrx_word' id='word_1_160' title='bbox 237 2598 412 2674; x_wconf 84' lang='lat' dir='ltr'><strong>Ecclesiae</strong></span> <span class='ocrx_word' id='word_1_161' title='bbox 443 2627 526 2673; x_wconf 87' lang='lat' dir='ltr'><strong>suae</strong></span> <span class='ocrx_word' id='word_1_162' title='bbox 557 2597 763 2672; x_wconf 83' lang='lat' dir='ltr'><strong>exteriorem</strong></span> <span class='ocrx_word' id='word_1_163' title='bbox 795 2597 951 2670; x_wconf 89' lang='lat' dir='ltr'><strong>notitiam</strong></span> <span class='ocrx_word' id='word_1_164' title='bbox 983 2596 1026 2670; x_wconf 91' lang='lat' dir='ltr'><strong>ab</strong></span> <span class='ocrx_word' id='word_1_165' title='bbox 1053 2595 1238 2670; x_wconf 90' lang='lat' dir='ltr'><strong>hominum</strong></span> 
     </span>
     <span class='ocr_line' id='line_1_23' title="bbox 105 2712 1240 2821; baseline -0.004 -29"><span class='ocrx_word' id='word_1_166' title='bbox 105 2734 248 2821; x_wconf 87' lang='lat' dir='ltr'><strong>aspectu</strong></span> <span class='ocrx_word' id='word_1_167' title='bbox 269 2716 412 2791; x_wconf 88' lang='lat' dir='ltr'><strong>auferat.</strong></span> <span class='ocrx_word' id='word_1_168' title='bbox 445 2720 515 2804; x_wconf 86' lang='lat' dir='ltr'><strong>Est,</strong></span> <span class='ocrx_word' id='word_1_169' title='bbox 540 2715 662 2802; x_wconf 79' lang='lat' dir='ltr'><strong>fateor,</strong></span> <span class='ocrx_word' id='word_1_170' title='bbox 676 2712 851 2788; x_wconf 91' lang='lat' dir='ltr'><strong>horribilis</strong></span> <span class='ocrx_word' id='word_1_171' title='bbox 864 2712 921 2788; x_wconf 90' lang='lat' dir='ltr'><strong>illa</strong></span> <span class='ocrx_word' id='word_1_172' title='bbox 936 2713 1002 2788; x_wconf 86' lang='lat' dir='ltr'><strong>Dei</strong></span> <span class='ocrx_word' id='word_1_173' title='bbox 1017 2712 1168 2789; x_wconf 87' lang='lat' dir='ltr'><strong>vindicta</strong></span> <span class='ocrx_word' id='word_1_174' title='bbox 1183 2742 1240 2787; x_wconf 91' lang='lat' dir='ltr'><strong>su-</strong></span> 
     </span>
     <span class='ocr_line' id='line_1_24' title="bbox 104 2831 1240 2942; baseline -0.005 -31"><span class='ocrx_word' id='word_1_175' title='bbox 104 2852 169 2940; x_wconf 77' lang='lat' dir='ltr'><strong>p&#39;er</strong></span> <span class='ocrx_word' id='word_1_176' title='bbox 192 2853 338 2942; x_wconf 87' lang='lat' dir='ltr'><strong>terram:</strong></span> <span class='ocrx_word' id='word_1_177' title='bbox 370 2831 431 2906; x_wconf 89' lang='lat' dir='ltr'><strong>sed</strong></span> <span class='ocrx_word' id='word_1_178' title='bbox 458 2833 486 2907; x_wconf 89' lang='lat' dir='ltr'><strong>si</strong></span> <span class='ocrx_word' id='word_1_179' title='bbox 505 2833 552 2907; x_wconf 87' lang='lat' dir='ltr'><strong>ita</strong></span> <span class='ocrx_word' id='word_1_180' title='bbox 581 2849 733 2909; x_wconf 88' lang='lat' dir='ltr'><strong>meretur</strong></span> <span class='ocrx_word' id='word_1_181' title='bbox 758 2832 942 2906; x_wconf 87' lang='lat' dir='ltr'><strong>homiuum</strong></span> <span class='ocrx_word' id='word_1_182' title='bbox 967 2832 1143 2934; x_wconf 89' lang='lat' dir='ltr'><strong>impietas,</strong></span> <span class='ocrx_word' id='word_1_183' title='bbox 1177 2861 1240 2907; x_wconf 90' lang='lat' dir='ltr'><strong>cur</strong></span> 
     </span>
     <span class='ocr_line' id='line_1_25' title="bbox 104 2948 1240 3029; baseline -0.004 0"><span class='ocrx_word' id='word_1_184' title='bbox 104 2954 213 3029; x_wconf 87' lang='lat' dir='ltr'><strong>iustae</strong></span> <span class='ocrx_word' id='word_1_185' title='bbox 225 2953 291 3028; x_wconf 89' lang='lat' dir='ltr'><strong>Dei</strong></span> <span class='ocrx_word' id='word_1_186' title='bbox 305 2949 429 3026; x_wconf 85' lang='lat' dir='ltr'><strong>ultioni</strong></span> <span class='ocrx_word' id='word_1_187' title='bbox 452 2948 619 3024; x_wconf 82' lang='lat' dir='ltr'><strong>obsistere</strong></span> <span class='ocrx_word' id='word_1_188' title='bbox 645 2949 811 3025; x_wconf 82' lang='lat' dir='ltr'><strong>nitimur?</strong></span> <span class='ocrx_word' id='word_1_189' title='bbox 841 2951 899 3026; x_wconf 85' lang='lat' dir='ltr'><strong>sic</strong></span> <span class='ocrx_word' id='word_1_190' title='bbox 913 2950 1075 3025; x_wconf 88' lang='lat' dir='ltr'><strong>anteactis</strong></span> <span class='ocrx_word' id='word_1_191' title='bbox 1097 2948 1240 3025; x_wconf 89' lang='lat' dir='ltr'><strong>saeculis</strong></span> 
     </span>
     <span class='ocr_line' id='line_1_26' title="bbox 103 3065 1241 3169; baseline -0.011 -19"><span class='ocrx_word' id='word_1_192' title='bbox 103 3073 278 3151; x_wconf 83' lang='lat' dir='ltr'><strong>Dominus</strong></span> <span class='ocrx_word' id='word_1_193' title='bbox 289 3067 473 3144; x_wconf 93' lang='lat' dir='ltr'><strong>hominum</strong></span> <span class='ocrx_word' id='word_1_194' title='bbox 487 3065 770 3169; x_wconf 83' lang='lat' dir='ltr'><strong>ingratitudinem</strong></span> <span class='ocrx_word' id='word_1_195' title='bbox 794 3066 887 3143; x_wconf 85' lang='lat' dir='ltr'><strong>ultus</strong></span> <span class='ocrx_word' id='word_1_196' title='bbox 903 3085 968 3142; x_wconf 88' lang='lat' dir='ltr'><strong>est:</strong></span> <span class='ocrx_word' id='word_1_197' title='bbox 987 3096 1071 3141; x_wconf 89' lang='lat' dir='ltr'><strong>nam</strong></span> <span class='ocrx_word' id='word_1_198' title='bbox 1085 3066 1166 3167; x_wconf 85' lang='lat' dir='ltr'><strong>quia</strong></span> <span class='ocrx_word' id='word_1_199' title='bbox 1181 3095 1241 3139; x_wconf 85' lang='lat' dir='ltr'><strong>ve-</strong></span> 
     </span>
     <span class='ocr_line' id='line_1_27' title="bbox 39 3170 1241 3274; baseline -0.011 -6"><span class='ocrx_word' id='word_1_200' title='bbox 39 3170 50 3188; x_wconf 40' lang='lat'><strong>·</strong></span> <span class='ocrx_word' id='word_1_201' title='bbox 104 3192 194 3270; x_wconf 90' lang='lat' dir='ltr'><strong>ritati</strong></span> <span class='ocrx_word' id='word_1_202' title='bbox 208 3219 290 3267; x_wconf 90' lang='lat' dir='ltr'><strong>suae</strong></span> <span class='ocrx_word' id='word_1_203' title='bbox 303 3185 449 3263; x_wconf 89' lang='lat' dir='ltr'><strong>obedire</strong></span> <span class='ocrx_word' id='word_1_204' title='bbox 474 3185 669 3274; x_wconf 87' lang='lat' dir='ltr'><strong>noluerant,</strong></span> <span class='ocrx_word' id='word_1_205' title='bbox 694 3202 729 3259; x_wconf 90' lang='lat' dir='ltr'><strong>et</strong></span> <span class='ocrx_word' id='word_1_206' title='bbox 752 3184 866 3261; x_wconf 91' lang='lat' dir='ltr'><strong>lucem</strong></span> <span class='ocrx_word' id='word_1_207' title='bbox 884 3213 983 3258; x_wconf 90' lang='lat' dir='ltr'><strong>suam</strong></span> <span class='ocrx_word' id='word_1_208' title='bbox 1002 3182 1241 3272; x_wconf 82' lang='lat' dir='ltr'><strong>exstinxerant,</strong></span> 
     </span>
     <span class='ocr_line' id='line_1_28' title="bbox 103 3298 1242 3393; baseline -0.008 -8"><span class='ocrx_word' id='word_1_209' title='bbox 103 3334 170 3386; x_wconf 79' lang='lat' dir='ltr'><strong>eos·</strong></span> <span class='ocrx_word' id='word_1_210' title='bbox 191 3322 521 3393; x_wconf 82' lang='lat' dir='ltr'><strong>excoecatossensu,</strong></span> <span class='ocrx_word' id='word_1_211' title='bbox 546 3321 580 3378; x_wconf 90' lang='lat' dir='ltr'><strong>et</strong></span> <span class='ocrx_word' id='word_1_212' title='bbox 603 3301 761 3379; x_wconf 89' lang='lat' dir='ltr'><strong>absurdis</strong></span> <span class='ocrx_word' id='word_1_213' title='bbox 783 3301 971 3379; x_wconf 86' lang='lat' dir='ltr'><strong>mendaciis</strong></span> <span class='ocrx_word' id='word_1_214' title='bbox 996 3299 1080 3389; x_wconf 88' lang='lat' dir='ltr'><strong>ludi,</strong></span> <span class='ocrx_word' id='word_1_215' title='bbox 1106 3317 1140 3375; x_wconf 87' lang='lat' dir='ltr'><strong>et</strong></span> <span class='ocrx_word' id='word_1_216' title='bbox 1165 3298 1242 3376; x_wconf 86' lang='lat' dir='ltr'><strong>altis</strong></span> 
     </span>
     <span class='ocr_line' id='line_1_29' title="bbox 102 3417 1242 3526; baseline -0.01 -22"><span class='ocrx_word' id='word_1_217' title='bbox 102 3425 254 3504; x_wconf 84' lang='lat' dir='ltr'><strong>tenebris</strong></span> <span class='ocrx_word' id='word_1_218' title='bbox 267 3423 427 3526; x_wconf 87' lang='lat' dir='ltr'><strong>immergi</strong></span> <span class='ocrx_word' id='word_1_219' title='bbox 439 3451 562 3525; x_wconf 88' lang='lat' dir='ltr'><strong>passus</strong></span> <span class='ocrx_word' id='word_1_220' title='bbox 578 3439 637 3509; x_wconf 92' lang='lat' dir='ltr'><strong>est,</strong></span> <span class='ocrx_word' id='word_1_221' title='bbox 662 3419 808 3496; x_wconf 87' lang='lat' dir='ltr'><strong>utnulla</strong></span> <span class='ocrx_word' id='word_1_222' title='bbox 828 3451 931 3496; x_wconf 88' lang='lat' dir='ltr'><strong>verae</strong></span> <span class='ocrx_word' id='word_1_223' title='bbox 953 3418 1116 3495; x_wconf 84' lang='lat' dir='ltr'><strong>ecclcsiae</strong></span> <span class='ocrx_word' id='word_1_224' title='bbox 1137 3417 1242 3493; x_wconf 81' lang='lat' dir='ltr'><strong>facies</strong></span> 
     </span>
     <span class='ocr_line' id='line_1_30' title="bbox 104 3536 1243 3641; baseline -0.01 -19"><span class='ocrx_word' id='word_1_225' title='bbox 104 3542 265 3623; x_wconf 70' lang='lat' dir='ltr'><strong>exstaret:</strong></span> <span class='ocrx_word' id='word_1_226' title='bbox 290 3541 428 3616; x_wconf 89' lang='lat' dir='ltr'><strong>interim</strong></span> <span class='ocrx_word' id='word_1_227' title='bbox 451 3558 569 3615; x_wconf 85' lang='lat' dir='ltr'><strong>tamen</strong></span> <span class='ocrx_word' id='word_1_228' title='bbox 594 3568 675 3615; x_wconf 87' lang='lat' dir='ltr'><strong>suos</strong></span> <span class='ocrx_word' id='word_1_229' title='bbox 694 3556 729 3613; x_wconf 90' lang='lat' dir='ltr'><strong>et</strong></span> <span class='ocrx_word' id='word_1_230' title='bbox 743 3536 918 3641; x_wconf 87' lang='lat' dir='ltr'><strong>dispersos</strong></span> <span class='ocrx_word' id='word_1_231' title='bbox 944 3555 978 3613; x_wconf 89' lang='lat' dir='ltr'><strong>et</strong></span> <span class='ocrx_word' id='word_1_232' title='bbox 1003 3536 1243 3612; x_wconf 76' lang='lat' dir='ltr'><strong>delitescentes</strong></span> 
     </span>
     <span class='ocr_line' id='line_1_31' title="bbox 103 3655 1244 3746; baseline -0.007 -8"><span class='ocrx_word' id='word_1_233' title='bbox 103 3663 145 3738; x_wconf 72' lang='lat' dir='ltr'><strong>inv</strong></span> <span class='ocrx_word' id='word_1_234' title='bbox 164 3658 289 3737; x_wconf 88' lang='lat' dir='ltr'><strong>mediis</strong></span> <span class='ocrx_word' id='word_1_235' title='bbox 319 3657 497 3733; x_wconf 87' lang='lat' dir='ltr'><strong>erroribus</strong></span> <span class='ocrx_word' id='word_1_236' title='bbox 522 3674 557 3732; x_wconf 86' lang='lat' dir='ltr'><strong>et</strong></span> <span class='ocrx_word' id='word_1_237' title='bbox 583 3656 736 3732; x_wconf 86' lang='lat' dir='ltr'><strong>tenebris</strong></span> <span class='ocrx_word' id='word_1_238' title='bbox 762 3656 806 3732; x_wconf 91' lang='lat' dir='ltr'><strong>ab</strong></span> <span class='ocrx_word' id='word_1_239' title='bbox 830 3656 932 3746; x_wconf 85' lang='lat' dir='ltr'><strong>exitio</strong></span> <span class='ocrx_word' id='word_1_240' title='bbox 957 3655 1116 3741; x_wconf 69' lang='lat' dir='ltr'><strong>servarit·</strong></span> <span class='ocrx_word' id='word_1_241' title='bbox 1164 3658 1244 3731; x_wconf 90' lang='lat' dir='ltr'><strong>Nec</strong></span> 
     </span>
     <span class='ocr_line' id='line_1_32' title="bbox 103 3771 1244 3878; baseline -0.007 -22"><span class='ocrx_word' id='word_1_242' title='bbox 103 3781 248 3856; x_wconf 74' lang='lat' dir='ltr'><strong>mirum:</strong></span> <span class='ocrx_word' id='word_1_243' title='bbox 273 3771 392 3850; x_wconf 88' lang='lat' dir='ltr'><strong>didicit</strong></span> <span class='ocrx_word' id='word_1_244' title='bbox 410 3775 503 3849; x_wconf 90' lang='lat' dir='ltr'><strong>enim</strong></span> <span class='ocrx_word' id='word_1_245' title='bbox 528 3803 668 3849; x_wconf 85' lang='lat' dir='ltr'><strong>servare</strong></span> <span class='ocrx_word' id='word_1_246' title='bbox 680 3774 776 3849; x_wconf 64' lang='lat' dir='ltr'><strong>enin</strong></span> <span class='ocrx_word' id='word_1_247' title='bbox 800 3774 875 3878; x_wconf 89' lang='lat' dir='ltr'><strong>ipsa</strong></span> <span class='ocrx_word' id='word_1_248' title='bbox 901 3773 1107 3848; x_wconf 78' lang='lat' dir='ltr'><strong>confusione</strong></span> <span class='ocrx_word' id='word_1_249' title='bbox 1122 3771 1244 3876; x_wconf 82' lang='lat' dir='ltr'><strong>Baby·</strong></span> 
     </span>
     <span class='ocr_line' id='line_1_33' title="bbox 102 3884 1241 3989; baseline -0.008 -16"><span class='ocrx_word' id='word_1_250' title='bbox 102 3896 204 3986; x_wconf 84' lang='lat' dir='ltr'><strong>lonis,</strong></span> <span class='ocrx_word' id='word_1_251' title='bbox 217 3895 404 3970; x_wconf 83' lang='lat' dir='ltr'><strong>etllamma</strong></span> <span class='ocrx_word' id='word_1_252' title='bbox 421 3891 571 3966; x_wconf 80' lang='lat' dir='ltr'><strong>fornacis</strong></span> <span class='ocrx_word' id='word_1_253' title='bbox 585 3890 748 3967; x_wconf 86' lang='lat' dir='ltr'><strong>ardentis.</strong></span> <span class='ocrx_word' id='word_1_254' title='bbox 763 3884 830 3963; x_wconf 48' lang='lat' dir='ltr'><strong>a&amp;</strong></span> <span class='ocrx_word' id='word_1_255' title='bbox 838 3888 946 3989; x_wconf 85' lang='lat' dir='ltr'><strong>Quod</strong></span> <span class='ocrx_word' id='word_1_256' title='bbox 955 3906 1072 3964; x_wconf 90' lang='lat' dir='ltr'><strong>autem</strong></span> <span class='ocrx_word' id='word_1_257' title='bbox 1085 3887 1241 3964; x_wconf 83' lang='lat' dir='ltr'><strong>formam</strong></span> 
     </span>
     <span class='ocr_line' id='line_1_34' title="bbox 76 4004 1243 4115; baseline -0.008 -23"><span class='ocrx_word' id='word_1_258' title='bbox 76 4108 83 4115; x_wconf 24' lang='lat'><strong><em>⁵</em></strong></span> <span class='ocrx_word' id='word_1_259' title='bbox 103 4014 267 4092; x_wconf 83' lang='lat' dir='ltr'><strong>ecclesiae</strong></span> <span class='ocrx_word' id='word_1_260' title='bbox 290 4010 407 4087; x_wconf 85' lang='lat' dir='ltr'><strong>nescio</strong></span> <span class='ocrx_word' id='word_1_261' title='bbox 421 4038 490 4112; x_wconf 89' lang='lat' dir='ltr'><strong>qua</strong></span> <span class='ocrx_word' id='word_1_262' title='bbox 508 4038 599 4085; x_wconf 86' lang='lat' dir='ltr'><strong>vana</strong></span> <span class='ocrx_word' id='word_1_263' title='bbox 624 4039 758 4114; x_wconf 80' lang='lat' dir='ltr'><strong>pornpa</strong></span> <span class='ocrx_word' id='word_1_264' title='bbox 772 4008 904 4085; x_wconf 78' lang='lat' dir='ltr'><strong>censeri</strong></span> <span class='ocrx_word' id='word_1_265' title='bbox 926 4004 1064 4097; x_wconf 80' lang='lat' dir='ltr'><strong>volunt,</strong></span> <span class='ocrx_word' id='word_1_266' title='bbox 1083 4004 1120 4082; x_wconf 92' lang='lat' dir='ltr'><strong>id</strong></span> <span class='ocrx_word' id='word_1_267' title='bbox 1134 4034 1243 4109; x_wconf 88' lang='lat' dir='ltr'><strong>quam</strong></span> 
     </span>
     <span class='ocr_line' id='line_1_35' title="bbox 103 4123 1245 4238; baseline -0.009 -29"><span class='ocrx_word' id='word_1_268' title='bbox 103 4129 339 4238; x_wconf 82' lang='lat' dir='ltr'><strong>periculosum</strong></span> <span class='ocrx_word' id='word_1_269' title='bbox 353 4127 535 4232; x_wconf 85' lang='lat' dir='ltr'><strong>sit-paucis</strong></span> <span class='ocrx_word' id='word_1_270' title='bbox 554 4126 719 4203; x_wconf 90' lang='lat' dir='ltr'><strong>indicabo</strong></span> <span class='ocrx_word' id='word_1_271' title='bbox 739 4126 849 4229; x_wconf 84' lang='lat' dir='ltr'><strong>magis</strong></span> <span class='ocrx_word' id='word_1_272' title='bbox 866 4154 971 4227; x_wconf 91' lang='lat' dir='ltr'><strong>quam</strong></span> <span class='ocrx_word' id='word_1_273' title='bbox 988 4123 1171 4212; x_wconf 81' lang='lat' dir='ltr'><strong>enarrabo,</strong></span> <span class='ocrx_word' id='word_1_274' title='bbox 1196 4151 1245 4199; x_wconf 91' lang='lat' dir='ltr'><strong>ne</strong></span> 
     </span>
     <span class='ocr_line' id='line_1_36' title="bbox 56 4238 1248 4343; baseline -0.013 -16"><span class='ocrx_word' id='word_1_275' title='bbox 56 4308 60 4316; x_wconf 68' lang='lat'><strong>,</strong></span> <span class='ocrx_word' id='word_1_276' title='bbox 103 4248 298 4326; x_wconf 80' lang='lat' dir='ltr'><strong>orationem</strong></span> <span class='ocrx_word' id='word_1_277' title='bbox 322 4248 359 4323; x_wconf 91' lang='lat' dir='ltr'><strong>in</strong></span> <span class='ocrx_word' id='word_1_278' title='bbox 385 4248 596 4323; x_wconf 86' lang='lat' dir='ltr'><strong>immensum</strong></span> <span class='ocrx_word' id='word_1_279' title='bbox 621 4245 812 4320; x_wconf 84' lang='lat' dir='ltr'><strong>extraham.</strong></span> <span class='ocrx_word' id='word_1_280' title='bbox 869 4242 1048 4331; x_wconf 84' lang='lat' dir='ltr'><strong>Pontifex,</strong></span> <span class='ocrx_word' id='word_1_281' title='bbox 1070 4238 1248 4343; x_wconf 75' lang='lat' dir='ltr'><strong>inquiunt,</strong></span> 
     </span>
     <span class='ocr_line' id='line_1_37' title="bbox 38 4355 1242 4470; baseline -0.007 -28"><span class='ocrx_word' id='word_1_282' title='bbox 38 4355 45 4366; x_wconf 40' lang='lat'>⁸</span> <span class='ocrx_word' id='word_1_283' title='bbox 103 4367 165 4469; x_wconf 83' lang='lat' dir='ltr'><strong>qm‘</strong></span> <span class='ocrx_word' id='word_1_284' title='bbox 189 4364 309 4442; x_wconf 85' lang='lat' dir='ltr'><strong>sedem</strong></span> <span class='ocrx_word' id='word_1_285' title='bbox 319 4365 557 4470; x_wconf 80' lang='lat' dir='ltr'><strong>Apostolicam</strong></span> <span class='ocrx_word' id='word_1_286' title='bbox 571 4378 676 4453; x_wconf 87' lang='lat' dir='ltr'><strong>tenet,</strong></span> <span class='ocrx_word' id='word_1_287' title='bbox 700 4360 809 4464; x_wconf 89' lang='lat' dir='ltr'><strong>etqui</strong></span> <span class='ocrx_word' id='word_1_288' title='bbox 834 4361 942 4437; x_wconf 89' lang='lat' dir='ltr'><strong>abeo</strong></span> <span class='ocrx_word' id='word_1_289' title='bbox 969 4359 1136 4437; x_wconf 76' lang='lat' dir='ltr'><strong>antistites</strong></span> <span class='ocrx_word' id='word_1_290' title='bbox 1152 4373 1242 4433; x_wconf 81' lang='lat' dir='ltr'><strong>sunt</strong></span> 
     </span>
    </p>
   </div>
   <div class='ocr_carea' id='block_1_4' title="bbox 0 0 1354 4732">
    <p class='ocr_par' dir='ltr' id='par_1_4' title="bbox 0 0 1354 4732">
     <span class='ocr_line' id='line_1_38' title="bbox 0 0 1354 4732; baseline 0 0"><span class='ocrx_word' id='word_1_291' title='bbox 0 0 1354 4732; x_wconf 95' lang='lat' dir='ltr'><strong> </strong></span> 
     </span>
    </p>
   </div>
  </div>
 </body>
</html>
