2700 4732
66 208 107 271 22
517 208 754 271 PRAEFATIO

69 367 192 428 nostra
214 380 347 429 nomen
374 355 447 430 eius
473 357 678 432 sanctificari
705 357 874 461 petimus,
909 375 944 432 et
971 359 1046 461 ipsa
1082 359 1212 435 invidia

72 476 272 571 coacta-'est
296 470 507 572 quibusdam
532 492 694 552 nostrum
720 476 940 551 innocentiae
966 494 1002 551 et
1027 475 1134 553 civilia
1159 477 1213 553 in-

74 586 242 690 tegritatis
270 590 507 668 testimonium
537 591 639 684 dare,
668 593 704 669 in
732 592 859 695 quibus
889 591 924 667 id
958 622 1070 670 unum
1097 611 1213 669 morte

74 704 301 819 plectebatur,
308 708 404 811 quod
416 700 579 814 singulari
590 712 625 786 in
638 709 741 786 laude
754 708 959 813 ponendum
974 729 1057 786 erat.
1075 709 1214 807 Quodsi

73 824 137 926 qui
160 825 225 900 sub
250 844 429 931 praetextu
454 827 634 931 Evangelii
658 827 914 904 tumultuantur
936 828 1073 932 (quales
1098 828 1214 903 hacte-

74 968 141 1016 nus
161 940 299 1044 aliquos
323 944 359 1019 in
386 975 495 1048 regno
518 963 581 1022 tuo
606 947 714 1022 fuisse
739 974 812 1051 non
836 963 1056 1048 compertum
1081 953 1165 1040 est),
1185 945 1213 1020 si

38 1118 45 1139 .
75 1057 137 1160 qui
167 1059 334 1138 vitiorum
368 1091 514 1138 suorum
549 1062 722 1154 licentiae,
757 1063 952 1139 libertatem
984 1063 1114 1166 gratiae
1146 1063 1214 1139 Dei

75 1194 281 1278 praetexunt
307 1179 442 1282 (quales
465 1182 660 1283 permultos
682 1181 798 1276 novi),
820 1181 1015 1285 sunt'leges
1042 1198 1077 1256 et
1096 1181 1213 1284 legum

74 1321 229 1397 poenae,
258 1299 385 1401 quibus
410 1329 478 1402 pro
501 1301 633 1376 meritis
658 1301 809 1403 graviter
834 1316 1076 1375 coerceantur:
1101 1296 1213 1374 modo

74 1414 275 1493 ne-interim
291 1417 528 1531 Evangeliums
542 1421 610 1494 Dei
623 1419 672 1494 ob
699 1416 924 1493 scelestorum
950 1417 1134 1491 hominum
1153 1445 1214 1490 ue-

75 1529 221 1634 quitiam
237 1533 329 1610 male
347 1534 474 1611 audiat.
524 1536 656 1625 Habes,
681 1541 769 1624 Rex,
793 1536 875 1610 satis
892 1532 1010 1609 multis
1022 1534 1214 1636 expositam

72 1648 367 1730 calumniatorum
388 1653 597 1730 virulentam
621 1654 857 1756 iniquitatem,
880 1680 925 1726 ne
949 1653 985 1727 in
1004 1681 1129 1727 eorum
1153 1649 1214 1727 de·

73 1764 220 1844 lationes
245 1771 334 1846 ultra
359 1769 507 1846 modurn
535 1768 676 1846 credula
702 1800 789 1846 aure
813 1767 1045 1874 propendens.
1077 1775 1214 1849 Vereor

75 1885 178 1962 etiam
196 1917 248 1974 ne
279 1888 381 1980 nimis
416 1888 553 1988 multis,
593 1888 736 1992 quando
766 1890 856 1965 haec
878 1889 947 1963 iam
966 1888 1145 1991 ,praelatio
1169 1887 1214 1962 ad

76 2001 324 2108 iustae'paene
349 2005 533 2111 apologiae
558 2005 706 2082 modum
732 2006 880 2084 accedit:
905 2034 975 2110 qua
1001 2035 1074 2081 non
1095 2004 1215 2081 deleu-

76 2118 213 2197 sionem
238 2111 369 2212 texere',
399 2123 460 2199 sed
488 2123 655 2200 duntaxat
678 2123 722 2200 ad
749 2125 861 2228 ipsam
892 2153 1018 2201 causae
1041 2123 1213 2199 actionem

76 2237 288 2315 audiendam
328 2243 485 2316 animum
511 2259 611 2318 tuum
636 2241 860 2344 praemollire
892 2239 1023 2328 studui,
1053 2271 1215 2317 aversum

76 2352 219 2459 quidem
245 2387 338 2433 nunc
364 2377 398 2433 et
428 2357 654 2434 alienatuma
680 2359 801 2448 nobis,
833 2356 927 2435 addo
954 2358 1058 2434 etiam
1081 2358 1215 2432 inllarnr

74 2475 301 2565 matumsed
328 2477 425 2552 cuius
450 2477 595 2581 gratiam
622 2475 825 2580 recolligere
851 2504 916 2551 nos
937 2504 1042 2579 posse
1067 2473 1215 2550 considi-

2 2605 5 2653 ῑ
75 2618 173 2682 mus,
203 2593 232 2668 si
256 2594 348 2669 hanc
374 2612 530 2670 nostram
557 2595 834 2685 consessionem,
867 2623 974 2696 quam
1000 2621 1068 2695 pro
1095 2590 1216 2667 delen—

74 2711 174 2787 sione
188 2709 283 2815 apud
304 2730 402 2786 tuam
427 2713 642 2788 maiestatem
656 2742 731 2788 esso
749 2711 922 2800 volumus,
945 2707 1103 2813 placidus
1116 2738 1215 2817 com-

72 2828 279 2932 positusque
304 2829 410 2906 semel
432 2829 565 2936 legeris
616 2831 677 2906 Sin
702 2860 785 2906 rero
811 2829 857 2904 ita
884 2857 985 2904 aures
1007 2844 1084 2902 tuas
1111 2856 1216 2905 occu·

74 2963 160 3049 pant
185 2946 442 3023 malevolorum
468 2949 618 3039 susurri,
644 2965 684 3025 ut
710 2947 826 3027 nullus
851 2947 895 3021 sit
917 2945 984 3022 reis
1008 2975 1075 3048 pro
1101 2975 1139 3021 se
1163 2945 1216 3020 di

74 3061 177 3143 cendi
201 3065 311 3156 locus,
335 3066 558 3170 importunae
584 3095 668 3144 vero
693 3065 772 3142 illae
792 3065 915 3154 furiae,
942 3081 986 3139 te
997 3063 1216 3152 connivente,

13 3220 17 3225 ·
75 3212 215 3287 semper
241 3181 403 3274 vinculis,
430 3185 564 3288 ssagris,
590 3182 763 3287 equuleis,
792 3182 1021 3273 sectionibus,
1049 3179 1217 3256 incendiis

76 3302 244 3391 saeviant,
270 3332 336 3377 nos
354 3299 497 3405 quidem
508 3301 602 3378 velut
626 3331 711 3378 oves
735 3300 936 3377 mactationi
950 3299 1148 3386 destinatae,
1170 3296 1216 3389 ad

74 3436 228 3495 extrema
256 3448 417 3522 quaeque
439 3419 656 3522 redigemur:
690 3419 740 3495 sic
767 3439 900 3508 tamen,
926 3437 964 3493 ut
990 3414 1217 3520 inpatientia

74 3553 194 3617 nostra
226 3535 469 3640 possideamus
504 3539 638 3614 animas
664 3555 802 3612 nostras
829 3538 864 3611 et¹
894 3564 1040 3611 manum
1069 3533 1217 3609 Domini

74 3650 203 3731 fortem
219 3672 472 3755 exspectemus,
494 3684 585 3758 quae
608 3653 753 3731 indubie
776 3672 937 3758 tempore
950 3650 1130 3751 aderit„et
1142 3680 1217 3731 sese

75 3789 208 3853 armata
233 3790 369 3847 exseret
394 3790 468 3848 tum
495 3771 540 3848 ed
564 3801 737 3877 pauperes
764 3803 804 3848 ex
830 3771 1017 3847 afflictione
1032 3766 1218 3857 eruendos,

76 3908 152 3970 tum
177 3889 282 3966 etiam
305 3887 350 3965 ad
366 3888 608 3981 vindicandos,
634 3890 813 3994 quintanta
839 3888 1022 3965 securitate
1045 3915 1140 3962 nunc
1161 3915 1218 3965 ex·

76 4006 221 4097 saltant,
246 4024 519 4112 contemptores.
569 4009 761 4099 Dominus,
785 4013 862 4085 Rex
889 4034 1023 4108 regum,
1046 4004 1217 4079 thronum

76 4143 178 4204 tuum
203 4125 330 4202 iustitia
354 4125 512 4216 stabiliat,
533 4145 568 4201 et
586 4125 711 4202 solium
733 4125 1032 4229 tuumaequitate,
1056 4120 1218 4209 lllustris-

78 4245 164 4327 time
189 4249 277 4328 Rex.
317 4242 492 4336 Basileae,
522 4238 666 4324 Calend.
685 4243 841 4350 Augusti,
862 4249 970 4351 'Anno
985 4242 1217 4331 uuxxxvt

386 4406 908 4448 m
