2700 4732
481 200 625 267 1118..st
664 204 754 270 CAP.
774 204 832 269 ΙΙΙ.
1169 146 1245 275 ΞΜΙ

108 344 201 429 ripuar
216 344 338 439 edendi
357 348 532 439 partenribi
550 360 707 439 arrogant,
741 370 827 441 quam
846 348 1045 442 reprebeudlt·
1066 348 1149 427 alios,
1177 352 1230 445 pul

108 434 206 516 „uua
219 444 392 517 promiscue
411 424 476 484 darr
487 425 624 515 omnibus
642 426 723 505 quod
742 425 869 507 apeerale
888 438 932 489 eat
949 438 1094 521 gratuitae
1104 426 1229 519 electco·

106 500 565 715 :njltlbffdltlttl2‘
574 501 903 670 dissifiliil
923 506 1229 659 ,zlffdlilinili

106 676 139 733 til

209 672 292 715 nen
310 654 442 717 vanitate
452 654 598 733 splendet,
617 654 668 715 ubr
687 657 723 715 ad
742 675 845 715 omnes
863 654 1042 737 generaliter
1053 658 1228 734 extenditur,

105 728 192 811 „quod
210 730 293 791 beu·
312 728 422 810 quibus
448 730 511 789 vult
535 730 683 791 conlert.“
720 731 800 792 Alibi
818 743 932 791 autem:
968 733 1155 807 „Quomodo
1176 756 1227 794 ve-

106 805 201 883 ,uerit
228 804 394 867 eredendo.
432 806 520 866 Tirne
540 828 579 867 ne
599 808 668 868 dum
687 808 744 867 tihi
764 828 896 901 arrogas,
916 810 996 889 quod
1016 811 1133 868 inventa
1153 810 1227 872 sita

106 894 149 961 „te
164 881 209 943 ria
223 882 317 956 hsta,
338 902 441 963 pereas
459 884 497 943 de
515 884 564 945 via
585 884 668 944 iusta.
726 886 819 957 Veni,
838 884 952 965 inquis,
971 884 1066 943 libero
1086 886 1227 948 arbitrio:

108 956 266 1037 ,vd-aute
285 958 407 1041 propria
425 959 502 1019 veni.
551 960 632 1035 Quid
656 960 819 1043 turgescis?
846 964 889 1021 vis
911 981 1000 1021 nosse
1018 961 1099 1040 quod
1119 975 1151 1022 et
1169 961 1228 1023 hoe

107 1034 284 1117 muitum
316 1046 363 1095 est
391 1035 464 1096 tibi?
502 1036 603 1117 Ipsum
634 1038 702 1097 audi
733 1051 904 1113 vocantem,
948 1038 1045 1096 Nemo
1079 1037 1160 1097 venit
1190 1038 1228 1100 ad

108 1132 175 1187 μ,
192 1110 248 1173 ιιύἰ
267 1112 360 1172 Pater
377 1132 459 1172 meua
478 1116 599 1173 traxerit
618 1118 716 1174 eum.“
753 1114 794 1173 Et
824 1114 896 1174 citra
925 1115 1154 1175 controversiam
1174 1114 1229 1174 eli·

107 1188 171 1249 dtu
186 1208 221 1249 ex
239 1186 361 1249 loannis
380 1192 425 1267 (6,
443 1194 506 1263 dl.)
532 1190 645 1263 verbis,
674 1192 718 1251 sic
737 1191 894 1251 efficaciter
910 1190 1069 1272 gubernari
1089 1191 1228 1253 divinitus

106 1264 208 1347 piorum
227 1264 331 1335 corda,
349 1276 383 1325 ut
401 1264 553 1325 inflexibili
573 1266 682 1327 ellectu
701 1278 872 1347 aequantur.
910 1266 995 1341 „Qui
1009 1267 1120 1327 exDeo
1140 1269 1228 1349 geni-

67 1406 69 1415 ,
106 1341 380 1421 mut(irrquit1.
400 1342 447 1401 Io.
467 1348 497 1417 3,
516 1348 561 1435 9.)
593 1364 655 1405 non
675 1357 775 1424 potest
794 1364 930 1423 peccare:
962 1345 1030 1433 quia
1048 1364 1147 1404 senten
1168 1344 1227 1405 Dei
1252 1400 1255 1405 .

107 1416 209 1499 inipso
227 1422 359 1478 manet.“
378 1419 453 1479 Nam
472 1420 601 1479 medium
621 1442 707 1499 quem
727 1420 875 1503 sophistae
894 1424 1090 1500 imaginantur
1104 1434 1229 1499 motum,

67 1492 71 1587 p
108 1494 148 1589 ⁸⁰.
159 1496 286 1587 obtequi
304 1494 351 1554 vel
370 1516 457 1574 quern
477 1497 620 1577 repellere
639 1499 764 1558 liberum
783 1498 832 1573 sit,
850 1510 952 1588 aperte
965 1495 1077 1558 excludi
1087 1496 1229 1574 videmus,

67 1628 73 1713 l
108 1570 149 1633 ἡ
163 1584 303 1717 ffugi:
322 1572 1052 1735 {bibaeieidnlieassddreildnibbziscdiibibidniuturum
1064 1662 1137 1725 erat,
1156 1651 1228 1731 quin

67 1736 70 1773 ¹
110 1722 229 1789 labenda
247 1740 324 1788 esset
339 1747 399 1819 pro
419 1729 547 1809 gratuito
566 1729 624 1787 Dei
643 1730 742 1805 dono,
762 1728 816 1790 uisi
835 1728 1002 1789 invaluisset
1021 1728 1158 1809 pessimus
1179 1748 1228 1803 er-

67 1776 73 1891 l
111 1824 165 1881 nr,
189 1826 245 1887 pro
266 1806 418 1865 bominum
437 1808 543 1866 merito
564 1806 636 1867 hauc
657 1806 833 1887 dispensari,
885 1818 954 1865 rout
977 1827 1009 1865 se
1028 1804 1228 1885 unusquisque

110 1902 160 1943 u
174 1883 322 1965 ingratum
334 1884 451 2019 primae
469 1883 580 1965 gratiae
600 1883 779 1964 praebuerit
817 1828 883 1943 Sed
899 1884 977 1942 enim
998 1881 1136 1961 quoniam
1157 1880 1228 1971 inde

113 1972 183 2021 ratu
198 1972 252 2035 est,
271 1980 332 2039 quo
372 1960 515 2039 putabant
533 1960 563 2019 in
583 1982 671 2021 manu
696 1973 799 2022 nostra
825 1982 899 2035 esre,
926 1978 1067 2039 respuere
1085 1956 1131 2018 vel
1151 1977 1228 2018 acer·

67 2056 73 2143 p
114 2056 172 2117 pere
191 2036 319 2099 oblatam
343 2036 400 2095 Dei
425 2037 565 2119 gratiam,
601 2038 658 2098 bae
683 2038 825 2119 opinione
857 2036 990 2117 explosa,
1025 2034 1075 2093 ille
1106 2055 1227 2113 quoque

115 2126 203 2193 tpoule
218 2136 269 2177 oua
289 2114 411 2175 corruit.
450 2114 627 2194 Quanquam
649 2114 694 2175 bie
714 2114 846 2175 bilariam
867 2127 996 2173 erratur:
1015 2133 1082 2172 nam
1095 2124 1227 2203 praeter-

119 2210 190 2269 qun
203 2190 281 2273 quod
301 2202 430 2251 nostram
450 2211 520 2273 erga
540 2194 661 2271 primam
680 2194 803 2275 gratiam
823 2192 1031 2273 gratitudinem
1049 2189 1228 2271 legitimum·

120 2286 169 2345 que
183 2288 254 2329 uum
272 2268 488 2359 posterioribus
507 2272 685 2331 remunerari
704 2270 823 2343 docent,
842 2269 955 2329 addunt
974 2267 1072 2340 etiam,
1092 2285 1152 2325 non
1169 2265 1228 2324 iam

67 2354 69 2399 ;
121 2342 196 2403 tola·
258 2344 379 2405 trannin
400 2344 486 2405 nobis
505 2346 633 2426 operari,
652 2346 702 2407 sed
723 2366 785 2405 erse
805 2358 917 2405 tantum
939 2343 1025 2403 nobis
1044 2342 1227 2423 cooperatri-

67 2421 72 2465 Ι
122 2438 180 2483 tn
209 2364 258 2481 br:
272 2423 374 2503 priore
393 2423 435 2481 sic
455 2421 620 2481 babendum
642 2436 696 2497 est,
714 2423 895 2494 Dominum,
921 2421 989 2479 dum
1010 2422 1041 2479 in
1061 2420 1123 2478 dics
1143 2419 1227 2479 locu·

67 2508 75 2515 ‘
120 2496 203 2577 pletat,
220 2510 249 2557 et
266 2498 353 2558 novit
371 2519 440 2559 suae
459 2498 568 2579 gratiae
580 2499 698 2559 dotibus
715 2500 843 2558 cumulat
854 2519 953 2558 servos
964 2519 1042 2569 suos,
1062 2498 1128 2577 quia
1142 2517 1227 2577 opus,

120 2574 184 2653 prod
201 2575 228 2634 iu
246 2574 301 2633 illia
321 2578 436 2655 coepit,
455 2588 570 2656 gratum
590 2590 800 2655 acceptumque
820 2576 925 2649 habet,
955 2574 984 2633 in
1011 2575 1066 2632 illis
1093 2571 1227 2633 invenire
1271 2573 1280 2587 ⁸

119 2650 184 2739 qod
200 2652 355 2713 maioribus
373 2654 472 2732 gratiis
492 2674 578 2732 prose
602 2666 694 2711 natur.
733 2654 832 2731 Atque
858 2652 914 2710 lrue
937 2651 1088 2731 pertinent
1106 2662 1228 2710 senten-

119 2726 400 2803 ureilbe,1{abenti
420 2729 544 2788 dabitur.
582 2676 669 2803 dtem,
689 2728 774 2810 Euge
792 2750 874 2789 serve
897 2728 993 2787 boue:
1014 2726 1081 2805 quia
1102 2727 1132 2785 in
1154 2748 1228 2805 pau-

122 2800 154 2863 ἁ
169 2802 238 2863 luisti
254 2804 358 2879 fidelis,
376 2826 464 2885 super
482 2806 574 2866 rrrulta
592 2819 623 2865 te
643 2808 825 2866 constituam.
866 2805 926 2864 Sed
947 2804 993 2863 bie
1013 2808 1072 2863 duo
1092 2815 1161 2862 srrnt
1179 2823 1229 2862 ca·

124 2876 210 2949 reuda,
242 2901 279 2940 ue
305 2894 357 2940 aut
375 2884 554 2943 remunerari
574 2885 686 2944 dicatur
712 2883 924 2962 posterioribus
950 2882 1050 2973 gratiis
1082 2879 1229 2959 legitimos

126 2957 1229 3097 altlttlrtltlt‘c,tttlll:ltllllltllll'„t‘lllllli'

126 3102 177 3165 tui
220 3112 303 3171 atuita
322 3111 381 3169 Dei
403 3080 505 3191 gratia.
543 3114 652 3173 Fateor
671 3133 745 3193 crgo
771 3135 817 3171 exs
841 3078 992 3172 ecranda'm
1013 3133 1073 3171 esse
1094 3076 1229 3175 fidelibub

129 3178 186 3271 bgr
225 3190 249 3247 ei
269 3187 524 3261 benedictionem,
549 3212 608 3267 quo
628 3189 731 3248 melius
751 3194 794 3248 usi
815 3134 925 3249 lberint
943 3189 1143 3268 superioribus
1163 3212 1231 3271 gra·

130 3264 213 3327 lunt
227 3284 260 3325 eo
280 3264 441 3324 maioribus
460 3266 581 3345 posthac
601 3267 813 3345 adaugeantur:
834 3265 884 3324 sed
906 3263 985 3323 illum
1007 3288 1126 3344 qrrctque
1147 3290 1229 3327 usum

132 3334 263 3401 ebruino
284 3361 347 3400 esse
367 3342 453 3414 dico,
483 3353 514 3400 et
533 3342 606 3401 bane
627 3342 893 3401 remunerationem
914 3362 930 3399 a
951 3343 1075 3422 gratuita
1096 3343 1157 3402 cius
1176 3345 1232 3402 bc-

132 3414 262 3477 rodenda
304 3418 456 3477 rorenire:
487 3439 521 3479 ac
550 3418 666 3477 sinistre
688 3440 747 3477 non
769 3420 863 3477 minuo
884 3440 969 3496 quatu
993 3419 1152 3478 infeliciter
1177 3422 1232 3479 tri-

131 3488 252 3553 endan
273 3438 492 3553 distinctionem
513 3507 663 3585 usurpant,
683 3497 832 3573 operantis
853 3495 963 3575 gratiae
983 3508 1013 3554 et
1033 3497 1231 3573 cooperantis.

127 3560 177 3624 flac
189 3572 297 3646 quidem
318 3592 386 3629 usus
406 3583 449 3629 eat
467 3574 658 3649 btrgrrstmus,
677 3573 728 3630 sed
749 3572 903 3632 commoda
924 3571 1095 3630 definitione
1109 3574 1233 3648 leniens,

123 3636 199 3703 lleun
216 3646 404 3725 cooperando
425 3649 564 3737 perficere
585 3647 664 3726 qrrod
684 3649 835 3727 operando
855 3648 971 3726 incipit:
992 3648 1157 3707 accnndem
1170 3669 1232 3709 esso

122 3719 234 3796 finden,
257 3724 309 3782 sed
333 3722 432 3781 sortiri
453 3745 562 3782 nomen
583 3745 638 3802 pro
660 3724 773 3783 diverso
794 3725 883 3784 modo
905 3723 1037 3783 ellectus.
1078 3725 1166 3783 Unde
1185 3746 1234 3784 se-

121 3794 209 3871 quitur,
227 3820 292 3857 eum
314 3820 375 3857 uon
396 3799 498 3877 partiri
517 3800 595 3857 inter
614 3801 711 3859 Deum
732 3813 762 3859 et
781 3821 846 3876 nos,
867 3801 923 3859 acsi
944 3822 977 3857 er
991 3802 1111 3877 proprio
1126 3803 1233 3861 utrius.

120 3890 166 3948 que
182 3887 258 3935 motu
279 3887 354 3936 esset
376 3888 474 3935 mutua
494 3878 717 3946 concurrentia,
748 3876 798 3935 sed
823 3879 933 3957 gratiae
959 3875 1234 3953 multiplicationem

75 3956 86 3995 t
119 3959 214 4009 notare.
251 3951 324 4025 Quo
346 3953 474 4030 pertinet
493 3951 573 4030 quod
594 3953 664 4012 alibi
685 3954 755 4012 dicit
774 3954 937 4031 [Euclririd.
958 3952 994 4010 ad
1011 3953 1150 4010 Laurent.
1171 3974 1233 4033 cap.

120 4024 187 4103 3t]‚
210 4029 299 4087 multa
317 4028 376 4086 Dei
397 4028 473 4087 dona
516 4030 671 4087 raecedere
693 4031 799 4088 bonam
822 4028 946 4087 bominis
966 4027 1164 4101 voluntalem,
1189 4032 1234 4088 in·

120 4106 158 4185 ξιτ
172 4124 239 4180 qnae
259 4119 302 4165 est
322 4117 354 4163 et
371 4104 443 4184 ipsa.
494 4052 582 4163 binde
603 4105 750 4182 sequitur,
780 4106 851 4163 nibil
872 4104 1016 4182 reliquum
1037 4104 1133 4163 lacere
1154 4107 1235 4179 ‹prrod

122 4192 170 4250 tpto
188 4180 237 4237 sibi
257 4194 385 4261 arroget.
445 4180 535 4251 Orrod
559 4195 588 4240 cl
617 4181 724 4240 Paulus
755 4181 926 4239 nominatim
954 4178 1101 4257 expressit.
1160 4184 1235 4239 Natu

124 4269 197 4325 quum
214 4256 328 4319 diaiaset
344 4257 437 4335 (Phil.
456 4264 485 4332 2,
507 4258 578 4333 lib),
599 4259 694 4316 Duum
708 4280 768 4316 csse
790 4259 839 4335 qui
860 4256 952 4315 elficit
970 4256 1000 4314 iu
1021 4255 1108 4314 nobis
1120 4270 1149 4315 et
1161 4258 1236 4315 selle

126 4338 150 4385 et
164 4332 312 4409 perficere,
331 4336 474 4396 continuo
495 4335 641 4411 subdidit,
661 4346 818 4414 utrumque
839 4333 936 4395 lacere
954 4352 1011 4412 pro
1031 4331 1111 4393 bona
1130 4333 1236 4394 reduit·
