2700 4732
491 209 568 273 nm.
589 209 643 270 1v.
683 207 773 272 cnr.
791 207 871 273 xm
1140 279 1143 289 ⁴
1197 213 1257 278 soa

195 363 244 424 to
283 356 329 418 Ac
347 358 396 437 (ut
415 356 483 418 istas
501 354 614 416 belluas
634 353 664 416 iu
683 374 736 417 sua
754 375 843 416 arena
863 352 1032 431 conficiam)
1049 351 1075 413 si
1092 349 1187 432 ¹ullum
1206 351 1254 414 hie
1275 389 1279 397 =

121 434 344 495 Sacramentum
356 444 524 512 quaeratur,
543 451 646 493 nonne
664 429 756 513 louge
775 431 935 511 speciosius
952 429 1053 491 iactari
1073 441 1190 509 poterat
1200 429 1256 490 ab·

119 510 298 572 solutionem
317 509 486 570 Sacerdotis
506 509 727 577 Sacramentum
748 528 826 585 esse,
855 529 942 588 quam
967 505 1180 587 poenitentiam
1206 504 1253 567 vel

119 590 293 648 interiorem
312 586 358 646 vel
378 585 570 646 exteriorem?
608 586 782 664 Promptum
806 585 884 649 enim
904 595 968 645 erat
986 584 1099 658 dicere,
1119 602 1253 644 ceremo-

120 665 198 724 niam
218 684 281 724 esse
299 664 336 724 ad
356 661 586 724 confirmandam
610 662 699 722 fidem
724 673 855 722 nostram
874 662 912 721 de
937 671 1126 742 peccatorum
1150 660 1254 720 remis-

119 741 204 802 sione
224 739 393 819 habereque
413 738 637 819 promissionem
657 737 797 813 clavium,
816 749 850 798 ut
868 749 992 798 vocant:
1016 735 1254 816 „Quodcunque

119 816 278 898 ligaveritis
296 827 347 876 aut
359 813 510 881 ,solveritis
529 834 617 893 super
635 825 767 891 terram,
799 815 856 875 erit
877 815 1006 876 solutum
1031 825 1062 873 et
1080 812 1202 895 ligatum
1221 813 1255 874 in

120 892 240 955 coelis.“
283 892 344 953 Sed
364 891 523 952 obiecisset
541 891 696 971 quispiam,
727 891 886 982 plerosque
904 890 977 952 solvi
996 912 1013 951 a
1032 889 1255 966 Sacerdotibus,

142 970 226 1031 uibm
244 967 318 1030 nibil
337 967 395 1028 tale
414 967 594 1035 accedit-uli
613 967 817 1043 absolutione,
836 990 924 1047 quum
946 987 980 1027 ex
999 987 1102 1027 eorum
1114 967 1255 1047 dogmate

120 992 311 1107 Sacramenta
334 1064 430 1106 norae
448 1043 535 1138 Legis
560 1044 679 1104 efficere
699 1044 837 1120 debeant,
856 1043 937 1135 quod
957 1044 1094 1126 figurant.
1130 1043 1254 1104 Ridicu-

119 1123 189 1183 lum.
227 1123 320 1182 Utin
339 1120 521 1181 Eucharistra
540 1120 685 1201 duplicem
705 1121 961 1180 manducationem
981 1131 1127 1195 statuunt,
1147 1119 1254 1180 Sacra·

119 1198 294 1273 mentalem,
321 1217 396 1276 quae
415 1197 503 1258 bouis
523 1216 615 1279 aeque
634 1218 668 1257 ac
687 1196 768 1258 malis
788 1197 951 1257 communis
971 1209 1030 1274 est,
1060 1196 1252 1277 spiritualem,

119 1295 195 1354 quae
214 1275 362 1336 bonorum
381 1285 495 1334 tantum
516 1284 560 1333 est
579 1272 714 1354 propria:
735 1294 788 1333 cur
807 1293 869 1333 non
890 1276 921 1332 et
939 1272 1154 1335 absolutionem
1177 1273 1253 1334 bila-

119 1353 191 1412 riam
211 1352 323 1432 percipi
339 1348 506 1432 fingerent?
542 1349 713 1410 Nectamen
732 1349 873 1410 hactenus
892 1349 1058 1433 intelligere
1074 1351 1169 1430 potui,
1182 1349 1253 1429 quid

117 1429 173 1489 sibi
193 1428 303 1488 vellent
321 1448 388 1487 cum
407 1448 461 1487 suo
480 1424 533 1486 illo
553 1424 709 1507 dogmate,
733 1426 814 1505 quod
840 1447 927 1505 quam
951 1425 1041 1508 longe
1060 1450 1076 1487 a
1095 1426 1154 1486 Dei
1173 1426 1254 1487 reri-

117 1515 178 1565 tate
199 1505 344 1578 dissideat,
364 1503 526 1578 docuimus,
545 1523 634 1636 quum
658 1502 689 1562 id
714 1515 918 1584 argumentum
944 1503 1021 1563 serio
1053 1515 1254 1564 tractaremus.

118 1581 249 1641 Tantum
270 1581 317 1639 hic
337 1579 495 1641 ostendere
513 1600 550 1638 vo
563 1599 597 1653 o,
618 1578 696 1639 bunc
714 1578 883 1660 scrupulum
903 1578 978 1639 nibil
997 1580 1157 1660 impedire,
1175 1600 1252 1660 quo·

117 1660 213 1717 miuus
231 1656 448 1717 absolutionem
467 1655 637 1716 Sacerdotis
656 1656 876 1715 Sacramentum
896 1678 993 1716 nuncu
1015 1668 1076 1715 ent.
1114 1655 1259 1736 Respon·.

120 1736 192 1793 dere
217 1734 294 1791 enirn
326 1753 379 1812 per
404 1753 438 1792 os
462 1730 664 1813 Augustini
692 1731 800 1792 licebat
811 1732 862 1809 ll),
899 1679 1159 1794 sanctidcationem
1189 1752 1253 1793 esse

117 1811 182 1871 siue
211 1807 316 1870 visibili
346 1810 535 1870 Sacramento
567 1821 598 1869 et
626 1807 742 1868 risibile
773 1808 995 1869 Sacramentum
1023 1809 1087 1869 sine
1116 1808 1253 1869 interiori

117 1886 363 1948 sanctificatione:
399 1886 488 1959 item,
520 1896 701 1944 sacramenta
726 1885 757 1944 in
782 1885 851 1946 solis
877 1885 978 1948 electis
1004 1886 1137 1961 efficere,
1169 1885 1253 1966 quod

119 1964 258 2044 figurant:
288 1962 377 2031 item,
403 1962 526 2020 iuduere
547 1961 696 2022 Christum
719 1962 791 2023 ahos
816 1963 960 2042 usquead
980 1962 1162 2023 Sacramenti
1182 1981 1252 2041 per·
1272 1980 1275 1985 ’

118 2040 305 2119 ceptionem,
332 2038 404 2113 alios
424 2034 457 2098 ul
479 2057 516 2097 ue
535 2038 570 2097 ad
589 2037 863 2099 sanctificationem:
894 2038 967 2098 illud
992 2038 1089 2100 bonos
1110 2050 1141 2099 et
1158 2038 1251 2100 malos

91 2194 94 2199 ι
118 2117 229 2196 pariter
239 2114 351 2188 lacere,
370 2113 448 2174 istud
458 2059 564 2175 bonos
578 2112 666 2176 solus.
705 2116 785 2175 Sane
803 2114 972 2176 hallucinati
992 2127 1062 2176 sunt
1079 2114 1144 2196 plus
1163 2135 1251 2195 quam

117 2190 272 2273 pueriliter
303 2203 334 2252 et
352 2190 436 2251 coeci
459 2191 490 2250 in
515 2192 580 2251 sole
604 2189 739 2264 fuerunt,
766 2191 832 2272 qui,
856 2213 946 2271 quum
970 2191 1061 2252 multa
1081 2191 1254 2253 difficultate
1321 2231 1325 2239 ·

70 2335 73 2341 ,
115 2280 294 2338 aestuarent,
313 2287 375 2326 rem
395 2266 511 2347 planam
530 2268 604 2329 adeo
624 2278 655 2327 et
673 2268 761 2328 cuiuis
780 2267 897 2329 obviam
917 2289 979 2329 non
1000 2281 1220 2349 perspexerunt.

192 2352 239 2411 17.
276 2346 323 2404 Ne
343 2356 441 2405 tamen
459 2346 572 2404 animos
590 2343 709 2420 tollant,
728 2365 903 2427 quacunque
922 2346 953 2405 in
973 2358 1057 2426 parte
1077 2345 1252 2419 §arsames-

116 2435 178 2483 turn
199 2422 366 2502 posuerint,
385 2440 482 2512 nego,
501 2421 565 2480 iure
584 2420 686 2482 baberi
705 2442 760 2501 pro
781 2421 988 2482 sacramento:
1010 2422 1150 2502 primum,
1170 2421 1251 2502 quod

117 2497 196 2559 nulla
215 2498 273 2558 Dei
299 2497 452 2578 promissio
476 2497 630 2579 singularis
653 2498 690 2558 ad
716 2497 791 2559 hanc
815 2518 878 2558 rem
903 2510 1013 2574 exstet,
1029 2501 1127 2560 ‚unica
1147 2499 1252 2559 Sacra·

115 2575 208 2635 menti
227 2574 403 2655 hypostasis:
435 2572 542 2634 deiude
562 2574 659 2654 quod,
677 2595 869 2654 quaecunque
893 2575 940 2638 bic
959 2578 1127 2636 ceremonia
1147 2575 1251 2654 prole·

114 2664 206 2726 ratur,
224 2673 337 2712 merum
356 2649 564 2710 sit'bominum
584 2653 751 2725 inventum,
775 2673 866 2732 quum
886 2653 1066 2722 ceremonias
1085 2671 1251 2711 sacramen·

113 2741 212 2803 torum
232 2727 350 2787 nonnisi
370 2748 386 2786 a
405 2727 472 2786 Ileo
492 2727 604 2788 institui
623 2747 710 2806 posse
729 2729 787 2787 iarn
806 2729 957 2788 delinitum
978 2731 1024 2788 sit.
1063 2727 1249 2788 Mendacium

113 2824 188 2885 ergo
208 2815 238 2862 et
256 2804 421 2882 impostura·
437 2803 501 2876 luit,
522 2803 601 2882 quod
623 2805 660 2863 de
678 2815 859 2864 sacramento
879 2803 1079 2883 poenitentiae
1090 2805 1251 2864 commenti

113 2892 190 2942 sunt.
229 2879 409 2937 Ementitum
430 2877 488 2938 hoc
503 2892 714 2938 sacramentum
728 2887 882 2955 ornarunt,
901 2901 959 2960 quo
981 2879 1116 2955 decebat,
1136 2880 1249 2961 elogio,

113 2954 270 3018 secundam
292 2973 354 3015 esse
371 2952 501 3013 tabulam
521 2966 590 3032 post
602 2955 796 3036 naufragium,
815 2957 895 3035 quia,
913 2957 1013 3036 siquis
1031 2969 1141 3017 vestem
1161 2957 1250 3017 inno·

113 3033 230 3095 centiae
248 3034 279 3091 in
299 3031 452 3110 Baptismo.
468 3042 639 3149 pqrceptam
659 3032 808 3111 peccando
821 3035 997 3113 corruperit,
1007 3052 1071 3124 per
1110 3034 1249 3093 ueniten.

112 3111 339 3189 tiam·reparare
359 3117 458 3185 potest
509 3107 533 3183 ).
571 3107 631 3167 Sed
658 3108 768 3169 dictum
792 3122 838 3170 est
859 3111 1042 3191 Hieronymi
1082 3054 1249 3172 Suiuscun-¹

112 3206 172 3266 que
190 3187 238 3259 sit,
258 3184 328 3265 quin
348 3183 435 3263 plane
453 3183 574 3263 impium
593 3185 641 3257 sit,
660 3186 790 3247 excusari
809 3187 922 3265 nequit,
940 3188 964 3248 si
984 3208 1017 3247 ex
1037 3207 1140 3247 eorum
1161 3182 1248 3247 sensis

114 3264 286 3342 exponiturs
319 3261 408 3339 quasi¹
430 3280 501 3320 vero
529 3281 583 3339 per
606 3273 760 3340 peccatum
785 3262 918 3322 deleatur
940 3263 1104 3344 Baptismus
1129 3275 1160 3325 ct
1184 3283 1247 3323 aon

111 3340 211 3419 potius
230 3340 261 3398 in
285 3336 456 3397 memoriam
475 3340 659 3399 revocandus
686 3338 725 3399 sit
752 3341 916 3415 peccatori,
941 3342 1058 3419 quoties
1078 3341 1115 3399 de
1134 3338 1247 3420 peccati

111 3415 283 3475 remissione
308 3416 436 3495 cogitat,
459 3425 493 3474 ut
511 3413 597 3473 illinc
621 3434 686 3476 sese
710 3415 830 3496 colligat
856 3416 1044 3495 animumque
1067 3416 1198 3494 recipiat
1212 3426 1248 3475 et

111 3491 201 3550 fidem
224 3490 392 3564 confirmet,
423 3501 611 3570 peccatomm
641 3491 842 3553 remissionem
862 3510 893 3551 se
912 3493 1152 3571 impetraturum,
1171 3504 1255 3571 quae·

110 3568 169 3628 sihi
193 3567 224 3626 in
243 3567 396 3647 Baptismo
426 3566 567 3646 promissa
591 3568 638 3628 sit.
689 3567 782 3643 Quod
806 3579 905 3628 autem
931 3569 1004 3628 dure
1031 3579 1061 3627 et
1084 3568 1257 3648 improprie·

109 3645 311 3724 Hieronymus
332 3643 412 3717 dixit,
429 3644 613 3722 poenitentia
632 3645 762 3725 reparari
772 3645 1006 3724 Baptismum,(a
1026 3663 1085 3729 quo
1099 3644 1248 3714 excidunt,
1285 3676 1288 3681 ·

110 3721 163 3801 qui
182 3719 427 3780 eacommuuicari
444 3719 481 3780 ab
502 3720 624 3782 ecclesia
642 3723 818 3800 merentur),
838 3722 910 3782 boni
935 3721 1182 3800 isti-interpretes
1207 3720 1246 3780 ad

109 3817 192 3860 suam
216 3795 399 3876 impietatem
414 3795 552 3858 trabunt.
577 3798 747 3878 TAptissime
766 3799 866 3878 itaque
889 3798 1004 3871 dberis,
1022 3799 1047 3858 si
1066 3797 1246 3878 Baptismum

177 4069 209 4138 ⁴)
225 4066 268 4121 (ΞΓ.
287 4071 350 4132 Aug.
368 4054 463 4137 quaest.
480 4084 521 4122 vet
538 4069 606 4124 Tes't.
629 4072 673 4127 lib.
690 4070 729 4128 3?
748 4068 791 4126 De
807 4068 1073 4144 Baph'pa'rvulorum.
1107 4070 1150 4122 De
1166 4066 1244 4141 Bap't.

110 4150 186 4199 cont.⁸
198 4135 326 4199 Donatist.
344 4137 389 4191 lib.
404 4138 428 4191 b.
1059 4188 1074 4193 ..

160 4203 202 4273 ll)
220 4203 259 4256 Ch
278 4204 348 4257 Sent
367 4204 411 4255 tib.
428 4205 456 4258 4.
474 4204 529 4258 dist.
547 4207 588 4260 14.
606 4227 663 4277 cap.
680 4208 704 4261 1.
738 4207 781 4260 De
797 4208 894 4279 poenit
912 4207 998 4262 diat-1.
1016 4226 1072 4276 cap.
1088 4206 1114 4258 2.
1149 4200 1245 4257 celn-

107 4268 158 4324 stit.
175 4285 244 4335 nost.-
257 4292 315 4343 cap.
332 4275 448 4337 dissecet
465 4273 490 4326 ³.
504 4294 510 4307 ¹
526 4276 632 4338 duma
655 4277 770 4340 dictum,
785 4277 865 4348 quod.
875 4277 936 4344 legis
952 4277 982 4333 iis
996 4277 1126 4339 lineam.
1142 4271 1244 4327 (litatur

107 4338 214 4392 Decret.
231 4340 272 4395 ts
288 4354 384 4411 quaest
402 4344 427 4397 1.
445 4359 502 4411 eap.
517 4340 683 4399 Firmissime-
1236 4356 1257 4381 '“
