2596 4726
471 200 557 305 ⁸cris.
576 200 617 261 11.
656 200 745 264 car.
766 198 849 262 vur.
933 285 937 295 Ι
1048 286 1052 293 ,
1154 206 1243 269 aaa.

162 350 206 410 ⁴2
242 343 307 405 Iam
339 365 429 425 quum
453 365 508 425 per
530 358 652 412 naturae
670 342 871 407 conditionem
891 353 924 404 et
941 362 1064 405 accensa
1082 354 1152 424 post
1169 342 1213 405 la-

103 442 170 503 psum
185 420 318 493 libidine,
337 420 467 482 mulieris
485 422 637 483 consortio
659 421 703 482 bis
724 422 843 482 obnoxii
863 420 962 495 simus,
981 421 1037 481 nisi
1057 441 1132 499 quos
1150 421 1213 480 sin-

102 497 177 580 gulari
186 498 363 579 gratiaDeus
375 498 443 557 inde
455 499 575 559 exemit:
588 500 704 559 videant
714 499 822 580 singuli
832 498 901 577 quid
914 497 1073 558 sibidatum
1084 499 1130 558 sit.
1143 497 1214 555 Vir·
1277 542 1297 561 e

103 575 199 656 ginitas,
214 575 320 647 fateor,
334 575 424 634 virtus
435 587 478 636 est
491 597 550 634 non
565 577 794 637 contemnenda:
815 575 865 634 sed
881 574 1018 652 quoniam
1031 575 1091 633 aliis
1107 584 1214 656 negata
1235 582 1239 591 '

103 651 209 724 :stallis
222 653 340 712 nonnisi
350 652 385 710 ad
398 663 511 731 tempus
522 673 672 726 concessa,
685 652 735 731 qui
745 651 781 711 ab
794 650 1008 711 incontinentia
1020 661 1171 724 vexantur,
1183 661 1214 710 et
1278 658 1282 665 “

92 729 247 807 superiores
264 728 294 786 in
316 729 475 788 certamine
496 746 558 787 esse
578 740 730 808 nequeunt
749 728 783 787 ad
804 727 982 786 matrimonii
1002 726 1160 786 subsidium
1180 746 1213 786 se

105 802 250 880 conserant,
271 816 304 863 ut
323 805 362 864 ita
382 805 412 863 in
432 825 499 864 suae
518 805 683 864 vocationis
702 806 793 887 gradu
814 805 973 863 castitatem
993 802 1101 863 colant.
1139 804 1214 862 Nam

104 880 142 1014 qui
156 901 213 938 non
234 882 353 959 capiunt
373 882 429 940 boc
448 880 583 954 verbum,
602 882 625 941 si
645 903 704 940 non
727 885 881 1017 proposito
902 899 1102 958 concessoque
1119 899 1214 937 reme·

118 976 141 1014 m
157 957 393 1035 intemperantiae
413 977 480 1017 suae
499 970 679 1033 succurrant,
701 979 765 1016 curn
810 978 844 1016 eo
863 967 1003 1037 pugnant,
1023 977 1056 1015 ac
1077 956 1215 1016 resistunt

104 1033 152 1092 eius
167 1033 349 1092 ordinationi.
388 1034 492 1114 Neque
511 1033 582 1092 inihi
602 1034 742 1113 quispiam
764 1035 915 1112 obstrepat
938 1032 1033 1112 (quod
1053 1032 1138 1092 multi
1157 1031 1214 1092 lto·

105 1108 142 1167 die
157 1108 294 1185 iaciunt),
311 1110 369 1169 Dei
388 1132 419 1169 se
439 1111 544 1170 auxilio
565 1111 693 1169 adiutum
715 1113 811 1171 omnia
831 1130 926 1190 posse.
984 1108 1043 1167 Dei
1062 1109 1139 1168 enim
1160 1129 1212 1169 au-

94 1183 182 1244 lxiliom
200 1188 319 1247 nonnisi
339 1188 372 1246 iis
392 1187 488 1258 adest,
519 1186 620 1266 quiin
647 1186 698 1247 viis
724 1187 782 1247 suis
802 1186 953 1246 ambulant
984 1185 1046 1263 (Ps.
1066 1192 1114 1258 91,v
1139 1184 1213 1262 14),

104 1259 150 1320 boc
166 1273 215 1335 est,
233 1262 264 1321 in
277 1284 327 1322 sna
339 1265 510 1323 vocatione:
530 1284 546 1323 a
566 1284 623 1341 qua
642 1283 672 1322 se
693 1283 795 1323 omnes
813 1262 990 1335 subducunt,
1010 1262 1059 1352 qui
1072 1264 1214 1339 praeteri·
1255 1318 1258 1323 .

103 1337 132 1396 tis
147 1337 197 1397 Dei
213 1338 358 1413 subsidiis,
377 1341 562 1400 necessitates
579 1361 644 1400 suas
663 1360 800 1418 superare
821 1339 999 1429 eluctarique
1020 1339 1100 1397 :nani
1119 1348 1213 1398 teme-

103 1414 175 1473 ritate
191 1416 383 1476 conteodunt.
422 1416 645 1477 Continentiam
664 1415 810 1496 singulare
831 1435 892 1475 esse
906 1414 964 1473 Der
985 1414 1106 1487 donum,
1125 1426 1214 1492 atque

104 1507 133 1548 ex
148 1509 241 1550 eorum
259 1510 382 1572 genere,
403 1513 477 1572 quae
498 1514 558 1553 non
579 1493 761 1572 promiscue,
781 1512 835 1552 nec
858 1492 888 1549 in
908 1491 1073 1550 universum
1094 1489 1214 1569 corpori

104 1564 241 1641 ecclesiae,
274 1569 326 1627 sed
357 1570 456 1649 paucis
492 1569 629 1629 membris
664 1570 869 1640 conterantur,
909 1566 1054 1625 Dominus
1087 1567 1213 1627 affirmat

103 1641 203 1719 (blattb.
222 1651 271 1717 19,
290 1648 358 1721 12).
378 1644 508 1704 Primum
529 1649 607 1704 enim
627 1658 738 1705 certum
760 1644 909 1703 hominum
926 1662 1019 1725 genus
1034 1642 1112 1715 lacit,
1132 1642 1213 1721 quod

101 1723 303 1780 neuuaverit
320 1733 443 1800 propter
462 1742 493 1780 re
517 1744 586 1783 num
606 1722 774 1795 coelorum,
804 1719 861 1780 lmc
887 1730 946 1793 est,
977 1729 1010 1776 ut
1036 1718 1160 1777 solutius
1179 1738 1213 1778 ac
1265 1738 1267 1743 ’

101 1788 203 1854 bberius
220 1815 323 1856 vacare
342 1798 427 1878 regni
446 1743 580 1859 coelestis
600 1798 725 1876 negotiis
744 1796 841 1855 liceat.
879 1796 919 1854 At
939 1813 977 1852 ne
997 1793 1085 1853 talem
1104 1805 1213 1855 castra-

101 1869 196 1929 tionem
215 1872 329 1932 esseio
361 1873 486 1934 bominis
517 1875 600 1933 sitam
631 1884 777 1951 potestate
807 1870 870 1962 quis
900 1881 994 1950 putet,
1023 1869 1112 1949 paulo
1144 1880 1213 1929 ante

100 1947 251 2009 ostenderat
271 1970 332 2008 non
353 1968 455 2009 omnes
475 1969 537 2010 esse
557 1970 686 2029 rapaces,
704 1948 755 2008 sed
776 1948 880 2027 quibus
900 1946 1085 2027 peculiariter
1098 1965 1114 2004 e
1126 1944 1213 2007 coelo

99 2020 182 2083 datum
198 2025 251 2085 xit:
269 2025 350 2085 unde
368 2026 533 2103 concludit,
555 2025 617 2100 Qui
636 2035 733 2104 potest
745 2044 860 2103 capere,
864 2023 968 2103 capiat
984 2022 1025 2100 (l.
1038 2021 1110 2083 Cor.
1122 2028 1151 2097 7,
1161 2025 1214 2099 7.).

99 2096 196 2160 deserit
213 2102 376 2161 etiamnum
396 2104 523 2182 apertius
543 2100 664 2175 Paulus,
694 2101 762 2160 dum
785 2099 886 2160 scribit
904 2119 1142 2178 unumquemque
1162 2098 1214 2159 ba·

97 2171 159 2235 bere
175 2178 328 2259 proprium
349 2179 460 2239 donum
479 2200 495 2239 a
514 2180 596 2239 Deo:
622 2198 711 2237 renum
731 2179 783 2252 sic,
804 2176 927 2236 alterum
947 2188 1043 2234 autem
1063 2175 1113 2234 sic.

161 2259 207 2318 ta
248 2254 378 2328 Quando
398 2268 497 2334 aperta
517 2256 737 2315 denuntiatione
756 2254 964 2322 admonemur,
993 2272 1054 2310 uon
1075 2269 1138 2310 esse
1158 2272 1211 2311 cu·

95 2327 203 2390 iuslibet
220 2350 337 2392 servare
357 2336 518 2393 castitatem
537 2333 566 2391 in
588 2331 744 2404 coelibatu,
764 2330 874 2390 etiamsi
893 2329 990 2389 studio
1011 2339 1042 2387 et
1061 2338 1168 2387 conatu
1177 2327 1213 2387 ad

95 2405 120 2465 id
137 2408 259 2467 maxime
279 2408 399 2487 aspiret:
421 2409 597 2491 peculiarem
623 2427 685 2468 esse
703 2409 840 2488 gratiam,
865 2427 949 2486 qnam
970 2404 1114 2464 Dominus
1135 2425 1215 2463 non·

91 2482 246 2545 uticanis
267 2484 434 2545 bominibus
454 2486 586 2560 conlcrt,
607 2505 666 2563 quo
687 2485 765 2562 ipsos
785 2482 891 2542 babeat
910 2481 946 2541 ad
966 2502 1040 2561 opus
1059 2502 1143 2541 suum
1164 2500 1213 2538 ex·

86 2560 258 2639 peditiores:
280 2581 381 2621 nonne
400 2563 468 2621 Deo
489 2574 519 2622 et
538 2573 657 2622 naturae
677 2562 712 2620 ab
735 2581 771 2619 co
792 2560 940 2620 institutae
958 2578 1171 2639 repugnamus,
1189 2556 1214 2615 si

84 2658 144 2697 non
163 2638 242 2696 ritae
262 2650 380 2698 nostrae
399 2639 547 2719 genusad
569 2637 713 2697 facultatis
733 2649 850 2695 nostrae
870 2636 987 2697 modurn
1008 2633 1214 2694 accommoda·

83 2713 167 2773 mus?
186 2715 244 2774 llic
263 2716 473 2774 scortationem
493 2715 638 2774 Dominus
658 2713 811 2794 probibet:
840 2715 994 2792 puritatem
1017 2730 1088 2791 ergo
1109 2721 1139 2768 et
1158 2731 1214 2788 pu·

82 2790 214 2851 dieitiam
234 2812 251 2850 a
271 2791 357 2850 nobis
378 2793 510 2870 requirit.
567 2792 636 2850 Eius
663 2790 820 2849 servandae
844 2809 901 2847 una
928 2799 972 2846 est
991 2788 1077 2859 ratio,
1109 2797 1143 2844 ut
1161 2805 1213 2844 suo

79 2867 205 2947 quiaque
226 2867 397 2928 modulose
419 2870 562 2927 metiatur.
600 2868 696 2926 Nemo
717 2879 826 2925 temore
846 2865 1062 2922 matrimonium
1079 2872 1215 2921 contem-

78 2958 142 3018 nat,
162 2942 257 3004 veluti
277 2963 340 3003 rem
358 2944 414 3004 sibi
434 2958 484 3004 aut
503 2943 634 3003 inutilem
656 2954 706 3002 aut
723 2961 944 3021 supervacuam:
969 2959 1057 2998 neum
1085 2935 1215 2998 coeliba-

79 3033 143 3081 tum
177 3020 264 3080 aliter
284 3033 409 3099 expetat,
439 3042 525 3110 quarn
556 3020 579 3079 si
612 3039 700 3078 uxore
726 3037 825 3077 carere
847 3016 945 3095 possit,
1002 3016 1106 3093 Neque
1126 3014 1157 3071 in
1178 3034 1215 3072 eo

79 3101 170 3157 etiam
191 3097 286 3156 carnis
305 3097 508 3176 tranquillitati
528 3098 573 3172 rel
594 3095 792 3155 commoditati
814 3092 962 3164 consulat,
980 3091 1031 3150 sed
1051 3101 1162 3149 tantum
1182 3100 1216 3149 ut

78 3174 202 3234 vinculo
224 3175 280 3234 hoc
300 3174 411 3233 solutus
432 3174 466 3233 ad
488 3175 584 3232 omnia
606 3172 720 3249 pietatis
741 3172 838 3231 officia
869 3169 1034 3248 promptior
1054 3168 1091 3226 sit
1110 3187 1143 3226 ac
1163 3188 1216 3246 pa-

76 3252 184 3311 ratior.
223 3252 264 3309 tlt
283 3252 423 3328 qnoniam
445 3250 540 3310 multis
555 3251 610 3309 hoc
624 3248 794 3308 beneficium
816 3247 934 3306 nonnisi
953 3245 987 3304 ad
1007 3257 1122 3323 tempus
1141 3264 1216 3302 con·

79 3328 194 3401 fertur,
227 3328 338 3385 tamdiu
370 3328 491 3406 quisque
525 3348 540 3386 a
571 3326 711 3405 coniugio
737 3326 895 3396 abstineat,
931 3321 1068 3402 quamdiu
1096 3318 1152 3377 erit
1179 3317 1216 3379 ad

77 3404 256 3464 serrandum
278 3402 454 3463 coelibatum
479 3404 612 3462 idoneus.
669 3401 702 3459 Si
723 3401 757 3460 ad
779 3399 951 3462 domandam
972 3398 1121 3457 libidinem
1141 3396 1216 3455 vires

79 3481 232 3552 deficiant,
253 3479 397 3560 intelligat
417 3481 473 3538 iarn
491 3480 546 3538 sibi
568 3479 696 3560 coniugii
717 3478 918 3537 necessitatem
940 3475 1097 3534 aDomino
1119 3474 1216 3551 impo-

79 3557 176 3618 sitam.
216 3557 284 3615 Hoc
306 3557 487 3616 demonstrat
505 3557 664 3634 Apostolus
685 3553 723 3633 (l.
745 3554 817 3615 Cor.
836 3559 865 3627 7,
884 3560 912 3615 2.
933 3556 992 3630 9.),
1024 3572 1111 3631 quum
1132 3568 1217 3628 prae-

80 3634 154 3714 cipit
174 3645 209 3693 ut
229 3632 264 3692 ad
287 3632 455 3713 fugiendam
474 3633 683 3691 scortationem
703 3630 901 3709 unusquisque
920 3649 1040 3687 uxorem
1064 3647 1145 3686 suam
1166 3624 1217 3683 ha-

76 3710 168 3783 beat,
193 3721 224 3769 et
243 3728 436 3787 unaquaeque
455 3709 560 3768 mulier
578 3709 681 3766 virum.
738 3707 830 3778 Item,
854 3718 888 3765 ut
911 3705 961 3785 qui
986 3725 1046 3762 non
1068 3711 1166 3790 potest
1184 3718 1217 3759 se

80 3787 251 3853 continere,
268 3785 487 3844 matrimonium
507 3788 537 3844 in
555 3785 688 3843 Domino
709 3782 873 3843 contrahat.
920 3780 1049 3840 Primum
1073 3776 1217 3857 significat

79 3864 225 3923 maiorem
246 3860 399 3921 bominum
420 3873 530 3940 partem
550 3860 780 3920 incontinentiae
799 3858 869 3918 vitio
890 3877 952 3918 esse
972 3856 1143 3916 obnoxiam:
1165 3851 1217 3911 de·

82 3939 154 3999 inde
168 3938 259 4011 exiis,
301 3938 330 3997 ui
351 3937 469 3996 obnoxii
481 3947 558 4012 sunt,
579 3938 725 3996 neminem
737 3936 857 4014 excipit,
877 3956 964 4012 quern
984 3952 1044 3991 non
1066 3929 1164 3988 iubeat
1180 3925 1217 3986 ad

83 4016 203 4076 unicum
223 3959 298 4074 illud
317 4015 478 4073 remedium
505 4014 679 4105 coningere,
712 4032 770 4091 quo
791 4011 988 4091 impudicitiae
1009 4006 1125 4066 obviam
1148 4005 1217 4063 itur.

83 4094 167 4172 Ergo
187 4093 327 4171 quisunt
347 4091 573 4165 incontinentes,
593 4114 617 4149 ει
639 4090 691 4148 bac
711 4089 825 4147 ratione
844 4086 955 4146 mederi
975 4083 1130 4165 negligunt
1148 4097 1218 4142 suae

84 4169 262 4242 infirmitati,
288 4187 326 4226 eo
347 4167 412 4247 ipso
432 4180 554 4259 peccant
574 4167 653 4256 quod
674 4166 739 4223 liuic
759 4163 896 4244 Apostoli
915 4161 1050 4220 mandato
1076 4178 1137 4248 uon
1163 4155 1219 4248 ob:

85 4256 261 4327 temperant.
300 4245 407 4323 Neque
420 4243 474 4303 sibi
489 4243 666 4316 blandiatur,
686 4241 735 4320 qui
753 4239 905 4300 mulierem
926 4257 987 4299 non
1008 4234 1141 4316 attingit,
1161 4253 1219 4293 acsi

88 4321 283 4404 impudicitiae
303 4320 388 4404 argui
407 4342 468 4383 nou
488 4331 601 4402 posset:
623 4340 712 4400 quum
732 4316 849 4381 interim
868 4313 982 4376 animus
1000 4310 1121 4374 libidine
1138 4310 1219 4372 intua
