2596 4726
131 180 189 244 m
493 173 570 237 bnt.
588 174 646 237 111.
685 176 775 241 GAP.
793 176 906 239 xxm.

133 316 347 409 misericordia:
368 318 414 379 cui
433 316 558 380 liberum
578 338 641 411 esse
659 318 750 413 debet
767 320 903 400 proierre
921 340 954 383 se
965 332 997 381 et
1007 338 1143 381 emerere
1160 318 1261 383 abiet

133 393 760 545 tt⁰itttt²¹tttnitittsi¹ittj¹¹ttt
770 396 1261 555 bissibff'vai‘ii'n'iiisi'jhii

132 548 216 609 Deus
242 545 407 607 humiliaret
432 549 525 608 carnis
549 547 729 628 superbiam:
752 558 865 611 tantum
888 548 972 613 abest
994 562 1028 611 ut
1051 548 1190 631 perronio
1209 550 1259 613 de·

133 626 247 687 vinctus
266 622 355 683 suerit
375 623 436 685 eius
457 624 547 684 favor.

209 707 256 766 11.
296 700 398 791 Quare
418 698 489 760 ialso
510 711 540 759 et
558 699 681 779 pessime
700 700 796 761 Deum
816 698 975 781 inaequalis
991 700 1123 793 iustitiae
1140 700 1259 763 insimu-

133 776 459 942 ititttttittttd
470 776 1259 945 ”iiii'ii{¹¹31iiiiuissssiiii⁰iiffn¹ieiississ

132 947 224 1008 aeque
244 948 346 989 omnes
366 938 480 1017 puniat:
500 948 524 987 ιι
548 940 696 1017 insontes,
714 929 752 990 ab
772 926 909 1019 omnibus
927 928 1179 1019 rudrerrrrgorem
1192 926 1257 991 abr·

133 1006 234 1067 tineat.
272 1004 363 1082 Atqui
382 1001 503 1082 perinde
523 1024 589 1064 cum
608 1025 672 1083 rpso
688 1016 789 1085 agunt,
807 1024 865 1065 acu
877 1004 923 1065 vei
942 1004 1097 1065 interdicta
1117 1002 1162 1067 ιΙΙί
1181 1004 1258 1067 iuret

132 1079 342 1147 misericordia,
360 1078 416 1152 vei,
435 1078 504 1138 dum
523 1078 585 1137 vult
604 1081 751 1156 misereri,
774 1091 896 1161 cogatur
914 1080 945 1140 in
964 1092 1059 1143 totum
1078 1080 1191 1143 iudicio
1211 1100 1256 1141 re·

131 1156 277 1217 nuntiare.
316 1154 398 1227 Quid
418 1155 561 1233 estquod
580 1155 731 1237 flagitant?
755 1157 779 1217 si
798 1175 900 1217 omnes
918 1168 987 1219 sunt
1004 1156 1103 1231 noxii,
1119 1167 1154 1217 ut
1173 1154 1256 1219 simui

132 1232 253 1291 eandem
273 1250 375 1292 ornnes
393 1229 475 1290 luant
501 1251 634 1312 poenam.
683 1232 821 1292 Fatemur
844 1251 1028 1293 communem
1055 1252 1176 1293 noxam:
1206 1232 1256 1295 sed

130 1307 252 1369 dicimus
264 1305 435 1386 quibusdam
453 1327 623 1367 succurrere
633 1307 691 1366 Dei
711 1308 945 1369 misericordiam.
976 1308 1147 1386 succurrat,
1165 1309 1258 1385 aiunt,

131 1382 277 1446 omnibus.
321 1380 382 1441 Sed
406 1382 579 1462 excipimus,
608 1404 642 1442 ae
665 1406 732 1443 uum
758 1404 821 1443 esse
848 1395 880 1443 ut
904 1383 1054 1464 puniendo
1077 1402 1111 1446 sc
1158 1403 1258 1465 unque

129 1478 165 1521 ae
187 1480 255 1518 uum
274 1456 399 1517 iudicem
412 1460 554 1519 ostendat.
592 1458 628 1519 ld
643 1406 715 1519 ium
736 1480 796 1519 non
815 1460 970 1533 sustinent,
988 1459 1058 1540 quid
1076 1406 1158 1520 aliud
1192 1480 1256 1521 ean

129 1556 151 1595 v
201 1533 357 1595 miserandi
382 1533 517 1594 facultate
541 1535 638 1595 Deum
663 1534 790 1615 spoiiare
813 1546 974 1607 conantur,
1000 1534 1047 1596 vei
1071 1534 1126 1596 bac
1153 1482 1256 1597 ιῇῑειιι

128 1611 197 1693 iege
213 1610 304 1690 ipsam
344 1610 508 1687 ermittere,
531 1623 565 1669 ut
582 1611 690 1671 iudicio
709 1632 741 1671 se
761 1632 878 1692 prorsus
897 1610 1029 1672 abdicet?
1067 1611 1173 1688 Quare
1192 1610 1256 1693 pnl-

130 1686 253 1750 eerrime
265 1632 409 1765 quadrant
427 1686 704 1767 istaesbugustini
722 1688 884 1747 sententiae
904 1686 1083 1767 [Episttttd
1102 1686 1152 1749 De
1172 1706 1257 1779 prat·

86 1778 89 1783 ’
130 1763 202 1825 dest
221 1774 254 1823 et
271 1764 371 1843 gratia.
409 1762 456 1821 De
477 1762 558 1823 bono
579 1784 722 1843 persever.
747 1762 909 1843 cap.12·]:
940 1763 1067 1839 „Quum
1098 1763 1129 1823 in
1159 1784 1256 1845 primo

129 1839 272 1916 „bomine
302 1840 436 1899 universa
466 1840 582 1920 generis
613 1860 703 1899 massa
729 1840 758 1899 in
789 1839 1065 1899 condemnationem
1090 1838 1255 1977 d‘flmffi

130 1959 150 1992 „
170 1935 227 1975 uae
243 1913 317 1973 bunt
337 1936 371 1974 ex
395 1935 430 1974 ea
449 1936 514 1977 vasa
536 1916 566 1974 in
593 1915 753 1988 bonorem,
781 1935 841 1974 non
866 1914 1004 1994 propriae
1028 1914 1177 1992 iustitiae,

129 1938 208 2069 „bet
226 1989 443 2051 misericordiae
462 2011 526 2051 vasa
546 2011 617 2051 esse.
668 1991 758 2066 Quod
784 2011 853 2051 vero
879 1988 934 2051 alia
958 1989 1029 2050 fiant
1047 1990 1078 2049 in
1099 2002 1253 2053 contumc·

128 2068 234 2141 „iiam,
254 2087 315 2127 non
335 2066 376 2126 ini
399 2066 496 2141 nitati,
515 2066 566 2126 sed
586 2067 693 2128 iudicio
713 2066 931 2148 deputandum“
951 2078 1007 2125 etc.
1058 2066 1153 2141 Quod
1173 2068 1252 2129 Deua

128 2146 181 2219 iis,
200 2163 274 2223 quos
293 2088 449 2221 reprobat,
471 2142 596 2203 debitam
623 2164 748 2224 poenam
768 2142 919 2223 rependit:
946 2142 981 2201 iis
1000 2162 1075 2221 quos
1093 2154 1183 2204 vocat
1200 2142 1253 2205 im·

127 2221 261 2281 meritam
280 2220 401 2311 gratiam
421 2219 555 2301 largitur:
587 2219 623 2280 ab
643 2220 724 2280 omni
747 2218 932 2283 accusatIone
950 2218 1087 2296 liberari,
1117 2218 1252 2281 similitu·

129 2297 197 2358 dine
217 2297 385 2371 creditoris,
416 2298 496 2357 cuius
515 2296 545 2355 in
565 2307 709 2374 potestate
729 2309 789 2373 est,
814 2296 897 2355 alteri
916 2294 1082 2371 remittere,
1102 2294 1139 2357 ab
1158 2294 1251 2357 altero

129 2373 253 2451 exigere.
295 2373 398 2432 Potest
421 2371 511 2454 igitur
530 2372 675 2433 Dominus
700 2373 786 2433 etiam
812 2372 881 2432 dare
904 2373 1026 2452 gratiam
1054 2370 1163 2450 quibus
1181 2372 1250 2449 vuit,

128 2450 194 2528 quia
214 2448 377 2507 misericors
396 2459 455 2508 cst:
476 2468 536 2507 non
557 2448 692 2508 omnibus
712 2448 793 2523 dare,
813 2447 880 2527 quia
898 2446 989 2507 iustus
1009 2446 1105 2507 iudex.
1142 2446 1248 2510 Danda

127 2524 297 2604 quibusdam
317 2523 395 2601 quod
417 2545 477 2583 non
498 2534 656 2594 merentur,
674 2526 829 2604 gratuitam
849 2545 928 2583 suam
941 2524 1097 2583 ostendere
1112 2524 1247 2605 gratiam:

127 2621 188 2659 non
209 2599 343 2659 omnibus
360 2600 468 2674 dando,
488 2599 556 2677 quid
577 2611 742 2659 mereantur
760 2621 861 2660 omnes
881 2598 1036 2659 declarare.
1073 2600 1149 2661 Nam
1161 2620 1246 2680 quun

128 2677 224 2735 Deum
242 2675 343 2735 scribit
362 2675 468 2736 Paulus
488 2675 621 2736 clausisse
641 2678 738 2735 omnia
757 2676 810 2736 sub
831 2688 970 2754 peccato,
990 2687 1022 2734 ut
1041 2677 1174 2737 omnium
1193 2676 1244 2735 nai·

126 2765 257 2813 serentur
275 2752 376 2830 (Rom.
397 2759 444 2823 11,
462 2754 541 2828 32),
570 2750 654 2810 simui
674 2751 838 2811 addendum
859 2763 902 2811 est
921 2752 1029 2809 nemini
1049 2771 1112 2813 esse
1132 2752 1244 2813 debito·

128 2850 204 2890 rem:
226 2829 292 2907 quia
313 2849 400 2889 nemo
421 2829 462 2889 iiii
483 2828 564 2909 prior
583 2828 673 2902 dedit,
694 2840 726 2887 ut
745 2841 874 2887 mutuum
895 2828 996 2907 erigat.

203 2912 251 2969 i2·
290 2906 358 2966 lloc
378 2926 496 2986 quoque
515 2904 551 2964 ad
571 2904 754 2964 evertendam
780 2904 1072 2984 praedestinationem
1093 2925 1143 2964 esa
1167 2907 1242 2977 itant,

147 2983 207 3041 uod
226 2985 285 3060 ipsa
306 2993 400 3042 stante
420 2981 557 3042 concidat
577 2983 670 3041 omnis
689 2979 873 3054 sollicitudo,
906 2991 936 3039 et
960 2979 1036 3037 bene
1062 2923 1169 3113 appendi
1187 2992 1241 3041 stu-

127 3004 215 3116 dium.
255 3058 329 3130 Quis
350 3060 425 3117 enim
446 3057 552 3130 audiat,
571 3056 717 3134 inquiunt,
735 3071 855 3116 aeterno
877 3067 906 3114 et
924 3055 1097 3115 immutabis
1118 3058 1176 3117 Dei
1195 3056 1240 3115 de·

127 3145 209 3191 creto
229 3132 285 3192 sibi
305 3134 386 3192 fixam
407 3152 468 3194 esse
487 3143 536 3191 aut
549 3132 634 3191 vitam
654 3145 704 3191 aut
723 3144 857 3205 mortem,
877 3130 945 3211 quin
960 3132 1093 3210 protinus
1113 3133 1145 3192 in
1165 3152 1240 3192 men-

18 3264 24 3275 ,
127 3219 184 3267 tem
205 3208 318 3280 veniat,
338 3209 407 3268 nibil
429 3211 568 3267 interesse
588 3208 737 3285 quomodo
756 3228 787 3268 se
806 3221 902 3288 gerat:
931 3207 1045 3285 quando
1073 3230 1129 3269 suo
1155 3226 1239 3291 opere

128 3282 200 3341 nihii
225 3295 274 3341 aut
305 3285 440 3375 impediri
469 3293 520 3345 aut
571 3285 715 3342 romoveri
736 3297 823 3375 queat
843 3285 898 3342 Dei
917 3283 1164 3363 praedestinatio?
1200 3284 1240 3345 lu

127 3377 230 3419 omnes
250 3359 404 3435 proiicrent
423 3380 470 3432 se,
498 3370 528 3417 et
547 3302 729 3447 deploratum
750 3382 780 3418 in
799 3379 926 3431 morem,
957 3380 1135 3440 quocunque
1155 3360 1239 3422 iibido

127 3433 227 3494 tuterit
247 3436 417 3513 praccipites
435 3436 528 3495 ibunt.
571 3435 610 3493 ht
633 3455 701 3495 sane
727 3457 786 3495 non
813 3436 843 3493 in
865 3436 1027 3495 universum
1047 3440 1240 3499 mentiuntura

126 3522 195 3571 sunt
214 3510 289 3568 enirn
312 3509 443 3590 plerique
463 3510 556 3589 porci,
577 3511 626 3589 qui
651 3512 921 3590 praedestinationis
941 3511 1106 3572 doctrinbm
1127 3512 1240 3595 impuris

126 3584 187 3647 istis
208 3586 267 3647 bias
290 3586 390 3645 hemiis
410 3599 615 3669 conspurcant,
634 3599 721 3664 atque
743 3588 797 3647 hoc
818 3589 902 3647 etiam
924 3588 1048 3648 obtentu
1068 3590 1241 3649 admonitio·

126 3683 179 3723 nes
199 3673 229 3721 et
247 3608 464 3742 obiurgationes
483 3662 626 3743 quaslibet
646 3664 780 3723 eludunt:
806 3664 891 3738 „Scit
909 3663 988 3722 Deus
1009 3665 1078 3742 quid
1101 3665 1138 3727 de
1159 3664 1240 3729 nobit

126 3758 213 3819 agere
233 3738 321 3799 semei
341 3739 488 3799 statuerit:
508 3740 531 3799 si
550 3738 672 3799 salutem
687 3741 823 3811 decrevit,
842 3740 966 3799 adducet
985 3760 1040 3799 nos
1060 3741 1172 3802 adeam
1190 3760 1241 3805 suo

126 3826 276 3891 tempore:
299 3815 323 3877 si
348 3827 472 3874 mortem
491 3816 659 3887 destinavit,
690 3816 792 3875 frustra
822 3828 923 3877 contra
949 3816 1167 3879 tenderemus‘⁸
1204 3820 1241 3877 nt

125 3889 190 3950 Scri
213 3902 292 3963 tura,
324 3891 390 3950 dum
411 3892 551 3972 praecipit
569 3905 676 3969 quanto
696 3892 798 3953 maiori
820 3905 848 3952 et
868 3892 1030 3952 reverentia
1051 3906 1081 3953 et
1100 3894 1241 3977 reiigione

125 3966 163 4027 sit
187 3912 223 4026 eie
246 3978 329 4027 tanto
354 3968 490 4047 mysterio
515 3967 719 4103 copitandum,
751 3980 811 4027 turn
839 3969 902 4047 pios
930 3968 959 4027 in
985 3968 1074 4049 longe
1100 3970 1240 4031 diversum

124 4062 240 4105 sensum
259 4042 401 4119 instituit,
426 4055 485 4103 tum
503 4062 552 4103 sce
566 4055 654 4104 estam
674 4042 790 4103 iliorum
810 4046 1009 4124 intemperiem
1029 4044 1124 4123 probe
1143 4046 1241 4107 redar-

124 4118 198 4200 guit.
235 4121 303 4179 Non
332 4120 410 4179 enim
434 4119 726 4199 praedestinationem
746 4141 782 4181 en
803 4132 1026 4195 commemorat,
1051 4133 1085 4180 nt
1104 4121 1133 4181 in
1153 4122 1241 4183 auda-

125 4196 198 4255 ciam
218 4196 377 4276 erigamur,
409 4206 440 4255 et
468 4196 611 4258 inaccessa
632 4195 686 4255 Dei
710 4209 821 4257 secreta
840 4209 974 4258 excutere
993 4197 1104 4258 neiaria
1125 4198 1239 4259 temeri·

124 4282 185 4333 tate
203 4282 363 4335 tentemus:
382 4273 433 4337 sed
452 4274 548 4355 potius
568 4284 600 4335 ut
619 4272 759 4337 humiliati
778 4295 812 4337 ae
832 4271 950 4349 deiecti,
969 4274 1004 4336 ad
1023 4272 1162 4337 iudicium
1182 4274 1240 4339 eius
