2700 4732
100 182 160 251 m
366 160 369 165 ’
484 174 827 239 mmmm

101 323 218 407 portior
247 322 299 385 sed
327 321 380 383 ubi
409 331 473 384 tota
496 330 665 384 renovator.
717 321 811 401 quue
836 320 992 383 confirmat
1015 332 1147 402 utroque
1166 320 1225 383 lore

124 400 196 463 ostra
215 398 381 460 antithesis:
407 400 449 461 sic
469 398 546 458 enim
567 400 647 458 carni
666 411 852 479 comparatur
871 398 1014 479 Spiritus,
1036 409 1073 457 ut
1091 398 1167 458 nihil
1187 412 1225 471 're

115 479 254 557 inquatur
277 476 414 537 medium.
447 476 529 557 Ergo
551 474 690 566 quicquid
721 496 782 535 non
809 486 853 535 est
882 474 1031 565 spirituale
1050 473 1081 533 in
1101 472 1225 535 homine

103 552 263 614 secuudum
283 572 347 611 eam
372 552 518 611 rationem
543 551 650 611 dicitur
673 572 821 611 carneum.
865 551 945 610 thil
969 562 1067 611 autern
1094 548 1225 613 habemu

103 630 246 710 Spiritus,
266 627 321 689 nisi
340 647 394 711 per
412 628 677 707 regenerationem.
716 628 769 687 Est
787 628 877 705 igitur
896 648 966 688 caro
985 625 1125 707 quicquid
1146 624 1225 689 habe

103 728 167 767 mus
186 726 203 765 a
222 717 334 765 natura.
373 704 484 762 Verum
505 703 542 762 de
562 723 595 763 ea
616 724 648 762 re
666 704 690 763 si
731 706 854 767 naahas
874 715 974 781 posset
992 722 1056 763 esse
1076 701 1225 765 dubitatio

103 802 138 843 ea
157 780 243 842 nobis
263 801 279 841 a
299 779 391 840 l'aulo
411 779 502 859 (Epa.
521 785 556 851 d,
575 781 654 857 ίΣὲ),
673 725 801 840 tollitur:
828 778 878 837 nbi
899 779 1046 859 descripto
1065 778 1161 839 veteri
1180 778 1225 841 hm

102 858 197 931 mine,
228 876 314 937 quem
335 856 445 917 dixerat
463 868 633 935 corruptum
655 875 716 916 esse
736 855 979 935 concupiscentiis
999 854 1126 931 erroris,
1151 854 1225 919 tubo

103 954 159 995 nos
178 932 313 993 renovari
332 931 437 1012 spiritu
457 931 563 992 meotis
584 944 711 992 nostrae.
750 932 840 992 Vides
861 952 926 990 eum
951 951 1013 991 non
1038 950 1155 1011 ponere
1172 928 1225 993 illi·

102 1010 175 1072 citas
194 1029 229 1070 ac
252 1030 352 1089 pravas
375 1006 547 1086 cupiditates
572 1007 601 1067 io
628 1018 709 1087 parte
734 1009 869 1069 sensitiva
897 1008 1004 1082 modo,
1033 1008 1086 1069 sed
1115 1008 1147 1068 io
1170 1004 1225 1089 ipfl

102 1086 189 1147 etiam
208 1098 324 1144 mente:
345 1095 433 1164 atque
452 1084 520 1144 ideo
541 1084 602 1144 eius
622 1085 737 1163 exigere
759 1084 989 1143 renovationem.
1019 1084 1059 1143 Es
1075 1103 1148 1144 saue
1166 1086 1225 1145 e'am

102 1162 247 1223 humanae
266 1173 388 1221 naturae
414 1161 571 1241 imaginem
596 1160 682 1240 paulo
708 1174 777 1220 ante
799 1161 982 1239 depinxerat,
1005 1180 1080 1239 qnae
1099 1158 1182 1220 nulls
1200 1158 1225 1221 is

102 1250 186 1371 parte
206 1257 260 1297 nos
281 1257 343 1297 non
362 1249 517 1316 corruptos
537 1257 570 1295 ac
590 1257 743 1317 perversos
764 1256 825 1297 esse
842 1236 1024 1297 ostenderet.
1064 1230 1225 1316 Nsmqpod

118 1314 218 1374 {entes
238 1332 340 1374 omnes
359 1311 462 1372 scribit
488 1311 635 1372 ambulare
662 1312 692 1371 in
712 1315 837 1372 vanitate
864 1314 967 1371 mentis
992 1332 1076 1386 strae,
1106 1310 1225 1374 obtenu

103 1390 201 1451 hratas
220 1407 282 1449 esse
302 1387 512 1470 intelligentia,
537 1388 674 1448 alienatas
694 1410 709 1448 a
730 1389 786 1448 vita
806 1389 863 1447 llei
883 1399 1007 1469 propter
1024 1388 1225 1468 ignorantiam

103 1465 229 1547 quaein
249 1465 316 1545 ipsis
336 1476 396 1539 est,
416 1477 446 1523 et
465 1465 638 1524 coecitatem
658 1465 755 1524 cordis
775 1466 818 1525 sui
838 1465 927 1543 (Eph.
947 1470 981 1539 4,
1002 1470 1049 1529 17.
1069 1465 1147 1540 18.):
1177 1466 1225 1525 mi·

102 1542 183 1603 nime
203 1539 397 1613 estdnbium,
417 1541 485 1620 quin
507 1552 654 1619 competat
673 1542 702 1600 in
724 1561 773 1601 eos
799 1562 918 1613 omnes,
936 1562 1010 1619 quos
1030 1540 1177 1601 Dominus
1194 1536 1225 1603 ed

103 1617 309 1678 rectitudinem
328 1636 398 1677 snae
417 1629 478 1677 tum
497 1616 666 1698 sapientiae,
685 1629 747 1676 tum
767 1618 892 1677 iustitiae
907 1617 1039 1675 nondum
1051 1610 1225 1691 reformarit

104 1694 196 1769 Quod
216 1692 302 1752 etiarn
323 1694 425 1753 clarius
450 1694 483 1752 srt
502 1712 535 1752 ex
560 1693 777 1771 comparatione
797 1714 864 1752 mox
882 1693 1033 1769 adin-ncta,
1061 1692 1111 1752 ubi
1132 1690 1225 1755 fideles

103 1772 258 1844 admonet,
284 1769 362 1849 quod
387 1791 448 1830 nort
475 1770 514 1829 ita
546 1768 701 1829 didicerint
721 1770 879 1830 Christum.
929 1769 1080 1848 Siquidem
1107 1788 1141 1827 ex
1159 1766 1225 1837 ‚isti

103 1845 200 1906 verbis
220 1845 397 1927 colligimus,
418 1846 527 1907 Christi
547 1846 666 1925 gratiam
688 1846 805 1905 unicum
832 1866 893 1905 esse
914 1845 1092 1916 remedium,
1113 1840 1225 1926 quosh

103 1922 152 1984 illa
173 1922 317 1982 coecitate
337 1934 368 1981 et
385 1922 467 1982 malis
486 1922 555 1983 inde
575 1941 663 1981 eonsc
685 1922 821 1982 uentibus
842 1922 1009 1981 liberemur.
1048 1922 1123 1979 Nam
1144 1920 1225 1993 etita

104 1998 141 2059 de
161 2019 254 2075 regno
275 1998 384 2058 Christi
404 1998 573 2058 vaticinatus
594 1944 780 2058 eratlesaias
799 2004 867 2077 (60,
886 2002 947 2072 2.),
978 2018 1067 2076 quum
1087 1996 1225 2087 Domiqql

104 2075 244 2136 ecclesiae
269 2096 338 2134 suae
364 2075 477 2134 lurein
505 2073 600 2133 lricent
625 2077 830 2157 sempiternam
849 2076 1051 2154 promitteret:
1097 2094 1168 2133 uum
1187 2092 1225 2133 ιι

102 2151 189 2211 terim
210 2150 351 2209 tenebrae
375 2150 553 2231 obtegerent
571 2162 694 2224 terram,
719 2163 749 2209 et
772 2151 866 2231 saligo
893 2152 1031 2231 populos.
1076 2096 1225 2225 ileum!

102 2227 166 2289 sola
185 2226 305 2286 ecclesia
326 2227 498 2286 exorituram
518 2226 576 2283 Dei
594 2226 688 2285 lucem
713 2239 850 2287 testetur:
877 2239 954 2287 extra
973 2224 1126 2287 ecclesiam
1152 2232 1225 2297 cer!¹

103 2304 222 2364 nonnisi
239 2301 377 2362 tenebras
398 2313 428 2361 et
438 2304 609 2361 coecitatem
629 2302 777 2382 relinquit.
814 2305 883 2362 Non
904 2302 1065 2363 recensebo
1074 2300 1225 2385 sigillatim

104 2399 180 2458 quae
199 2382 230 2437 in
252 2378 376 2438 hominis
400 2380 554 2437 vanitatem
579 2379 699 2457 passim,
727 2380 756 2438 io
779 2379 897 2439 Psalmis
918 2378 1086 2472 praesertim
1107 2390 1140 2439 et
1157 2378 1225 2441 l't'et

104 2454 213 2537 plactis,
233 2452 387 2513 habentur.
425 2454 564 2536 Magnum
585 2456 722 2533 estquod
741 2456 842 2516 scribit
855 2456 960 2531 Darrd,
980 2454 1013 2515 Si
1026 2476 1092 2517 cum
1104 2456 1225 2529 rauitstt

104 2552 140 2611 ap
165 2531 304 2603 endatur,
334 2531 394 2609 ipsa
425 2529 490 2590 lore
519 2532 667 2590 vaniorem
688 2532 750 2610 (l's.
770 2536 915 2611 (r“2,10.).
963 2530 1055 2591 Gravi
1078 2530 1142 2593 t'eltt
1162 2550 1225 2621 ειη

105 2553 218 2668 luditur
237 2606 297 2665 eius
317 2606 477 2689 ingenium,
496 2628 585 2687 quum
606 2629 707 2667 omncs
727 2629 801 2688 qnae
821 2608 889 2667 inde
907 2609 1059 2742 prodeunt
1071 2606 1225 2691 cogitatio·¹

104 2702 167 2757 nes,
187 2694 220 2741 nt
238 2681 354 2757 stultae,
375 2682 505 2755 frivolae,
525 2684 653 2758 insanae,
673 2705 825 2763 perversae
845 2685 905 2743 irrir
1221 2694 1225 2705 '

179 2766 208 2822 2.
245 2758 345 2820 Nibilo
366 2759 461 2819 lenior
481 2772 524 2819 est
544 2762 640 2820 cordis
660 2762 883 2835 condemnatio,
905 2783 994 2838 quum
1014 2758 1225 2827 fraudulentam

919 2698 1013 2743 eratus.

105 2836 214 2897 dicitur
253 2854 301 2894 rae
321 2837 402 2897 omni
421 2856 454 2895 re
474 2850 504 2895 et
522 2857 689 2915 perversum
710 2838 782 2915 (ler.
803 2844 855 2909 ¹17,
873 2839 926 2914 9.).
967 2836 1026 2897 Sed
1047 2838 1115 2917 quia
1135 2836 1225 2903 brerii

103 2913 158 2973 tati
177 2856 293 2985 studeo,
313 2924 469 2973 contentus
490 2933 542 2973 ero
562 2934 623 2971 uno
643 2925 755 2972 tanturn
777 2914 858 2974 loro:
879 2914 928 2993 qui
948 2924 1046 2972 tanuen
1067 2906 1225 2989 lucidissid

104 2988 215 3069 speculi
234 2989 325 3048 instar
344 2989 456 3048 intuens
476 2989 530 3064 sit,
556 2989 586 3047 in
627 3011 666 3048 uo
686 3002 777 3048 totam
799 3001 919 3049 naturae
940 3002 1057 3050 nostrae
1075 2990 1225 3073 imagin

104 3067 277 3125 intueamur.
316 3064 477 3145 Apostolus
495 3065 584 3137 enim,
604 3010 671 3123 dnm
692 3066 809 3124 humani
829 3066 945 3145 generis
963 3064 1225 3147 arrogantismwb

105 3142 247 3216 deiicere,
266 3141 310 3203 lais
328 3141 502 3201 testimoniis
522 3143 582 3222 agit
601 3142 701 3215 (llum
720 3150 754 3214 3,
774 3144 937 3217 10-18.):
969 3144 1087 3217 „Quod
1108 3164 1171 3203 non
1189 3148 1225 3205 ed

105 3218 218 3294 „iustus
230 3217 389 3297 quisquam,
410 3238 469 3276 non
491 3230 536 3277 est
553 3218 730 3299 intelligens,
750 3232 800 3277 aut
820 3220 970 3297 requirens
982 3220 1088 3278 iteum.
1121 3214 1225 3297 ΟιιιιιηΙ

105 3293 353 3370 „declinavernot,
373 3292 457 3353 simul
476 3292 594 3353 inutiles
616 3295 681 3354 lacti
701 3308 780 3354 sunt:
803 3316 862 3357 non
881 3296 985 3373 estqui
1005 3294 1094 3355 iaciat
1112 3294 1176 3365 hosa

104 3390 165 3447 „ue
185 3392 258 3429 unus
279 3370 405 3449 quidem.
453 3368 626 3449 Sepulcrum
651 3384 756 3450 pateus
781 3382 825 3431 est
849 3383 951 3451 guttur
974 3390 1097 3447 eurum,
1127 3370 1225 3455 linqu

105 3445 184 3523 „suis
205 3445 307 3506 dolose
326 3456 431 3526 agunt,
450 3466 594 3505 vencnum
614 3446 744 3526 aspidum
763 3447 817 3505 sub
838 3446 920 3506 labiis
940 3466 1053 3511 eorum.
1095 3446 1225 3523 Quom

105 3543 160 3600 „os
187 3520 392 3581 maledictione
416 3520 550 3601 plenum,
577 3533 607 3580 et
625 3523 830 3583 amaritudine:
863 3543 986 3603 quorum
1005 3523 1126 3585 relocet

104 3597 165 3677 „ad
184 3596 398 3657 ellundendutn
416 3619 464 3656 san
489 3599 598 3658 uiaern:
626 3599 655 3658 in
675 3600 726 3659 viis
747 3621 871 3679 quornm
892 3600 1034 3659 contritio
1055 3612 1087 3660 et
1106 3546 1225 3678 inlhlieq

104 3687 183 3767 ,test
204 3673 307 3753 quibus
327 3693 398 3752 prae
417 3617 510 3733 oculis
531 3696 591 3734 non
612 3687 655 3735 est
674 3675 763 3735 timor
782 3676 869 3735 nete
908 3676 961 3735 His
982 3675 1155 3738 fulminibus
1174 3690 1225 3757 tq

104 3774 136 3812 sn
157 3762 254 3811 certos
273 3750 424 3824 homines,
448 3752 505 3809 sed
525 3751 560 3827 in¹
577 3752 738 3812 universam
757 3750 883 3819 filiorum
902 3752 995 3811 Adam
1016 3752 1225 3835 nationem'iq

104 3826 232 3889 vehitur.
269 3826 374 3904 Neque
394 3825 424 3886 in
446 3827 529 3887 unius
549 3839 599 3887 ant
618 3829 735 3887 alterius
753 3828 862 3889 sacculi
881 3828 1054 3906 depravatos
1072 3840 1184 3891 nrores'
1211 3834 1221 3899 J

106 3903 231 3976 clamat,
255 3901 307 3961 sed
326 3914 442 3965 accusat
466 3925 520 3981 per
543 3915 638 3963 etnam
664 3916 783 3963 naturae
803 3910 1033 3983 corruptionem.
1083 3905 1169 3987 Siqn‘

105 3981 291 4061 propositum
322 3976 364 4038 illi
391 3991 436 4039 est
462 3999 499 4039 eo
521 3924 592 4039 loco
618 4000 681 4038 non
705 3980 876 4060 simpliciter
902 3980 1034 4041 homines
1064 3980 1225 4065 obiurgare·

106 4077 167 4137 quo
193 4054 377 4135 resipiscant:
406 4053 458 4117 sed
483 4055 592 4115 docere
616 4056 715 4135 potius
739 4054 920 4116 ineluctabili
943 4056 1108 4133 calamitate
1133 4073 1225 4127 omna

106 4152 275 4212 oppressos,
293 4151 312 4190 e
332 4151 387 4212 qua
399 4150 552 4213 emergere
570 4153 632 4193 non
652 4132 765 4212 possint
777 4133 832 4193 nisi
850 4132 1118 4193 misericordiallei
1129 4148 1225 4195 erum

105 4220 163 4267 tur.
202 4206 236 4267 ld
257 4206 325 4288 quia
344 4206 463 4289 probari
487 4228 549 4266 non
570 4219 701 4288 poterat,
721 4208 777 4268 nisi
797 4209 833 4268 de
853 4209 936 4269 clade
955 4220 987 4269 et
1004 4208 1095 4271 esitio
1115 4188 1225 4289 natus]

107 4284 299 4360 constitisset,
325 4284 450 4365 protulit
475 4284 546 4345 baec
565 4282 749 4362 testimonia,
772 4284 878 4366 quibus
898 4284 964 4367 plus
983 4304 1071 4365 quam
1090 4284 1225 4367 perdiu!¹
