<?xml version="1.0" encoding="UTF-8"?>
<!DOCTYPE html PUBLIC "-//W3C//DTD XHTML 1.0 Transitional//EN"
    "http://www.w3.org/TR/xhtml1/DTD/xhtml1-transitional.dtd">
<html xmlns="http://www.w3.org/1999/xhtml" xml:lang="en" lang="en">
 <head>
  <title>
</title>
<meta http-equiv="Content-Type" content="text/html;charset=utf-8" />
  <meta name='ocr-system' content='tesseract 3.04.00' />
  <meta name='ocr-capabilities' content='ocr_page ocr_carea ocr_par ocr_line ocrx_word'/>
</head>
<body>
  <div class='ocr_page' id='page_1' title='image "./ioanniscalvinii02tholgoog/ioanniscalvinii02tholgoog_0964.png"; bbox 0 0 2596 4726; ppageno 0'>
   <div class='ocr_carea' id='block_1_1' title="bbox 114 152 941 279">
    <p class='ocr_par' dir='ltr' id='par_1_1' title="bbox 114 152 941 279">
     <span class='ocr_line' id='line_1_1' title="bbox 114 152 941 279; baseline -0.002 -17"><span class='ocrx_word' id='word_1_1' title='bbox 114 204 175 279; x_wconf 59' lang='lat' dir='ltr'>m</span> <span class='ocrx_word' id='word_1_2' title='bbox 303 242 307 250; x_wconf 92' lang='lat'>.</span> <span class='ocrx_word' id='word_1_3' title='bbox 501 152 941 263; x_wconf 58' lang='lat' dir='ltr'>mmmm”</span> 
     </span>
    </p>
   </div>
   <div class='ocr_carea' id='block_1_2' title="bbox 14 335 1287 4084">
    <p class='ocr_par' dir='ltr' id='par_1_2' title="bbox 14 335 1287 4084">
     <span class='ocr_line' id='line_1_2' title="bbox 116 335 1253 427; baseline -0.008 -20"><span class='ocrx_word' id='word_1_4' title='bbox 116 341 201 427; x_wconf 80' lang='lat' dir='ltr'>ptutt</span> <span class='ocrx_word' id='word_1_5' title='bbox 224 340 361 405; x_wconf 90' lang='lat' dir='ltr'>odiorum</span> <span class='ocrx_word' id='word_1_6' title='bbox 386 338 547 405; x_wconf 87' lang='lat' dir='ltr'>acerbitate</span> <span class='ocrx_word' id='word_1_7' title='bbox 572 354 603 405; x_wconf 91' lang='lat' dir='ltr'>et</span> <span class='ocrx_word' id='word_1_8' title='bbox 630 341 731 404; x_wconf 87' lang='lat' dir='ltr'>insana</span> <span class='ocrx_word' id='word_1_9' title='bbox 748 339 917 403; x_wconf 76' lang='lat' dir='ltr'>vindicandi</span> <span class='ocrx_word' id='word_1_10' title='bbox 935 338 1124 421; x_wconf 78' lang='lat' dir='ltr'>nocendique</span> <span class='ocrx_word' id='word_1_11' title='bbox 1141 358 1179 399; x_wconf 86' lang='lat' dir='ltr'>ea</span> <span class='ocrx_word' id='word_1_12' title='bbox 1201 335 1253 398; x_wconf 90' lang='lat' dir='ltr'>idi·</span> 
     </span>
     <span class='ocr_line' id='line_1_3' title="bbox 116 413 1253 502; baseline -0.008 -19"><span class='ocrx_word' id='word_1_13' title='bbox 116 431 181 483; x_wconf 91' lang='lat' dir='ltr'>tate</span> <span class='ocrx_word' id='word_1_14' title='bbox 202 431 401 500; x_wconf 81' lang='lat' dir='ltr'>exsequuntur</span> <span class='ocrx_word' id='word_1_15' title='bbox 434 430 466 479; x_wconf 92' lang='lat' dir='ltr'>et</span> <span class='ocrx_word' id='word_1_16' title='bbox 496 419 672 502; x_wconf 76' lang='lat' dir='ltr'>implacabili</span> <span class='ocrx_word' id='word_1_17' title='bbox 700 418 861 499; x_wconf 79' lang='lat' dir='ltr'>pertinacia</span> <span class='ocrx_word' id='word_1_18' title='bbox 885 428 1119 498; x_wconf 65' lang='lat' dir='ltr'><strong>peraequantur,</strong></span> <span class='ocrx_word' id='word_1_19' title='bbox 1152 434 1170 476; x_wconf 90' lang='lat' dir='ltr'>a</span> <span class='ocrx_word' id='word_1_20' title='bbox 1211 413 1253 475; x_wconf 86' lang='lat' dir='ltr'>sui</span> 
     </span>
     <span class='ocr_line' id='line_1_4' title="bbox 118 489 1255 578; baseline -0.006 -20"><span class='ocrx_word' id='word_1_21' title='bbox 118 514 213 578; x_wconf 84' lang='lat' dir='ltr'>usque</span> <span class='ocrx_word' id='word_1_22' title='bbox 238 495 396 557; x_wconf 79' lang='lat' dir='ltr'>adversarii</span> <span class='ocrx_word' id='word_1_23' title='bbox 419 496 543 557; x_wconf 90' lang='lat' dir='ltr'>ruinam.</span> <span class='ocrx_word' id='word_1_24' title='bbox 586 496 709 557; x_wconf 85' lang='lat' dir='ltr'>iuterim</span> <span class='ocrx_word' id='word_1_25' title='bbox 732 494 861 575; x_wconf 84' lang='lat' dir='ltr'>nequid</span> <span class='ocrx_word' id='word_1_26' title='bbox 886 493 944 556; x_wconf 87' lang='lat' dir='ltr'>uiri</span> <span class='ocrx_word' id='word_1_27' title='bbox 966 494 1031 554; x_wconf 91' lang='lat' dir='ltr'>iure</span> <span class='ocrx_word' id='word_1_28' title='bbox 1054 510 1147 575; x_wconf 88' lang='lat' dir='ltr'>agere</span> <span class='ocrx_word' id='word_1_29' title='bbox 1172 489 1255 552; x_wconf 80' lang='lat' dir='ltr'>aesti-</span> 
     </span>
     <span class='ocr_line' id='line_1_5' title="bbox 118 566 1256 654; baseline -0.007 -20"><span class='ocrx_word' id='word_1_30' title='bbox 118 584 252 646; x_wconf 80' lang='lat' dir='ltr'><strong>nentur,</strong></span> <span class='ocrx_word' id='word_1_31' title='bbox 278 572 453 633; x_wconf 89' lang='lat' dir='ltr'>iudiciorum</span> <span class='ocrx_word' id='word_1_32' title='bbox 472 583 624 654; x_wconf 83' lang='lat' dir='ltr'>praetextu</span> <span class='ocrx_word' id='word_1_33' title='bbox 647 571 736 633; x_wconf 90' lang='lat' dir='ltr'>talem</span> <span class='ocrx_word' id='word_1_34' title='bbox 760 569 982 650; x_wconf 82' lang='lat' dir='ltr'>perversitatem</span> <span class='ocrx_word' id='word_1_35' title='bbox 1005 568 1181 630; x_wconf 75' lang='lat' dir='ltr'>detendunt.</span> <span class='ocrx_word' id='word_1_36' title='bbox 1217 566 1256 626; x_wconf 80' lang='lat' dir='ltr'>dt</span> 
     </span>
     <span class='ocr_line' id='line_1_6' title="bbox 120 643 1255 740; baseline -0.006 -30"><span class='ocrx_word' id='word_1_37' title='bbox 120 648 146 710; x_wconf 85' lang='lat' dir='ltr'>ri</span> <span class='ocrx_word' id='word_1_38' title='bbox 165 649 335 710; x_wconf 76' lang='lat' dir='ltr'>cumfratre</span> <span class='ocrx_word' id='word_1_39' title='bbox 352 647 462 710; x_wconf 89' lang='lat' dir='ltr'>iudicio</span> <span class='ocrx_word' id='word_1_40' title='bbox 473 668 561 733; x_wconf 89' lang='lat' dir='ltr'>agere</span> <span class='ocrx_word' id='word_1_41' title='bbox 571 648 808 740; x_wconf 76' lang='lat' dir='ltr'>permissum&#39;est,</span> <span class='ocrx_word' id='word_1_42' title='bbox 826 666 889 708; x_wconf 89' lang='lat' dir='ltr'>non</span> <span class='ocrx_word' id='word_1_43' title='bbox 903 648 1036 729; x_wconf 85' lang='lat' dir='ltr'>protinus</span> <span class='ocrx_word' id='word_1_44' title='bbox 1047 644 1147 705; x_wconf 82' lang='lat' dir='ltr'>odisse</span> <span class='ocrx_word' id='word_1_45' title='bbox 1164 643 1255 725; x_wconf 86' lang='lat' dir='ltr'>iprum</span> 
     </span>
     <span class='ocr_line' id='line_1_7' title="bbox 120 718 1256 817; baseline -0.004 -32"><span class='ocrx_word' id='word_1_46' title='bbox 120 722 207 817; x_wconf 72' lang='lat' dir='ltr'>licet,</span> <span class='ocrx_word' id='word_1_47' title='bbox 229 744 300 817; x_wconf 36' lang='lat' dir='ltr'>&#39;nou</span> <span class='ocrx_word' id='word_1_48' title='bbox 319 724 433 787; x_wconf 82' lang='lat' dir='ltr'>iurioso&#39;</span> <span class='ocrx_word' id='word_1_49' title='bbox 452 724 581 787; x_wconf 77' lang='lat' dir='ltr'>nocendi</span> <span class='ocrx_word' id='word_1_50' title='bbox 599 725 698 786; x_wconf 92' lang='lat' dir='ltr'>studio</span> <span class='ocrx_word' id='word_1_51' title='bbox 715 724 748 785; x_wconf 93' lang='lat' dir='ltr'>iu</span> <span class='ocrx_word' id='word_1_52' title='bbox 766 723 849 783; x_wconf 90' lang='lat' dir='ltr'>illum</span> <span class='ocrx_word' id='word_1_53' title='bbox 869 723 956 801; x_wconf 88' lang='lat' dir='ltr'>ierri,</span> <span class='ocrx_word' id='word_1_54' title='bbox 983 742 1047 783; x_wconf 91' lang='lat' dir='ltr'>nnn</span> <span class='ocrx_word' id='word_1_55' title='bbox 1065 718 1256 803; x_wconf 87' lang='lat' dir='ltr'>pertinaciter</span> 
     </span>
     <span class='ocr_line' id='line_1_8' title="bbox 14 819 249 862; baseline 0 -1"><span class='ocrx_word' id='word_1_56' title='bbox 14 844 17 849; x_wconf 91' lang='lat'><em>-</em></span> <span class='ocrx_word' id='word_1_57' title='bbox 121 819 187 862; x_wconf 84' lang='lat' dir='ltr'>snae</span> <span class='ocrx_word' id='word_1_58' title='bbox 208 822 249 861; x_wconf 86' lang='lat' dir='ltr'>ur.</span> 
     </span>
     <span class='ocr_line' id='line_1_9' title="bbox 188 822 1256 961; baseline -0.01 -17"><span class='ocrx_word' id='word_1_59' title='bbox 188 822 246 944; x_wconf 71' lang='lat' dir='ltr'>qld·</span> <span class='ocrx_word' id='word_1_60' title='bbox 283 876 336 939; x_wconf 82' lang='lat' dir='ltr'>ste</span> <span class='ocrx_word' id='word_1_61' title='bbox 350 895 423 961; x_wconf 85' lang='lat' dir='ltr'>ergo</span> <span class='ocrx_word' id='word_1_62' title='bbox 441 875 514 939; x_wconf 84' lang='lat' dir='ltr'>tales</span> <span class='ocrx_word' id='word_1_63' title='bbox 532 875 671 951; x_wconf 77' lang='lat' dir='ltr'>babeant,</span> <span class='ocrx_word' id='word_1_64' title='bbox 689 874 818 959; x_wconf 84' lang='lat' dir='ltr'>legitima</span> <span class='ocrx_word' id='word_1_65' title='bbox 837 894 900 937; x_wconf 86' lang='lat' dir='ltr'>erae</span> <span class='ocrx_word' id='word_1_66' title='bbox 918 873 1036 948; x_wconf 83' lang='lat' dir='ltr'>iudicia,</span> <span class='ocrx_word' id='word_1_67' title='bbox 1053 874 1079 937; x_wconf 81' lang='lat' dir='ltr'>ei</span> <span class='ocrx_word' id='word_1_68' title='bbox 1098 872 1166 955; x_wconf 79' lang='lat' dir='ltr'>quir</span> <span class='ocrx_word' id='word_1_69' title='bbox 1178 883 1256 933; x_wconf 85' lang='lat' dir='ltr'>recte</span> 
     </span>
     <span class='ocr_line' id='line_1_10' title="bbox 121 948 1256 1034; baseline -0.004 -21"><span class='ocrx_word' id='word_1_70' title='bbox 121 962 239 1015; x_wconf 85' lang='lat' dir='ltr'>utaturr</span> <span class='ocrx_word' id='word_1_71' title='bbox 269 964 393 1015; x_wconf 87' lang='lat' dir='ltr'>rectum·</span> <span class='ocrx_word' id='word_1_72' title='bbox 408 966 506 1015; x_wconf 89' lang='lat' dir='ltr'>autem</span> <span class='ocrx_word' id='word_1_73' title='bbox 533 972 596 1015; x_wconf 86' lang='lat' dir='ltr'>esse</span> <span class='ocrx_word' id='word_1_74' title='bbox 621 973 704 1014; x_wconf 91' lang='lat' dir='ltr'>usum</span> <span class='ocrx_word' id='word_1_75' title='bbox 728 963 790 1013; x_wconf 87' lang='lat' dir='ltr'>tum</span> <span class='ocrx_word' id='word_1_76' title='bbox 811 952 905 1013; x_wconf 84' lang='lat' dir='ltr'>actori</span> <span class='ocrx_word' id='word_1_77' title='bbox 928 950 1035 1034; x_wconf 87' lang='lat' dir='ltr'>agendi</span> <span class='ocrx_word' id='word_1_78' title='bbox 1071 960 1136 1011; x_wconf 90' lang='lat' dir='ltr'>tum</span> <span class='ocrx_word' id='word_1_79' title='bbox 1155 948 1256 1027; x_wconf 77' lang='lat' dir='ltr'>deien-</span> 
     </span>
     <span class='ocr_line' id='line_1_11' title="bbox 123 1024 1236 1111; baseline -0.004 -20"><span class='ocrx_word' id='word_1_80' title='bbox 123 1028 215 1091; x_wconf 89' lang='lat' dir='ltr'>deudi</span> <span class='ocrx_word' id='word_1_81' title='bbox 238 1048 309 1105; x_wconf 87' lang='lat' dir='ltr'>reo,</span> <span class='ocrx_word' id='word_1_82' title='bbox 329 1029 356 1092; x_wconf 83' lang='lat' dir='ltr'>ri</span> <span class='ocrx_word' id='word_1_83' title='bbox 378 1028 427 1089; x_wconf 86' lang='lat' dir='ltr'>bie</span> <span class='ocrx_word' id='word_1_84' title='bbox 450 1028 568 1110; x_wconf 85' lang='lat' dir='ltr'>quidem</span> <span class='ocrx_word' id='word_1_85' title='bbox 592 1028 758 1111; x_wconf 83' lang='lat' dir='ltr'>postulatur</span> <span class='ocrx_word' id='word_1_86' title='bbox 781 1027 818 1089; x_wconf 87' lang='lat' dir='ltr'>ad</span> <span class='ocrx_word' id='word_1_87' title='bbox 838 1027 1005 1090; x_wconf 89' lang='lat' dir='ltr'>condictam</span> <span class='ocrx_word' id='word_1_88' title='bbox 1054 1046 1102 1088; x_wconf 85' lang='lat' dir='ltr'>em</span> <span class='ocrx_word' id='word_1_89' title='bbox 1121 1024 1236 1088; x_wconf 81' lang='lat' dir='ltr'>resisti</span> 
     </span>
     <span class='ocr_line' id='line_1_12' title="bbox 123 1103 1257 1262; baseline -0.005 -19"><span class='ocrx_word' id='word_1_90' title='bbox 123 1116 351 1243; x_wconf 63' lang='lat' dir='ltr'>il’cllidi.</span> <span class='ocrx_word' id='word_1_91' title='bbox 379 1106 724 1262; x_wconf 48' lang='lat' dir='ltr'>extiterit&amp;</span> <span class='ocrx_word' id='word_1_92' title='bbox 740 1103 879 1256; x_wconf 61' lang='lat' dir='ltr'>litii</span> <span class='ocrx_word' id='word_1_93' title='bbox 895 1103 1198 1254; x_wconf 50' lang='lat' dir='ltr'>iidd‘iiffi</span> <span class='ocrx_word' id='word_1_94' title='bbox 1214 1177 1257 1237; x_wconf 71' lang='lat' dir='ltr'>a</span> 
     </span>
     <span class='ocr_line' id='line_1_13' title="bbox 124 1224 1257 1340; baseline -0.003 -22"><span class='ocrx_word' id='word_1_95' title='bbox 124 1256 155 1318; x_wconf 92' lang='lat' dir='ltr'>di</span> <span class='ocrx_word' id='word_1_96' title='bbox 199 1276 217 1318; x_wconf 95' lang='lat' dir='ltr'>e</span> <span class='ocrx_word' id='word_1_97' title='bbox 245 1256 306 1320; x_wconf 82' lang='lat' dir='ltr'>sire</span> <span class='ocrx_word' id='word_1_98' title='bbox 331 1256 362 1318; x_wconf 90' lang='lat' dir='ltr'>in</span> <span class='ocrx_word' id='word_1_99' title='bbox 387 1259 482 1340; x_wconf 89' lang='lat' dir='ltr'>capite</span> <span class='ocrx_word' id='word_1_100' title='bbox 512 1258 572 1320; x_wconf 81' lang='lat' dir='ltr'>sire</span> <span class='ocrx_word' id='word_1_101' title='bbox 602 1259 634 1318; x_wconf 88' lang='lat' dir='ltr'>in</span> <span class='ocrx_word' id='word_1_102' title='bbox 665 1256 791 1319; x_wconf 80' lang='lat' dir='ltr'>fortunis</span> <span class='ocrx_word' id='word_1_103' title='bbox 816 1276 985 1339; x_wconf 81' lang='lat' dir='ltr'>oppressus,</span> <span class='ocrx_word' id='word_1_104' title='bbox 1012 1224 1047 1317; x_wconf 76' lang='lat' dir='ltr'>in</span> <span class='ocrx_word' id='word_1_105' title='bbox 1072 1254 1257 1339; x_wconf 83' lang='lat' dir='ltr'>magistratus</span> 
     </span>
     <span class='ocr_line' id='line_1_14' title="bbox 123 1276 1258 1425; baseline -0.004 -31"><span class='ocrx_word' id='word_1_106' title='bbox 123 1276 213 1394; x_wconf 63' lang='lat' dir='ltr'>adda</span> <span class='ocrx_word' id='word_1_107' title='bbox 232 1353 265 1395; x_wconf 83' lang='lat' dir='ltr'>se</span> <span class='ocrx_word' id='word_1_108' title='bbox 283 1333 430 1409; x_wconf 79' lang='lat' dir='ltr'>conserat,</span> <span class='ocrx_word' id='word_1_109' title='bbox 448 1336 659 1416; x_wconf 85' lang='lat' dir='ltr'>querimoniam</span> <span class='ocrx_word' id='word_1_110' title='bbox 679 1344 823 1414; x_wconf 80' lang='lat' dir='ltr'>exponat,</span> <span class='ocrx_word' id='word_1_111' title='bbox 841 1332 921 1425; x_wconf 78' lang='lat' dir='ltr'>quod</span> <span class='ocrx_word' id='word_1_112' title='bbox 942 1336 1135 1425; x_wconf 49' lang='lat' dir='ltr'>*mummi</span> <span class='ocrx_word' id='word_1_113' title='bbox 1153 1352 1187 1391; x_wconf 85' lang='lat' dir='ltr'>ae</span> <span class='ocrx_word' id='word_1_114' title='bbox 1205 1328 1258 1391; x_wconf 92' lang='lat' dir='ltr'>bo·</span> 
     </span>
     <span class='ocr_line' id='line_1_15' title="bbox 123 1406 1257 1577; baseline -0.003 -30"><span class='ocrx_word' id='word_1_115' title='bbox 123 1406 1257 1577; x_wconf 49' lang='lat' dir='ltr'>fflffifflfflwffifflfflfflfflffiffl</span> 
     </span>
     <span class='ocr_line' id='line_1_16' title="bbox 143 1518 1257 1562; baseline 0 -2"><span class='ocrx_word' id='word_1_116' title='bbox 143 1554 147 1559; x_wconf 95' lang='lat'>.</span> <span class='ocrx_word' id='word_1_117' title='bbox 491 1529 501 1562; x_wconf 83' lang='lat' dir='ltr'>s</span> <span class='ocrx_word' id='word_1_118' title='bbox 963 1528 974 1560; x_wconf 81' lang='lat' dir='ltr'>s</span> <span class='ocrx_word' id='word_1_119' title='bbox 1242 1518 1257 1534; x_wconf 90' lang='grc'><em>“</em></span> 
     </span>
     <span class='ocr_line' id='line_1_17' title="bbox 123 1504 1287 1731; baseline -0.003 -32"><span class='ocrx_word' id='word_1_120' title='bbox 123 1504 1287 1731; x_wconf 58' lang='lat' dir='ltr'>trsserastes.aremarensistriesas²</span> 
     </span>
     <span class='ocr_line' id='line_1_18' title="bbox 122 1714 1257 1796; baseline -0.003 -21"><span class='ocrx_word' id='word_1_121' title='bbox 122 1715 251 1794; x_wconf 81' lang='lat' dir='ltr'>invidia,</span> <span class='ocrx_word' id='word_1_122' title='bbox 270 1715 421 1777; x_wconf 70' lang='lat' dir='ltr'>iracundia</span> <span class='ocrx_word' id='word_1_123' title='bbox 439 1718 568 1795; x_wconf 81' lang='lat' dir='ltr'>incensi,</span> <span class='ocrx_word' id='word_1_124' title='bbox 590 1715 733 1777; x_wconf 89' lang='lat' dir='ltr'>ultionem</span> <span class='ocrx_word' id='word_1_125' title='bbox 751 1715 909 1796; x_wconf 57' lang='lat' dir='ltr'>spirantes,</span> <span class='ocrx_word' id='word_1_126' title='bbox 920 1725 971 1775; x_wconf 87' lang='lat' dir='ltr'>aut</span> <span class='ocrx_word' id='word_1_127' title='bbox 994 1714 1036 1775; x_wconf 85' lang='lat' dir='ltr'>sic</span> <span class='ocrx_word' id='word_1_128' title='bbox 1060 1714 1192 1793; x_wconf 80' lang='lat' dir='ltr'>densque</span> <span class='ocrx_word' id='word_1_129' title='bbox 1210 1733 1257 1772; x_wconf 91' lang='lat' dir='ltr'>ar-</span> 
     </span>
     <span class='ocr_line' id='line_1_19' title="bbox 126 1789 1259 1872; baseline -0.001 -22"><span class='ocrx_word' id='word_1_130' title='bbox 126 1789 202 1853; x_wconf 88' lang='lat' dir='ltr'>dore</span> <span class='ocrx_word' id='word_1_131' title='bbox 221 1792 384 1854; x_wconf 77' lang='lat' dir='ltr'>certaminis</span> <span class='ocrx_word' id='word_1_132' title='bbox 407 1790 594 1871; x_wconf 81' lang='lat' dir='ltr'>inflammati,</span> <span class='ocrx_word' id='word_1_133' title='bbox 622 1802 655 1852; x_wconf 91' lang='lat' dir='ltr'>ut</span> <span class='ocrx_word' id='word_1_134' title='bbox 673 1791 711 1852; x_wconf 95' lang='lat' dir='ltr'>de</span> <span class='ocrx_word' id='word_1_135' title='bbox 731 1792 850 1853; x_wconf 89' lang='lat' dir='ltr'>caritate</span> <span class='ocrx_word' id='word_1_136' title='bbox 870 1790 979 1872; x_wconf 87' lang='lat' dir='ltr'>aliquid</span> <span class='ocrx_word' id='word_1_137' title='bbox 1003 1789 1259 1851; x_wconf 66' lang='lat' dir='ltr'>remittautsttota</span> 
     </span>
     <span class='ocr_line' id='line_1_20' title="bbox 126 1866 1258 1949; baseline -0.003 -22"><span class='ocrx_word' id='word_1_138' title='bbox 126 1868 215 1930; x_wconf 91' lang='lat' dir='ltr'>etiam</span> <span class='ocrx_word' id='word_1_139' title='bbox 246 1869 418 1930; x_wconf 89' lang='lat' dir='ltr'>iustissimae</span> <span class='ocrx_word' id='word_1_140' title='bbox 443 1882 555 1931; x_wconf 85' lang='lat' dir='ltr'>causae·</span> <span class='ocrx_word' id='word_1_141' title='bbox 569 1870 647 1931; x_wconf 83' lang='lat' dir='ltr'>actio</span> <span class='ocrx_word' id='word_1_142' title='bbox 670 1888 733 1929; x_wconf 92' lang='lat' dir='ltr'>non</span> <span class='ocrx_word' id='word_1_143' title='bbox 751 1867 841 1949; x_wconf 90' lang='lat' dir='ltr'>impia</span> <span class='ocrx_word' id='word_1_144' title='bbox 860 1880 923 1930; x_wconf 88' lang='lat' dir='ltr'>etse</span> <span class='ocrx_word' id='word_1_145' title='bbox 937 1880 1009 1928; x_wconf 88' lang='lat' dir='ltr'>&#39;nou</span> <span class='ocrx_word' id='word_1_146' title='bbox 1028 1876 1139 1947; x_wconf 85' lang='lat' dir='ltr'>potest.</span> <span class='ocrx_word' id='word_1_147' title='bbox 1186 1866 1258 1926; x_wconf 82' lang='lat' dir='ltr'>llam</span> 
     </span>
     <span class='ocr_line' id='line_1_21' title="bbox 66 1941 1259 2023; baseline -0.003 -19"><span class='ocrx_word' id='word_1_148' title='bbox 66 1985 69 1993; x_wconf 80' lang='lat'>,</span> <span class='ocrx_word' id='word_1_149' title='bbox 125 1941 186 2005; x_wconf 90' lang='lat' dir='ltr'>boc</span> <span class='ocrx_word' id='word_1_150' title='bbox 206 1945 396 2007; x_wconf 87' lang='lat' dir='ltr'>constitutum</span> <span class='ocrx_word' id='word_1_151' title='bbox 416 1964 479 2007; x_wconf 85' lang='lat' dir='ltr'>esse</span> <span class='ocrx_word' id='word_1_152' title='bbox 503 1946 615 2023; x_wconf 73' lang='lat' dir='ltr'>axium</span> <span class='ocrx_word' id='word_1_153' title='bbox 635 1942 806 2007; x_wconf 82' lang='lat' dir='ltr'>Christianis</span> <span class='ocrx_word' id='word_1_154' title='bbox 830 1942 968 2006; x_wconf 87' lang='lat' dir='ltr'>omuibus</span> <span class='ocrx_word' id='word_1_155' title='bbox 993 1943 1151 2005; x_wconf 79' lang='lat' dir='ltr'>convenit:</span> <span class='ocrx_word' id='word_1_156' title='bbox 1183 1962 1259 2003; x_wconf 89' lang='lat' dir='ltr'>nun·</span> 
     </span>
     <span class='ocr_line' id='line_1_22' title="bbox 104 2017 1259 2103; baseline -0.002 -23"><span class='ocrx_word' id='word_1_157' title='bbox 104 2040 215 2101; x_wconf 63' lang='lat' dir='ltr'>„quam</span> <span class='ocrx_word' id='word_1_158' title='bbox 235 2022 418 2101; x_wconf 80' lang='lat' dir='ltr'>quantumuis</span> <span class='ocrx_word' id='word_1_159' title='bbox 437 2042 558 2103; x_wconf 84' lang='lat' dir='ltr'>aequum</span> <span class='ocrx_word' id='word_1_160' title='bbox 577 2022 660 2084; x_wconf 87' lang='lat' dir='ltr'>litem</span> <span class='ocrx_word' id='word_1_161' title='bbox 678 2022 754 2081; x_wconf 84' lang='lat' dir='ltr'>iuste</span> <span class='ocrx_word' id='word_1_162' title='bbox 773 2022 892 2082; x_wconf 89' lang='lat' dir='ltr'>tractari</span> <span class='ocrx_word' id='word_1_163' title='bbox 911 2042 928 2081; x_wconf 87' lang='lat' dir='ltr'>a</span> <span class='ocrx_word' id='word_1_164' title='bbox 948 2020 1052 2099; x_wconf 76' lang='lat' dir='ltr'>quovis</span> <span class='ocrx_word' id='word_1_165' title='bbox 1071 2038 1189 2101; x_wconf 81' lang='lat' dir='ltr'>posse,¹</span> <span class='ocrx_word' id='word_1_166' title='bbox 1206 2017 1259 2079; x_wconf 89' lang='lat' dir='ltr'>uisi</span> 
     </span>
     <span class='ocr_line' id='line_1_23' title="bbox 126 2094 1259 2178; baseline -0.003 -20"><span class='ocrx_word' id='word_1_167' title='bbox 126 2098 192 2178; x_wconf 89' lang='lat' dir='ltr'>pari</span> <span class='ocrx_word' id='word_1_168' title='bbox 210 2098 585 2161; x_wconf 72' lang='lat' dir='ltr'>adversariunditeerioae</span> <span class='ocrx_word' id='word_1_169' title='bbox 603 2096 867 2178; x_wconf 78' lang='lat' dir='ltr'>benevolentiaque</span> <span class='ocrx_word' id='word_1_170' title='bbox 893 2096 1102 2177; x_wconf 74' lang='lat' dir='ltr'>proseduatur,</span> <span class='ocrx_word' id='word_1_171' title='bbox 1126 2096 1186 2157; x_wconf 85' lang='lat' dir='ltr'>acsi</span> <span class='ocrx_word' id='word_1_172' title='bbox 1204 2094 1259 2156; x_wconf 76' lang='lat' dir='ltr'>ian</span> 
     </span>
     <span class='ocr_line' id='line_1_24' title="bbox 127 2172 1258 2257; baseline -0.003 -21"><span class='ocrx_word' id='word_1_173' title='bbox 127 2174 237 2251; x_wconf 76' lang='lat' dir='ltr'>amice,</span> <span class='ocrx_word' id='word_1_174' title='bbox 268 2173 349 2255; x_wconf 88' lang='lat' dir='ltr'>quod</span> <span class='ocrx_word' id='word_1_175' title='bbox 368 2177 601 2236; x_wconf 75' lang='lat' dir='ltr'>controvertitur</span> <span class='ocrx_word' id='word_1_176' title='bbox 618 2174 786 2257; x_wconf 81' lang='lat' dir='ltr'>negotium,</span> <span class='ocrx_word' id='word_1_177' title='bbox 814 2185 991 2236; x_wconf 86' lang='lat' dir='ltr'>transactum</span> <span class='ocrx_word' id='word_1_178' title='bbox 1010 2192 1045 2233; x_wconf 92' lang='lat' dir='ltr'>ac</span> <span class='ocrx_word' id='word_1_179' title='bbox 1064 2172 1258 2254; x_wconf 81' lang='lat' dir='ltr'>compositum</span> 
     </span>
     <span class='ocr_line' id='line_1_25' title="bbox 127 2248 1258 2331; baseline -0.004 -18"><span class='ocrx_word' id='word_1_180' title='bbox 127 2262 213 2313; x_wconf 83' lang='lat' dir='ltr'>esset</span> <span class='ocrx_word' id='word_1_181' title='bbox 251 2250 393 2313; x_wconf 87' lang='lat' dir='ltr'>Iniecerit</span> <span class='ocrx_word' id='word_1_182' title='bbox 411 2250 489 2312; x_wconf 85' lang='lat' dir='ltr'>lorte</span> <span class='ocrx_word' id='word_1_183' title='bbox 507 2250 623 2331; x_wconf 86' lang='lat' dir='ltr'>aliquis,</span> <span class='ocrx_word' id='word_1_184' title='bbox 647 2251 735 2313; x_wconf 90' lang='lat' dir='ltr'>talem</span> <span class='ocrx_word' id='word_1_185' title='bbox 758 2250 991 2312; x_wconf 88' lang='lat' dir='ltr'>moderationem</span> <span class='ocrx_word' id='word_1_186' title='bbox 1010 2248 1086 2311; x_wconf 90' lang='lat' dir='ltr'>adeo</span> <span class='ocrx_word' id='word_1_187' title='bbox 1110 2267 1258 2329; x_wconf 80' lang='lat' dir='ltr'>nunquam</span> 
     </span>
     <span class='ocr_line' id='line_1_26' title="bbox 126 2322 1259 2409; baseline 0 -24"><span class='ocrx_word' id='word_1_188' title='bbox 126 2326 158 2385; x_wconf 91' lang='lat' dir='ltr'>in</span> <span class='ocrx_word' id='word_1_189' title='bbox 171 2327 310 2387; x_wconf 88' lang='lat' dir='ltr'>iudicium</span> <span class='ocrx_word' id='word_1_190' title='bbox 322 2326 433 2402; x_wconf 81' lang='lat' dir='ltr'>allerri,</span> <span class='ocrx_word' id='word_1_191' title='bbox 451 2339 486 2388; x_wconf 92' lang='lat' dir='ltr'>ut</span> <span class='ocrx_word' id='word_1_192' title='bbox 501 2332 596 2389; x_wconf 86' lang='lat' dir='ltr'>instar</span> <span class='ocrx_word' id='word_1_193' title='bbox 607 2328 646 2389; x_wconf 90' lang='lat' dir='ltr'>sit</span> <span class='ocrx_word' id='word_1_194' title='bbox 655 2326 785 2409; x_wconf 89' lang='lat' dir='ltr'>prodigii</span> <span class='ocrx_word' id='word_1_195' title='bbox 804 2326 913 2404; x_wconf 80' lang='lat' dir='ltr'>lutura,</span> <span class='ocrx_word' id='word_1_196' title='bbox 924 2326 947 2388; x_wconf 92' lang='lat' dir='ltr'>si</span> <span class='ocrx_word' id='word_1_197' title='bbox 957 2346 1016 2407; x_wconf 83' lang='lat' dir='ltr'>qua</span> <span class='ocrx_word' id='word_1_198' title='bbox 1031 2336 1153 2405; x_wconf 90' lang='lat' dir='ltr'>reperta</span> <span class='ocrx_word' id='word_1_199' title='bbox 1163 2322 1259 2385; x_wconf 81' lang='lat' dir='ltr'>luerit</span> 
     </span>
     <span class='ocr_line' id='line_1_27' title="bbox 125 2400 1260 2484; baseline -0.001 -23"><span class='ocrx_word' id='word_1_200' title='bbox 125 2400 238 2463; x_wconf 79' lang='lat' dir='ltr'>Fateor</span> <span class='ocrx_word' id='word_1_201' title='bbox 255 2421 337 2478; x_wconf 84' lang='lat' dir='ltr'>sane,</span> <span class='ocrx_word' id='word_1_202' title='bbox 357 2414 391 2462; x_wconf 88' lang='lat' dir='ltr'>ut</span> <span class='ocrx_word' id='word_1_203' title='bbox 408 2414 477 2463; x_wconf 89' lang='lat' dir='ltr'>sunt</span> <span class='ocrx_word' id='word_1_204' title='bbox 496 2404 600 2464; x_wconf 88' lang='lat' dir='ltr'>borum</span> <span class='ocrx_word' id='word_1_205' title='bbox 619 2415 787 2483; x_wconf 83' lang='lat' dir='ltr'>temporum</span> <span class='ocrx_word' id='word_1_206' title='bbox 806 2422 914 2478; x_wconf 85' lang='lat' dir='ltr'>mores,</span> <span class='ocrx_word' id='word_1_207' title='bbox 932 2422 1034 2465; x_wconf 75' lang='lat' dir='ltr'>rarum</span> <span class='ocrx_word' id='word_1_208' title='bbox 1041 2413 1156 2463; x_wconf 74' lang='lat' dir='ltr'>entare</span> <span class='ocrx_word' id='word_1_209' title='bbox 1174 2400 1260 2484; x_wconf 87' lang='lat' dir='ltr'>probi</span> 
     </span>
     <span class='ocr_line' id='line_1_28' title="bbox 127 2476 1260 2573; baseline 0 -37"><span class='ocrx_word' id='word_1_210' title='bbox 127 2476 284 2570; x_wconf 75' lang='lat' dir='ltr'>litigatoris</span> <span class='ocrx_word' id='word_1_211' title='bbox 304 2478 481 2559; x_wconf 81' lang='lat' dir='ltr'>exemplum:</span> <span class='ocrx_word' id='word_1_212' title='bbox 506 2480 558 2540; x_wconf 88' lang='lat' dir='ltr'>sed</span> <span class='ocrx_word' id='word_1_213' title='bbox 578 2500 624 2540; x_wconf 90' lang='lat' dir='ltr'>res</span> <span class='ocrx_word' id='word_1_214' title='bbox 643 2491 742 2539; x_wconf 87' lang='lat' dir='ltr'>tamen</span> <span class='ocrx_word' id='word_1_215' title='bbox 760 2480 842 2572; x_wconf 68' lang='lat' dir='ltr'>ipse,</span> <span class='ocrx_word' id='word_1_216' title='bbox 867 2480 975 2573; x_wconf 76' lang='lat' dir='ltr'>nullius</span> <span class='ocrx_word' id='word_1_217' title='bbox 999 2478 1067 2539; x_wconf 83' lang='lat' dir='ltr'>mali</span> <span class='ocrx_word' id='word_1_218' title='bbox 1087 2479 1260 2573; x_wconf 25' lang='lat' dir='ltr'>*accessione</span> 
     </span>
     <span class='ocr_line' id='line_1_29' title="bbox 127 2554 1259 2716; baseline -0.002 -24"><span class='ocrx_word' id='word_1_219' title='bbox 127 2554 1015 2716; x_wconf 49' lang='lat' dir='ltr'>tilloittiatiatttriti‘tigeritti‘tt&#39;</span> <span class='ocrx_word' id='word_1_220' title='bbox 1025 2566 1259 2713; x_wconf 57' lang='lat' dir='ltr'>illiniti?</span> 
     </span>
     <span class='ocr_line' id='line_1_30' title="bbox 127 2707 780 2788; baseline -0.006 -16"><span class='ocrx_word' id='word_1_221' title='bbox 127 2709 256 2773; x_wconf 82' lang='lat' dir='ltr'>sendum</span> <span class='ocrx_word' id='word_1_222' title='bbox 277 2720 330 2785; x_wconf 88' lang='lat' dir='ltr'>est,</span> <span class='ocrx_word' id='word_1_223' title='bbox 351 2730 388 2768; x_wconf 92' lang='lat' dir='ltr'>ne</span> <span class='ocrx_word' id='word_1_224' title='bbox 408 2721 511 2769; x_wconf 88' lang='lat' dir='ltr'>nostro</span> <span class='ocrx_word' id='word_1_225' title='bbox 531 2709 601 2768; x_wconf 87' lang='lat' dir='ltr'>vitio</span> <span class='ocrx_word' id='word_1_226' title='bbox 622 2707 780 2788; x_wconf 83' lang='lat' dir='ltr'>polluatur.</span> 
     </span>
     <span class='ocr_line' id='line_1_31' title="bbox 204 2784 1260 2866; baseline -0.002 -22"><span class='ocrx_word' id='word_1_227' title='bbox 204 2792 252 2851; x_wconf 82' lang='lat'>19.</span> <span class='ocrx_word' id='word_1_228' title='bbox 292 2784 354 2859; x_wconf 85' lang='lat' dir='ltr'>Qui</span> <span class='ocrx_word' id='word_1_229' title='bbox 364 2806 434 2846; x_wconf 88' lang='lat' dir='ltr'>vero</span> <span class='ocrx_word' id='word_1_230' title='bbox 446 2786 606 2845; x_wconf 89' lang='lat' dir='ltr'>iudiciarias</span> <span class='ocrx_word' id='word_1_231' title='bbox 617 2806 718 2846; x_wconf 86' lang='lat' dir='ltr'>omnes</span> <span class='ocrx_word' id='word_1_232' title='bbox 734 2787 960 2866; x_wconf 85' lang='lat' dir='ltr'>disceptationes</span> <span class='ocrx_word' id='word_1_233' title='bbox 972 2784 1101 2866; x_wconf 88' lang='lat' dir='ltr'>praecise</span> <span class='ocrx_word' id='word_1_234' title='bbox 1113 2784 1260 2858; x_wconf 75' lang='lat' dir='ltr'>damnant,</span> 
     </span>
     <span class='ocr_line' id='line_1_32' title="bbox 101 2861 1260 2944; baseline 0 -24"><span class='ocrx_word' id='word_1_235' title='bbox 101 2926 104 2931; x_wconf 21' lang='lat'><strong>¹</strong></span> <span class='ocrx_word' id='word_1_236' title='bbox 126 2861 303 2944; x_wconf 82' lang='lat' dir='ltr'>intelligant,</span> <span class='ocrx_word' id='word_1_237' title='bbox 322 2882 354 2922; x_wconf 87' lang='lat' dir='ltr'>se</span> <span class='ocrx_word' id='word_1_238' title='bbox 372 2875 499 2924; x_wconf 86' lang='lat' dir='ltr'>sanctam</span> <span class='ocrx_word' id='word_1_239' title='bbox 512 2863 569 2922; x_wconf 87' lang='lat' dir='ltr'>Dei</span> <span class='ocrx_word' id='word_1_240' title='bbox 590 2862 805 2923; x_wconf 85' lang='lat' dir='ltr'>ordinationem</span> <span class='ocrx_word' id='word_1_241' title='bbox 824 2863 909 2923; x_wconf 88' lang='lat' dir='ltr'>simul</span> <span class='ocrx_word' id='word_1_242' title='bbox 929 2864 1081 2943; x_wconf 88' lang='lat' dir='ltr'>repudiare</span> <span class='ocrx_word' id='word_1_243' title='bbox 1102 2874 1134 2921; x_wconf 93' lang='lat' dir='ltr'>et</span> <span class='ocrx_word' id='word_1_244' title='bbox 1154 2861 1260 2921; x_wconf 91' lang='lat' dir='ltr'>donum</span> 
     </span>
     <span class='ocr_line' id='line_1_33' title="bbox 128 2938 1259 3032; baseline 0 -35"><span class='ocrx_word' id='word_1_245' title='bbox 128 2957 162 2997; x_wconf 87' lang='lat' dir='ltr'>ex</span> <span class='ocrx_word' id='word_1_246' title='bbox 182 2958 414 3032; x_wconf 72' lang='lat' dir='ltr'>eorumgenere,</span> <span class='ocrx_word' id='word_1_247' title='bbox 435 2959 510 3018; x_wconf 90' lang='lat' dir='ltr'>quae</span> <span class='ocrx_word' id='word_1_248' title='bbox 529 2939 645 2999; x_wconf 90' lang='lat' dir='ltr'>mundis</span> <span class='ocrx_word' id='word_1_249' title='bbox 664 2941 771 3000; x_wconf 89' lang='lat' dir='ltr'>munda</span> <span class='ocrx_word' id='word_1_250' title='bbox 789 2960 851 2999; x_wconf 89' lang='lat' dir='ltr'>esse</span> <span class='ocrx_word' id='word_1_251' title='bbox 871 2941 997 3019; x_wconf 88' lang='lat' dir='ltr'>possint:</span> <span class='ocrx_word' id='word_1_252' title='bbox 1018 2939 1073 2999; x_wconf 89' lang='lat' dir='ltr'>nisi</span> <span class='ocrx_word' id='word_1_253' title='bbox 1093 2938 1174 2998; x_wconf 84' lang='lat' dir='ltr'>forte</span> <span class='ocrx_word' id='word_1_254' title='bbox 1186 2939 1259 2997; x_wconf 82' lang='lat' dir='ltr'>Pau·</span> 
     </span>
     <span class='ocr_line' id='line_1_34' title="bbox 128 3012 1260 3108; baseline 0.002 -37"><span class='ocrx_word' id='word_1_255' title='bbox 128 3012 189 3072; x_wconf 88' lang='lat' dir='ltr'>lum</span> <span class='ocrx_word' id='word_1_256' title='bbox 219 3016 324 3096; x_wconf 78' lang='lat' dir='ltr'>flagitii</span> <span class='ocrx_word' id='word_1_257' title='bbox 356 3015 525 3108; x_wconf 75' lang='lat' dir='ltr'>insimulare</span> <span class='ocrx_word' id='word_1_258' title='bbox 545 3014 707 3090; x_wconf 81' lang='lat' dir='ltr'>volent*)‚</span> <span class='ocrx_word' id='word_1_259' title='bbox 737 3018 786 3095; x_wconf 92' lang='lat' dir='ltr'>qui</span> <span class='ocrx_word' id='word_1_260' title='bbox 813 3028 843 3076; x_wconf 89' lang='lat' dir='ltr'>et</span> <span class='ocrx_word' id='word_1_261' title='bbox 870 3027 1069 3077; x_wconf 88' lang='lat' dir='ltr'>accusatorum</span> <span class='ocrx_word' id='word_1_262' title='bbox 1095 3014 1260 3105; x_wconf 77' lang='lat' dir='ltr'>calumnias,</span> 
     </span>
     <span class='ocr_line' id='line_1_35' title="bbox 126 3090 1260 3247; baseline 0 -23"><span class='ocrx_word' id='word_1_263' title='bbox 126 3090 743 3247; x_wconf 50' lang='lat' dir='ltr'>titt„tillet}“tibitibi</span> <span class='ocrx_word' id='word_1_264' title='bbox 763 3094 937 3229; x_wconf 61' lang='lat' dir='ltr'>{illiti</span> <span class='ocrx_word' id='word_1_265' title='bbox 944 3090 1260 3229; x_wconf 52' lang='lat' dir='ltr'>’assiriidildi&#39;ai</span> 
     </span>
     <span class='ocr_line' id='line_1_36' title="bbox 150 3190 1260 3336; baseline 0.001 -36"><span class='ocrx_word' id='word_1_266' title='bbox 150 3262 189 3300; x_wconf 92' lang='lat' dir='ltr'>uo</span> <span class='ocrx_word' id='word_1_267' title='bbox 214 3243 348 3321; x_wconf 85' lang='lat' dir='ltr'>praeside</span> <span class='ocrx_word' id='word_1_268' title='bbox 379 3242 415 3303; x_wconf 91' lang='lat' dir='ltr'>ad</span> <span class='ocrx_word' id='word_1_269' title='bbox 436 3190 735 3334; x_wconf 29' lang='lat' dir='ltr'>gaesarisutribuual,</span> <span class='ocrx_word' id='word_1_270' title='bbox 767 3267 856 3336; x_wconf 81' lang='lat' dir='ltr'>quum</span> <span class='ocrx_word' id='word_1_271' title='bbox 884 3266 959 3325; x_wconf 89' lang='lat' dir='ltr'>opus</span> <span class='ocrx_word' id='word_1_272' title='bbox 983 3245 1052 3319; x_wconf 87' lang='lat' dir='ltr'>fuit,</span> <span class='ocrx_word' id='word_1_273' title='bbox 1083 3243 1260 3335; x_wconf 84' lang='lat' dir='ltr'>provocavit</span> 
     </span>
     <span class='ocr_line' id='line_1_37' title="bbox 157 3318 1259 3399; baseline 0.004 -24"><span class='ocrx_word' id='word_1_274' title='bbox 157 3336 191 3376; x_wconf 91' lang='lat' dir='ltr'>ec</span> <span class='ocrx_word' id='word_1_275' title='bbox 211 3318 307 3394; x_wconf 89' lang='lat' dir='ltr'>obest,</span> <span class='ocrx_word' id='word_1_276' title='bbox 329 3319 410 3398; x_wconf 88' lang='lat' dir='ltr'>quod</span> <span class='ocrx_word' id='word_1_277' title='bbox 431 3318 603 3381; x_wconf 77' lang='lat' dir='ltr'>Christianis</span> <span class='ocrx_word' id='word_1_278' title='bbox 623 3321 758 3382; x_wconf 89' lang='lat' dir='ltr'>omnibus</span> <span class='ocrx_word' id='word_1_279' title='bbox 778 3322 934 3382; x_wconf 79' lang='lat' dir='ltr'>interdicta</span> <span class='ocrx_word' id='word_1_280' title='bbox 953 3333 997 3382; x_wconf 92' lang='lat' dir='ltr'>est</span> <span class='ocrx_word' id='word_1_281' title='bbox 1015 3321 1162 3381; x_wconf 76' lang='lat' dir='ltr'>vindictae</span> <span class='ocrx_word' id='word_1_282' title='bbox 1183 3320 1259 3399; x_wconf 89' lang='lat' dir='ltr'>cupi·</span> 
     </span>
     <span class='ocr_line' id='line_1_38' title="bbox 129 3392 1259 3481; baseline 0.004 -30"><span class='ocrx_word' id='word_1_283' title='bbox 129 3392 217 3468; x_wconf 88' lang='lat' dir='ltr'>ditas,</span> <span class='ocrx_word' id='word_1_284' title='bbox 252 3415 337 3472; x_wconf 90' lang='lat' dir='ltr'>quam</span> <span class='ocrx_word' id='word_1_285' title='bbox 365 3407 395 3454; x_wconf 89' lang='lat' dir='ltr'>et</span> <span class='ocrx_word' id='word_1_286' title='bbox 419 3417 473 3456; x_wconf 92' lang='lat' dir='ltr'>nos</span> <span class='ocrx_word' id='word_1_287' title='bbox 493 3416 509 3455; x_wconf 90' lang='lat' dir='ltr'>a</span> <span class='ocrx_word' id='word_1_288' title='bbox 531 3395 704 3457; x_wconf 87' lang='lat' dir='ltr'>Christianis</span> <span class='ocrx_word' id='word_1_289' title='bbox 734 3398 876 3458; x_wconf 85' lang='lat' dir='ltr'>subselliis</span> <span class='ocrx_word' id='word_1_290' title='bbox 906 3399 1078 3481; x_wconf 87' lang='lat' dir='ltr'>longissime</span> <span class='ocrx_word' id='word_1_291' title='bbox 1108 3398 1259 3479; x_wconf 81' lang='lat' dir='ltr'>abigimus.</span> 
     </span>
     <span class='ocr_line' id='line_1_39' title="bbox 126 3468 1259 3554; baseline 0.004 -27"><span class='ocrx_word' id='word_1_292' title='bbox 126 3468 202 3530; x_wconf 87' lang='lat' dir='ltr'>Nam</span> <span class='ocrx_word' id='word_1_293' title='bbox 221 3470 282 3530; x_wconf 88' lang='lat' dir='ltr'>sive</span> <span class='ocrx_word' id='word_1_294' title='bbox 303 3470 425 3531; x_wconf 82' lang='lat' dir='ltr'>ciuiliter</span> <span class='ocrx_word' id='word_1_295' title='bbox 446 3473 653 3545; x_wconf 86' lang='lat' dir='ltr'>contenditur,</span> <span class='ocrx_word' id='word_1_296' title='bbox 678 3494 738 3533; x_wconf 92' lang='lat' dir='ltr'>non</span> <span class='ocrx_word' id='word_1_297' title='bbox 759 3487 839 3535; x_wconf 89' lang='lat' dir='ltr'>rccta</span> <span class='ocrx_word' id='word_1_298' title='bbox 859 3475 969 3535; x_wconf 89' lang='lat' dir='ltr'>incedit</span> <span class='ocrx_word' id='word_1_299' title='bbox 987 3476 1049 3547; x_wconf 83' lang='lat' dir='ltr'>ria,</span> <span class='ocrx_word' id='word_1_300' title='bbox 1070 3474 1127 3534; x_wconf 87' lang='lat' dir='ltr'>nisi</span> <span class='ocrx_word' id='word_1_301' title='bbox 1148 3475 1198 3554; x_wconf 89' lang='lat' dir='ltr'>qui</span> <span class='ocrx_word' id='word_1_302' title='bbox 1217 3474 1259 3531; x_wconf 92' lang='lat' dir='ltr'>iu·</span> 
     </span>
     <span class='ocr_line' id='line_1_40' title="bbox 127 3546 1259 3631; baseline 0.004 -27"><span class='ocrx_word' id='word_1_303' title='bbox 127 3546 214 3605; x_wconf 83' lang='lat' dir='ltr'>noxia</span> <span class='ocrx_word' id='word_1_304' title='bbox 233 3546 418 3626; x_wconf 89' lang='lat' dir='ltr'>simplicitate</span> <span class='ocrx_word' id='word_1_305' title='bbox 437 3569 589 3609; x_wconf 89' lang='lat' dir='ltr'>remsuam</span> <span class='ocrx_word' id='word_1_306' title='bbox 609 3550 699 3610; x_wconf 88' lang='lat' dir='ltr'>iudici</span> <span class='ocrx_word' id='word_1_307' title='bbox 719 3561 856 3630; x_wconf 89' lang='lat' dir='ltr'>tanquam</span> <span class='ocrx_word' id='word_1_308' title='bbox 868 3551 988 3631; x_wconf 90' lang='lat' dir='ltr'>publico</span> <span class='ocrx_word' id='word_1_309' title='bbox 1005 3551 1096 3611; x_wconf 89' lang='lat' dir='ltr'>tutori</span> <span class='ocrx_word' id='word_1_310' title='bbox 1110 3570 1259 3611; x_wconf 88' lang='lat' dir='ltr'>commen·</span> 
     </span>
     <span class='ocr_line' id='line_1_41' title="bbox 127 3621 1259 3706; baseline 0.004 -26"><span class='ocrx_word' id='word_1_311' title='bbox 127 3621 192 3695; x_wconf 90' lang='lat' dir='ltr'>dat,</span> <span class='ocrx_word' id='word_1_312' title='bbox 212 3621 283 3681; x_wconf 89' lang='lat' dir='ltr'>nihil</span> <span class='ocrx_word' id='word_1_313' title='bbox 304 3623 398 3683; x_wconf 90' lang='lat' dir='ltr'>minus</span> <span class='ocrx_word' id='word_1_314' title='bbox 423 3646 510 3703; x_wconf 88' lang='lat' dir='ltr'>qnam</span> <span class='ocrx_word' id='word_1_315' title='bbox 535 3637 663 3685; x_wconf 87' lang='lat' dir='ltr'>mutuam</span> <span class='ocrx_word' id='word_1_316' title='bbox 689 3625 757 3686; x_wconf 88' lang='lat' dir='ltr'>mali</span> <span class='ocrx_word' id='word_1_317' title='bbox 784 3628 875 3687; x_wconf 90' lang='lat' dir='ltr'>vicem</span> <span class='ocrx_word' id='word_1_318' title='bbox 900 3628 967 3706; x_wconf 90' lang='lat' dir='ltr'>(qui</span> <span class='ocrx_word' id='word_1_319' title='bbox 988 3638 1032 3686; x_wconf 87' lang='lat' dir='ltr'>est</span> <span class='ocrx_word' id='word_1_320' title='bbox 1051 3627 1198 3687; x_wconf 84' lang='lat' dir='ltr'>vindictae</span> <span class='ocrx_word' id='word_1_321' title='bbox 1218 3625 1259 3684; x_wconf 87' lang='lat' dir='ltr'>al-</span> 
     </span>
     <span class='ocr_line' id='line_1_42' title="bbox 128 3696 1260 3795; baseline 0.004 -40"><span class='ocrx_word' id='word_1_322' title='bbox 128 3696 237 3786; x_wconf 75' lang='lat' dir='ltr'>lectus)</span> <span class='ocrx_word' id='word_1_323' title='bbox 256 3699 419 3778; x_wconf 86' lang='lat' dir='ltr'>rependere</span> <span class='ocrx_word' id='word_1_324' title='bbox 439 3702 586 3780; x_wconf 88' lang='lat' dir='ltr'>cogitans,</span> <span class='ocrx_word' id='word_1_325' title='bbox 612 3703 673 3762; x_wconf 83' lang='lat' dir='ltr'>sive</span> <span class='ocrx_word' id='word_1_326' title='bbox 692 3703 823 3795; x_wconf 88' lang='lat' dir='ltr'>capitalis</span> <span class='ocrx_word' id='word_1_327' title='bbox 842 3715 894 3764; x_wconf 88' lang='lat' dir='ltr'>ant</span> <span class='ocrx_word' id='word_1_328' title='bbox 912 3705 1028 3784; x_wconf 83' lang='lat' dir='ltr'>gravior</span> <span class='ocrx_word' id='word_1_329' title='bbox 1048 3701 1146 3782; x_wconf 89' lang='lat' dir='ltr'>aliqua</span> <span class='ocrx_word' id='word_1_330' title='bbox 1166 3705 1260 3763; x_wconf 90' lang='lat' dir='ltr'>inteu-</span> 
     </span>
     <span class='ocr_line' id='line_1_43' title="bbox 127 3771 1259 3860; baseline 0.005 -30"><span class='ocrx_word' id='word_1_331' title='bbox 127 3771 303 3850; x_wconf 82' lang='lat' dir='ltr'>dsturactio,</span> <span class='ocrx_word' id='word_1_332' title='bbox 323 3793 389 3834; x_wconf 91' lang='lat' dir='ltr'>eum</span> <span class='ocrx_word' id='word_1_333' title='bbox 409 3788 606 3837; x_wconf 88' lang='lat' dir='ltr'>accusatorem</span> <span class='ocrx_word' id='word_1_334' title='bbox 626 3780 812 3857; x_wconf 78' lang='lat' dir='ltr'>requirimus,</span> <span class='ocrx_word' id='word_1_335' title='bbox 832 3782 882 3860; x_wconf 91' lang='lat' dir='ltr'>qui</span> <span class='ocrx_word' id='word_1_336' title='bbox 903 3780 983 3840; x_wconf 94' lang='lat' dir='ltr'>nullo</span> <span class='ocrx_word' id='word_1_337' title='bbox 1003 3780 1165 3840; x_wconf 87' lang='lat' dir='ltr'>ulciscendi</span> <span class='ocrx_word' id='word_1_338' title='bbox 1184 3791 1259 3840; x_wconf 88' lang='lat' dir='ltr'>aestu</span> 
     </span>
     <span class='ocr_line' id='line_1_44' title="bbox 72 3851 1259 3931; baseline 0.008 -26"><span class='ocrx_word' id='word_1_339' title='bbox 72 3906 76 3921; x_wconf 61' lang='grc'>,</span> <span class='ocrx_word' id='word_1_340' title='bbox 127 3860 297 3928; x_wconf 86' lang='lat' dir='ltr'>correptus,</span> <span class='ocrx_word' id='word_1_341' title='bbox 316 3851 395 3910; x_wconf 87' lang='lat' dir='ltr'>nulla</span> <span class='ocrx_word' id='word_1_342' title='bbox 416 3853 545 3931; x_wconf 87' lang='lat' dir='ltr'>privatae</span> <span class='ocrx_word' id='word_1_343' title='bbox 565 3854 687 3914; x_wconf 89' lang='lat' dir='ltr'>iniuriae</span> <span class='ocrx_word' id='word_1_344' title='bbox 708 3856 876 3917; x_wconf 80' lang='lat' dir='ltr'>ofsensione</span> <span class='ocrx_word' id='word_1_345' title='bbox 895 3870 988 3917; x_wconf 90' lang='lat' dir='ltr'>tactus</span> <span class='ocrx_word' id='word_1_346' title='bbox 1008 3857 1039 3915; x_wconf 93' lang='lat' dir='ltr'>in</span> <span class='ocrx_word' id='word_1_347' title='bbox 1060 3855 1159 3916; x_wconf 86' lang='lat' dir='ltr'>forum</span> <span class='ocrx_word' id='word_1_348' title='bbox 1179 3875 1259 3917; x_wconf 89' lang='lat' dir='ltr'>acce·</span> 
     </span>
     <span class='ocr_line' id='line_1_45' title="bbox 126 3921 1258 4014; baseline 0.007 -32"><span class='ocrx_word' id='word_1_349' title='bbox 126 3921 193 4014; x_wconf 54' lang='lat' dir='ltr'>dat,</span> <span class='ocrx_word' id='word_1_350' title='bbox 205 3925 256 3984; x_wconf 89' lang='lat' dir='ltr'>sed</span> <span class='ocrx_word' id='word_1_351' title='bbox 277 3926 308 3985; x_wconf 92' lang='lat' dir='ltr'>iu</span> <span class='ocrx_word' id='word_1_352' title='bbox 327 3927 427 3987; x_wconf 91' lang='lat' dir='ltr'>animo</span> <span class='ocrx_word' id='word_1_353' title='bbox 446 3929 582 3989; x_wconf 84' lang='lat' dir='ltr'>duntaxat</span> <span class='ocrx_word' id='word_1_354' title='bbox 602 3930 722 4006; x_wconf 88' lang='lat' dir='ltr'>babens,</span> <span class='ocrx_word' id='word_1_355' title='bbox 741 3935 900 4009; x_wconf 90' lang='lat' dir='ltr'>perniciosi</span> <span class='ocrx_word' id='word_1_356' title='bbox 920 3933 1045 3993; x_wconf 90' lang='lat' dir='ltr'>hominis</span> <span class='ocrx_word' id='word_1_357' title='bbox 1067 3945 1191 3994; x_wconf 90' lang='lat' dir='ltr'>conatus</span> <span class='ocrx_word' id='word_1_358' title='bbox 1209 3933 1258 3990; x_wconf 92' lang='lat' dir='ltr'>im·</span> 
     </span>
     <span class='ocr_line' id='line_1_46' title="bbox 123 3999 1259 4084; baseline 0.009 -27"><span class='ocrx_word' id='word_1_359' title='bbox 123 3999 244 4079; x_wconf 80' lang='lat' dir='ltr'>pedire,</span> <span class='ocrx_word' id='word_1_360' title='bbox 274 4020 313 4061; x_wconf 92' lang='lat' dir='ltr'>ne</span> <span class='ocrx_word' id='word_1_361' title='bbox 332 4002 508 4084; x_wconf 88' lang='lat' dir='ltr'>reipublicae</span> <span class='ocrx_word' id='word_1_362' title='bbox 529 4019 665 4068; x_wconf 87' lang='lat' dir='ltr'>noceant.</span> <span class='ocrx_word' id='word_1_363' title='bbox 719 4006 836 4081; x_wconf 89' lang='lat' dir='ltr'>Quodsi</span> <span class='ocrx_word' id='word_1_364' title='bbox 856 4010 1004 4071; x_wconf 80' lang='lat' dir='ltr'>vindicem</span> <span class='ocrx_word' id='word_1_365' title='bbox 1023 4010 1154 4069; x_wconf 90' lang='lat' dir='ltr'>animum</span> <span class='ocrx_word' id='word_1_366' title='bbox 1173 4009 1259 4082; x_wconf 86' lang='lat' dir='ltr'>tollis,</span> 
     </span>
    </p>
   </div>
   <div class='ocr_carea' id='block_1_3' title="bbox 122 4248 1257 4392">
    <p class='ocr_par' dir='ltr' id='par_1_3' title="bbox 122 4248 1257 4392">
     <span class='ocr_line' id='line_1_47' title="bbox 191 4248 1257 4327; baseline 0.015 -26"><span class='ocrx_word' id='word_1_367' title='bbox 191 4248 219 4317; x_wconf 68' lang='lat' dir='ltr'>l)</span> <span class='ocrx_word' id='word_1_368' title='bbox 235 4250 292 4303; x_wconf 80' lang='lat' dir='ltr'>Aet.</span> <span class='ocrx_word' id='word_1_369' title='bbox 311 4271 369 4324; x_wconf 88' lang='lat' dir='ltr'>cap.</span> <span class='ocrx_word' id='word_1_370' title='bbox 385 4253 428 4308; x_wconf 56' lang='grc' dir='ltr'><strong>ἢ</strong></span> <span class='ocrx_word' id='word_1_371' title='bbox 448 4269 474 4307; x_wconf 88' lang='lat' dir='ltr'>et</span> <span class='ocrx_word' id='word_1_372' title='bbox 488 4256 533 4318; x_wconf 75' lang='lat' dir='ltr'>tt,</span> <span class='ocrx_word' id='word_1_373' title='bbox 550 4257 590 4313; x_wconf 79' lang='lat' dir='ltr'>tt.</span> <span class='ocrx_word' id='word_1_374' title='bbox 607 4277 639 4310; x_wconf 78' lang='lat' dir='ltr'>m·</span> <span class='ocrx_word' id='word_1_375' title='bbox 658 4257 702 4321; x_wconf 76' lang='grc'>16,</span> <span class='ocrx_word' id='word_1_376' title='bbox 716 4258 759 4313; x_wconf 68' lang='lat' dir='ltr'>bl·</span> <span class='ocrx_word' id='word_1_377' title='bbox 776 4261 818 4326; x_wconf 76' lang='lat'>22,</span> <span class='ocrx_word' id='word_1_378' title='bbox 834 4262 876 4317; x_wconf 72' lang='lat'>25.</span> <span class='ocrx_word' id='word_1_379' title='bbox 894 4259 997 4327; x_wconf 55' lang='lat' dir='ltr'>ibid.</span> <span class='ocrx_word' id='word_1_380' title='bbox 1016 4289 1048 4304; x_wconf 91' lang='lat'>·-</span> <span class='ocrx_word' id='word_1_381' title='bbox 1082 4261 1144 4324; x_wconf 75' lang='lat' dir='ltr'>Lar.</span> <span class='ocrx_word' id='word_1_382' title='bbox 1162 4258 1257 4325; x_wconf 64' lang='lat'><strong>1⁹21&amp;</strong></span> 
     </span>
     <span class='ocr_line' id='line_1_48' title="bbox 122 4311 1069 4392; baseline 0.025 -24"><span class='ocrx_word' id='word_1_383' title='bbox 122 4311 215 4378; x_wconf 67' lang='lat' dir='ltr'>blatan</span> <span class='ocrx_word' id='word_1_384' title='bbox 232 4316 259 4381; x_wconf 66' lang='lat' dir='ltr'>B,</span> <span class='ocrx_word' id='word_1_385' title='bbox 275 4317 318 4376; x_wconf 71' lang='lat' dir='ltr'>dd.</span> <span class='ocrx_word' id='word_1_386' title='bbox 352 4319 432 4378; x_wconf 83' lang='lat' dir='ltr'>Dent</span> <span class='ocrx_word' id='word_1_387' title='bbox 449 4322 492 4390; x_wconf 61' lang='grc' dir='ltr'>θλ</span> <span class='ocrx_word' id='word_1_388' title='bbox 508 4324 551 4383; x_wconf 75' lang='lat' dir='ltr'>dd.</span> <span class='ocrx_word' id='word_1_389' title='bbox 585 4323 664 4381; x_wconf 78' lang='lat' dir='ltr'>Rom·</span> <span class='ocrx_word' id='word_1_390' title='bbox 682 4326 780 4392; x_wconf 66' lang='lat'><strong>1219·</strong></span> <span class='ocrx_word' id='word_1_391' title='bbox 1064 4354 1069 4363; x_wconf 87' lang='lat'>·</span> 
     </span>
    </p>
   </div>
   <div class='ocr_carea' id='block_1_4' title="bbox 0 0 1308 4726">
    <p class='ocr_par' dir='ltr' id='par_1_4' title="bbox 0 0 1308 4726">
     <span class='ocr_line' id='line_1_49' title="bbox 0 0 1308 4726; baseline 0 0"><span class='ocrx_word' id='word_1_392' title='bbox 0 0 1308 4726; x_wconf 95' lang='lat' dir='ltr'> </span> 
     </span>
    </p>
   </div>
  </div>
 </body>
</html>
