2700 4732
487 148 642 295 omui.
680 192 832 257 carn
1171 200 1232 262 rm

88 359 172 479 qnae
189 338 222 400 in
241 338 402 402 Samariam
423 350 455 399 et
472 339 577 401 vicina·
589 338 653 401 loca
673 337 822 399 traductae
842 338 975 414 fuerant,
1004 338 1134 399 timuisse
1157 337 1231 399 deos

112 440 131 478 e

132 416 213 478 titios
232 428 264 476 et
281 418 380 476 Deum
402 415 508 491 lsrael,
529 415 608 496 quod
627 415 799 476 tantundem
818 415 916 491 valet,
947 437 980 476 ac
999 416 1115 476 coelum
1135 426 1251 475 terrae·-

89 495 217 555 miscere
284 494 344 553 Sed
364 514 444 553 nunc
464 493 648 571 quaerimus,
679 492 748 572 quid
774 493 811 552 ait
835 493 906 552 hdcs
926 512 1001 572 quae
1020 492 1095 552 silius
1114 492 1173 554 Dei
1192 491 1230 552 ab

91 570 255 633 incredulis
275 569 440 651 distinguit,
460 591 515 649 qua
536 569 634 629 Deum
655 569 823 629 invocemus
844 570 970 644 Patrem,
1000 570 1056 650 qui
1077 568 1231 628 transimus

89 668 110 708 a
131 658 227 707 morte
246 646 278 705 in
299 648 398 721 vitam,
427 657 533 724 etqua
554 646 702 718 Christus,
721 658 841 705 aeterna
861 645 936 705 salus
957 659 986 705 et
1005 646 1074 718 vita,
1092 644 1122 703 in
1144 645 1231 705 nobit

90 721 335 859 l¹ll²²2.dffi⁰¹
360 734 459 783 eutem
484 723 544 781 rim
569 733 600 782 ct
624 734 755 782 naturam
782 722 911 782 brcriter
943 736 974 782 et
993 722 1120 782 dilucide
1140 721 1231 803 expli-

134 819 192 859 rste
209 821 239 859 rr
259 818 323 858 eon

92 820 133 873 a
171 880 221 941 tt.
261 876 348 936 Nunc
366 873 495 967 singulas
515 885 611 955 partes
631 872 810 933 definitionis
830 874 891 934 eius
911 874 948 933 de
979 874 1097 955 integro
1131 895 1232 954 perse·

92 971 235 1033 quemura
267 951 374 1031 quibus
394 952 553 1034 diiigenter
572 950 709 1024 excussis,
739 950 812 1010 nihil
831 954 880 1028 (ut
900 952 1023 1030 opinor)
1044 951 1164 1011 dubium
1185 972 1233 1012 re·

92 1028 197 1089 stabit.
233 1027 461 1109 cognitionem,
482 1028 550 1087 dum
570 1048 716 1100 vocamus,
747 1049 804 1086 non
826 1027 1014 1109 intelligimus
1035 1028 1233 1108 comprehen-

92 1104 224 1181 sionem,
244 1103 333 1185 qualis
345 1125 407 1165 esse
427 1103 504 1166 solet
523 1126 621 1173 earnm
641 1124 750 1178 rerum,
769 1123 844 1182 quae
863 1104 917 1163 sub
939 1105 1096 1165 humanum
1115 1124 1232 1167 sensum

93 1180 215 1241 cadunt.
252 1181 338 1241 Adeo
359 1182 436 1242 enim
455 1181 591 1259 superior
609 1192 664 1255 est,
694 1192 727 1240 ut
747 1192 874 1240 mentem
896 1180 1019 1242 hominis
1032 1184 1162 1262 seipsam
1183 1203 1232 1243 er-

93 1257 203 1318 cedere
223 1268 254 1318 et
273 1278 409 1338 superare
430 1269 578 1337 oporteat,
598 1277 657 1336 quo
677 1255 712 1315 ad
734 1255 809 1315 illam
831 1257 987 1338 pertingat.
1026 1260 1130 1338 Neque
1144 1260 1232 1323 etiam

91 1332 148 1395 nbi
192 1333 310 1415 ertigit,
342 1335 421 1415 quod
447 1334 552 1406 sentit,
581 1333 758 1412 assequitur:
794 1336 845 1393 ted
867 1334 934 1392 dum
955 1356 1123 1414 persuasum
1145 1335 1235 1396 hahet

94 1354 263 1501 quotinon
284 1411 373 1490 capit,
392 1411 457 1500 plus
478 1410 539 1489 ipsa
559 1409 754 1488 persuasionis
775 1410 952 1469 certitudine
973 1412 1123 1494 iutelligit,
1144 1432 1231 1491 quam

92 1484 298 1546 sahnmanom
318 1486 428 1566 aliquid
448 1508 498 1545 sua
519 1486 677 1564 capacitate
711 1485 886 1565 perciperet.
947 1484 1051 1559 Quare
1082 1488 1128 1547 cle
1150 1500 1236 1547 anter

94 1562 205 1623 Paulus
223 1562 314 1640 (Epir.
333 1567 363 1633 3,
382 1565 459 1639 18.),
490 1562 540 1640 qui
561 1561 588 1619 id
610 1571 696 1619 vocat
715 1563 966 1642 comprehendere
986 1584 1059 1642 quae
1078 1565 1116 1623 sit
1128 1507 1236 1646 longi-

95 1638 184 1712 tudo,
204 1638 339 1710 latitudo,
358 1638 544 1717 profunditas
565 1649 594 1697 et
613 1636 790 1713 sublimitas,
824 1652 852 1695 et
872 1660 1054 1721 cognoscere
1073 1639 1237 1720 superemi-

94 1728 218 1776 nentem
238 1715 403 1806 cognitioni
424 1715 611 1773 dilectionem
638 1714 757 1773 Christi.
815 1716 920 1773 Voluit
952 1715 1029 1773 eninr
1058 1716 1236 1796 significare,

13 1850 25 1863 ,
93 1790 193 1851 modis
212 1791 349 1853 omnihus
369 1791 513 1850 inlinitum
529 1811 601 1864 csse,
620 1791 700 1869 quod
720 1811 802 1850 mens
823 1804 923 1850 nostra
943 1791 1000 1849 lide
1018 1792 1236 1870 complectitur,

94 1877 130 1927 et
146 1886 240 1960 genus
261 1865 319 1927 hoc
339 1868 517 1947 cognitionis
542 1886 604 1926 esse
630 1867 710 1925 omni
743 1867 935 1948 intelligentia
965 1866 1054 1949 longe
1074 1868 1235 1933 sublimine.

96 1943 181 2017 Qnta
200 1955 299 2003 tamen
319 1964 455 2003 arcanum
476 1944 632 2003 voluntatis
651 1963 720 2002 suae
740 1943 821 2015 (Col.
843 1952 872 2016 1,
892 1946 971 2021 tn),
991 1943 1098 2024 quoda
1113 1945 1235 2006 sacculis

96 2028 132 2080 et
161 2019 404 2101 generationibus
434 2019 637 2079 absconditum
671 2033 748 2094 erat,
779 2021 925 2079 Dominus
951 2022 1057 2081 sanctis
1078 2023 1234 2100 patefecitt

93 2095 210 2175 optima
234 2096 352 2156 ratione
379 2094 455 2173 fides
483 2096 607 2156 subinde
632 2096 662 2154 in
688 2097 842 2176 scripturis
864 2100 973 2172 uguitio
1001 2109 1122 2158 vocatur
1147 2099 1235 2177 (ibid.

94 2177 128 2245 2,
147 2173 203 2250 2),
220 2172 258 2233 ab
270 2173 384 2233 loanne
402 2193 475 2232 vero
495 2172 613 2232 scientia
634 2171 674 2249 (Ι.
695 2173 740 2231 Io.
761 2181 791 2246 3,
809 2175 863 2250 2),
883 2196 972 2253 quum
993 2174 1093 2234 fideles
1113 2185 1236 2235 testatur
1279 2240 1284 2250 ,

95 2248 175 2309 scire
193 2269 225 2310 re
245 2269 306 2309 esse
326 2249 402 2308 filios
421 2249 489 2307 Dei.
528 2250 568 2308 Et
586 2270 655 2308 sane
676 2262 759 2310 certo
779 2251 889 2311 sciunt:
921 2252 972 2310 sed
993 2251 1107 2310 divinae
1127 2252 1235 2311 verita-

96 2325 136 2384 tie
169 2326 358 2405 persuasione
389 2325 552 2384 couirrnrati
583 2326 673 2406 magis
705 2348 789 2404 quam
823 2326 956 2387 rationali
983 2327 1236 2389 demonstratione

98 2401 206 2461 edocti.
246 2401 281 2461 ld
303 2402 432 2461 indicant
453 2415 483 2460 et
503 2402 586 2461 Pauli
611 2400 718 2474 verba,
748 2426 802 2464 nos
823 2404 851 2461 in
874 2403 931 2463 hoc
951 2424 1079 2483 corpore
1098 2405 1236 2464 habitan-

95 2489 160 2554 trs,
189 2478 358 2538 eDomino
379 2478 574 2558 peregrinari:
630 2481 674 2537 uia
695 2501 747 2557 per
767 2479 1066 2555 lidcmaruhulamus,
1101 2503 1162 2541 non
1183 2503 1237 2562 per

95 2574 127 2616 ae
149 2567 247 2615 ectum
267 2550 322 2633 (ll.
344 2555 415 2615 Cor.
434 2562 465 2629 5,
485 2559 541 2631 6.):
590 2500 673 2614 uilius
693 2555 840 2628 ostendit,
861 2577 893 2616 ea
914 2578 989 2637 quae
1009 2558 1168 2637 perfidem
1188 2560 1238 2618 in·

95 2574 274 2713 telligimus,
295 2653 311 2690 a
333 2631 418 2691 nobis
439 2644 536 2690 tamen
556 2576 666 2705 abesse,
687 2645 716 2692 et
736 2645 883 2713 aspectum
905 2649 1035 2692 nostrum
1051 2634 1150 2694 latere.
1173 2637 1237 2694 Un-

99 2709 137 2769 de
155 2707 320 2800 statuimus,
340 2708 407 2767 lidci
428 2710 561 2768 notitiam
582 2709 757 2770 certitudine
777 2712 869 2793 magis
893 2732 978 2790 quam
1003 2713 1238 2790 apprehensione

100 2797 257 2846 cnnttnert.

178 2866 224 2925 15.
265 2859 423 2934 Addimus,
452 2873 561 2920 certam
594 2882 626 2921 ac
652 2860 778 2936 firmam,
810 2884 869 2942 quo
895 2864 1019 2924 solidior
1042 2864 1238 2955 persuasionis

99 2937 264 3000 constantia
285 2938 470 3017 exprimatur.
527 2940 602 2997 Nam
629 2950 661 2997 ut
685 2939 771 2998 dubia
798 2952 828 2998 ct
852 2942 981 3000 versatili
1006 2941 1149 3020 opinione
1176 2963 1237 3001 non

100 3025 146 3073 ett
165 3025 310 3074 contenta
330 3013 416 3087 fides,
437 3015 475 3071 ita
496 3036 550 3074 nec
577 3015 701 3074 obscura
728 3017 921 3095 perplexaque
942 3019 1154 3097 conceptiones
1186 3018 1238 3077 sed

99 3088 217 3171 plenam
239 3102 270 3148 et
289 3090 387 3163 lixam,
413 3089 504 3168 qualis
525 3091 560 3148 dc
581 3091 668 3150 rehos
689 3095 846 3171 compertis
867 3105 896 3152 et
916 3095 1048 3185 probatis
1069 3115 1130 3153 esse
1150 3095 1239 3167 solet,

102 3167 308 3226 certitudinem
330 3168 462 3245 requirit.
515 3169 589 3226 Tam
615 3167 673 3226 alte
693 3169 770 3226 enim
793 3182 823 3229 et
841 3171 978 3230 radicitus
1000 3171 1100 3230 haeret
1119 3171 1148 3229 in
1170 3193 1238 3231 cor-

103 3242 188 3302 dihns
208 3245 317 3302 nostris
338 3242 537 3318 incredulitas,
559 3258 589 3304 et
610 3245 648 3303 ita
669 3247 704 3303 ad
725 3266 788 3304 eam
808 3269 905 3305 sumus
926 3248 1081 3327 propensi,
1107 3260 1138 3306 ut
1158 3248 1238 3327 quod

104 3339 159 3378 ore
180 3317 306 3378 latentur
327 3341 439 3391 omnes,
459 3320 555 3379 Deum
577 3342 639 3379 csse
660 3321 785 3394 fidelem,
818 3343 878 3381 nou
900 3323 1010 3403 absque
1030 3326 1122 3383 arduo
1144 3337 1239 3385 certa-

102 3394 185 3454 nrine
204 3396 352 3475 qnisquam
373 3397 427 3456 sihi
451 3399 630 3476 persuadeat.
689 3400 863 3457 Praesertim
896 3401 946 3458 ubi
971 3401 1006 3459 ad
1033 3422 1093 3459 rem
1120 3414 1239 3460 venturu

102 3482 160 3544 est,
180 3472 307 3531 omnium
329 3472 472 3531 vacillatio
498 3473 609 3554 detegit
628 3474 727 3533 vitium
749 3477 828 3554 quod
850 3475 964 3535 latebat.
1004 3477 1066 3535 Nec
1086 3498 1156 3535 nero
1178 3478 1239 3536 iru-

100 3560 160 3608 stra
181 3559 238 3607 tatu
258 3548 419 3630 insignibus
441 3548 543 3628 elogiis
562 3551 654 3609 serbo
675 3552 733 3609 Dei
753 3554 955 3611 auctoritatem
980 3554 1082 3613 usserit
1111 3555 1240 3633 Spiritus

100 3637 235 3685 sauctus:
262 3626 312 3684 sed
338 3626 446 3685 morbo
468 3647 553 3704 qucm
575 3628 630 3685 diri
657 3629 768 3687 mederi
789 3628 864 3699 vult,
890 3642 921 3688 ut
939 3629 1021 3688 Deus
1042 3630 1071 3688 iu
1092 3630 1149 3689 suis
1170 3652 1241 3711 pro·

99 3702 194 3762 missis
215 3701 330 3780 plenam
352 3702 485 3760 obtineat
505 3705 579 3781 apud
602 3725 656 3762 nos
681 3705 776 3764 fidem.
833 3706 981 3785 „Eloquia
1001 3705 1146 3780 Iehovae,
1176 3707 1240 3765 elo·

100 3780 192 3857 „quia
213 3798 285 3869 pura
316 3779 427 3856 (inquit
447 3781 543 3838 l'tavid
565 3781 611 3839 Ps.
632 3787 680 3852 12,
699 3786 727 3845 7.
748 3785 940 3856 et18,31.):
968 3794 1123 3865 argentum
1145 3783 1239 3841 insutu

101 3854 156 3928 „in
178 3857 283 3913 eximio
304 3855 400 3914 catino
421 3866 527 3931 terrae,
548 3870 702 3937 purgatum
722 3861 862 3935 septies.“
901 3859 991 3918 ltenr:
1011 3859 1139 3934 „Sermo
1152 3859 1241 3918 lehn-

101 3950 179 4004 „rae
199 3941 351 4005 excoctus,
383 3931 501 4011 clypeus
523 3945 567 3992 est
586 3934 723 3993 omnibus
744 3933 961 3995 conlidentibus
979 3935 1009 3994 iu
1030 3938 1126 4016 ipso.“
1185 3936 1240 3994 Se·

102 4005 187 4068 inmo
225 4018 322 4065 autem
359 4008 437 4067 idern
474 4011 649 4069 confirmans
690 4023 720 4069 et
761 4012 823 4070 lere
868 4011 969 4071 iisdem
999 4012 1097 4073 veritis
1136 4012 1240 4091 (Prot.

103 4089 155 4155 30,
179 4085 238 4161 5.):
271 4083 396 4157 „Omnis
416 4106 513 4144 sermo
533 4086 590 4144 Dei
611 4093 777 4146 excoctus.“
816 4088 875 4147 Sed
897 4086 963 4168 quia
982 4088 1014 4148 in
1036 4090 1092 4148 hoc
1111 4108 1174 4150 sese
1193 4109 1242 4148 er-

105 4172 249 4240 gumeuto
269 4159 401 4221 Psalmus
421 4161 595 4222 centesimus
616 4163 840 4225 decimnsuonus
860 4164 1057 4238 consumitur,
1085 4164 1170 4243 plura
1195 4185 1242 4226 re·

108 4235 199 4295 citare
218 4257 428 4316 supervacuum
450 4250 535 4298 esset.
575 4238 667 4299 Certe
686 4239 802 4316 quoties
823 4242 862 4301 ita
882 4262 966 4301 suum
983 4260 1243 4301 sermonemcom·

111 4312 231 4374 mendat
250 4311 337 4375 uobis
356 4315 449 4391 Deus,
469 4313 590 4395 oblique
608 4314 844 4378 incredulitatem
864 4318 950 4379 nobis
969 4316 1144 4398 exprobrat:
1174 4318 1244 4398 quia
