2596 4726
114 208 172 267 tte
493 198 570 259 Llli.
590 200 615 259 l.
655 200 743 262 Call).
761 198 860 260 xvtt.

192 352 222 411 6.
263 346 371 406 Verum
393 344 442 405 bas
462 343 618 405 calumnias
636 342 684 403 rel
724 342 802 403 otius
822 343 1062 425 phreneticorum
1081 342 1185 407 deliria
1205 344 1249 407 la·

116 422 173 485 cilo
198 422 335 483 discutiet
358 422 404 500 pia
430 432 587 500 canemque
615 364 816 498 providentiae
844 421 1016 497 meditatio,
1051 442 1139 501 quam
1163 422 1251 482 nobis

116 498 208 559 dictat
225 498 341 590 pietatis
362 497 472 580 regula,
491 510 524 555 ut
543 497 671 577 optimus
691 509 722 555 et
739 497 922 558 suavissimus
943 497 1011 557 inde
1031 497 1143 559 tructus
1163 498 1252 560 nobis

116 574 292 655 proveniat'
322 575 403 655 ldrgo
425 573 621 634 Christianum
643 586 759 650 pectus,
788 595 878 663 quum
897 585 981 634 certo
1002 575 1109 634 certius
1129 595 1251 653 persua-

116 668 181 713 sum
206 652 258 725 sit,
284 653 383 710 omnia
402 649 703 728 Dei-dispensatione
724 668 857 725 evenire,
886 648 960 709 nibil
986 650 1110 710 fortuito
1131 650 1251 711 contiu-

117 748 203 810 gcre:
234 728 270 788 ad
289 726 386 800 illurn,
413 725 493 784 velut
518 725 704 805 praecipuam
730 746 828 785 rerurn
848 748 978 802 causam,
1009 727 1114 787 oculos
1133 748 1251 808 semper

117 806 242 880 reseret,
263 825 361 865 causas
381 815 479 863 umen
498 801 653 861 interiores
672 823 726 861 suo
746 801 814 863 loco
835 802 1004 863 intuebitur.
1053 803 1171 863 Deinde
1190 806 1252 863 sin·

139 883 248 943 ularem
266 881 328 940 Dei
346 878 561 960 providentiam
586 879 622 937 ad
647 897 678 938 se
698 880 929 939 conservandum
941 878 1093 939 excubare
1113 901 1176 941 aon
1197 881 1251 940 du·

117 901 240 1032 iicebit,
260 976 335 1037 quae
356 955 429 1014 nihil
448 954 565 1015 evenire
587 976 704 1035 passura
723 955 776 1029 sit,
801 977 888 1034 quam
908 957 988 1035 quod
1009 956 1091 1017 bono
1111 978 1145 1016 ac
1164 956 1252 1017 saluti

118 1036 175 1097 sibi
194 1045 297 1095 vertat.
337 1030 488 1105 Quoniam
508 1043 606 1090 autern
626 1052 692 1091 cum
712 1031 879 1091 hominibus
898 1033 1035 1112 primum,
1056 1032 1163 1090 deiude
1183 1054 1250 1093 cum

119 1111 241 1190 reliquis
261 1109 399 1169 creaturis
419 1108 461 1167 illi
481 1107 633 1187 negotium
654 1118 712 1180 est,
729 1108 891 1187 utrobique
910 1109 967 1169 sibi
985 1108 1176 1198 pollicebitur
1191 1108 1251 1169 Dei

120 1188 333 1269 providentiam
359 1204 492 1265 regnare.
540 1184 693 1257 Quantum
719 1185 753 1241 ad
784 1183 916 1244 homiues
946 1197 1067 1258 attinet,
1090 1186 1150 1243 sive
1177 1184 1250 1246 boni

120 1268 189 1338 sint,
207 1258 268 1323 sive
287 1261 371 1337 mali,
391 1282 493 1320 eorum
514 1260 650 1330 consilia,
669 1258 849 1337 voluntates,
869 1272 1006 1336 conatus,
1024 1259 1176 1321 facultates
1195 1260 1250 1321 sub

120 1341 183 1400 eius
201 1360 289 1400 manu
308 1358 370 1398 esse
390 1347 547 1417 agnoscet,
578 1347 612 1395 ιιι
633 1335 755 1395 flectcre
773 1357 833 1415 quo
857 1336 991 1411 libuerit,
1020 1358 1054 1396 ac
1101 1337 1197 1397 uoties
1216 1336 1252 1397 li·

121 1416 219 1476 buerit
244 1415 464 1494 constringere,
488 1412 520 1470 iu
544 1411 605 1471 eius
630 1411 755 1472 arbitrio
780 1414 865 1472 situm
888 1413 935 1472 sit.
987 1358 1174 1495 Singuiarem
1193 1412 1252 1473 Dei

143 1491 335 1552 rovidentiam
355 1490 385 1549 in
405 1489 526 1549 salutem
547 1487 675 1547 fidelium
697 1488 848 1563 excubare,
867 1486 1010 1568 plurimae
1029 1501 1099 1548 suot
1118 1501 1148 1548 et
1168 1490 1252 1551 lucu·

120 1514 299 1631 lentissimae
318 1566 526 1646 promissiones
545 1584 619 1643 quae
638 1566 840 1641 testantur*):
860 1566 962 1640 „lacta
980 1586 1068 1645 super
1086 1566 1252 1625 Dominum

121 1665 245 1724 „curam
264 1654 355 1718 tuam,
376 1653 406 1700 et
426 1643 487 1721 ipse
506 1652 537 1699 te
557 1640 701 1713 enutriet,
722 1661 777 1699 nec
797 1643 948 1720 permittet
969 1663 1096 1722 unquam
1116 1641 1253 1703 fluctuari

122 1723 266 1798 „iustum:
294 1720 431 1798 quoniam
451 1717 493 1775 illi
513 1736 599 1775 curae
618 1738 724 1777 sumus.
769 1717 831 1791 Qui
850 1717 960 1777 habitat
980 1720 1009 1777 iu
1029 1719 1178 1778 adiutorio
1197 1717 1254 1777 Al-

122 1797 262 1873 „tissimi,
280 1797 312 1854 in
353 1794 518 1854 rotectione
537 1793 595 1851 llei
615 1793 692 1854 coeli
711 1794 951 1855 commorabitur.
994 1793 1057 1868 Qui
1076 1805 1124 1855 tan
1148 1796 1171 1854 it
1189 1815 1255 1871 vos,

122 1874 237 1954 „tangit
261 1816 400 2008 pupillam
422 1869 500 1930 oculi
520 1869 588 1928 mei.
638 1870 699 1929 Ero
725 1868 844 1950 clypeus
873 1883 955 1943 tuus,
985 1892 1084 1930 murus
1108 1814 1253 1932 alcaeus:

123 1951 308 2027 „adversanti
332 1969 364 2007 us
384 1947 438 2007 tibi
459 1945 644 2006 adversabor.
675 1946 794 2006 Etiamsi
811 1958 904 2005 mater
915 1946 1103 2007 obliviscatur
1115 1948 1255 2023 liliorum,

123 2047 212 2102 „non-
226 2038 325 2085 tamen
341 2024 495 2083 obliviscar
514 2024 589 2081 tui.“
629 2022 811 2097 Quinetiam
833 2021 878 2083 bic
898 2023 1063 2102 potissimus
1083 2036 1127 2084 est
1146 2045 1255 2105 scopus

123 2106 154 2164 in
173 2102 303 2161 historiis
323 2099 447 2173 biblicis,
466 2110 500 2158 ut
519 2099 645 2158 doceant
663 2111 744 2158 tanta
762 2098 915 2158 sedulitate
935 2102 992 2160 vias
1011 2111 1180 2160 sauctorum
1201 2122 1255 2161 cu-

123 2179 227 2242 stodiri
247 2200 263 2238 a
282 2176 430 2250 Domino,
456 2187 488 2233 ut
507 2194 546 2233 ne
565 2175 601 2233 ad
622 2173 746 2254 lapidem
766 2176 885 2253 quidem
904 2175 1078 2257 impingant.
1118 2177 1202 2258 Ergo
1221 2187 1255 2239 rat

123 2258 189 2317 iure
231 2252 297 2315 aulo
317 2265 386 2313 aute
405 2273 422 2311 a
442 2251 530 2310 nobis
550 2249 667 2329 explosa
692 2251 747 2310 suit
767 2270 869 2311 eorum
891 2252 1009 2329 opinio,
1034 2252 1083 2331 qui
1103 2254 1255 2314 universa·

123 2332 183 2394 lem
200 2277 259 2389 liet
276 2328 492 2409 providentiam
511 2327 782 2402 comminiscuntur,
803 2348 877 2406 quae
897 2349 957 2387 non
977 2329 1127 2407 speciatim
1145 2328 1182 2387 ad
1203 2352 1255 2391 cu·

124 2430 186 2471 ram
205 2406 432 2484 uniuscuiusque
456 2416 607 2462 creaturae
631 2423 662 2463 se
683 2404 829 2463 demittat:
854 2404 993 2483 imprimis
1016 2414 1115 2463 tamen
1138 2407 1254 2485 specie-

125 2485 182 2545 lem
202 2483 277 2542 hauc
291 2502 388 2540 curam
410 2501 479 2559 erga
500 2502 553 2539 uos
575 2499 789 2560 recognoscere
810 2501 918 2561 operae
938 2483 1064 2560 pretium
1078 2492 1131 2540 est.
1166 2482 1255 2542 Unde

125 2561 258 2625 Christus
269 2557 321 2616 ubi
340 2562 476 2631 asseruit,
496 2576 533 2614 ne
553 2555 718 2616 vilissimum
738 2558 855 2636 quidem
879 2558 1074 2636 passerculum
1095 2557 1127 2616 in
1145 2568 1256 2619 terram

125 2637 261 2699 decidere
280 2635 343 2693 sine
363 2635 456 2694 Patris
475 2632 643 2706 voluntate,
665 2632 723 2693 buc
743 2636 837 2693 statim
859 2634 998 2713 applicat,
1024 2646 1057 2694 ut
1077 2656 1137 2713 quo
1163 2634 1254 2714 pluris

125 2735 222 2776 sumus
242 2710 423 2792 passeribus,
455 2730 491 2768 eo
513 2710 654 2788 propiore
678 2732 747 2770 cura
766 2722 940 2790 <reputemus
959 2710 1056 2769 Deum
1078 2711 1163 2771 nobis
1184 2732 1255 2790 pro·

124 2792 253 2870 spicere:
277 2808 311 2849 ac
332 2806 463 2866 eousque
483 2787 571 2865 ipsam
591 2788 735 2858 extendit,
760 2799 793 2846 ιιι
813 2787 991 2847 confidamus
1012 2787 1133 2867 capillos
1153 2788 1256 2866 capitis

125 2866 219 2927 nostri
238 2875 407 2924 numeratos
428 2882 499 2922 esse.
552 2862 633 2937 Quid
660 2864 746 2923 nobis
771 2864 848 2923 aliud
869 2884 887 2922 o
910 2875 1019 2931 temus,
1049 2865 1073 2922 si
1097 2884 1154 2924 nec
1178 2884 1255 2923 unos

126 2963 143 3003 e
163 2934 259 3022 capite
278 2939 353 3021 pilus
373 2940 503 2999 delluerc
522 2950 621 3019 potest
639 2940 694 2997 nisi
715 2960 752 2999 en
768 2940 829 2999 eius
849 2885 1019 2999 voiirntate?
1056 2940 1124 2998 Non
1146 2940 1182 3000 de
1226 2959 1257 2999 e-

125 3039 198 3078 ncre
219 3018 345 3076 bumano
366 3027 479 3074 tantum
499 3014 528 3074 lo
552 3037 622 3075 nor:
640 3015 692 3075 sed
712 3017 778 3095 quia
798 3016 878 3075 Deus
899 3016 1051 3075 ecclesiam
1070 3016 1126 3075 sibi
1146 3022 1178 3075 iu
1198 2959 1225 3076 d
1240 3054 1256 3067 -

126 3094 267 3156 micilium
297 3092 401 3173 elegit,
433 3113 495 3150 uon
526 3037 646 3150 dubium
671 3102 716 3151 est
736 3092 804 3170 quio
831 3105 982 3172 paternam
1008 3094 1038 3152 in
1065 3112 1098 3152 ea
1124 3093 1255 3174 regenda

127 3192 227 3233 curam
245 3169 442 3248 singularibus
463 3168 646 3227 documentis
667 3169 812 3227 ostendat.

203 3253 230 3311 7.
270 3244 323 3304 llis
348 3256 410 3303 turn
440 3244 590 3333 promissis
614 3256 676 3302 tum
701 3265 780 3303 exem
804 3245 837 3304 lis
862 3245 1049 3306 confirmatus
1068 3244 1127 3303 Dei
1152 3264 1256 3306 serras

128 3322 269 3401 adiunget
297 3322 481 3393 testimonia,
506 3340 581 3397 quae
614 3320 721 3378 docent
745 3267 801 3381 sud
825 3322 886 3380 eius
906 3334 1050 3399 potestate
1071 3341 1132 3380 esse
1152 3342 1257 3382 omnes

128 3398 270 3471 homines,
289 3397 349 3457 sive
361 3417 463 3457 eorum
475 3395 651 3456 consciliandi
669 3407 737 3455 sunt
755 3397 853 3471 animi,
873 3399 933 3455 sive
951 3398 1114 3457 cohibenda
1135 3397 1258 3473 malitia,

126 3495 165 3533 ne
207 3472 256 3532 uid
276 3485 390 3533 noceat.
440 3473 585 3531 Dominus
611 3472 687 3531 enim
710 3484 768 3549 est,
793 3475 843 3552 qui
867 3476 916 3531 dat
941 3474 1026 3533 nobis
1050 3473 1172 3565 gratiam
1192 3495 1256 3534 non

127 3495 205 3631 apuil
215 3570 267 3610 eos
286 3551 375 3609 modo
388 3550 437 3626 qui
458 3546 545 3607 nobis
561 3546 638 3607 bene
648 3547 769 3619 volunt,
779 3550 829 3608 sed
844 3551 928 3609 etiam
941 3550 969 3609 in
984 3549 1074 3610 oculis
1085 3549 1257 3630 Aegyptio·

29 3672 33 3681 .
125 3649 190 3689 rum
204 3625 440 3704 (Exod.a‚21.):
460 3624 587 3685 hostiurn
607 3644 676 3684 vere
695 3637 863 3685 nostrorum
882 3628 920 3685 im
943 3627 1098 3686 robitatern
1119 3630 1258 3709 frangere

126 3703 211 3764 variis
230 3700 323 3761 modis
343 3702 436 3760 novit.
478 3701 632 3759 Interdum
659 3701 734 3760 enim
759 3713 888 3761 mentem
908 3649 963 3761 illis
988 3705 1102 3776 adimit,
1126 3723 1165 3762 nc
1186 3702 1257 3783 quid
1290 3768 1293 3773 ,

126 3780 191 3840 sani
209 3777 336 3839 sobriive
357 3796 463 3856 capere
483 3787 607 3855 queantr
636 3778 760 3856 qualiter
778 3779 914 3837 Satanam
942 3779 1075 3849 dimittit,
1103 3779 1153 3858 qui
1173 3796 1258 3839 men·

128 3857 211 3915 dacio
244 3851 363 3932 impleat
388 3874 421 3912 os
447 3853 577 3910 omnium
604 3852 834 3934 Prophetarum,
865 3856 900 3912 ad
927 3856 1132 3934 decipiendum
1151 3854 1256 3917 Achab

126 3933 166 4008 (L
186 3932 260 4013 Reg.
280 3928 617 4003 22‚22.):1tcmbeam
644 3930 762 3989 iuvenili
782 3930 904 3990 consilio
926 3931 1088 4004 dementat,
1108 3941 1140 3990 ut
1160 3952 1256 4013 regno

126 4027 182 4087 per
199 4028 280 4068 suam
299 4002 449 4066 stultitiam
468 4005 611 4084 spolietur
630 4006 712 4082 (isid.
726 4014 772 4079 12,
791 4012 835 4069 10.
854 4009 926 4085 to).
964 4010 1185 4086 Nonnunquam
1206 4007 1257 4069 ubi

165 4232 175 4241 -ι,

126 4218 406 4379 ,„{i‚¹1};‚⁵⁵·²³·
452 4246 646 4312 remma.
687 4248 728 4302 Ρ..
752 4250 799 4312 aa,
822 4253 844 4304 1.
888 4250 1055 4312 zatum
1101 4252 1147 4307 ru
1164 4224 1254 4314 aaa]
