2700 4732
83 218 168 311 ,aso
287 300 290 305 ⁸
386 212 400 244 ²
512 212 587 275 mn.
607 213 663 275 111.
703 212 792 279 car.
813 214 849 274 v.

111 356 265 419 ferendam
284 357 345 418 iero
385 368 413 431 t,
443 357 524 438 quod
544 356 632 419 fidem
651 370 781 420 nostram
800 357 937 420 labefacit
961 370 992 419 et
1010 359 1125 441 evertit.
1164 358 1254 435 Quid

111 434 190 497 enim
207 432 263 495 illis
283 444 327 495 est
377 434 576 515 urgatorium,
600 434 655 496 nisi
674 454 750 515 quae
768 446 982 515 postmortem
1001 457 1018 495 a
1039 435 1254 497 defunctorum

111 511 214 573 animis
234 508 380 602 pendatur
399 531 453 600 pro
474 510 601 592 peccatis
619 511 796 573 satisfactio?
814 523 847 571 ut
867 512 961 573 diruta
973 511 1169 573 satisfaciendi
1180 513 1254 594 opi-

111 586 215 662 nione,
233 608 327 666 rpsum
348 586 384 645 ab
404 586 468 647 nmis
487 586 634 647 radicibus
654 589 800 668 extemplo
821 600 981 653 evertatur.
1041 587 1157 663 Quodsi
1178 608 1254 667 pro-

112 663 187 724 xima
207 663 403 743 disputatione
449 662 494 723 lus
519 685 604 744 quam
635 668 819 745 perspicuum
844 676 903 739 est,
934 663 1044 725 Christi
1074 664 1252 746 sangninem

111 739 228 823 unicam
248 758 311 800 esse
330 760 387 819 pro
407 685 536 799 fidelium
554 742 681 820 peccatis
690 740 930 815 satisfactionem,
951 741 1156 822 expiationem,
1196 762 1253 803 nn-

101 815 278 900 ·gationem':
299 815 372 953 quid
391 828 523 897 superest
542 816 598 876 nisi
616 816 822 938 Purgatorium
843 838 951 877 meram
966 837 1104 878 esseeam
1127 760 1198 877 neb

112 890 229 953 ribilem
248 892 278 951 in
329 892 450 953 hristum
471 891 692 972 blasphemiam.
715 905 869 975 praetereo
887 892 1038 977 sacrilegia
1057 838 1254 976 quibusque·

58 978 61 985 '
114 968 188 1031 tidie
207 965 386 1042 defenditur,
407 968 585 1029 offendicula
626 988 679 1029 nae
699 969 729 1030 in
748 968 894 1063 religione
915 971 1006 1050 parit,
1025 970 1141 1050 aliaque
1159 970 1252 1031 innu-

112 1064 205 1121 mera,
225 1063 300 1127 quae
320 1063 354 1104 ex
371 1042 423 1105 tali
443 1045 609 1124 impietatis
631 1057 702 1105 onte
722 1045 864 1125 prodiisse
883 1047 1086 1125 conspicimus.

189 1128 219 1188 7.
257 1120 344 1195 Quos
362 1131 461 1183 tamen
482 1139 498 1180 e
518 1121 670 1201 Scriptura
688 1121 770 1183 locos
789 1123 825 1201 *)
850 1121 980 1202 arripere
1000 1120 1071 1183 falso
1091 1133 1123 1182 et
1140 1139 1180 1203 pe

112 1218 174 1260 ram
193 1196 300 1272 solent,
318 1195 375 1258 illis
395 1216 412 1257 e
431 1196 565 1258 manibus
580 1210 717 1259 excutere
727 1216 836 1278 operae
852 1199 977 1279 pretium
989 1209 1042 1259 est.
1067 1198 1170 1275 Quum
1212 1220 1253 1261 o-

112 1275 210 1335 minus
234 1274 279 1353 (in
303 1274 403 1352 uiunt)
432 1284 584 1354 peccatqm
604 1275 635 1334 in
660 1274 681 1335 S
705 1274 802 1334 iritum
826 1286 972 1350 sanctum,
998 1294 1097 1354 neque
1120 1274 1152 1334 in
1176 1274 1254 1355 boc,

112 1369 212 1431 neque
231 1350 260 1409 in
281 1294 382 1411 intuso
401 1349 518 1410 saeculo
538 1296 748 1410 remittendum
767 1362 922 1424 asseverat,
941 1371 975 1410 er
994 1370 1031 1410 eo
1044 1350 1128 1411 simul
1138 1350 1253 1429 innuit,

113 1426 299 1507 quorundam
320 1445 382 1486 esse
399 1426 430 1487 in
452 1426 551 1487 luturo
570 1426 687 1488 saeculo
705 1438 893 1506 peccatorum
905 1427 1112 1487 remissionem.
1132 1422 1251 1487 Verum
1285 1426 1292 1451 ¹

115 1503 180 1583 quis
200 1522 262 1565 non
282 1502 390 1575 rideat,
419 1502 583 1563 Dominum
603 1501 661 1563 illic
681 1503 718 1563 de
738 1504 852 1583 peccati
872 1501 955 1583 culpa
987 1502 1088 1582 loqui?
1127 1490 1252 1577 Quodsi

113 1579 155 1641 ita
174 1590 235 1655 est,
265 1579 335 1662 quid
355 1578 391 1638 ad
412 1597 514 1638 eorum
535 1579 759 1659 Purgatorium,
789 1590 894 1660 utpote
913 1600 1038 1659 quorum
1057 1578 1117 1639 illic
1136 1584 1252 1661 poena,

114 1652 149 1717 eh
169 1676 272 1717 eorum
293 1656 446 1736 opinione,
465 1654 569 1730 luitur,
588 1655 702 1735 culpam
722 1655 751 1715 in
773 1657 917 1736 praesenti
937 1656 996 1716 vita
1014 1655 1163 1715 remissam
1183 1674 1253 1719 este

113 1753 176 1795 non
196 1732 383 1793 inficiantur?
401 1732 447 1791 Ne
467 1743 565 1791 tamen
584 1731 678 1793 adhuc
698 1731 784 1795 nobis
805 1732 992 1812 obstrepant,
1012 1731 1174 1812 planiorem
1192 1730 1250 1793 ha-

76 1874 80 1881 ,
113 1805 229 1871 bebunt
247 1808 434 1869 solutionem.
475 1807 577 1882 Quum
596 1808 743 1869 Dominus
768 1829 849 1889 spem
870 1829 987 1868 omnem
1007 1808 1109 1868 veniae
1128 1810 1250 1890 praeci-

113 1884 185 1947 dere
203 1883 292 1946 vellet
311 1896 369 1944 tarn
389 1884 550 1967 flagitiosae
570 1885 733 1964 nequitiae,
752 1907 813 1945 non
832 1884 901 1945 satis
923 1884 1022 1946 habuit
1042 1884 1151 1961 dicere,
1170 1904 1250 1945 nnn·

113 1982 200 2043 quam
219 1962 370 2022 remissum
389 1961 438 2020 iri:
458 1961 509 2020 sed
529 1981 588 2040 quo
608 1961 698 2043 magis
718 1960 917 2042 amplificaret,
936 1961 1095 2040 partitione
1112 1973 1251 2039 ususeet,

113 2058 171 2119 qua
191 2050 221 2099 et
239 2038 378 2100 iudicium
399 2036 564 2117 complexus
584 2038 725 2119 estquod
746 2038 835 2098 sentit
855 2038 884 2097 in
905 2036 959 2097 hac
978 2039 1036 2098 vita
1060 2037 1248 2099 uniuscuius-

134 2136 172 2176 ue
192 2116 387 2190 conscientia,
420 2124 450 2173 et
496 2126 654 2174 ostremum
674 2114 744 2174 illud
765 2114 843 2194 qnod
864 2113 956 2194 palam
977 2114 1008 2174 in
1028 2112 1247 2175 resurrectione

112 2134 241 2256 deretur:
260 2190 319 2251 acsi
339 2189 460 2265 diceret,
475 2136 543 2250 pl'os
563 2212 579 2251 a
598 2189 742 2252 malitiosa
760 2189 926 2251 rebellione
945 2211 1006 2250 non
1024 2209 1248 2327 secusacprae·

112 2267 277 2329 sentissimo
298 2266 385 2326 exitio
406 2277 514 2326 cavete.
562 2267 639 2326 Nam
664 2268 714 2347 qui
739 2264 867 2328 oblatam
889 2266 1014 2347 Spiritus
1040 2264 1136 2326 lucem
1177 2266 1251 2327 esti-

113 2354 184 2404 nato
205 2342 388 2424 exstinguere
408 2354 528 2403 conatus
549 2342 654 2417 luerit,
672 2364 770 2423 neque
789 2344 819 2403 in
839 2342 893 2403 hac
912 2344 985 2417 vita,
1012 2362 1087 2422 quae
1106 2352 1250 2423 peccato-

112 2418 194 2481 ribus
213 2419 249 2480 ad
269 2418 491 2479 conversionem
512 2419 579 2479 data
607 2432 652 2480 est
695 2421 810 2482 veniam
830 2430 1041 2499 consequetur,
1066 2438 1121 2478 nec
1142 2417 1252 2483 ultimo

112 2494 172 2571 die,
190 2516 249 2575 quo
268 2516 323 2576 per
334 2494 454 2576 angelos
474 2495 532 2555 Dei
553 2496 620 2578 agni
639 2463 676 2554 ab
697 2495 800 2557 hoedis
818 2517 849 2557 se
872 2497 1060 2576 regabuntur,
1080 2507 1252 2587 etregnun

35 2612 52 2623 -
111 2572 240 2633 coeleste
259 2569 395 2631 omnibus
414 2570 556 2632 scandalis
576 2570 791 2655 repurgabitnr.
849 2515 1009 2633 iroserunt
1034 2570 1141 2630 deinde
1165 2568 1248 2633 rllarn

112 2667 147 2709 ex
165 2647 314 2710 Matthaeo
334 2646 518 2727 parabolam:
557 2649 777 2722 „Concordiam
803 2647 878 2707 habe
903 2671 968 2708 cum
992 2648 1157 2708 adversario
1176 2658 1248 2708 tuo:

111 2745 171 2803 „ne
183 2724 300 2805 quando
312 2736 342 2784 te
354 2722 498 2785 illeiudici
512 2726 615 2797 tradat,
628 2724 712 2785 iudex
724 2725 831 2799 lictori,
844 2724 929 2785 lictor
943 2724 1067 2784 carceri:
1088 2724 1169 2783 unde
1181 2744 1247 2787 non
1284 2774 1287 2781 .

111 2822 226 2878 „exeam
245 2800 341 2861 donec
359 2799 533 2882 persolveris
549 2801 683 2861 ultimum
700 2801 920 2881 quadrantem.“
960 2800 1089 2860 Siiudex
1103 2799 1246 2881 hocloco

110 2878 209 2940 Deum
228 2879 251 2939 si
274 2878 387 2953 nificat,
407 2876 537 2961 litigator
557 2876 721 2951 diabolum,
741 2861 827 2937 lictor
846 2877 997 2959 angelum,
1018 2897 1117 2937 carcer
1137 2896 1248 2961 purga·

110 2955 232 3029 torium,
250 2899 379 3015 libenter
398 2952 474 3014 dabo
495 2975 604 3015 manus.
644 2955 754 3013 Verum
767 2954 791 3013 si
802 2954 875 3013 nulli
890 2974 951 3014 non
971 2965 1096 3027 constat,
1114 2952 1245 3015 voluisse

109 3030 170 3092 illic
189 3030 338 3094 Christum
365 3029 532 3104 ostendere,
551 3040 625 3110 quot
655 3029 790 3110 periculis
816 3051 850 3090 ar
869 3029 949 3091 malis
969 3050 999 3090 se
1020 3028 1177 3165 obiicianq
1192 3030 1246 3111 qni

110 3128 253 3167 summum
273 3108 316 3167 ius
337 3107 482 3167 obstinate
502 3117 670 3186 pertentare
689 3105 813 3180 malunt,
854 3128 918 3167 uam
939 3125 1086 3186 exaequo
1107 3117 1139 3164 et
1180 3126 1245 3169 ono

109 3202 125 3241 a
148 3203 208 3258 erc,
228 3204 288 3264 qno
307 3183 508 3243 vehementius
527 3181 563 3242 ad
583 3203 704 3263 aequam
724 3128 912 3243 concordiam
934 3204 1002 3244 suos
1022 3178 1244 3245 exhortarethrr

109 3202 172 3336 ubi,
191 3280 312 3340 quaeso,
331 3261 494 3340 reperietur
512 3257 737 3341 Purgatorium?

185 3342 214 3400 8.
252 3336 363 3396 Petunt
382 3356 415 3394 ex
434 3334 518 3394 Pauli
537 3334 617 3395 dicto
638 3335 769 3414 (Phila,
784 3336 847 3414 10.)
866 3347 1080 3417 argumentum,
1099 3332 1151 3394 ubi
1171 3354 1245 3398 eoe-

107 3410 242 3487 lestium,
272 3412 452 3471 terrestrium
480 3421 509 3470 et
533 3410 717 3471 infernorum
741 3432 837 3503 genua
863 3412 983 3472 Christo
1004 3411 1083 3471 flecti
1103 3410 1244 3473 nlhrmat.

106 3486 247 3549 Infernos
267 3487 345 3547 enirn
366 3509 426 3547 non
446 3508 533 3567 posse
552 3485 646 3547 intelli
669 3489 687 3560 i,
707 3509 756 3567 qur
776 3499 912 3547 aeternae
933 3488 1112 3547 damnationi
1130 3488 1245 3551 addicti

107 3576 190 3639 aunt,
210 3584 266 3645 pro
286 3562 422 3624 confesso
441 3576 598 3624 assumunt.
662 3564 767 3624 roinde
787 3575 928 3643 superest,
948 3576 981 3622 ut
1000 3563 1058 3624 sint
1076 3562 1189 3624 animae
1211 3566 1242 3626 in

105 3638 284 3721 Purgatorio
304 3638 482 3700 laborantes.
519 3640 589 3700 Non
610 3640 734 3720 pessime
754 3639 1014 3713 ratiocinaremur,
1034 3639 1058 3700 si
1075 3640 1102 3698 A
1127 3640 1244 3705 ostoltra

105 3736 208 3777 verum
229 3716 342 3797 pietatis
362 3716 470 3776 cultum
497 3736 550 3796 per
574 3716 820 3798 geniculationem
853 3717 1032 3797 designaret:
1064 3660 1124 3776 sed
1148 3738 1243 3797 quunr

104 3791 277 3871 simpliciter,
295 3792 410 3865 doceat,
430 3790 551 3853 delatam
577 3813 639 3853 esse
660 3792 779 3853 Christo
801 3792 1041 3869 dominationem,
1061 3813 1116 3873 qua
1135 3794 1243 3855 subin-

103 3869 217 3952 gandae
237 3870 295 3930 sint
314 3868 464 3928 universae
484 3878 650 3932 creaturae:
683 3869 751 3949 qnid
778 3869 874 3929 obstat
897 3870 1051 3948 quominus
1072 3889 1126 3949 per
1145 3868 1243 3931 inier-

104 3965 172 4020 nos,
191 3945 325 4007 diabolos
344 3943 555 4025 intelligamus,
586 3946 636 4024 qui
656 3966 726 4006 sane
745 3946 779 4005 ad
800 3945 921 4005 Domini
940 3944 1069 4005 tribunal
1088 3948 1243 4023 sistentur,

103 4020 232 4084 iudicem
251 4043 333 4083 strunt
353 4022 489 4103 agnituri,
503 4022 574 4081 ‘cum
593 4033 709 4083 terrore
728 4034 758 4080 et
777 4022 992 4101 trepidatione?
1013 4020 1149 4095 Qualiter
1168 4042 1242 4083 ean·

103 4095 171 4159 dem
197 4098 383 4180 prophetiam
408 4096 514 4158 Paulus
539 4097 601 4177 ipse
624 4098 695 4159 alibi
723 4098 893 4176 (Rom-111,
919 4098 981 4174 10.)
1011 4098 1241 4177 interpretatur:

1199 838 1266 880 01⁵·

165 4334 193 4403 l)
209 4334 301 4390 March.
319 4338 361 4403 12,
377 4336 420 4395 32.
455 4336 536 4391 Marc.
551 4338 577 4402 3,
593 4337 635 4393 28.
670 4337 729 4390 Luc.
750 4338 846 4401 1210.
866 4367 896 4378 -
932 4337 1023 4391 March.
1039 4339 1065 4401 h,
1081 4337 1121 4391 25-
