2700 4732
102 194 161 257 eat
185 198 192 219 ·
214 158 223 180 ”
278 265 283 275 ,
335 241 341 244 «
481 188 557 250 ιιι.
577 190 617 248 ιι.
658 178 746 251 car.
767 184 854 249 ιιιι.

104 355 138 395 an
161 352 282 394 erracua
302 342 399 394 autem
419 344 496 393 esset
518 332 672 414 repetitio,
696 334 720 394 si
743 333 800 395 linc
827 342 1016 415 praeceptum
1035 343 1110 395 tract

104 431 123 471 o
161 410 207 470 cio
235 410 371 470 caritatis.
416 409 477 468 fam
507 410 568 490 ipsa
592 431 711 489 quoque
737 411 886 471 distinctio
912 410 970 470 hoe
1016 408 1110 471 ustula

102 498 167 548 non
188 485 292 546 frustra
312 486 409 559 Deus,
435 498 468 545 ut
487 485 595 546 dietum
617 498 674 560 est,
695 487 764 547 duas
783 489 856 569 Legi
875 494 944 547 stae
962 432 1110 548 taDulaea

104 563 194 624 Unde
223 563 374 643 colligitur
399 564 456 622 hoc
486 563 530 622 ius
555 585 638 623 suum
664 562 720 622 sibi
746 564 909 638 vindicare,
939 583 972 623 ae
1001 563 1080 624 tueri

103 640 149 702 rui
158 641 353 713 sanctitatem,
373 650 541 699 nouantem
555 639 673 714 docere,
684 639 752 717 quid
774 638 906 699 homines
923 638 1110 709 hominibus(

120 750 134 779 r
181 722 228 781 23.
266 715 367 775 Primo
389 715 455 776 loco
477 714 642 774 habendum
656 728 708 790 est,
728 716 799 795 quid
819 716 856 775 sit
875 714 1082 775 iuramentum.

104 805 164 854 tem
191 790 249 852 Dei
277 791 423 851 attestatio
449 790 484 850 ad
515 792 666 850 veritatem
697 792 839 852 sermonis
871 793 963 850 nostri
997 793 1110 852 confirn

106 871 193 946 Quae
219 868 307 927 etiarn
340 867 491 927 manifesta
521 867 552 926 in
573 867 668 925 Deum
693 869 802 948 probra
828 870 984 928 continent
1010 888 1110 927 exsecr

64 1010 67 1021 ,
102 947 244 1028 indignae
264 955 332 1004 sunt
351 964 425 1023 quae
445 944 522 1003 inter
541 944 702 1003 iuramenta
722 957 904 1005 censeantur.
944 945 1097 1005 Eiusmodi

103 1024 232 1093 tionem,
263 1021 313 1079 ubi
333 1021 389 1078 rite
415 1021 582 1100 peragitur,
602 1021 729 1099 speciem
755 1041 817 1081 esse
838 1020 932 1081 cultus
953 1021 1045 1080 divini
1070 1032 1110 1081 ost

28 1135 32 1146 ·
103 1098 202 1160 multIs
223 1097 295 1157 locis
316 1097 500 1176 scripturae:
531 1109 566 1155 nt
591 1118 681 1174 quum
701 1096 804 1156 Iesaias
821 1098 865 1155 'de
885 1096 1009 1176 Assyriis
1034 1108 1064 1157 et
1082 1097 1109 1156 A

103 1178 136 1236 in
156 1174 284 1236 foederis
303 1175 473 1235 societatem
494 1170 677 1246 cumIsraele
689 1175 826 1233 vocandis
836 1172 1110 1247 vaticinatur(les.1

103 1250 316 1331 „Loquentur,
345 1250 456 1329 inquit,
486 1247 585 1329 lingua
607 1249 742 1322 Canum,
775 1263 805 1308 et
824 1251 854 1307 in
876 1250 996 1309 nomine
1016 1249 1107 1309 Domi

104 1330 215 1389 liunt:“
241 1326 298 1386 hoc
319 1338 377 1399 est,
408 1326 536 1384 Iurando
557 1345 611 1403 per
631 1346 739 1384 nomen
759 1325 898 1398 Domini,
930 1326 1110 1387 confessioni

105 1403 203 1486 gionis
234 1403 332 1462 edent.
382 1399 458 1461 Item
479 1401 721 1479 (tes.t1·5‚1ti.)‚
758 1423 846 1480 quum
879 1404 916 1461 de
947 1423 1040 1482 propa
1063 1422 1110 1460 am

104 1500 200 1562 regno
221 1479 365 1557 loquitur:
387 1479 588 1556 „Quicunque
609 1478 841 1550 benedicetsibi,
861 1479 890 1537 in
905 1480 972 1538 Deo
993 1423 1110 1540 fidelius

105 1558 199 1616 dicet:
229 1567 259 1615 et
285 1555 335 1634 qui
361 1555 470 1614 iurabit
496 1555 524 1613 in
552 1567 644 1625 terra,
674 1554 784 1613 iurabit
809 1554 838 1612 in
859 1555 926 1616 Deo
946 1561 1049 1614 vero.“
1097 1556 1110 1613 l

105 1633 262 1712 (12,16.);
283 1631 474 1706 ‚,Si'ernditi‚
493 1631 599 1709 inquit,
620 1631 775 1689 docuerint
794 1633 889 1691 iurare
909 1632 1051 1711 populum
1065 1634 1095 1691 in

105 1730 189 1784 meo,
218 1711 293 1769 sicut
318 1709 483 1768 docuerunt
508 1708 605 1766 iurare
636 1726 689 1786 per
707 1707 793 1780 llaal,
825 1709 1057 1768 aedificabuntur
1083 1711 1110 1767 in

80 1786 210 1847 'domns
235 1790 349 1845 meae.“
392 1787 431 1844 Et
456 1786 562 1843 merito
589 1804 697 1843 nonaen
722 1784 843 1843 Domini
869 1786 898 1843 in
924 1785 1110 1845 testimoninn

105 1863 217 1937 cando,
249 1874 380 1921 nostram
405 1862 435 1919 in
461 1861 554 1941 ipsum
585 1860 759 1996 religionem
780 1861 903 1919 dicimur
926 1861 1035 1921 testari.
1088 1861 1108 1919 S

105 1939 198 2018 ipsum
220 1950 366 1998 aeternam
387 1957 449 1998 esse
470 1950 498 1996 et
523 1936 641 1996 immuta
667 1935 732 1995 ilem
751 1938 905 1996 veritatem
925 1938 1110 1998 confitemur:

104 2037 141 2095 ap
165 2014 284 2075 ellamus
303 2035 365 2074 non
385 2013 475 2074 modo
495 2026 633 2092 tanquam
654 2033 723 2094 prae
742 2011 803 2072 aliis
823 2013 961 2073 idoneum
975 2014 1104 2075 veritatis

104 2037 262 2152 sedetiam
282 2112 337 2150 ceu
357 2091 419 2150 eius
445 2101 618 2149 assertorem
643 2089 779 2160 unicum,
811 2091 861 2168 qui
887 2091 1058 2150 abscondita
1084 2093 1110 2150 in

104 2167 243 2304 proferre
262 2178 364 2247 queat:
385 2166 491 2226 deinde
511 2176 544 2224 nt
563 2166 697 2224 cordium
717 2166 912 2246 cognitorem.
952 2167 1013 2225 Ubi
1033 2168 1110 2227 enirn

127 2245 258 2305 ominum
282 2242 464 2316 testimonia,
493 2243 529 2302 ad
548 2241 645 2300 Deum
671 2253 774 2302 testem
800 2243 974 2324 refugimus:
1006 2264 1040 2302 ac
1064 2264 1110 2323 pra

104 2319 159 2381 ubi
177 2320 362 2381 asserendum
383 2331 436 2391 est,
456 2319 536 2401 quod
556 2319 585 2376 in
603 2319 783 2395 conscientia
803 2320 882 2379 latet.
918 2321 985 2394 Qua
1005 2319 1110 2380 rationi

104 2408 258 2458 succenset
276 2397 310 2457 iis
329 2396 484 2470 Dominus,
505 2395 555 2475 qui
574 2408 628 2474 per
647 2394 757 2454 alienos
779 2395 849 2455 deos
870 2397 1013 2456 deierant:
1034 2409 1110 2476 atqui

104 2473 260 2535 risiurandi
284 2492 376 2554 genus
403 2485 606 2551 argumentum
633 2471 800 2531 manifestae
826 2473 999 2533 defectionis
1025 2473 1110 2552 interp

105 2550 180 2629 (Ier.
198 2556 229 2621 ὁ,
249 2550 306 2626 7.);
337 2548 425 2623 „Filii
445 2549 488 2606 tui
509 2548 729 2627 dereliquerunt
748 2568 811 2624 me,
833 2561 861 2607 et
881 2549 978 2609 iurant
996 2548 1028 2607 in
1048 2548 1083 2608 iis
1104 2572 1110 2607 t

104 2638 174 2687 sunt
194 2626 266 2685 dii.“
304 2624 343 2683 Et
361 2625 477 2685 sceleris
505 2625 587 2684 linitis
612 2626 798 2705 gravitatem,
821 2645 983 2706 poenarum
1009 2627 1110 2686 commi

105 2702 236 2763 declarat
255 2701 362 2781 (Zeph.
380 2709 414 2776 1,
434 2703 489 2776 5.):
519 2702 716 2780 „Disperdam
749 2722 815 2778 cos,
848 2704 898 2780 qui
927 2704 1023 2762 iurant
1047 2722 1101 2782 per

103 2778 238 2854 Domini,
259 2790 289 2837 et
308 2781 406 2837 iurant
421 2799 478 2868 per
498 2778 667 2837 ttetctonr‘

181 2862 229 2918 24.
266 2854 329 2915 Iam
349 2854 400 2913 ubi
419 2854 619 2936 intelligimus,
637 2855 822 2914 sacramentis
842 2855 948 2913 nostris
961 2853 1110 2913 Dominun

104 2930 180 2996 velle
200 2932 326 2993 nominis
345 2931 389 2991 sui
409 2931 535 3007 cultum,
562 2951 598 2989 eo
624 2932 717 2990 maior
741 2930 903 2990 adhibenda
924 2930 1092 3011 diligentia,

105 3009 187 3070 cultu
210 3007 258 3067 vel
288 3006 494 3069 contumeliam
520 3006 564 3064 vel
597 3020 799 3086 contemptum
833 3019 862 3065 et
885 3007 1024 3066 vilitatem
1052 3028 1108 3066 con

106 3084 297 3147 Contumelia
318 3096 441 3143 estnon
463 3083 534 3142 levis
558 3083 582 3141 si
604 3086 769 3163 peripsum
797 3085 956 3164 peieratur:
982 3084 1061 3142 unde
1088 3095 1110 3142 et

104 3163 187 3222 natio
213 3160 377 3240 appellatur
401 3161 432 3219 in
451 3160 493 3218 Le
516 3181 531 3218 e
555 3161 639 3233 (Lev.
661 3168 712 3235 19,
731 3161 802 3236 12).
853 3161 934 3234 Quid
961 3159 1039 3218 enim
1063 3180 1109 3219 res

104 3238 199 3311 mino,
218 3239 270 3296 ubi
289 3257 339 3297 sua
351 3239 473 3297 veritate
494 3181 582 3295 inerit
600 3259 612 3295 s
636 3237 758 3296 oliatns?
779 3237 833 3295 iam
847 3237 927 3294 Deus
944 3255 1005 3295 esse
1022 3237 1110 3296 desint

62 3378 68 3389 Ι
106 3315 184 3373 enirn
204 3313 346 3393 spoliatur
365 3325 462 3386 certe,
487 3314 554 3371 dnm
580 3257 644 3372 tafsi
670 3315 850 3394 suffragator
870 3325 900 3371 et
924 3311 1108 3391 approbator

103 3390 208 3451 ruitur.
261 3389 361 3463 Quare
381 3390 484 3462 losua,
516 3389 583 3446 dum
603 3388 705 3447 Achan
732 3393 768 3450 ad
793 3388 1008 3449 confessionem
1028 3389 1091 3448 reri

104 3466 184 3542 vult,
203 3465 263 3526 Fili
282 3465 331 3538 mi,
353 3465 408 3540 ait,
429 3465 464 3525 da
484 3465 607 3546 gloriam
627 3465 758 3526 Domino
779 3466 868 3526 lsrael
888 3465 1012 3545 (torn,
1030 3467 1093 3544 19.)

105 3541 236 3615 scilicet,
265 3541 429 3601 Dominum
449 3542 614 3623 gravissime
638 3542 828 3614 inhonorari,
858 3542 882 3602 si
910 3561 964 3621 per
983 3560 1051 3600 eum
1077 3561 1110 3620 pe

104 3621 210 3701 Neque
229 3617 351 3678 mirum:
372 3639 434 3677 non
455 3619 532 3678 enim
552 3630 608 3678 stat
627 3640 681 3697 per
701 3641 765 3692 nos,
784 3620 853 3696 quin
874 3618 1058 3678 mendacium
1079 3639 1108 3678 sa

104 3694 220 3755 nomini
233 3693 458 3773 'quodammodo
479 3695 620 3754 inuratur.
666 3696 761 3769 Quam
784 3697 986 3773 loquutionem
1006 3695 1110 3754 usitata

103 3770 232 3843 Iudaeos
254 3771 351 3846 fuisse,
371 3771 486 3861 quoties
507 3772 542 3830 ad
562 3784 773 3832 sacramentum
796 3771 951 3830 dicendum
985 3771 1107 3850 nispiam

104 3861 164 3925 tur,
184 3859 300 3908 constat
320 3867 353 3906 ex
371 3846 457 3907 simili
477 3847 685 3921 obtestatione,
707 3869 763 3926 qua
783 3860 905 3907 utuntur
924 3793 1109 3938 inlssvangeli

104 3927 150 3986 nis
170 3922 317 3985 Pharisaei
336 3923 396 4000 (Io.
414 3932 443 3995 9,
462 3925 534 4000 nt).
573 3924 620 3982 Ad
642 3925 716 3983 lianc
736 3925 902 3984 cautionem
923 3945 977 3984 nos
998 3925 1110 3984 institui

104 4001 212 4074 mulae,
232 4020 308 4081 quae
327 4001 357 4059 in
379 4000 536 4081 Scripturis
557 4014 749 4096 usurpantur,
771 4003 849 4062 Vivit
868 4002 1029 4060 Dominus:
1050 4002 1110 4060 llae

44 4082 47 4091 '
103 4078 177 4137 mihi
195 4076 341 4138 Dominus
361 4087 392 4138 et
410 4077 482 4138 haec
500 4077 600 4137 addat:
628 4079 718 4138 festis
738 4078 867 4138 sitDeus
888 4078 1064 4137 inanimam
1084 4099 1110 4137 ιιι

79 4334 83 4343 ,
171 4319 202 4387 ι)
217 4320 237 4372 ι.
255 4320 324 4376 sam.
342 4318 384 4386 ιι,
399 4319 448 4403 ιι,
475 4318 509 4374 ιι.
525 4320 586 4386 neg.
603 4322 628 4383 a,
644 4321 685 4375 31.
720 4320 753 4375 ιι.
770 4282 831 4376 ιιι.
851 4323 875 4385 ι,
891 4322 932 4377 aa.
