2700 4732
85 220 147 289 m
218 272 224 292 Χ
303 246 306 257 .
489 182 813 285 immunes.

89 359 164 422 dunt
184 342 270 437 (loti
285 361 341 430 21,
365 352 450 431 13.)’1
493 355 554 416 Ubi
582 365 666 416 tanta
689 366 858 416 sanctorum
883 351 1039 429 stabilitas,
1065 372 1141 433 qnos
1163 351 1229 433 ipse

89 434 184 497 David
205 455 266 493 non
291 431 383 493 modo
403 433 537 504 concuti,
561 433 612 493 sed
637 432 764 524 opprimi
786 441 816 490 et
840 429 956 499 conteri
975 449 1095 510 prorsus
1115 427 1228 520 ubique

91 509 303 602 conqueritur?
341 511 456 587 Nempe
477 508 516 567 ob
537 508 640 569 oculos
660 509 716 568 srbi
736 507 892 578 statuebat,
911 527 972 566 nnn
994 505 1063 586 quid
1084 506 1161 565 serat
1179 527 1228 564 rn-

92 589 203 651 stabrlis
223 598 254 646 et
273 585 438 665 plusquam
458 586 599 644 aestuaria
618 585 720 643 mundi
739 584 925 663 uicissitudo:
945 583 996 643 sed
1011 582 1079 662 quid
1100 580 1230 642 factum

91 666 131 728 rit
152 665 316 737 Dominus,
345 682 435 740 quum
466 661 501 720 ad
527 670 674 721 aeternam
701 660 777 720 coeli
803 681 836 720 ae
863 673 959 720 terrae
984 658 1229 719 constitutionem

92 741 163 803 olim
188 737 311 799 sedebit.
363 735 618 809 Quemadmodum
643 737 701 796 alio
728 736 795 797 loco
822 736 973 817 eleganter
996 733 1137 795 describit
1162 732 1228 813 (Pa.

91 824 141 892 49,
161 817 306 890 7—16.):
327 814 489 887 ,4Nituntur
508 812 589 873 stulti
610 813 840 893 opulentiam,
861 814 900 872 ob
922 812 1035 871 divitias
1054 809 1159 870 multas
1176 830 1229 870 sn-

92 892 269 974 „perbiuntz
294 901 324 949 et
344 902 440 949 tamen
460 910 566 965 nemo,
591 889 774 968 quantalibet
799 888 969 948 excellentia
997 886 1122 967 polleat,
1147 885 1228 945 redi·

39 998 43 1006 ¹
93 989 195 1046 „mere
216 967 334 1027 fratrem
353 986 437 1025 suum
457 985 473 1024 a
494 977 590 1025 morte
610 966 718 1045 possit,
751 984 838 1025 nemo
864 964 989 1044 pretium
1015 961 1228 1041 redemptionis

93 1046 181 1123 „Deo
201 1043 324 1104 solvere.
364 1041 464 1115 Quum
485 1054 581 1101 autem
602 1041 720 1102 videant
739 1054 769 1101 et
793 1041 939 1122 sapientes
959 1040 1052 1115 mori,
1073 1057 1228 1120 perversor

94 1123 225 1203 „pariter
245 1131 275 1178 et
292 1117 397 1178 stultos
417 1117 554 1191 interire,
580 1131 610 1177 et
627 1117 728 1177 alienis
748 1117 915 1195 relinquere
936 1116 1048 1177 divitias
1067 1137 1151 1190 suas„
1176 1134 1228 1176 cn·

94 1199 212 1280 „gitant
240 1195 344 1254 domos
374 1193 430 1253 sibi
456 1213 657 1274 permansuras
676 1194 707 1253 in
727 1194 951 1273 sempiternum,
983 1191 1177 1252 habitationes
1196 1193 1228 1250 in

96 1271 244 1352 ffaeeula:
271 1283 300 1330 et
319 1271 440 1330 nomina
457 1292 508 1330 sua
532 1271 661 1329 interra
682 1269 843 1330 celebrant
887 1270 928 1328 Ar
947 1270 1037 1330 bomo
1058 1267 1088 1345 in
1109 1268 1226 1327 bonore

96 1371 178 1427 „non
204 1345 401 1428 permanebit:
433 1346 532 1406 similis
556 1347 613 1406 erit
642 1347 801 1438 pecudibus
832 1365 907 1425 quae
937 1345 1097 1405 intereunt.
1146 1343 1229 1404 llaec

21 1446 27 1487 3
96 1425 268 1503 „meditatio
289 1443 401 1497 eorum,
420 1444 531 1483 summa
550 1423 670 1482 stultitia
690 1434 748 1482 est:
769 1444 855 1502 quam
876 1433 972 1482 tamen
992 1420 1104 1502 posteri
1121 1420 1229 1500 cupide

96 1501 311 1581 „aemulantur
349 1499 445 1558 Instar
463 1498 561 1633 gregis
581 1499 658 1578 apud
677 1497 787 1559 inseror
799 1498 1032 1571 collocabuntur,
1051 1517 1130 1557 mors
1144 1516 1229 1575 prae·

97 1578 225 1657 „ridebit
244 1576 308 1636 illis.
345 1577 456 1635 Exorta
488 1596 540 1635 uce
561 1575 634 1634 recti
643 1575 874 1635 dominabuntur
892 1575 961 1634 illis:
983 1575 1076 1635 lorma
1095 1574 1226 1651 ipsorum

97 1654 241 1747 ²‚peribitr
272 1653 421 1727 infernus,
450 1652 580 1743 ipsorum
600 1651 807 1711 domicilium.“
852 1652 982 1710 Primum
1003 1650 1051 1710 illa
1070 1649 1228 1710 stultorum

98 1730 210 1802 irrisio,
256 1729 314 1788 uod
340 1728 370 1787 in
395 1726 511 1786 lubricis
536 1739 567 1786 et
591 1726 770 1787 volubilibus
795 1728 897 1787 mundi
921 1727 1006 1791 bonis
1031 1724 1229 1804 acquiescant,

98 1751 336 1886 ostenditionge
354 1804 439 1863 aliam
459 1802 638 1882 sapientibus
679 1805 853 1864 uaerendam
874 1823 936 1864 esse
957 1803 1134 1870 felicitatem.
1166 1800 1229 1860 Sed

97 1883 158 1946 illie
178 1881 398 1942 resurrectionis
419 1881 591 1957 mysterium
611 1825 771 1940 evidentius
797 1891 923 1956 reserat,
954 1879 1007 1939 ubi
1030 1878 1086 1939 illis
1099 1877 1229 2015 perditis

98 1971 131 2021 et
148 1958 293 2019 exstinctis
313 1957 427 2037 piorum
448 1976 571 2037 regnum
592 1958 687 2037 erigit.
727 1957 825 2030 Quem
846 1958 940 2029 enim,
960 1976 1079 2035 quaeso,
1120 1955 1229 2015 ieemus

99 2055 161 2096 esse
181 2034 262 2094 illum
282 2033 506 2109 lucisexortum‚
526 2032 582 2094 nisi
600 2052 694 2095 norae
707 2034 783 2094 vitae
804 2033 1024 2110 revelationem,
1045 2051 1119 2112 quae
1139 2030 1229 2091 finem

8 2178 14 2189 ,
97 2113 259 2194 praesentis
278 2108 426 2188 sequitur?
976 2149 980 2163 .

173 2192 221 2252 18.
259 2176 334 2245 Inde
353 2184 401 2244 illa
422 2184 597 2245 nascebatur
617 2185 773 2266 cogitatio,
793 2207 880 2266 quam
899 2185 929 2245 in
950 2185 1129 2245 miseriarum
1148 2183 1228 2245 sola·

97 2265 170 2325 tium
190 2284 224 2322 ac
243 2261 418 2321 tolerantiae
430 2263 589 2322 remedium
610 2262 709 2323 fideles
720 2262 909 2342 usurpabant,
924 2264 1113 2322 Momentum
1131 2262 1162 2320 iu
1182 2261 1229 2320 in·

98 2340 267 2421 dignatione
287 2337 425 2412 Domini,
449 2337 506 2397 vita
530 2339 560 2397 in
587 2339 649 2399 eius
674 2340 870 2400 misericordia
890 2340 953 2415 (Pa.
971 2344 1026 2412 ³6,
1047 2338 1099 2413 o).
1139 2336 1228 2411 Quo·

97 2417 188 2477 modo
209 2414 382 2474 alllictiones
402 2427 554 2474 momento
578 2415 785 2488 terminabant,
805 2417 854 2495 qui
873 2436 928 2495 per
946 2427 1037 2475 totam
1057 2414 1120 2474 lere
1139 2414 1228 2473 vitam

97 2491 323 2574 affligebantur?
343 2488 394 2549 ubi
413 2501 520 2550 tantam
538 2491 676 2555 videbant
696 2492 811 2551 divinae
831 2491 1019 2574 benignitatis
1032 2490 1226 2562 durationem,

98 2569 180 2629 cuius
204 2567 251 2625 vix
281 2566 431 2626 minimum
462 2579 577 2649 gustum
609 2568 796 2628 delibabant't’
839 2568 874 2628 si
898 2571 927 2627 in
953 2579 1030 2627 terra
1055 2565 1227 2640 haesissent,

98 2644 171 2705 nihil
190 2641 250 2704 tele
268 2644 397 2723 reperire
418 2656 569 2724 poterant:
588 2644 638 2704 sed
653 2647 719 2724 quia
732 2645 847 2704 coelum
864 2643 1063 2714 intuebantur,
1082 2660 1227 2723 agnosce-

98 2720 169 2782 bant
188 2731 328 2800 punetum
349 2740 411 2779 esse
435 2721 586 2799 temporis,
607 2742 666 2800 quo
693 2735 867 2782 exercentur
891 2742 944 2800 per
963 2738 1080 2779 crucem
1096 2716 1227 2778 sanctia

98 2796 247 2856 Domino:
267 2796 466 2856 miserationes
484 2797 592 2856 saeculi
612 2816 683 2872 esse,
704 2799 808 2876 quibus
826 2797 1019 2879 colliguntur:
1039 2817 1151 2855 rsarsum
1172 2794 1228 2854 im·

97 2873 231 2954 piorum,
261 2873 311 2952 qui
333 2892 388 3008 per
411 2874 555 2933 somnium
582 2873 659 2934 beati
677 2874 712 2934 ad
733 2874 808 2933 diem
828 2896 920 2934 unum
939 2885 1051 2948 essent,
1074 2883 1228 2932 aeternum

98 2971 133 3010 ac
159 2970 306 3028 nunquam
354 2948 492 3008 niendum
520 2950 637 3010 exitium
663 2951 879 3028 praevidebant
932 2950 1019 3010 Unde
1048 2949 1115 3009 illae
1138 2967 1228 3008 voees

96 3025 203 3106 (Prov.
224 3032 275 3098 1⁰,
295 3032 322 3090 7·
346 3025 554 3098 Ps.116,15.
576 3038 606 3085 et
624 3033 676 3099 34,
695 3031 773 3103 2⁶2.):
798 3027 963 3103 „Memoria
987 3025 1053 3086 iusti
1077 3026 1108 3084 in
1132 3024 1228 3083 bene-

95 3102 249 3177 „dictione
270 3102 340 3176 erit,
366 3122 475 3161 nomen
495 3114 590 3163 autem
610 3102 768 3195 impiorum
789 3115 945 3182 putrescet.
994 3101 1127 3160 Pretiosa
1147 3121 1228 3160 mors

97 3189 285 3312 i,sarrctorum
316 3179 346 3236 in
379 3191 539 3258 conspectu
569 3180 704 3239 Domini:
743 3201 823 3240 mors
854 3189 1041 3258 peccatorum
1074 3177 1228 3256 pessima.“

116 3266 175 3314 tem
194 3253 269 3331 apud
290 3253 455 3314 Samuelem
475 3253 514 3332 (L
535 3254 612 3315 Sam.
633 3261 662 3330 2,
680 3258 742 3332 9.):
764 3256 929 3330 „Dominus
948 3255 1038 3333 pedes
1056 3265 1227 3313 sanctorum

96 3330 263 3403 ,perrabim
292 3341 323 3389 et
348 3330 426 3410 impii
452 3333 483 3389 in
508 3331 639 3392 tenebris
664 3333 905 3393 conticescent:“
943 3351 1018 3410 quae
1050 3328 1238 3411 significare

95 3405 163 3466 illos
181 3405 275 3484 probe
295 3407 476 3487 cognovisse,
497 3419 645 3486 utcunque
664 3409 743 3468 varie
763 3407 1025 3469 circumferrentur
1043 3407 1152 3476 sancti,
1178 3405 1227 3465 ul-

95 3482 200 3544 timum
221 3493 317 3541 tamen
337 3502 439 3543 eorum
459 3483 582 3558 exitum,
601 3485 689 3544 vitam
709 3506 742 3545 ac
757 3485 898 3545 salutem:
924 3484 1081 3563 impiorum
1102 3482 1227 3542 lelicita·

97 3570 157 3618 tem
176 3576 328 3617 amoenam
349 3577 410 3618 esse
426 3559 513 3633 viam,
534 3580 590 3639 qua
610 3561 649 3620 in‘
660 3562 762 3622 mortis
774 3560 944 3643 voraginem
966 3558 1101 3639 paulatim
1120 3558 1227 3619 labun-

93 3645 151 3697 tur.
190 3633 262 3694 Ideo
283 3635 405 3695 istorum
430 3648 554 3696 mortem
574 3635 719 3697 vocabant
738 3639 855 3698 exitium
880 3632 1168 3709 incircumcisorum,
1191 3645 1227 3694 ut

114 3711 198 3771 nibus
217 3711 439 3770 resurrectionis
458 3732 524 3791 spes
545 3714 672 3790 praecisa
693 3726 768 3773 esset
786 3714 1025 3805 (Eaecb.28,1ll.
1038 3725 1069 3773 et
1084 3717 1135 3786 31,
1153 3713 1225 3788 18.).

92 3732 195 3862 Duare
216 3785 324 3845 nullam
343 3786 396 3846 bar
421 3807 491 3847 exco
515 3789 587 3849 itare
611 3789 710 3868 potuit
727 3790 823 3850 David
847 3791 1012 3871 graviorem
1037 3787 1226 3868 imprecatio-

92 3862 242 3999 nemb(l'ts.
262 3869 310 3974 ‘ii’
328 3864 405 3939 29.):
430 3809 616 3940 „Deleantur
642 3866 679 3926 de
705 3866 782 3927 libro
802 3867 893 3943 vitae,
921 3879 951 3925 et
970 3886 1036 3926 curn
1061 3864 1142 3926 iustis
1162 3884 1227 3925 uon

94 3961 152 4001 serr
174 3961 268 3999 auur.

166 4023 212 4081 19.
251 4014 328 4074 Prae
347 4014 407 4074 aliis
426 4035 498 4077 vero
519 4017 640 4100 insignis
660 4017 709 4078 illa
727 4019 872 4079 sententia
891 4017 1112 4096 lob(19‚25.):
1133 4017 1225 4090 „Scio

91 4091 180 4171 „quia
199 4091 382 4169 Redemptor
402 4114 482 4152 meus
502 4094 587 4169 vivit,
618 4106 649 4154 et
674 4096 703 4152 in
725 4095 882 4156 novissimo
904 4096 951 4155 die
971 4096 1008 4153 de
1028 4106 1105 4152 terra
1125 4114 1225 4153 resur·

22 4200 25 4207 ·
89 4181 243 4244 „recturus
262 4190 339 4227 suns:
372 4180 401 4228 et
425 4169 563 4229 incarne
589 4190 654 4230 mea
672 4170 782 4231 videbo
802 4172 899 4231 Deum
924 4170 1096 4232 salvatorem
1116 4190 1224 4229 meum.

90 4242 253 4324 „Deposita
273 4256 317 4303 est
338 4244 408 4303 baec
427 4264 492 4324 spes
512 4267 576 4306 mea
596 4247 627 4306 in
646 4248 711 4306 sinu
731 4253 830 4307 meo.“
870 4249 931 4323 Qui
951 4246 1054 4309 volunt
1073 4247 1225 4306 venditare

48 4388 51 4393 ,
87 4338 170 4381 suum
189 4342 323 4398 acumen,
342 4320 514 4383 cavillantur
532 4343 594 4385 non
614 4343 677 4387 esse
696 4322 769 4388 baec
788 4324 980 4406 intelligenda
996 4323 1033 4384 de
1054 4321 1155 4383 ultima
1174 4341 1224 4382 re-

32 4370 71 4447 1.
