2596 4726
128 194 188 275 asu
371 178 375 188 '
512 184 601 247 um.
619 185 674 247 ιι.
714 188 804 249 eae.
823 186 880 249 vn

130 370 171 385 -
190 330 340 409 Quamdiu
359 330 451 413 igitur
469 341 500 391 et
520 352 580 411 quo
600 342 737 412 tempore
754 332 854 393 sedem
873 332 952 393 illam
971 331 1207 395 tenuitl‘etrns?
1227 332 1264 395 At

132 424 270 473 constans
288 410 336 469 'est
352 411 529 489 scriptorum
550 406 668 487 opinio,
693 427 786 488 nsque
809 408 844 469 ad
870 420 997 469 mortem
1018 408 1174 471 ecclesiam
1193 410 1287 471 illan·

130 489 320 571 gubernasse.
358 485 400 545 At
418 487 498 545 inter
515 485 593 565 ipsos
611 486 771 577 scriptores
790 506 853 545 non
866 496 995 561 constet,
1013 486 1079 566 quis
1100 486 1190 547 luerit
1204 500 1274 549 suc-³

132 585 246 627 cessor:
278 563 345 639 quia
366 563 415 622 alit
435 562 558 635 Linum,
587 560 635 621 alii
657 561 843 622 (dementem
867 563 987 624 iaciunt.
1030 562 1072 622 Et
1091 561 1198 624 multas
1216 562 1264 625 ab·

131 642 232 703 surdas
252 638 364 699 fabulas
384 648 504 698 narrant
523 638 561 697 de
581 638 777 717 disputatione
796 638 875 698 inter
895 660 961 699 cum
984 650 1015 699 et
1033 640 1189 700 Simonem
1207 640 1264 701 tta-

131 739 201 800 gum
227 715 333 775 babita.
377 718 440 775 Nec
467 713 626 774 dissimulat
644 716 827 796 Augustinus
853 715 953 795 [epist.
972 720 1001 779 2
1019 715 1057 776 ad
1077 717 1208 797 laneam]
1229 716 1262 787 de

132 791 817 931 ttttllt’tlttlltt‘ttattttlltt‘
841 804 955 928 let?
979 805 1261 930 ‘tettdt‘tt

131 960 194 1009 trus
214 947 251 1007 de
271 946 394 1005 Simone
412 911 511 1023 biago.
562 942 701 1023 Denique
721 963 768 1005 res
790 892 867 1006 illibi
891 890 1033 1025 timidus
1052 945 1095 1007 ita
1114 957 1184 1007 sunt
1202 946 1260 1025 opi-

132 1025 255 1084 nionum
269 1024 408 1081 varietate
427 1019 597 1111 implicitae,
616 1033 650 1079 ut
669 1041 731 1082 non
750 1021 1038 1083 temereadbibenda
1056 1022 1097 1083 sit
1116 1023 1200 1097 fides,
1217 1020 1261 1081 ubi

130 1100 240 1179 aliquid
260 1097 398 1176 scriptum
420 1095 551 1175 legamus.
590 1097 628 1158 Et
648 1108 746 1157 tamen
767 1110 892 1179 propter
911 1098 989 1157 bunc
1007 1099 1262 1178 scriptorumcou-

130 1196 259 1247 sensum,
278 1194 338 1233 non
353 1192 454 1253 pugno
467 1172 538 1251 quin
559 1172 619 1232 illic
639 1187 772 1233 mortuus
792 1174 896 1236 fucrit:
915 1173 995 1235 sede
1018 1175 1152 1257 iscopum
1171 1174 1264 1249 tutus,

130 1250 300 1332 praesertim
327 1248 417 1329 longo
444 1259 503 1308 tem
527 1268 594 1322 ore,
626 1250 794 1328 persuaderi
820 1271 945 1331 nequeo.
996 1196 1043 1311 be
1064 1272 1104 1311 ue
1131 1251 1161 1311 id
1182 1253 1262 1313 etiam

130 1327 253 1387 inultum
279 1345 394 1385 moror:
422 1269 540 1404 quando
565 1338 688 1386 testatur
710 1327 818 1388 Paulus
838 1329 920 1388 Petri
939 1273 1152 1465 Apostdiatun
1177 1348 1263 1419 pecu-

129 1404 215 1464 liatcr
234 1402 270 1461 ad
289 1402 415 1461 ludaeos
436 1404 595 1481 pertinere,
616 1425 699 1463 suum
714 1424 786 1464 vero
806 1404 842 1463 ad
863 1425 928 1465 uos.
992 1404 1100 1465 scinde
1118 1416 1154 1465 ut
1171 1424 1263 1466 soere-

130 1494 172 1541 tas
191 1478 250 1552 illa,
266 1493 351 1570 quam
363 1478 442 1569 ‘inter
461 1500 493 1540 se
513 1480 589 1559 pacti
608 1492 686 1553 sunt,
706 1492 769 1539 rata
788 1481 866 1561 aprrd
886 1482 1008 1554 nonsit,
1028 1480 1102 1555 imo,
1120 1492 1156 1542 ut
1174 1480 1279 1561 Spiri.

128 1570 176 1617 tus
194 1567 287 1649 sancta
305 1555 453 1646 ordinatio
474 1556 555 1645 brusa
575 1556 652 1635 apud
673 1578 727 1617 nos
749 1556 900 1649 habeatur,
919 1558 951 1650 in
964 1556 1263 1650 Pauli‘Apostolatum

127 1632 1263 1847 foeteatdil'stltet.tt.ittt'ttm‘tlttt‘tttt‘ritf

141 1810 189 1848 um
208 1788 379 1847 destinaret.
426 1786 513 1845 Nunc
539 1786 639 1863 itaque
664 1808 747 1845 suum
774 1788 928 1867 primatum
950 1787 1019 1847 alibi
1039 1799 1185 1868 quaerant
1202 1786 1261 1849 lio·

128 1884 283 1925 mancuscs
302 1883 389 1939 qnam
409 1862 439 1921 io
460 1861 552 1922 verbo
572 1862 640 1934 Dei,
660 1861 711 1922 ubi
731 1863 850 1923 minime
870 1863 1006 1924 fundatus
1026 1864 1189 1924 invenitur.

204 1946 252 2007 16.
290 1939 450 1999 Veniamus
470 1960 549 1999 uunc
570 1938 607 1998 ad
628 1938 778 1999 ecclesiam
798 1952 943 2013 veterem,
969 1952 1002 2001 ut
1026 1939 1124 2020 palam
1144 1958 1259 2021 quoque

81 2024 85 2029 '
128 2020 194 2092 sut,
224 2018 286 2075 eius
310 2016 452 2097 suffragio
478 2036 540 2074 uon
565 2015 659 2075 miuus
683 2028 796 2077 temero
814 2028 845 2076 et
868 2016 941 2077 salso
965 2016 1123 2096 superbire
1148 2028 1259 2077 nostros

127 2094 321 2167 ndversarios,
340 2114 425 2171 quam
447 2092 615 2151 testimonio
636 2093 718 2152 verbi
737 2092 805 2152 Dei.
846 2093 947 2168 Quum
966 2094 1066 2173 itaque
1086 2114 1174 2153 suurn
1191 2090 1255 2152 illud

127 2172 238 2233 axioma
259 2169 376 2241 iactant,
396 2189 456 2226 non
477 2168 562 2228 aliter
581 2169 727 2229 contineri
738 2169 877 2229 ecclesiae
897 2171 1038 2229 unitatem
1058 2190 1160 2250 posse,
1177 2188 1255 2249 quan

125 2249 150 2308 si
171 2268 260 2307 uuum
278 2246 316 2305 sit
335 2246 364 2303 in
384 2246 470 2304 terris
489 2266 657 2323 supremum
673 2259 770 2325 caput,
790 2249 835 2306 cui
855 2247 986 2307 membra
1006 2246 1106 2307 omnia
1123 2256 1254 2339 pareant:

125 2324 253 2400 ideoque
272 2322 433 2380 Dominum
453 2323 560 2395 Petro,
587 2333 617 2382 et
636 2324 742 2382 deinde
761 2324 953 2384 successionis
975 2324 1040 2384 iore
1068 2324 1133 2384 seda
1156 2322 1253 2383 llomn

125 2420 182 2462 nac
202 2397 314 2457 dedisse
334 2396 506 2487 primatum,
531 2411 564 2457 ut
584 2399 615 2458 in
635 2420 669 2459 ea
690 2419 781 2479 usque
801 2400 838 2459 cd
858 2401 946 2459 finem
966 2400 1107 2460 resideat:
1131 2406 1251 2461 asserum

125 2478 154 2538 id
176 2475 264 2534 luisse
283 2474 319 2532 ab
341 2474 425 2531 initio
445 2494 562 2551 semper
581 2475 775 2534 observatum.
817 2477 967 2550 Quoniam
987 2488 1085 2536 autem
1106 2476 1197 2537 multa
1214 2486 1249 2535 te·

124 2551 259 2616 stimonia
279 2570 431 2628 perperam
452 2549 641 2628 detorquent,
661 2553 717 2611 boc
738 2553 862 2630 primum
883 2554 1008 2633 praefari
1030 2553 1111 2628 volo,
1131 2575 1179 2612 me
1197 2570 1246 2611 non

125 2648 233 2711 negare
254 2628 324 2707 quin
346 2647 482 2707 uraguum
498 2626 648 2687 Romanae
669 2627 808 2687 ecclcsiae
829 2631 973 2690 honorem
994 2629 1107 2708 ubique
1127 2630 1247 2689 delerant

123 2721 255 2777 veteres,
279 2716 507 2784 reverenterque
529 2704 565 2762 de
586 2725 618 2765 ea
642 2704 810 2783 loquantur.
856 2707 947 2781 Quod
967 2706 1060 2767 tribus
1081 2708 1201 2767 maxime
1216 2702 1245 2763 de

125 2784 216 2845 causis
235 2782 298 2841 beri
318 2781 454 2840 arbitror.
504 2781 615 2861 Opinio
636 2782 714 2841 enim
739 2782 802 2857 illa,
823 2803 897 2861 quae
917 2786 1017 2843 nescio
1038 2783 1190 2861 quomodo
1207 2781 1244 2840 in·

125 2862 271 2933 valuerat,
297 2859 445 2917 fundatam
473 2870 502 2918 et
521 2861 707 2919 constitutam
727 2881 788 2919 eam
810 2859 896 2919 luisse
915 2861 998 2919 Petri
1019 2862 1196 2933 ministerio,
1215 2852 1243 2915 ad

123 2936 336 2998 conciliandam
351 2937 473 3015 gratiam
495 2948 524 2994 et
543 2938 745 2996 alletoritatem
766 2936 922 3015 plurimum
937 2936 1062 2997 valebat.
1103 2938 1204 3015 ltaque
1218 2932 1241 2989 iu

123 3015 288 3074 Occidente
307 3016 390 3072 sedes
402 3012 583 3090 Apostolica,
605 3013 726 3073 lionoris
737 3034 820 3071 causa
833 3014 999 3073 vorabatur.
1039 3015 1158 3073 Deinde
1169 3026 1240 3092 quum

122 3090 184 3148 illic
204 3101 280 3148 esset
299 3102 386 3168 caput
405 3090 529 3167 imperii,
549 3103 580 3147 et
600 3090 652 3147 bac
672 3089 784 3149 ratione
797 3090 937 3149 credibile
954 3103 1039 3160 esset,
1059 3087 1240 3171 praestantio-

122 3187 168 3225 res
190 3178 250 3224 tum
272 3164 420 3239 doctrina,
440 3177 500 3223 tuna
521 3165 692 3243 prudentia,
712 3178 772 3224 tum
794 3168 912 3245 peritia,
933 3179 962 3225 et
981 3167 1140 3227 multarum
1160 3181 1242 3224 rerunt

122 3264 192 3314 usu,
212 3242 289 3300 viros
309 3243 368 3302 illic
389 3262 556 3319 essequam
577 3242 646 3299 alibi
667 3264 801 3321 mquam:
823 3246 884 3303 cius
906 3245 947 3302 rei
968 3248 1074 3303 merito
1097 3242 1241 3302 habebatur

122 3319 214 3388 ratio,
239 3338 276 3374 nc
297 3330 326 3375 et
351 3318 430 3377 urbis
455 3318 593 3376 nobilitas
619 3331 650 3376 et
673 3319 726 3377 alia
748 3320 834 3378 etiam
854 3321 912 3378 Dei
934 3320 1011 3380 dorsa
1038 3323 1134 3381 multo
1161 3314 1241 3378 excel-

122 3393 246 3454 lentiora
268 3395 416 3452 contemni
437 3394 615 3453 viderentur.
665 3395 796 3455 Accessit
815 3397 850 3454 ad
872 3398 942 3456 baec
963 3410 992 3455 ct
1012 3397 1152 3470 tertium,
1175 3388 1242 3475 quod

122 3492 211 3551 quum
227 3469 393 3528 Orientales
413 3483 442 3528 et
455 3469 596 3528 Graeciae
617 3472 766 3542 ccclesiae,
786 3474 941 3532 Africanae
961 3474 1058 3548 etiam,
1079 3468 1242 3546 rriultisopi·

122 3550 243 3608 uiouum
264 3546 491 3606 dissensionibus
513 3547 589 3604 inter
615 3570 645 3607 sc
665 3549 931 3624 tumultuarentur,
953 3550 1022 3608 baec
1043 3552 1174 3611 sedatior
1190 3544 1241 3608 atis

121 3638 151 3684 ct
171 3626 265 3682 minus
286 3621 454 3681 turbulenta
475 3623 570 3682 luerit.
611 3625 654 3683 lta
677 3626 840 3685 factumest
862 3639 893 3685 ut
913 3627 952 3704 pii
968 3628 1102 3687 etsancti
1115 3621 1242 3706 episcopi,

119 3700 236 3765 sedibus
256 3699 314 3759 suis
333 3699 424 3778 pulsi,
450 3699 519 3759 illuc
543 3721 574 3759 sc
594 3702 683 3761 veluti
708 3703 737 3759 in
764 3702 871 3767 asvlum
893 3715 943 3761 aut
969 3716 1087 3780 portum
1108 3703 1242 3783 quendam

119 3797 207 3857 saepe
227 3780 401 3853 reciperent.
451 3777 524 3834 Nam
552 3800 610 3855 quo
642 3780 737 3838 minus
769 3771 854 3839 acuto
882 3791 911 3839 et
935 3782 1023 3839 celeri
1043 3782 1165 3862 iugenio
1184 3784 1242 3838 sunl

121 3854 326 3915 Occidentales
348 3853 489 3926 Asiaticis,
510 3866 539 3912 et
558 3855 648 3929 Afris,
668 3875 704 3913 co
727 3857 811 3915 etiam
832 3870 900 3916 sunt
920 3877 1017 3917 rerum
1039 3879 1178 3916 nouarum
1197 3852 1241 3913 nsi·

120 3954 174 3990 raus
194 3930 301 4009 cupidi.
341 3930 407 3990 lloc
429 3950 499 4009 ergo
513 3931 662 3990 Romanae
683 3931 822 3993 ecclesiae
844 3934 998 4011 plurimum
1019 3934 1130 3993 addidit
1148 3944 1240 3993 aucto·

118 4008 231 4078 sitatis,
266 4006 345 4086 quod
383 4028 442 4066 nou
470 4009 507 4065 ita
533 4007 628 4065 dubiis
652 4007 708 4065 illis
743 4010 925 4087 temporibus
953 4009 1124 4069 tumultuata
1151 4015 1240 4068 estut

118 4084 265 4161 reliquae,
286 4106 319 4141 ac
350 4084 501 4145 doctrinae
525 4084 614 4141 stetinel
640 4085 761 4143 traditae
784 4086 838 4143 luit
859 4088 920 4145 aliis
946 4088 1083 4146 onmibus
1104 4084 1238 4146 tenacior:

118 4160 364 4239 (quaemadmodum
389 4161 489 4220 melius
514 4161 608 4218 statim
635 4161 849 4237 explicabinms.
896 4166 955 4222 llas
981 4166 1099 4243 inquam
1126 4176 1181 4222 tres
1205 4158 1238 4217 ob

118 4258 216 4295 causas
236 4258 296 4295 nou
317 4238 428 4315 vulgari
448 4238 477 4295 in
498 4235 612 4293 bomne
633 4236 731 4297 habita
757 4239 826 4314 suit,
852 4251 881 4299 et
906 4240 1004 4300 incultis
1024 4240 1178 4319 praeclaris·
1196 4254 1238 4295 rc·

116 4325 212 4373 terum
231 4314 405 4377 testimoniis
424 4312 638 4375 commendata.
