2596 4726
117 210 178 273 soa
219 180 225 187 ’
352 275 356 283 ,
482 198 559 262 trs.
579 202 619 262 11.
659 200 748 264 car.
769 196 853 259 vm,

117 348 240 409 fratrem
255 345 358 427 possis,
377 344 448 425 quin
467 365 561 405 uoxae
580 344 703 405 libidine
722 343 833 427 ardeas.
853 341 888 403 Si
907 362 969 402 nors
989 339 1085 413 irasci,
1104 357 1179 433 ergo
1199 357 1261 402 nec

118 425 230 488 odisse:
249 424 368 503 quando
388 422 488 482 odium
509 421 582 482 nibil
600 423 677 483 aliud
698 432 742 481 est
760 434 845 501 quam
863 422 907 478 ira
919 419 1088 478 inveterata.
1108 416 1263 477 Dissimu-

118 501 161 561 les
181 500 260 573 licet,
280 512 310 560 et
329 498 409 559 vanis
428 498 597 579 ambagibus
617 499 757 561 extricare
781 510 811 556 te
837 495 968 556 coneris:
999 493 1050 552 ubi
1070 492 1117 552 vel
1142 494 1186 553 ira
1209 490 1261 553 uel

118 578 220 639 odium
241 587 295 648 est,
314 576 373 635 illic
393 587 437 636 est
455 576 603 635 maleficus
617 575 754 636 allectus.
804 574 836 633 Si
856 569 1043 654 tergiversari
1065 569 1180 650 pergis,
1200 569 1262 629 iana

64 692 67 697 ·
119 672 173 714 ore
194 651 320 731 Spiritus
341 652 561 731 pronuntiatum
583 664 635 723 est,
655 650 831 710 homicidam
844 669 905 708 esse
919 649 968 727 qui
982 647 1103 706 fratrem
1117 651 1148 708 in
1162 646 1260 706 corde

119 748 175 790 suo
200 728 310 788 oderit:
343 748 395 787 ore
415 727 537 787 Domini
559 726 668 788 Christi
690 725 911 806 pronuntiatum
933 736 978 784 est
1006 722 1260 799 (1.10.3‚1s.),

120 825 203 865 reum
225 823 288 864 esse
313 804 438 877 iudicio,
470 805 519 883 qui
546 803 628 864 fratri
647 825 700 863 suo
721 803 870 865 irascitur:
910 820 991 859 reum
1022 819 1085 858 esse
1116 799 1261 874 concilio,

78 952 80 959 Ι
120 882 171 1017 qpp
202 880 305 1015 dpxerit
334 879 434 941 racha:
467 900 549 943 reum
581 901 643 941 esse
673 880 827 962 gehennae
855 877 947 959 ignis,
973 875 1023 955 qui
1048 875 1153 937 dixerit
1175 874 1259 939 latue

77 964 81 997 ·²
169 968 211 1017 att
233 963 280 1022 .5
316 962 389 1020 22..

75 1040 79 1065 ³
120 963 134 1037 l
197 1039 245 1098 40.
282 957 439 1112 ’Duplicem
458 1043 555 1092 autem
575 1031 750 1112 aequitatem
771 1031 925 1111 Scriptura
947 1038 1047 1102 notat,
1076 1048 1134 1107 qua
1153 1026 1257 1087 nititur

74 1136 78 1191 j
121 1106 180 1169 hoc
199 1116 405 1202 praeceptum:
439 1109 506 1189 quia
528 1119 558 1167 et
581 1109 635 1167 ima
660 1130 677 1168 ο
702 1108 760 1168 llei
786 1120 830 1168 est
856 1107 961 1179 homo,
993 1118 1024 1165 et
1048 1125 1118 1164 caro
1145 1115 1253 1164 nostra.

124 1185 237 1261 Quare,
257 1185 312 1245 nisr
332 1186 489 1267 imaginem
509 1184 568 1243 Dei
588 1128 697 1245 violare
718 1184 823 1257 libeat,
855 1193 1070 1244 sacrosanctum
1092 1179 1203 1240 babere
1222 1178 1256 1239 il·

122 1260 198 1321 lum:
220 1261 281 1320 nisi
296 1281 414 1322 omnem
434 1280 538 1319 exuere
559 1261 778 1333 humanitatem,
796 1272 829 1319 ut
848 1278 966 1319 carnem
986 1256 1135 1338 propriam
1157 1256 1256 1317 lovere

124 1336 274 1397 debemus.
324 1338 411 1411 Quae
435 1358 452 1397 a
472 1337 675 1455 redemptione
695 1349 725 1396 et
745 1337 856 1397 Christi
876 1336 970 1417 gratia
990 1333 1126 1393 ducendav
1144 1343 1190 1392 est
1210 1354 1254 1392 ea·

123 1410 264 1485 hortatio,
285 1411 354 1472 alibi
374 1413 546 1473 tractabitur
584 1417 608 1490 ).
638 1414 708 1474 Duo
734 1413 782 1473 illa
801 1412 973 1473 naturaliter
992 1410 1024 1469 in
1044 1408 1164 1468 bomine
1185 1430 1256 1469 con·

60 1503 62 1507 '
123 1488 245 1549 siderari
264 1488 410 1549 Dominus
428 1487 535 1563 voluit,
555 1510 629 1570 quae
649 1511 703 1549 nos
722 1490 758 1548 ad
779 1486 1031 1550 conservationem
1051 1485 1114 1545 eius
1134 1485 1256 1545 induce·

74 1620 77 1625 .
123 1576 206 1624 rent:
226 1576 259 1623 ut
279 1576 309 1624 et
327 1586 407 1625 suam
428 1566 581 1646 imaginem
603 1567 632 1625 in
653 1567 716 1646 ipso
737 1566 906 1645 impressam
927 1582 1123 1633 revereamur,
1144 1573 1174 1620 et
1193 1582 1256 1622 car-

74 1648 78 1659 '
124 1660 193 1699 nem
214 1652 342 1700 nostram
362 1641 566 1719 amplexemur.
605 1643 672 1701 Non
694 1663 765 1722 ergo
787 1642 877 1701 evasit
895 1638 1047 1698 homicidii
1064 1637 1188 1711 crimen,
1207 1637 1256 1717 qui

76 1752 79 1760 ·
124 1718 299 1797 asanguinis
311 1717 459 1777 effusione
471 1716 723 1797 sibitemperarit.
738 1718 846 1809 Siquid
859 1737 950 1796 opere
959 1725 1120 1795 perpetras,
1131 1713 1156 1775 si
1166 1733 1257 1775 eona·

124 1801 159 1850 tu
169 1791 352 1861 machinaris,
371 1793 394 1851 si
407 1803 478 1851 voto
491 1804 521 1851 et
533 1796 656 1853 consilio
674 1795 817 1873 concipis,
829 1793 908 1873 qnod
922 1791 1039 1865 alterius
1050 1789 1136 1850 saluti
1148 1790 1187 1849 tit
1204 1788 1255 1849 ad-

123 1887 250 1940 versum,
271 1867 421 1928 homicidii
440 1889 506 1928 reus
524 1872 643 1930 teneris.
681 1870 745 1929 Nisi
766 1868 976 1929 rursum'illam
997 1887 1053 1945 pro
1073 1864 1213 1927 facultate
1229 1876 1260 1926 et

127 1944 349 2035 opportunitate
368 1944 447 2004 tueri
464 1944 580 2021 studes,
609 1967 643 2006 ea
667 1966 786 2027 quoque
811 1945 989 2005 immanitate
1007 1943 1119 2025 Legem
1141 1963 1258 2024 praeva-

74 2030 77 2038 '
125 2020 235 2079 ricaris.
296 2020 414 2095 Quodsi
443 2032 598 2101 tantopere
629 2024 666 2082 de
694 2023 828 2103 corporis
863 2018 1065 2080 incolumitate
1093 2016 1256 2079 laboratur:

75 2104 78 2109 “
127 2094 196 2155 hinc
216 2096 401 2178 colligamus,
422 2110 563 2176 quantum
582 2099 670 2159 studii
689 2111 719 2159 et
739 2118 846 2178 operae
865 2095 951 2157 saluti
971 2096 1086 2156 animae
1106 2094 1258 2171 debeatur,

126 2192 202 2252 quae
221 2174 250 2233 in
270 2174 442 2235 immensum
463 2194 562 2234 coram
581 2174 712 2236 Domino
730 2175 890 2255 praecellit.

340 2418 715 2481 PRAECEPTUM
755 2418 1048 2480 SEPTIMUM.

514 2565 592 2624 Non
612 2561 873 2623 moechaberis.

200 2710 249 2768 41.
288 2703 369 2764 Finis
389 2703 463 2767 eius:
484 2707 563 2782 Quia
584 2706 751 2785 pudicitiam
771 2719 801 2765 et
820 2708 976 2786 puritatem
995 2707 1078 2767 Deus
1097 2717 1193 2781 amat,
1212 2705 1259 2766 la-

126 2789 277 2840 c'esserea
308 2782 394 2842 nobis
424 2804 541 2843 omnem
574 2783 787 2842 immunditiem
817 2797 965 2863 oportere.
1024 2785 1145 2859 Summa
1171 2783 1262 2864 igitur

127 2858 199 2931 erit,
231 2869 264 2917 ut
286 2878 325 2916 ne
349 2879 406 2936 qua
429 2860 582 2940 spurcitia,
614 2872 664 2919 aut
684 2861 839 2921 libidinosa
859 2861 1033 2940 intemperie
1052 2860 1147 2921 carnis
1163 2859 1263 2938 inqui·

129 2954 243 2993 nemur.
285 2934 341 2994 Cui
362 2936 522 3015 respondet
542 2937 744 2997 affirmativum
764 2950 966 3017 praeceptum,
986 2949 1019 2997 ut
1038 2928 1116 2997 'caste
1137 2948 1167 2995 et
1187 2956 1262 2996 con·

127 3010 259 3069 tinenter
279 3031 381 3071 omnes
400 3013 478 3072 vitae
498 3026 615 3074 nostrae
636 3026 731 3093 partes
744 3016 937 3075 moderemur.
978 3013 1196 3073 scortationem
1210 3034 1263 3071 au-

127 3098 187 3145 tem
209 3087 380 3147 nominatim
399 3101 492 3165 vetat,
512 3091 548 3149 ad
568 3112 653 3171 quam
674 3093 770 3151 tendit
792 3093 887 3151 omnis
909 3089 1015 3150 libido:
1048 3102 1080 3147 ut
1099 3088 1177 3147 illius
1198 3087 1263 3149 loe·

128 3162 219 3253 ditate
250 3167 340 3242 (quae
360 3168 483 3226 crassior
503 3178 547 3226 est
567 3180 597 3225 et
616 3166 805 3258 palpabilior,
837 3179 979 3247 quatenus
1003 3167 1116 3225 scilicet
1141 3164 1264 3246 corpori

127 3252 214 3298 etiam
235 3241 376 3300 maculam
396 3242 502 3319 inurit)
522 3243 551 3301 in
573 3243 701 3303 libidinis
720 3244 841 3305 cuiusvis
861 3244 1111 3303 abominationem
1133 3263 1188 3300 nos
1208 3242 1262 3300 ab·

127 3316 222 3375 ducat.
262 3317 412 3390 Quoniam
433 3318 487 3379 huc
505 3319 574 3400 lege
594 3321 728 3380 conditus
748 3334 792 3379 est
812 3321 916 3392 homo,
937 3332 970 3378 ut
988 3319 1146 3379 solitariam
1172 3319 1263 3377 uitam

127 3412 188 3450 uon
201 3403 275 3472 agat,
285 3393 336 3451 sed
351 3395 488 3454 adiuncto
498 3396 690 3456 sihisubsidio
707 3409 820 3456 utatur:
846 3397 951 3455 deinde
968 3417 1001 3456 ex
1014 3395 1126 3475 peccati
1139 3393 1263 3453 maledi-

129 3472 229 3557 ctione
240 3468 355 3558 inohanc
364 3472 564 3532 necessitatem
575 3477 666 3553 magis
678 3473 807 3533 addictus
816 3485 873 3532 est:
889 3485 1027 3552 quantum
1039 3473 1106 3532 satis
1118 3471 1264 3543 erat,Do·

126 3565 223 3603 nrrnus
234 3545 392 3624 opitulatus
403 3561 446 3608 est
458 3550 544 3609 nobis
559 3550 588 3608 in
600 3549 653 3608 hac
665 3561 760 3630 parte,
774 3550 840 3608 dum
855 3551 1022 3626 coniugium
1035 3548 1170 3621 instituit,
1181 3548 1264 3609 cuius

128 3621 298 3709 societatem
311 3642 361 3682 sua
374 3627 547 3686 auctoritate
561 3626 674 3695 initam,
685 3646 736 3685 sua
749 3646 866 3705 quoque
880 3625 1087 3685 benedictione
1099 3624 1265 3684 sanctifica·

129 3708 178 3754 vit.
200 3696 288 3756 Unde
300 3711 416 3759 constat
431 3712 461 3759 et
473 3701 555 3761 aliam
569 3701 739 3780 quamlibet,
750 3715 828 3761 extra
840 3703 1019 3781 coniugium,
1031 3701 1203 3761 societatem
1212 3722 1266 3761 co·

127 3794 189 3831 ram
202 3773 265 3852 ipso
279 3773 460 3836 maledictam
474 3798 552 3838 esse:
574 3791 604 3837 et
616 3777 692 3837 illam
711 3779 803 3858 ipsam
824 3779 1008 3857 coniugalem
1028 3780 1059 3837 in
1079 3779 1265 3838 necessitatis

127 3851 288 3909 remedium
319 3870 381 3933 esse
410 3854 592 3930 ordinatam,
622 3874 659 3913 ne
683 3855 715 3913 in
741 3855 886 3914 elirencm
906 3854 1058 3914 libidinem
1077 3874 1264 3934 proruamus.

126 3925 173 3985 Ne
205 3946 278 4008 ergo
304 3927 390 4009 nobis
417 3929 612 4005 blandiamur,
645 3931 715 3990 duro
740 3932 870 3991 audimus
895 3952 954 3989 nou
976 3951 1061 4010 posse
1080 3930 1175 3990 virum
1197 3953 1266 3992 cum

124 4001 259 4079 muliere,
277 4004 341 4064 siue
360 4005 418 4064 Dei
438 4007 657 4082 maledictione,
676 4019 756 4068 extra
777 4007 947 4089 coniugium
968 4007 1111 4087 copulari.

167 4168 203 4177 Φ
211 4171 226 4176 -
231 4171 556 4183 -------——.—-.-.——-
560 4176 582 4183 --ι
817 4176 971 4182 ——.--
977 4174 1122 4182 ——-—-
1130 4174 1166 4181 ι--
1172 4172 1258 4181 ...-

190 4252 218 4324 ⁸)
234 4255 291 4308 Lib.
307 4258 333 4313 d
352 4276 408 4330 cap·
426 4260 450 4314 7.
465 4280 485 4314 a.
501 4260 600 4317 t.-7.
618 4276 644 4316 et
666 4273 722 4330 cap.
739 4262 781 4315 20.
804 4281 823 4314 s.
838 4261 881 4318 ³8
898 4261 941 4316 dh.
972 4260 1037 4314 Item
1059 4258 1104 4314 lib.
1123 4261 1148 4313 d.
1168 4279 1225 4335 oap.
1244 4264 1267 4318 1.

123 4340 142 4375 s.
158 4321 284 4381 itt-1⁹.
315 4325 381 4381 item
396 4327 442 4381 tib.
459 4330 483 4385 d
501 4349 557 4402 cap.
575 4331 615 4389 li·
632 4350 653 4391 ι.
668 4332 711 4388 38.
729 4341 754 4384 ot
770 4329 812 4385 to.
