2700 4732
506 212 583 275 us.
604 211 661 274 111.
702 213 792 276 CbP.
811 214 876 275 XX.
1218 216 1259 280 dl

112 376 174 439 que
191 357 243 437 (ut
261 355 326 417 beri
344 354 422 418 solet
456 356 634 418 distrahatur
652 358 786 420 erraticis
806 324 1059 440 dogitationibus:
1091 355 1161 438 quia
1181 350 1255 417 nibil

112 434 205 516 magis
224 434 405 495 contrarium
456 437 483 494 ei
504 435 687 495 reverentiae
707 456 793 515 quarn
814 436 915 496 levitas
936 434 997 508 illa,
1014 435 1098 495 testis
1119 432 1255 495 licentiae

113 513 237 571 nimium
257 511 432 570 lascivientis
457 523 488 570 et
513 511 549 570 ab
571 512 654 572 omui
680 525 761 572 metu
785 512 909 571 solutae.
963 511 1029 587 Qua
1055 512 1086 571 iu
1111 530 1145 571 re
1168 522 1254 570 tanto

113 588 226 649 enixius
246 586 441 647 laborandum
462 600 521 661 est,
547 602 657 668 quanto
678 590 771 671 magis
790 588 938 648 difficilem
959 589 1137 667 experimur:
1163 607 1253 648 nemo

113 664 194 724 enirn
212 664 255 726 sic
273 665 406 724 intentus
425 677 470 724 cst
490 665 526 724 ad
546 666 742 745 precandum,
762 666 834 745 quin
858 665 962 725 multas
989 663 1122 744 obliquas
1142 663 1255 745 cogita·

111 741 213 801 tiones
232 740 380 821 obrepere
400 741 518 813 sentiat,
559 760 613 800 uae
633 743 777 802 orationis
797 763 913 801 cursum
933 740 980 802 vel
999 741 1185 821 abrumpant,
1203 738 1254 799 vel

112 818 192 877 flexu
214 817 316 896 aliquo
342 838 376 876 ac
401 763 574 877 diverticulo
600 830 763 879 morentur.
812 819 869 877 llic
894 838 965 877 vero
992 817 1078 877 nobis
1103 824 1255 877 succurrat

113 914 201 1030 :tlt
222 894 621 1031 lltt”tl.⁵lr.tll.?.‘.“⁵
639 892 1254 1050 liiiiiiiiiii'iiiiliimiiiiii

206 1022 210 1029 ·
599 1015 608 1043 r
1059 1013 1069 1044 s

112 1047 279 1106 reverentia
299 1059 413 1107 mentes
439 1060 552 1106 nostras
576 1048 632 1107 sibi
654 1048 805 1107 'devinctas
829 1069 890 1107 uon
920 1058 1019 1107 tenet:
1048 1047 1100 1107 sed
1131 1044 1254 1126 perinde

113 1122 175 1183 acsi
193 1122 280 1183 nobis
298 1143 396 1182 sermo
416 1136 493 1184 esset
512 1146 577 1183 cum
599 1125 717 1184 bomine
734 1123 850 1205 vulgari
869 1125 948 1184 inter
966 1122 1126 1197 orandum,
1145 1122 1253 1182 omisso
1317 1154 1323 1159 ·

111 1197 178 1271 illo,
196 1198 254 1259 buc
274 1199 319 1259 vel
339 1199 409 1259 illuc
428 1200 650 1260 transvolamus.
689 1202 821 1261 Sciamus
833 1220 905 1281 ergo
926 1221 988 1260 non
1009 1201 1084 1260 alios
1104 1199 1161 1259 rite
1182 1218 1253 1278 pro-

113 1275 218 1365 beque·
231 1295 263 1367 se
281 1277 437 1368 accingere
458 1277 494 1367 acl
515 1278 683 1369 orandum,
695 1277 749 1336 nisi
769 1298 842 1356 quos
863 1277 954 1337 allicit
972 1277 1030 1336 Dei
1049 1276 1200 1348 maiestas,
1219 1284 1253 1365 pt

110 1351 252 1489 biiii.
269 1354 800 1507 {tittstitittl‘lltti?
808 1354 1052 1490 :tlsllltli
1066 1352 1201 1489 ..liti
1220 1348 1252 1487 :l

132 1504 371 1575 rocol-remotos
391 1525 455 1566 esse
474 1528 490 1564 u
511 1506 595 1579 Deo,
625 1508 679 1567 uisi
711 1527 812 1567 seusus
835 1529 905 1567 suos
929 1508 958 1567 in
985 1506 1111 1567 sublime
1135 1504 1252 1567 tollant.

109 1525 200 1643 biens
229 1581 317 1641 etiam
343 1583 451 1642 dicitur
476 1582 506 1641 in
532 1583 650 1643 Psalmo
671 1586 818 1663 (25,1.):
849 1584 917 1658 „dd
948 1595 978 1643 te
1006 1583 1097 1644 levavi
1127 1583 1252 1642 animaru

111 1662 240 1717 neam.“
279 1659 318 1717 Et
336 1660 451 1738 saepius
472 1659 547 1718 banc
567 1659 709 1740 loquendi
730 1662 851 1721 formam
866 1672 988 1740 usurpat
999 1661 1165 1739 Scriptura,
1183 1680 1252 1719 oru-

112 1737 218 1793 Μ
235 1734 353 1794 tollen:
373 1755 424 1801 ·ne
444 1737 474 1794 in
494 1737 553 1795 suis
573 1736 704 1796 faecibus
723 1737 889 1810 desideant,
922 1737 973 1816 qui
998 1737 1122 1817 cupiunt
1147 1757 1162 1794 a
1184 1735 1253 1795 Deo

114 1811 253 1891 mandiri.
293 1812 374 1872 Haec
393 1834 503 1871 summa
523 1813 570 1886 sit,
590 1834 649 1892 quo
670 1812 818 1874 liberalius
838 1813 990 1873 nobiscum
1007 1814 1089 1873 Deus
1108 1811 1181 1892 agit,
1199 1831 1272 1871 cu-·

112 1887 202 1948 miter
219 1908 275 1949 nos
299 1889 423 1949 invitans
447 1900 481 1948 ut
505 1888 535 1947 iu
561 1890 657 1949 sinum
681 1912 766 1949 suum
791 1911 874 1950 curas
907 1902 1021 1950 nostras
1050 1907 1254 1962 exoneremus,

111 1963 372 2101 sinistri
388 1964 739 2102 ‘tistitus-te
765 1965 946 2102 uste
968 1979 998 2027 t
1021 1952 1253 2103 ‘sitast

110 2118 149 2177 ad
169 2137 202 2177 se
222 2065 341 2190 trabit,u
353 2064 498 2178 utrstudia
524 2062 1255 2211 ilesnsusqludsubibosnfriribmaillbiablfuiunaplpili·

110 2213 227 2254 cerussa:
248 2195 329 2274 quod
349 2195 413 2255 fieri
433 2217 494 2255 non
517 2207 615 2273 potest
635 2196 688 2255 nisi
707 2215 790 2256 mens
810 2218 878 2256 cum
898 2196 1114 2289 impedimentis
1134 2194 1253 2255 foroter-

109 2268 253 2333 luctaudo
274 2293 386 2331 sursum
408 2285 549 2351 emergat.
569 2307 607 2319 -
646 2272 780 2332 Alterum
806 2292 1097 2366 proposuimus,·ne
1142 2283 1252 2331 stamus
1330 2300 1338 2320 x

109 2347 168 2407 uisi
188 2359 331 2428 quantum
352 2348 438 2408 nobis
452 2349 531 2413 Deus
551 2350 704 2427 permittit.
742 2350 805 2409 Etsi
825 2371 904 2410 emm
924 2350 1008 2409 iubet
1026 2370 1109 2409 unse
1138 2348 1251 2408 undere

109 2423 205 2485 corda
225 2437 326 2485 nostra
346 2426 438 2503 (Psal.
459 2430 512 2498 θλ,
531 2433 590 2500 9.),
610 2447 672 2486 uon
692 2439 789 2486 tamen
810 2427 905 2487 stultis
925 2448 958 2487 uc
977 2428 1074 2565 pravis
1094 2422 1251 2486 affectibus

108 2500 324 2561 indifferenter
343 2502 470 2561 habenas
495 2502 582 2562 laxat:
615 2515 645 2562 et
670 2503 737 2562 dum
765 2505 912 2583 promittit
928 2525 961 2563 se
995 2517 1252 2564 acturumsecun-

110 2578 183 2637 dum
203 2578 320 2657 piorum
341 2580 541 2649 voluntatem,
574 2600 634 2638 uon
665 2601 796 2659 eousque
826 2582 962 2660 procedit
992 2580 1189 2661 indulgentia,
1218 2587 1252 2635 ut

109 2674 218 2714 eorum
238 2654 360 2714 arbitrio
386 2675 418 2715 se
433 2656 601 2715 submittat.
648 2657 739 2736 Atqui
764 2658 792 2716 iu
825 2670 953 2737 utroque
984 2659 1089 2739 passim
1122 2653 1252 2737 graviter

111 2730 312 2811 delinquitur:
334 2752 429 2811 neque
450 2733 526 2790 enim
549 2733 638 2793 modo
660 2746 771 2792 temere
790 2735 853 2793 siue
874 2736 983 2809 fronte,
1003 2737 1065 2794 sine
1085 2728 1251 2792 reverentia

112 2806 214 2866 Deum
233 2808 365 2887 plerique
384 2810 422 2867 ’de
442 2809 500 2868 suis
520 2810 636 2902 ineptiis
655 2811 844 2889 interpellare
857 2812 976 2885 audent,
996 2807 1177 2890 etquicquid
1197 2824 1253 2885 per

112 2883 262 2943 somnium
286 2886 460 2958 adlibuerit,
489 2887 524 2944 ad
551 2907 611 2946 erus
639 2887 768 2946 tribuual
801 2887 988 2967 impudenter
1015 2887 1166 2967 proferre:
1199 2880 1252 2942 sed

110 2958 253 3035 uutarel
270 2963 415 3022 stoliditas
435 2961 480 3021 vel
501 2964 653 3042 stupiditas
673 2983 724 3024 eos
744 2975 838 3038 tenet,
859 2975 891 3022 ut
909 2962 1106 3042 spurcissimas
1121 2977 1252 3039 quasque

109 3059 150 3099 eu
174 3036 287 3098 iditates
308 3039 469 3099 obtrudere
489 3039 556 3099 Deo
577 3041 682 3113 ausint,
702 3061 824 3118 quarum
846 3043 980 3099 conscius
1001 3040 1097 3099 facere
1118 3035 1252 3096 homines

108 3058 307 3175 rebementer
326 3116 442 3195 pudeat.
481 3117 641 3176 Audaciam
661 3117 737 3176 hauc
756 3118 885 3176 riserunt
905 3129 993 3196 atque
1013 3117 1102 3175 etiam
1115 3109 1253 3173 detestati

109 3203 184 3253 sunt
204 3192 320 3271 quidam
343 3192 458 3273 profani
481 3193 629 3266 homines,
652 3194 752 3253 vitium
773 3205 871 3252 tamen
892 3192 986 3272 ipsum
1006 3211 1123 3272 semper
1141 3209 1252 3271 regna·

107 3269 275 3348 vitantque
296 3269 364 3328 binc
385 3269 492 3327 factum
514 3283 557 3330 est
576 3282 610 3328 ut
629 3270 774 3329 ambitiosi
795 3271 895 3328 lovcm
915 3270 971 3330 sibi
995 3281 1153 3349 patronum
1178 3264 1252 3325 asci-

107 3358 244 3419 scerent,
264 3346 545 3421 avariblercurium,
565 3349 589 3405 Α
614 3346 733 3406 ullineru
745 3359 775 3406 et
787 3347 948 3405 Minervam
969 3345 1121 3407 doctrinae
1141 3341 1252 3422 cupidi,
1282 3340 1288 3357 “

106 3420 249 3483 bellicosi
270 3425 410 3496 Martem,
431 3423 579 3482 Venerem
593 3369 757 3483 libidinosi.
802 3424 896 3482 Sicuti
917 3424 1004 3482 hodie
1022 3427 1072 3500 (ut
1091 3440 1187 3512 nuper
1205 3430 1252 3479 at»

107 3501 134 3560 ti
160 3500 183 3575 i)
209 3501 349 3559 maiorem
371 3499 517 3560 licentiam
539 3500 645 3561 illicitis
665 3499 723 3560 suis
742 3499 951 3578 cupiditatibus
972 3501 1104 3559 homiues
1129 3518 1160 3556 sn
1181 3514 1251 3575 pre-

108 3519 197 3638 cibus
216 3576 386 3657 indulgent,
417 3598 503 3654 quam
528 3578 552 3636 si
579 3597 662 3656 pares
682 3596 748 3635 cum
772 3576 890 3655 paribus
913 3577 1014 3636 iocose
1040 3573 1251 3635 fabularentur.

107 3654 205 3733 Atqui
227 3673 287 3712 non
306 3655 420 3787 patitur
439 3655 520 3712 Deus
540 3675 620 3712 suam
641 3653 809 3713 facilitatem
834 3653 872 3711 ita
899 3650 1000 3712 baberi
1024 3650 1171 3721 ludibrio,
1198 3646 1250 3707 sed

108 3732 158 3791 ius
178 3750 260 3789 suum
281 3730 303 3789 si
328 3732 335 3787 i
353 3730 520 3804 vindicans,
537 3743 609 3789 vota
628 3741 729 3790 nostra
748 3748 802 3789 suo
822 3729 946 3806 imperio
965 3728 1084 3790 subiicit
1107 3736 1138 3785 et
1164 3724 1251 3783 freno

108 3820 248 3867 coercete
278 3806 346 3864 ideo
371 3807 533 3866 tenendum
561 3819 605 3865 est
629 3806 699 3865 illud
718 3804 838 3864 loannis
857 3805 898 3883 (l.
919 3823 965 3885 ep.
986 3804 1119 3879 5,14.),
1148 3802 1252 3876 „llaec

108 3894 159 3943 est
178 3883 283 3942 fiducia
310 3897 424 3957 nostra,
449 3884 529 3963 quod
553 3884 666 3961 siquid
690 3882 859 3975 petierimus
883 3884 1043 3941 secuudum
1068 3878 1252 3938 voluntatem

110 3962 187 4033 eius,
208 3961 288 4018 audit
309 3967 392 4018 uos.“
406 3994 446 4008 -··
477 3960 633 4020 Caeterum
648 3981 714 4039 quia
734 3970 832 4017 tantae
852 3957 1028 4036 perfectioni
1048 3956 1138 4039 longe
1158 3954 1252 4025 abest,

111 4036 187 4115 quin
207 4056 291 4114 pares
310 4039 370 4095 sint
390 4037 541 4097 facultates
562 4049 691 4108 nostrae,
710 4037 909 4115 quaerendum
930 4046 976 4094 est
994 4033 1154 4093 remedium
1171 4029 1252 4110 quod

110 4112 279 4173 subveniat.
321 4112 585 4186 Quemadmodum·
599 4116 704 4172 mentis
725 4112 816 4171 aciem
835 4113 866 4170 iu
888 4113 983 4171 Deum
1003 4109 1159 4169 intendere
1179 4126 1253 4166 con.-

111 4187 215 4262 venit,
244 4190 284 4248 ita
308 4191 405 4249 sordis
436 4192 574 4249 affectum
601 4190 705 4249 codem
732 4189 815 4248 seui
841 4208 961 4248 necesse
986 4199 1039 4246 est
1084 4187 1253 4261 Utrumque

92 4284 189 4324 .vero
210 4263 300 4348 longe
320 4267 395 4327 infra
414 4267 554 4340 subsistit,
574 4268 633 4329 imo
652 4265 749 4326 resins
766 4209 907 4323 lutiscuut
925 4276 957 4324 et
976 4262 1129 4337 deficiunt,
1142 4272 1201 4321 sut
1219 4258 1253 4317 in

113 4342 298 4405 contrarium
323 4344 467 4406 feruutur.
516 4342 590 4411 ldeo
618 4354 654 4404 ut
677 4343 746 4404 huic
769 4339 964 4402 imbecillitati
986 4338 1255 4410 suenrus-Deus,
