2700 4732
183 298 187 303 ,
260 182 266 193 ’
504 222 580 296 trs.
599 232 657 295 111.
696 232 785 297 oar.
806 224 870 295 xx'.
991 218 995 223 '
1130 312 1135 319 ,
1191 233 1252 302 aas

112 388 241 441 suntset
272 388 441 459 uaesuspte
460 386 562 440 natura
583 378 657 439 mala
676 399 738 440 oon
758 389 837 454 sunt,
857 375 968 439 diaboli
988 386 1085 440 tamen
1100 389 1163 439 trte
1181 390 1252 439 ten-

94 452 242 517 'tationes
283 466 346 529 unt,
366 476 456 534 quum
474 457 517 517 sic
527 455 619 517 oculis
639 456 747 516 nostris
767 456 952 537 ingeruntur,
971 465 1005 515 ut
1017 475 1119 515 eorum
1131 454 1252 516 obiectu

112 553 131 592 a
151 531 220 592 Deo
240 532 450 605 abstrahamur,
469 543 519 592 aut
536 532 716 591 declinemus
728 532 771 609 Ιθ’).
811 534 851 591 Et
869 532 922 591 hae
934 532 1051 610 quidem
1071 533 1252 593 tentationes
1329 546 1333 570 ¹

111 621 184 670 sunt
202 607 249 668 vel
267 630 283 669 a
303 607 409 668 dextris
429 607 477 668 vel
495 629 511 668 a
530 608 663 671 sinistris.
699 608 727 666 Α
747 608 869 682 dextris,
899 618 932 666 ut
952 608 1082 682 divitiae,
1106 608 1252 689 potentia,

112 683 256 756 bonores,
276 704 351 764 quae
363 683 535 763 plerumque
545 703 598 744 suo
619 683 737 764 fulgore
757 695 787 743 et
807 683 880 749 boni
898 685 1007 774 specie,
1021 705 1107 763 quam
1128 703 1252 762 praese

111 761 225 836 ferunt,
245 762 397 820 bominum
417 761 670 841 aciem'praestrin
713 772 756 833 nt,
776 771 807 820 et
826 760 974 820 blanditiis
985 762 1043 821 suis
1055 761 1197 833 inescant,
1216 772 1254 820 ut

110 836 221 897 talibus
239 836 405 919 praestigiis
426 839 518 915 capti,
538 850 571 896 ut
589 839 640 897 tali
664 781 819 898 dulcedine
838 836 931 910 ebrii,
950 838 1048 896 Deum
1067 859 1150 897 suum
1171 835 1251 897 obli·

77 956 83 963 ·
110 913 272 974 viscantur.
311 913 338 972 Α
357 914 490 988 sinistris,
511 926 542 972 ut
561 926 728 994 paupertas,
749 913 870 993 probra,
889 926 1091 993 contemptus,
1110 913 1251 974 afflictio-

111 1008 178 1064 nes,
198 1001 229 1050 et
247 1001 363 1050 caetera
381 990 411 1050 id
432 1010 539 1072 genus:
566 1011 692 1081 quorum
710 988 872 1051 acerbitate
892 989 1120 1070 difficultateque
1140 989 1251 1057 offensi

112 1066 229 1127 animos
248 1065 468 1145 despondeant,
498 1066 632 1126 fiduciam
663 1087 696 1127 ae
721 1087 802 1145 spem
822 1066 977 1142 abiiciaut,
1009 1067 1124 1126 demum
1145 1087 1160 1126 a
1180 1067 1249 1127 Deo

111 1142 428 1223 prorsus-alienentur.
447 1177 484 1190 -
524 1143 577 1201 His
596 1142 810 1204 tentationibus
834 1143 981 1221 utrisque,
1011 1142 1152 1222 quaerel
1175 1163 1252 1203 con-

113 1217 295 1298 cupiscentia
326 1231 427 1279 nostra
457 1219 487 1278 in
520 1217 610 1278 nobis
630 1238 786 1292 accensae,
817 1219 862 1278 ael
883 1219 1009 1278 Satanae
1029 1219 1141 1289 vafritia
1162 1219 1279 1281 nobis·

110 1295 285 1375 propositae
297 1294 450 1355 nobiscum
470 1307 613 1376 pugnant,
632 1315 671 1354 ne
682 1294 788 1355 cedere
808 1315 861 1356 nos
881 1296 1040 1377 permittat,
1052 1317 1068 1357 a
1080 1297 1148 1357 Deo
1161 1296 1250 1357 Patre

110 1383 218 1432 nostro
239 1390 408 1451 precamur:
435 1391 534 1431 verum
555 1382 588 1430 ut
607 1372 704 1451 potius
724 1392 811 1431 manu
830 1392 881 1433 sua
900 1392 955 1431 nos
974 1384 1169 1434 sustentatae
1190 1373 1251 1432 eri-

153 1459 180 1522 t,
199 1467 260 1529 quo
281 1447 343 1507 eius
360 1448 465 1508 virtute
486 1448 610 1523 robusti,
631 1459 735 1509 contra
755 1448 858 1508 ornnes
877 1447 997 1531 maligni
1017 1450 1107 1510 bostis
1126 1446 1250 1510 insultus

136 1523 192 1584 rmi
215 1536 292 1585 stare
344 1524 481 1599 ossimus,
512 1544 699 1605 quascunque
725 1524 919 1606 cogitationes
944 1525 1046 1586 animis
1066 1526 1174 1586 nostris
1193 1525 1250 1585 im·

109 1601 227 1661 mittat:
249 1545 355 1660 deinde
376 1601 512 1680 quicquid
535 1601 620 1683 nobis
639 1601 668 1659 in
691 1613 842 1680 utramque
867 1614 977 1680 partem
997 1603 1192 1682 proponitur,
1217 1602 1249 1662 iu

114 1676 228 1749 bouum
252 1690 412 1736 vertamus:
443 1677 499 1736 boc
525 1688 585 1752 est,
614 1697 652 1736 ne
682 1677 820 1737 inflemur
851 1681 1012 1758 prosperis,
1042 1698 1098 1737 nec
1122 1678 1250 1755 adversis

114 1753 295 1813 deliciamur.
339 1754 444 1834 Neque
464 1765 560 1812 tamen
583 1755 630 1814 bic
649 1754 838 1833 postulamus,
858 1774 896 1813 ne
916 1754 987 1815 ullas
1008 1755 1130 1815 omniuo
1151 1765 1249 1814 teuta·

112 1830 211 1891 dones
230 1828 398 1905 sentiamus,
418 1829 522 1911 quibus
536 1831 626 1913 magis
644 1831 772 1901 excitari,
792 1832 893 1912 pungi,
912 1830 1048 1905 vellicari,
1068 1847 1250 1912 magnopere

112 1904 203 1967 nobis
221 1927 296 1986 opus
316 1917 370 1980 est,
389 1927 427 1966 ne
448 1906 568 1965 nimium
588 1906 696 1967 resides
714 1919 892 1986 torpeamus.
928 1908 1033 1987 Neque
1047 1909 1123 1966 enim
1145 1907 1196 1967 abs
1216 1924 1250 1966 re

111 1982 209 2043 David
230 1983 339 2042 tentari
360 1981 495 2062 optabat:
517 2003 572 2043 nec
592 1984 663 2043 citra
685 1982 920 2044 oausameleetos
940 2005 1009 2044 suos
1029 1984 1160 2063 quotidie
1180 1994 1249 2042 ten·

111 2069 159 2119 tat
168 2058 316 2119 Dominus
325 2059 395 2135 Ψ,
416 2079 466 2119 eos
480 2079 539 2194 per
558 2060 763 2140 ignominiam,
783 2072 995 2140 paupertatem,
1015 2072 1044 2118 et
1064 2060 1133 2120 alias
1153 2059 1249 2120 erucis

110 2158 125 2196 s
148 2136 225 2196 ecies
244 2137 397 2218 castigans.
438 2135 478 2193 Se
518 2134 604 2195 aliter
617 2137 697 2195 Deus
716 2148 822 2209 tentat,
841 2136 926 2196 aliter
938 2137 1041 2197 Satan:
1062 2137 1109 2196 bic
1128 2147 1162 2196 ut
1181 2157 1250 2216 per·

132 2224 172 2287 at,
192 2212 321 2284 damnet,
340 2210 512 2286 confundat,
531 2215 719 2293 praecipitets
741 2212 822 2272 Deus
841 2234 923 2287 voro,
943 2225 976 2273 ut
994 2233 1062 2274 suos
1082 2213 1250 2292 probando,

111 2288 345 2368 experimentum
377 2288 413 2346 de
446 2308 547 2348 eorum
579 2289 747 2349 sinceritate
775 2302 889 2363 sumat,
921 2301 952 2349 et
971 2290 1135 2351 exercendo
1155 2290 1250 2351 robur

98 2364 284 2426 -eonfirmen
306 2385 408 2424 eorum
429 2385 544 2425 carnem
558 2365 725 2440 mortificet,
744 2378 897 2444 excoquat,
916 2366 1027 2440 adurat,
1047 2385 1122 2447 quae
1142 2366 1198 2426 nisi
1218 2366 1249 2425 in

111 2441 193 2502 bunc
218 2440 337 2500 modum
362 2454 550 2501 coerceretur
574 2441 736 2517 lasciviret,
764 2455 795 2503 et
825 2464 913 2521 supra
944 2443 1064 2503 modum
1085 2442 1248 2503 exsultaret.

110 2518 271 2578 Praeterea
291 2518 380 2577 Satan
401 2517 526 2578 inermes
547 2531 576 2578 et
595 2520 754 2598 imparatos
773 2518 920 2597 adoritur,
942 2531 974 2580 ut
993 2521 1126 2578 incautos
1146 2520 1249 2611 oppri-

111 2607 188 2654 mat:
207 2594 311 2670 „Deus
330 2615 387 2653 una
408 2614 473 2652 cum
494 2596 658 2656 tentatione
676 2595 747 2655 iacit
767 2606 914 2670 eventum,
934 2608 966 2656 ut
984 2595 1110 2655 srrlserre
1130 2618 1173 2655 sur
1196 2616 1249 2674 pa-

112 2672 224 2731 tienter
241 2671 387 2749 possint,“
408 2671 545 2804 quicquid
565 2671 620 2730 illis
640 2672 778 2731 immittit.
802 2671 937 2748 Maligna·
956 2673 1076 2732 nomine
1096 2670 1248 2732 diabolum

112 2769 151 2809 an
172 2759 323 2827 peccatum
343 2747 414 2805 intel
428 2747 553 2829 igsmus,
583 2769 671 2826 quam
695 2748 846 2807 minimum
872 2751 973 2809 refert
1017 2749 1107 2808 Satan
1128 2747 1247 2827 quidem

111 2825 176 2906 ipse
197 2823 287 2884 bostis
307 2835 360 2898 est,
380 2824 430 2902 qui
451 2825 526 2882 vitae
546 2835 663 2884 nostrae
684 2826 850 2884 insidiator:
872 2836 993 2905 peceato
1013 2837 1110 2884 autem
1122 2836 1247 2885 armatus

111 2900 208 2962 estin
229 2911 362 2959 nostrum
383 2900 509 2959 exitium.
528 2935 566 2946 -
603 2901 685 2961 Haec
705 2901 795 2982 igitur
815 2915 913 2960 nostra
939 2912 983 2960 est
1005 2900 1183 2992 postulatio,
1209 2921 1248 2963 ne
1281 2922 1304 2948 ’κ

109 2977 179 3038 ullis
199 2975 412 3036 tentationibus
424 2979 574 3036 vincamur
593 2998 626 3037 ac
641 2977 811 3051 obruamur,
829 2978 880 3037 sed
890 2976 1013 3037 Domini
1022 2976 1129 3036 virtute
1142 2988 1247 3037 eontra

111 3073 216 3116 omues
236 3052 367 3113 adversas
386 3054 525 3125 virtutes,
545 3053 650 3132 quibus
670 3074 889 3136 oppugnamur,
910 3055 1001 3114 sortes
1021 3065 1151 3127 stemus,
1165 3053 1247 3131 quod

112 3142 239 3193 estnon
259 3130 450 3189 succumbere
470 3129 696 3191 tentationibus:
722 3142 755 3190 ut
778 3131 890 3191 ineius
915 3131 1077 3192 custodiam
1100 3150 1133 3189 ae
1158 3129 1246 3191 fidem

111 3206 257 3286 suscepti,
276 3226 310 3265 ac
330 3206 518 3284 protectione
539 3207 599 3266 eius
619 3209 723 3281 securi,
742 3228 828 3287 supra
848 3217 1016 3287 peccatum,
1036 3218 1178 3281 mortem,
1198 3207 1246 3265 iu-

111 3284 244 3344 serorum
265 3293 382 3375 portas,
412 3293 442 3341 et
461 3293 557 3341 totum
584 3282 693 3343 diaboli
717 3303 841 3376 regnum
861 3284 962 3343 invicti
983 3280 1134 3343 duremuss
1163 3282 1246 3363 q‘uod

112 3370 159 3421 est
177 3381 193 3421 a
211 3359 339 3440 maligno
360 3357 489 3418 liberari.
528 3357 589 3418 Ubi
609 3360 694 3419 etiam
714 3361 763 3419 dili
787 3373 872 3419 enter
890 3359 1179 3419 animadvertendum
1192 3371 1247 3435 est,

108 3456 175 3497 non
197 3449 361 3495 nostrarum
381 3454 444 3495 esse
462 3435 565 3494 virium
587 3456 652 3495 cum
673 3381 793 3496 diabol>
819 3447 902 3495 tanto
928 3436 1072 3496 bellatore
1093 3434 1247 3516 congredi,

111 3534 168 3573 nec
189 3513 246 3571 vim
268 3512 328 3571 eius
349 3523 435 3590 atque
456 3511 594 3590 impetum
617 3512 704 3571 ferre.
753 3513 873 3591 Alioqui
900 3512 1007 3572 frustra
1026 3523 1076 3571 aut
1096 3531 1149 3590 per
1169 3511 1246 3570 ludi-

110 3589 208 3649 briurn
229 3610 245 3649 a
264 3589 330 3647 Deo
351 3599 533 3667 posceretur,
552 3588 631 3666 quod
650 3588 729 3647 domi
748 3589 825 3667 apud
846 3609 901 3649 nos
920 3599 1004 3648 esset.
1045 3587 1121 3646 Sane
1133 3588 1182 3666 qui
1201 3587 1246 3646 sui

112 3665 216 3726 fiducia
237 3667 272 3725 ad
293 3664 381 3722 talem
401 3684 432 3723 se
453 3684 579 3745 pugnam
601 3677 788 3744 comparant,
812 3685 873 3725 nou
898 3667 965 3725 satis
990 3663 1159 3744 intelligunt
1179 3684 1246 3724 curn

110 3763 198 3822 quam
219 3741 344 3823 pugnaci
363 3753 451 3819 atque
472 3741 615 3801 instructo
637 3741 795 3802 hoste-sibi
815 3761 861 3801 res
880 3741 926 3800 sit.
965 3742 1052 3799 Nunc
1072 3739 1246 3818 petiminab

110 3819 173 3880 eius
193 3830 340 3899 potestate
365 3815 498 3891 liberari,
528 3829 666 3897 tauquam
697 3818 733 3878 ab
759 3839 812 3880 ore
837 3818 930 3877 insani
953 3837 989 3881 ‚ac
1010 3813 1104 3876 rabidi
1124 3815 1246 3878 alicuius

286 3983 501 3991 u———-————-.—.
515 3986 538 3990 ...-
548 3984 790 3992 .--....--.—.--—
800 3984 842 3990 .-

179 4087 209 4156 *)
226 4087 277 4140 ιη.
297 4092 321 4150 1,
338 4089 362 4141 a
381 4091 464 4153 ers,
498 4089 590 4142 marin.
607 4091 634 4153 s,
650 4095 674 4146 1.
692 4104 716 4156 n
732 4092 758 4145 a.
792 4091 811 4142 1.
830 4089 918 4157 rues.
935 4090 961 4153 a
979 4090 1003 4145 s.
1020 4119 1055 4132 -
1078 4077 1245 4144 ernon.

108 4155 388 4293 wll‘ltl’es'aldssd
426 4223 492 4278 Gen.
509 4225 599 4287 tm.
633 4206 711 4277 lleut
728 4226 794 4287 Μ»
812 4239 839 4277 et
854 4224 993 4287 13,3.-
1026 4224 1047 4277 Ῑ.
1065 4223 1128 4278 Cor.
1146 4226 1187 4286 10,
1204 4225 1245 4280 13,

106 4290 141 4342 ΙΙ.
159 4290 227 4344 Pete.
243 4295 270 4354 2,
285 4292 310 4346 9.
328 4321 362 4331 -
397 4291 416 4342 l.
434 4291 501 4344 Pete.
519 4294 544 4352 b,
561 4293 586 4346 8.
621 4293 680 4348 Vid.
697 4296 814 4348 estruem
830 4294 907 4348 buius
924 4306 993 4357 seeo,
1008 4311 1063 4365 quo
1079 4312 1155 4349 sensu
1172 4292 1246 4348 Deus

106 4361 135 4414 in
153 4359 323 4415 tentationem
341 4361 466 4415 inducere
483 4361 591 4415 dicatur.
