2700 4732
1141 158 1151 193 l

79 216 161 295 aa
485 180 810 275 mmmm

106 354 185 435 apud
204 354 269 435 pior
289 354 365 415 aliud
386 354 576 435 proficerent,
595 357 650 417 nisi
669 367 703 415 ut
721 354 834 436 peccati
852 354 1076 437 redarguerent,
1094 362 1223 415 retente

104 434 113 491 i
136 453 170 493 so
190 433 369 512 reputandae
390 454 450 493 non
471 455 590 513 prorsus
610 433 737 492 inutiles.
783 434 884 507 Nunc,
914 452 1003 512 quum
1029 434 1138 515 agente
1161 428 1223 489 luta

105 452 234 589 dpiritu,
260 509 296 567 acl
316 508 552 569 inflammandum
574 510 647 567 boni
667 509 859 583 desiderium,
884 508 919 567 ad
941 506 1156 568 discutiendum
1176 516 1223 567 ter

104 606 227 664 porem,
247 586 282 644 ad
303 586 482 644 eximendam
510 586 671 665 iniquitatis
691 584 871 665 voluptatem
892 597 924 644 et
942 594 1119 642 venenatam
1137 580 1223 641 dulce

104 662 214 736 dinero,
233 674 337 721 contra
357 675 464 735 autem,
484 664 519 720 ad
540 663 640 721 odium
660 660 1060 753 taediunrqrregenerandum
1080 658 1223 739 plurim

104 734 237 797 caleante
262 738 327 816 quis
352 740 457 797 audeat
480 740 641 818 superlloas
661 738 806 799 cavillari?
850 739 883 796 bi
903 738 966 827 quis
987 736 1143 795 clariorem
1163 734 1223 795 deri

105 814 190 872 derat
207 814 442 893 responsionem,
464 818 504 873 sic
525 815 640 887 babeat,
659 816 797 873 Bilariam
815 814 896 873 Decus
916 834 948 871 ιιι
968 812 1068 871 electis
1087 811 1147 871 suis
1165 828 1223 891 ope

103 902 199 949 ratur:
232 892 325 965 intus,
344 892 574 970 perspiritum:
608 904 700 962 extra,
722 889 935 969 perverbum.
975 888 1105 968 Spiritu,
1124 898 1223 947 mente

99 967 314 1036 illuminando,
339 968 428 1027 corda
448 968 478 1025 in
499 968 624 1028 iustitiae
645 988 774 1027 amorem
795 966 965 1045 cultumque
987 964 1161 1037 formando,
1179 980 1223 1023 no·

104 1064 168 1101 vam
189 1062 240 1102 eos
260 1054 422 1103 creaturam
444 1044 521 1103 lacit.
561 1043 680 1116 Verbo,
705 1044 740 1102 ad
762 1043 884 1101 eandem
904 1042 1130 1103 renovationem
1149 1056 1223 1119 expe·

103 1119 239 1189 tendam,
257 1121 470 1197 quaerendam,
490 1122 699 1200 assequendam
720 1120 834 1178 excitat.
887 1119 1023 1197 Utroque
1044 1137 1148 1175 manus
1166 1128 1223 1175 scat

105 1196 266 1254 efficaciam
294 1216 347 1274 pro
374 1197 598 1286 dispensationis
622 1217 690 1256 suae
716 1196 806 1256 modo
833 1195 948 1254 exserit.
998 1191 1133 1252 Verbum
1157 1190 1223 1283 ide!

105 1270 174 1331 dum
195 1273 330 1350 reprobis
350 1271 492 1346 destruat,
512 1275 566 1333 etsi
587 1295 648 1334 non
669 1275 700 1331 in
720 1292 823 1332 corum
844 1271 1076 1344 correctionem,
1096 1271 1128 1327 in
1148 1264 1223 1327 atres

103 1360 203 1407 tamen
224 1370 306 1407 usum
325 1350 422 1408 valere
442 1349 525 1409 lacit:
547 1371 607 1428 quo
628 1362 658 1409 ct
677 1350 707 1407 in
728 1369 865 1429 praesens
886 1346 1085 1407 conscientiae
1104 1346 1223 1405 tertiata·

104 1424 157 1484 nio
177 1437 353 1504 urgeantur,
382 1438 413 1484 et
438 1424 469 1483 in
494 1427 594 1487 iudicii
622 1427 697 1484 diem
725 1426 817 1506 magis
838 1424 998 1484 reddantur
1017 1418 1223 1500 inexcusabiln'

47 1554 53 1559 .
105 1500 156 1559 Sic
177 1499 329 1575 Christus,
361 1502 490 1582 quamvis
521 1504 695 1582 pronuntiet
714 1504 775 1581 (lo.
796 1510 825 1573 6,
843 1507 891 1563 dd·
912 1503 991 1572 lb),
1021 1501 1170 1557 neminem
1195 1490 1223 1565 ff.

104 1596 136 1637 se
156 1575 255 1635 venire
275 1578 329 1637 nisi
349 1597 436 1657 quem
457 1579 545 1638 Pater
563 1581 698 1652 traxerit,
719 1592 748 1637 ct
769 1578 879 1637 electos
898 1576 1016 1647 venire,
1044 1584 1223 1654 postquaart

103 1653 194 1712 Patre
213 1652 360 1713 audierint
379 1667 410 1713 et
427 1656 598 1715 didicerint:
623 1676 684 1713 non
706 1666 803 1713 tamen
823 1656 886 1732 ipse
906 1652 1038 1712 doctoris
1057 1670 1165 1710 munus
1180 1664 1223 1709 aa*

105 1728 201 1810 gligit,
219 1729 270 1788 sed
289 1751 363 1790 voce
381 1751 432 1790 sua
450 1732 553 1791 sedulo
575 1733 687 1800 inritat,
707 1752 781 1810 quos
801 1732 878 1789 intus
897 1727 1038 1807 aSpiritu
1056 1737 1162 1787 saneto
1180 1722 1223 1787 dd

106 1808 168 1866 ceri
186 1824 305 1866 necesse
326 1819 386 1882 est,
416 1819 448 1866 ut
471 1808 580 1888 aliquid
606 1808 770 1887 proficiant.
819 1806 905 1899 Apud
931 1803 1077 1884 reprobos
1097 1790 1223 1873 aduroad¹

105 1880 214 1942 Paulus
233 1902 295 1942 non
316 1886 440 1943 otiosam
468 1904 529 1945 esse
550 1885 732 1956 doctrinam,
757 1883 824 1975 quia
850 1881 903 1942 dlis
924 1882 1002 1940 odor
1020 1889 1065 1939 est
1083 1876 1223 1961 mortiab

105 1971 243 2032 mortem,
261 1960 354 2019 suavis
374 1972 472 2020 tamen
492 1963 569 2020 odor
587 1962 652 2020 Deo
673 1961 729 2039 (ΙΙ.
751 1961 823 2020 Lor.
842 1966 873 2031 2,
892 1964 965 2023 lli)-
1207 1948 1223 2011 rt

181 2040 209 2099 6.
248 2035 286 2095 In
305 2037 499 2117 congerendis
513 2038 685 2117 Scripturas
705 2037 878 2097 testimoniis
889 2033 973 2093 ralde
991 2043 1060 2093 sont
1079 2016 1223 2169 laberii

106 2110 196 2190 idque
214 2111 317 2172 sedulo
339 2112 465 2190 faciunt,
488 2125 520 2171 ut
540 2115 677 2193 quoniam
698 2114 831 2194 pondere
852 2120 1015 2190 nequeunt,
1034 2127 1161 2169 numero

107 2199 166 2246 tem
186 2208 241 2248 nos
253 2188 429 2247 adobruant.
469 2189 527 2248 Sed
541 2190 786 2267 quemadmodum
806 2189 854 2247 in»
878 2187 986 2258 roeliis,
1007 2185 1058 2263 ubi
1078 2185 1116 2243 ad
1135 2176 1223 2257 mand

105 2277 226 2324 ventum
247 2276 306 2336 est,
338 2264 461 2324 imbellis
481 2264 657 2339 multitudo,
689 2210 905 2344 quantumlibet
936 2282 1061 2343 pompae
1086 2256 1223 2323 εἰσίω

104 2341 224 2400 tationis
243 2339 360 2415 babeat,
379 2342 478 2419 paucis
496 2342 600 2401 ictibus
620 2343 753 2422 protinus
772 2342 902 2400 tunditur
920 2360 953 2399 ac
966 2340 995 2397 iu
1019 2350 1101 2398 atur:
1119 2336 1163 2415 ita
1179 2336 1223 2397 Ιᾶ

106 2416 151 2476 bis
172 2416 342 2475 facillimum
363 2419 419 2475 erit
443 2416 509 2477 illos
534 2440 600 2478 cum
620 2440 671 2479 sua
696 2417 783 2477 turba
808 2418 950 2476 disiicerc.
995 2360 1076 2491 &uia
1094 2409 1223 2479 ,enimfl

106 2490 295 2571 paucissimos
313 2514 419 2573 scopos
439 2507 550 2553 coeunt
574 2495 631 2555 loci
651 2516 765 2569 omnes,
790 2493 895 2572 quibus
916 2493 1067 2553 adversum
1087 2510 1145 2552 noa
1162 2482 1223 2551 Μ

107 2581 226 2644 tuntur,
249 2566 301 2627 ubi
322 2569 352 2627 in
373 2590 437 2629 suas
457 2571 560 2630 classes
581 2571 727 2631 distributi
748 2572 872 2641 luerint,
891 2566 1093 2648 compluribus
1112 2562 1223 2633 snaed

106 2646 267 2724 sponsione
296 2645 427 2705 satisfiet:
458 2646 591 2729 singulis·
609 2648 799 2707 dissolvendis
829 2645 999 2706 incumbere
1030 2662 1152 2704 neeesse
1174 2648 1223 2711 m,

108 2722 175 2780 erit.
213 2721 405 2812 Praecipuum
432 2722 525 2783 robur
543 2723 643 2783 locant
663 2725 692 2783 in
715 2724 890 2813 praeceptis:
918 2742 992 2801 quae
1017 2730 1127 2856 putant
1144 2714 1223 2783 lad.

107 2796 216 2857 tatibus
235 2811 343 2858 nostris
363 2799 403 2859 sic
424 2811 615 2880 attemperata
636 2822 707 2874 esse,
728 2812 760 2858 ut
780 2799 917 2879 quicquid
938 2800 974 2857 ab
995 2797 1050 2858 ilis
1070 2796 1149 2877 exigi
1168 2800 1223 2877 ped

109 2873 209 2934 batum
229 2874 283 2951 sit,
314 2874 358 2934 bis
378 2880 517 2954 praestari
559 2897 624 2937 osse
644 2877 809 2937 necessario
830 2886 1036 2953 consequatur.
1074 2872 1159 2966 Ergo
1176 2870 1223 2933 fl

130 2952 176 3009 ula
195 2964 388 3031 percurrunt,
416 2965 446 3011 et
470 2973 503 3010 ex
529 2899 583 3011 illis
602 2954 705 3013 virium
731 2965 895 3012 nostrarum
920 2951 1040 3010 modum
1067 2952 1223 3011 medenti

106 2970 169 3087 but
188 3029 281 3100 enim,
305 3029 454 3118 inquiunt,
486 3029 582 3088 illudit
607 3029 693 3089 nobis
712 3029 793 3088 Deus
813 3050 902 3108 quum
921 3027 1121 3101 sanctitatem,
1144 3020 1223 3106 piefl

107 3115 178 3177 tem,
197 3102 409 3177 obedientiam,
426 3107 599 3178 castitatem,
618 3107 817 3177 dilectionem,
834 3103 1086 3164 mansuetudinem
1098 3098 1223 3241 impar}

109 3202 198 3258 quum
218 3181 443 3253 immunditiem,
462 3182 668 3254 idololatriam,
687 3182 907 3259 impudicitiam,
926 3181 1009 3252 iram,
1025 3180 1171 3259 rapinam,

108 3255 241 3335 perbiam
263 3269 292 3316 et
310 3256 413 3316 similia
433 3257 597 3317 interdicit:
625 3271 675 3317 aut
695 3279 728 3316 ea
748 3270 861 3316 tantum
883 3256 1004 3336 requirit
1023 3276 1101 3336 quae
1118 3252 1223 3321 aunt!

109 3345 208 3391 nostra
230 3344 384 3411 potestate.
432 3333 530 3393 Por'ro
551 3335 650 3392 omnia
671 3335 749 3403 lere,
773 3354 847 3412 quae
867 3332 1052 3392 accumulant
1071 3322 1223 3413 praecep*

110 3409 141 3466 in
162 3420 221 3466 tres
240 3409 351 3486 species
372 3409 549 3489 distinguere
571 3409 648 3467 licet.
698 3410 764 3469 ntia
790 3410 912 3501 primam
938 3410 973 3467 ad
994 3410 1223 3477 beaucourt!

109 3485 225 3543 sionem
244 3487 376 3565 exigunt:
405 3486 461 3544 alia
479 3486 649 3566 simpliciter
672 3485 709 3545 dc
729 3487 817 3567 Legis
836 3485 1043 3545 observatione
1062 3485 1223 3567 loquenti

111 3560 167 3619 alia
192 3580 380 3640 perseverare
411 3563 441 3620 iu
467 3574 585 3643 recepta
605 3563 663 3621 Dei
687 3563 781 3645 gratia
806 3562 920 3621 iubent.
971 3562 1017 3621 De
1045 3560 1200 3623 omnibus·

133 3642 223 3696 enere
242 3636 427 3696 disseramus:
452 3649 514 3696 tum
541 3638 749 3698 descendemus
768 3639 804 3697 ad
826 3640 932 3697 formas
952 3640 1037 3718 ipsas.
1076 3638 1168 3697 Romi

111 3656 264 3773 dacultates
283 3714 320 3771 ad
339 3714 453 3772 divinae
464 3714 552 3797 Legis
570 3729 726 3795 praecepta
746 3714 913 3788 extendere,
930 3718 1052 3796 vulgare
1071 3715 1102 3775 id
1121 3712 1173 3794 qrai

111 3790 219 3850 iamdiu
239 3810 301 3851 esse
321 3790 436 3868 eoepit,
456 3802 487 3850 et
504 3790 677 3850 nonnullam
697 3793 823 3870 speciem
843 3790 948 3864 babet,
979 3792 1030 3850 sed
1051 3812 1068 3849 a
1088 3792 1153 3851 rudi
1181 3786 1192 3805 ⁸

111 3867 198 3947 Legis
218 3865 384 3946 ignorantia
403 3867 521 3945 prodiit.
564 3868 637 3925 Nam
659 3869 707 3946 qui
727 3888 782 3945 pro
802 3869 830 3926 io
855 3869 915 3927 euti
935 3866 1049 3945 piaculo
1071 3868 1182 3929 ducunt

112 3944 226 4003 dicatur
244 3942 331 4023 Legis
352 3943 588 4002 observationem
609 3964 671 4003 esse
690 3888 914 4022 impossibilem,
933 3944 1109 4004 validissimo
1129 3942 1189 4005 scil'

112 4031 287 4100 argumento
306 4019 452 4092 insistunt,
471 4020 577 4078 frustra
597 4020 664 4078 alias
686 4022 781 4078 datam
801 4041 863 4079 esse
882 4022 992 4101 Legem
1012 4022 1093 4101 (cap.
1105 4026 1133 4086 7.
1152 4006 1223 4091 abd

110 4095 242 4155 Perinde
261 4096 339 4155 enim
358 4096 535 4175 loquuntur,
564 4097 622 4154 acsi
648 4117 789 4175 nusquam
809 4096 917 4156 Paulus
937 4099 974 4156 dc
993 4098 1076 4178 Lege
1101 4099 1223 4176 loquat!¹

112 4184 198 4231 esset.
237 4172 319 4247 Quid
339 4172 427 4246 enim,
444 4192 565 4252 quaeso,
584 4173 637 4232 ista
657 4174 712 4231 sibi
733 4174 836 4232 volunt
855 4174 955 4249 (Rom.
967 4179 1053 4246 3,‘2tl.
1075 4180 1104 4247 7,
1123 4178 1150 4238 7.
1167 4160 1223 4233 (Ἀ

109 4247 449 4325 3,19.Βοιιι.5,20.);
474 4249 584 4329 Legem
610 4261 732 4328 propter
756 4251 1001 4330 transgressiones
1022 4250 1144 4330 positam
1162 4248 1223 4315 effi

109 4342 164 4401 per
182 4324 293 4405 Legem
319 4346 382 4386 csse
405 4328 606 4407 cognitionem
631 4325 759 4403 peccati,
789 4326 899 4407 Legem
926 4338 1079 4406 peccatum
1107 4318 1223 4387 ested
