2700 4732
403 190 480 255 UD.
500 190 541 250 ll.
581 191 669 252 CAP.
691 190 775 251 vttl.
1095 196 1156 261 255

89 360 95 397 ι
121 337 276 399 inrinnant
292 334 393 395 Deum
421 335 564 397 advocare
594 359 650 398 nos
675 358 737 397 non
762 344 849 414 poste
874 335 1016 397 orationis
1036 347 1154 399 nostrae

89 436 137 489 un,
155 414 228 495 quin
247 412 370 492 periurii
389 409 516 473 rdtorem
535 412 623 474 nobis
642 414 847 504 imprecemur,
867 413 892 471 si
911 412 1044 473 t'allimu's.

92 497 147 557 25.
190 488 262 549 vite
285 500 317 547 et
341 487 462 582 vulgare
489 490 621 549 redditur
639 490 698 549 Der
722 510 848 561 nomen,
879 510 968 568 quum
991 491 1067 550 veris
1087 490 1154 571 qui·

89 612 97 643 ,
116 566 169 629 red
188 566 376 647 supervacuis
395 566 565 626 iuramentis
584 566 756 627 adhibetur:
781 564 923 645 siquidem
944 566 1086 644 accipitur
1105 568 1153 629 bic

89 664 143 735 qne
161 642 193 702 in
212 663 330 703 vanum.
380 643 483 717 Quare
514 664 575 703 non
600 643 668 703 satis
696 642 784 702 luerit
808 664 823 701 a
843 642 973 721 periurio
992 643 1153 721 abstinere,

89 718 162 781 rmnl
182 718 419 792 meminerimus,
449 718 645 779 iusiurandum
679 742 739 779 non
765 717 892 777 libidinis
917 730 968 777 aut
986 718 1154 799 voluptatis,

92 794 272 867 necessitatis
291 816 377 856 causa
398 796 568 874 permissum
594 809 624 854 et
641 795 820 855 institutum:
844 795 971 885 ideoque
991 808 1069 854 extra
1089 795 1154 857 lici·
1253 870 1255 875 Ι

110 873 188 933 illins
210 892 292 932 nsum
323 872 439 953 egredi,
464 872 514 951 qui
545 871 633 931 rebus
656 892 718 930 ιιοιι
745 872 910 931 necessariis
939 873 1154 933 accommodat.

89 970 125 1011 ro
143 970 204 1009 non
222 948 277 1009 alia
294 948 450 1028 praetendi
469 948 624 1012 necessitas
648 960 757 1028 potest,
777 970 864 1026 quam
884 947 995 1007 ubirel
1016 948 1154 1029 religioni

93 1024 206 1087 caritati
223 1037 267 1085 cst
284 1025 479 1085 serviendum.
525 1024 594 1099 Quo
614 1026 643 1083 in
665 1046 696 1083 re
717 1025 801 1083 nimis
821 1024 972 1083 licentiose
992 1024 1080 1084 hodie
1101 1024 1154 1085 de·

90 1102 183 1177 nitur,
201 1120 295 1193 eoque
321 1098 550 1175 intolerabilius,
572 1102 649 1178 quod
677 1099 860 1160 assuetudine
886 1101 947 1180 ipsa
967 1121 1021 1179 pro
1042 1099 1153 1162 delicto

89 1179 164 1239 utari
183 1178 281 1238 desiit:
302 1179 382 1256 quod
403 1189 482 1237 certe
502 1178 579 1257 apud
598 1178 656 1236 Dei
676 1176 804 1237 tribunal
823 1198 884 1237 non
906 1198 998 1256 parvo
1019 1176 1154 1238 aestima-

117 1254 230 1315 l'assim
250 1252 328 1313 enim
354 1253 519 1332 promiscue
544 1266 702 1312 temeratur
720 1252 778 1312 Dei
802 1273 911 1312 nomen
937 1254 966 1311 in
992 1254 1154 1345 nugacibus

89 1330 195 1414 nqniir:
216 1351 272 1390 nec
289 1329 365 1389 male
385 1330 448 1389 fieri
467 1342 595 1406 putatur,
615 1330 683 1419 quia
703 1331 731 1388 in
752 1342 851 1389 tantae
870 1328 1067 1409 improbitatis
1085 1351 1153 1410 por·

89 1416 182 1469 {onem
202 1406 292 1499 longa
318 1420 348 1465 ct
371 1406 512 1485 impunita
536 1408 654 1466 audacia
678 1419 797 1467 ventum
828 1418 881 1465 est.
930 1407 1032 1466 blanet
1054 1418 1154 1466 tamen

89 1506 116 1544 m
136 1484 263 1543 Domini
281 1482 464 1542 mandatum:
495 1497 594 1543 manet
617 1484 698 1542 firma
718 1483 846 1543 sanctio:
872 1494 903 1543 et
923 1482 1062 1543 ellectum
1081 1482 1153 1543 olim

89 1584 105 1621 ιι
131 1560 300 1634 obtinebit,
330 1581 386 1639 qua
416 1559 570 1638 peculiaris
589 1560 731 1639 quaedam
751 1560 877 1619 vindicta
896 1560 927 1617 in
948 1579 999 1620 eos
1019 1560 1153 1636 edicitur,

96 1636 205 1698 frustra
230 1656 340 1697 nomen
364 1636 454 1717 ipsius
486 1639 660 1716 usurparint.
709 1636 852 1696 Peccatur
876 1648 906 1695 et
925 1635 979 1694 alia
1003 1636 1034 1695 in
1059 1646 1154 1714 parte,

89 1714 103 1773 d
123 1714 156 1773 in
173 1713 235 1773 Dei
254 1713 350 1772 locum
369 1724 486 1773 sanctos
506 1713 567 1772 eius
586 1734 683 1774 servos
704 1714 733 1771 in
755 1712 924 1772 iuramentis
943 1712 1154 1787 substituimus,

92 1790 178 1851 ilesta
198 1789 364 1870 impietate:
383 1790 448 1867 quia
467 1789 508 1849 sic
530 1789 820 1870 divinitatisgloriam
841 1790 876 1849 ad
897 1810 947 1848 eos
968 1788 1153 1848 traducimur.

90 1886 127 1927 ne
147 1867 227 1925 enim
247 1865 298 1925 ahs
318 1886 350 1925 re
370 1877 424 1939 est,
444 1865 522 1946 quod
542 1865 659 2000 speciali
682 1866 819 1925 mandato
839 1864 987 1945 praecepit
1005 1865 1154 1924 Dominus

89 1962 193 2023 repar
212 1962 323 2003 nomen
341 1965 441 2002 suurn:
460 1943 577 2021 speeiai
598 1944 755 2002 interdicto
773 1942 933 2021 prohibuit,
953 1961 991 1999 ne
1011 1961 1064 2020 per
1083 1940 1153 2001 alie·

97 2020 170 2081 deor
187 2019 320 2079 iurantes
329 2019 489 2087 ‚audiamur
499 2019 543 2095 ¹¹¹).
591 2019 631 2077 Er
650 2020 810 2097 Apostolus
829 2020 906 2078 idem
932 2017 1040 2109 liquide
1063 2028 1154 2078 testa·

102 2095 305 2177 qunmscrihit
318 2094 451 2155 homines
470 2095 501 2153 in
522 2096 690 2154 iuramentis
709 2096 891 2175 superiorem
910 2116 941 2155 se
960 2096 1030 2175 apsis
1048 2093 1153 2176 appel-

93 2196 105 2233 ι
129 2172 244 2248 Deum,
263 2172 331 2251 quia
350 2193 400 2232 sua
420 2170 513 2252 gloria
532 2175 672 2231 maiorem
693 2194 754 2232 non
775 2172 913 2250 habebat,
933 2172 1153 2253 perseipsum

89 2270 143 2309 nae.

104 2330 150 2389 26·
184 2325 252 2384 Hac
271 2324 456 2385 iurisiurandi
480 2325 682 2385 moderatione
702 2324 909 2403 Anabaptistae
927 2345 988 2384 non
1009 2324 1154 2399 contenti,

89 2401 128 2461 nia
144 2400 207 2461 rinc
228 2401 403 2480 exceptione
427 2414 626 2462 exsecrantur:
652 2403 789 2480 quoniam
817 2402 926 2462 Christi
952 2400 1089 2481 gencrale
1115 2401 1153 2461 sit

89 2478 229 2539 indictum:
249 2478 336 2558 „ligo
351 2479 417 2538 dico
438 2479 532 2553 vobis,
553 2499 590 2536 ne
611 2479 709 2537 iuretis
724 2479 860 2537 omnino:
881 2480 919 2537 sit
938 2490 1032 2537 autem
1053 2498 1152 2538 sermo

89 2576 137 2631 er,
156 2568 217 2628 est,
237 2567 296 2612 est:
321 2575 398 2621 non,
419 2577 495 2613 non:
524 2554 603 2634 equod
624 2555 697 2613 ultra
718 2569 777 2626 est,
803 2554 916 2614 amalo
938 2560 1001 2613 est“
1034 2554 1152 2629 (lllatth.
1203 2558 1209 2573 ’

89 2638 122 2695 ld·
141 2630 201 2691 lac·
222 2638 251 2704 5,
271 2634 342 2706 12).
382 2632 440 2690 Sed
461 2632 517 2690 hoc
539 2631 626 2690 niodo
647 2632 860 2690 inconsiderate
880 2633 908 2690 in
929 2630 1077 2693 Christum
1096 2630 1153 2686 im-

89 2719 166 2789 3unt:
192 2708 261 2766 dum
288 2707 368 2766 illum
392 2708 505 2767 iaciunt
524 2708 605 2766 Patri
626 2708 833 2779 adversarium,
859 2721 888 2767 ιι
909 2709 957 2786 qui
978 2707 1012 2765 ad
1035 2707 1152 2765 decreta

105 2784 277 2865 abroganda
295 2784 325 2841 in
346 2795 454 2843 terram
476 2784 668 2843 descenderit.
707 2785 856 2862 Siquidem
868 2786 948 2843 Deus
969 2796 1103 2841 aeternus
1122 2783 1153 2841 in

89 2880 108 2919 ’e
127 2882 187 2920 non
207 2860 299 2919 modo
319 2860 527 2933 iuramentum,
548 2881 600 2919 ceu
620 2880 681 2917 rem
703 2860 869 2940 legitimam,
889 2860 1033 2937 permittit
1056 2859 1154 2936 (quod

92 2959 120 2994 m
138 2936 254 2996 abunde
275 2936 382 3015 lorct):
414 2938 464 2995 sed
494 2938 523 2995 iu
549 2938 720 2995 necessitate
740 2944 864 3015 imperat
887 2936 1154 3013 (lirod.2‘l,11.).

89 3014 160 3073 istus
179 3026 277 3072 autem
296 3033 328 3073 se
347 3014 448 3073 asserit
467 3014 527 3087 (Io.
546 3022 600 3086 10,
620 3019 666 3078 ¹18.
685 3020 731 3077 30.
752 3022 780 3085 7,
799 3013 876 3090 lb),
896 3035 986 3072 unum
1006 3033 1068 3073 csse
1088 3034 1155 3073 cum

89 3110 131 3163 re,
162 3110 194 3149 se
213 3112 276 3149 non
296 3089 373 3149 aliud
392 3091 500 3149 alserre
520 3113 605 3169 quam
626 3093 705 3170 quod
725 3092 814 3149 Pater
832 3090 1026 3162 mandaverit,
1045 3088 1155 3150 doctri·
1191 3124 1194 3133 ·

88 3187 191 3225 usuam
211 3188 274 3226 non
295 3188 356 3227 esse
377 3188 392 3225 a
413 3187 443 3225 se
465 3167 528 3246 ipso
550 3181 606 3225 ιιι.
639 3167 718 3239 Quid
740 3167 830 3245 ergo?
850 3168 986 3225 llcurune
1005 3166 1061 3225 sibi
1081 3187 1155 3226 con-

89 3241 144 3301 ium
165 3243 284 3315 sacient,
304 3244 353 3321 qui
374 3244 454 3321 quod
473 3244 561 3301 semel
583 3245 611 3302 in
632 3243 761 3302 moribus
782 3243 989 3323 praecipiendo
1008 3242 1155 3333 approba-

116 3332 194 3379 ostea
215 3319 371 3395 prohibeat
391 3342 424 3378 ac
445 3320 580 3379 damnet?
619 3320 679 3379 Sed
700 3320 766 3397 quia
786 3321 816 3377 in
836 3319 935 3379 verbis
947 3320 1055 3380 Christi
1076 3340 1155 3378 non-

89 3341 162 3456 ilasi
182 3396 378 3471 difficultatis,
406 3417 438 3456 ea
464 3397 611 3476 paulisper
634 3397 836 3475 expendamus.
882 3397 937 3454 llic
963 3408 1057 3454 autern
1078 3415 1155 3453 nnn-

89 3494 114 3531 m
128 3493 226 3531 rerum
247 3493 435 3551 assequemur
453 3475 508 3532 nisi
530 3473 631 3533 oculos
650 3473 833 3531 intendamus
853 3476 881 3530 in
895 3472 1003 3533 Christi
1023 3491 1155 3550 scopum,

89 3548 114 3607 td
132 3550 160 3608 id
178 3550 259 3629 quod
279 3549 337 3609 illic
356 3551 416 3630 agit
436 3550 562 3609 animum
582 3551 772 3607 advertamus.
823 3548 871 3607 llli
895 3571 956 3606 non
977 3560 1020 3606 est
1039 3548 1156 3607 institu-

89 3648 109 3699 ι,
126 3626 234 3703 Legem
255 3639 306 3684 aut
325 3626 433 3697 laxare,
453 3638 505 3684 aut
524 3627 715 3705 restringere,
742 3625 792 3683 sed
813 3626 847 3685 ad
868 3646 966 3685 reram
986 3646 1019 3683 ac
1039 3643 1156 3705 germa-

89 3722 97 3758 1
114 3702 333 3783 intelligentiam
353 3702 505 3767 reducere,
525 3722 598 3779 quae
616 3702 691 3761 salsis
704 3701 872 3761 Scribarum
893 3714 922 3759 et
935 3701 1156 3760 Pharisaeorum

89 3782 199 3837 amentis
220 3778 302 3835 valde
324 3778 476 3869 depravata
496 3779 601 3835 suerat.
641 3778 675 3835 lrl
695 3781 718 3837 si
737 3790 885 3851 tenemus,
911 3799 970 3836 ιιοιι
991 3774 1156 3855 putabimus

89 3852 175 3913 ris-tum
196 3855 345 3914 damnasse
364 3876 394 3912 ιιι
417 3865 509 3927 Ιιοιιιιιι
530 3854 705 3913 iuramenta:
725 3856 775 3913 sed
797 3876 829 3914 ea
840 3866 963 3924 tautum,
1004 3872 1056 3911 uae
1067 3850 1155 3933 Legis
1191 3858 1195 3869 “

90 3930 157 3988 ulam
170 3931 431 4011 transgredientur.
471 3932 512 3988 lix
531 3930 599 4009 ipsis
620 3943 744 4006 constat,
764 3932 905 4011 populum
925 3872 1001 3988 nihil
1015 3942 1086 3986 tune
1106 3949 1155 3987 ea-

89 4006 230 4065 rsolitum
256 4019 374 4087 praeter
398 4008 540 4086 periuria,
571 4029 659 4084 quum
685 4029 746 4065 non
773 4010 805 4067 iis
829 4007 915 4081 solis,
945 4006 994 4065 sed
1019 4003 1155 4063 inanibus

89 4100 148 4161 >qne
167 4106 200 4144 ac
219 4085 404 4163 supervacuis
425 4083 596 4143 iuramentis
616 4085 675 4141 Lex
701 4085 866 4144 interdicat.
917 4081 1063 4141 Dominus
1083 4100 1155 4161 ergo

102 4320 220 4389 ⁸)Erod.
235 4325 337 4390 2213.
372 4324 707 4392 benemeritam.
741 4326 921 4390 llehr.6,13.
