2700 4732
81 163 164 265 ,sss
491 111 574 220 imi
587 158 629 221 ιι
668 158 756 222 car.
775 158 857 222 xrs

105 298 682 467 ttttttttttltttglltttjftt
702 304 825 455 „lssttt
838 302 1242 461 lt²“r.‘.².t.‘¹¹lt⁸:‘.tt:
1282 446 1288 455 ,

106 456 205 517 eundo
226 454 428 545 potius,·vim
455 455 516 546 eius
545 457 709 517 universam
728 457 887 538 depressit,
915 457 991 517 inlre
1014 460 1051 531 it,
1083 458 1242 538 dissipavit

70 562 73 569 ·
105 529 238 593 Proinde
259 531 330 590 fides
349 552 379 590 ιιι
401 530 510 591 Christi
531 531 719 593 damnatione
737 533 969 609 absolutionem,
992 479 1241 595 benedictionem

106 609 137 670 in
163 606 370 683 maledictione
394 607 597 687 apprehendit.
656 609 758 684 Quare
784 631 844 668 non
870 611 921 669 abs
946 631 978 669 re
1003 611 1110 671 Paulus
1131 610 1242 669 trium·
1276 610 1280 619 '

105 685 213 767 phnm,
245 704 331 762 quem
351 683 414 772 sibi·
425 684 455 742 in
476 704 563 743 cruce
588 688 704 764 peperit
729 684 880 758 Christus,
910 689 1063 769 magnifice
1091 687 1243 766 praedicat

25 772 32 793 ι
106 761 514 838 (Col.‘t,15.),aesscrnx,
556 781 608 820 uae
628 761 714 840 plena
735 774 796 820 erat
817 762 984 838 dedecoris,
1004 783 1143 824 conversa
1164 775 1242 823 esset

105 839 275 899 incurram
293 833 507 914 triumphalem.
535 781 627 897 breis
645 838 723 896 enim
743 838 858 897 alfixum
882 839 969 898 luisse
988 840 1066 900 cruci
1086 839 1242 923 ehirogra-

105 915 208 996 phum,
227 911 306 991 qnod
328 923 390 971 eret
409 913 589 972 contrarium
608 913 713 987 nobis,
745 925 774 973 et
795 915 967 994 exspoliatos
986 917 1175 996 principatus,
1194 936 1241 976 ac

6 1020 33 1041 ··
105 990 201 1072 palam
219 987 378 1048 traductos.
417 988 480 1047 Nec
501 989 621 1066 mirum,
648 990 717 1069 quia
737 1009 791 1068 per
809 991 950 1070 Spiritum
972 1005 1123 1053 aeternum
1164 1003 1241 1052 teste

106 1069 201 1129 altero
219 1062 367 1143 Apostolo
389 1064 481 1123 Hebr.
501 1070 614 1144 9,14.)
633 1086 664 1127 se
684 1066 779 1146 ipsum
800 1067 910 1126 obtulit
930 1068 1078 1129 Christus:
1099 1091 1138 1127 un
1161 1067 1240 1127 eilla

106 1155 228 1204 naturae
247 1160 345 1200 rerum
365 1141 530 1201 conversio.
569 1142 630 1202 Sed
659 1141 732 1203 haec
761 1153 794 1203 ut
818 1142 930 1203 firmam
956 1146 1087 1205 radicem·
1102 1155 1190 1225 agant
1209 1145 1241 1203 in

44 1234 49 1238 ”
107 1218 245 1282 cordibus
264 1216 382 1290 nostris,
402 1227 432 1275 et
450 1218 566 1296 penitus
586 1218 741 1292 insideant,
759 1237 875 1297 semper
893 1220 980 1281 nobis
998 1222 1029 1281 in
1047 1233 1175 1281 mentem
1188 1240 1241 1280 ve-

23 1325 31 1344 ι
106 1296 190 1356 uiant
208 1293 380 1354 sacrificium
400 1304 430 1351 et
448 1291 572 1353 ablutio.
628 1294 733 1373 Neque
760 1295 839 1352 enim
864 1306 946 1354 certo
967 1297 1115 1357 confidere
1136 1315 1240 1374 posse-

87 1392 187 1442 mus,
216 1368 368 1429 Christum
388 1386 451 1427 esse
470 1367 662 1443 ἀπολύτρωσιν
678 1374 725 1424 και
742 1369 902 1443 ἀντίλυτρον
919 1376 966 1426 και
983 1371 1151 1445 ἱλαστήριον,
1183 1371 1242 1433 nisi

105 1445 223 1510 victima
244 1443 353 1505 luisset.
402 1443 475 1503 ldeo
499 1462 535 1503 ue
557 1444 647 1503 toties
666 1443 699 1503 fit
718 1445 864 1525 sanguinis
889 1447 1017 1522 mentio,
1046 1447 1098 1506 ubi
1118 1447 1240 1506 modum

106 1520 319 1601 redemptionis
338 1520 468 1580 ostendit
479 1464 646 1599 beriptnra.
688 1519 864 1599 Quanquam
885 1543 946 1581 non
963 1523 1053 1583 modo
1073 1523 1108 1584 ad
1130 1523 1241 1583 litatio·

9 1614 11 1618 ’
105 1620 176 1661 nem
194 1596 285 1657 valuit
303 1596 412 1658 ellusur
434 1594 544 1657 Christi
563 1597 695 1678 sanguis,
725 1598 776 1656 sed
802 1596 909 1659 lavacri
934 1599 1022 1659 etiam
1045 1599 1107 1677 uice
1127 1598 1183 1659 suit
1202 1600 1240 1660 ad

107 1675 210 1741 sordes
230 1683 344 1733 nostras
363 1673 537 1754 purgandas.
763 1682 767 1691 '

174 1757 202 1816 7.
240 1748 382 1829 Sequitur
411 1749 442 1811 in
474 1746 618 1828 Symbolo
637 1760 785 1809 mortuum
806 1749 909 1825 foisse,
941 1762 972 1811 ct
1001 1751 1163 1831 sepultum:
1186 1751 1239 1811 nbi

104 1847 221 1889 rursum
240 1825 341 1885 videre
361 1837 422 1901 est,
446 1824 597 1904 quomodo
622 1825 653 1885 in
681 1827 771 1885 vicem
797 1838 926 1886 nostram
949 1827 1060 1906 ubique
1079 1849 1112 1888 se
1130 1849 1241 1908 suppo·

106 1904 199 1967 suerit
217 1902 254 1962 ad
274 1902 445 1962 soluendum
466 1913 583 1962 nostrae
601 1902 811 1981 redemptionis
832 1907 966 1982 pretium.
1005 1905 1087 1964 lllors
1100 1904 1169 1985 iugo
1184 1925 1239 1965 suo

106 2001 162 2041 nos
182 1978 330 2061 obligatos
349 1977 480 2052 tenebat,
499 1979 529 2038 in
550 1977 626 2038 illius
645 1998 676 2038 se
696 1991 870 2059 potestatem
890 1980 958 2040 loco
978 1991 1081 2040 nostro
1109 1981 1252 2056 tradidit,

106 2077 167 2138 quo
189 2076 243 2116 nos
262 2055 332 2114 inde
357 2055 506 2114 eximeret.
554 2056 621 2116 lloc
646 2055 738 2116 intelli
762 2056 784 2116 it
807 2054 983 2136 Apostolus,
1013 2078 1102 2136 quum
1126 2052 1239 2132 scribit,

107 2153 175 2194 eum
194 2142 320 2191 mortem
341 2143 470 2221 gpstasse
489 2152 545 2212 pro
566 2131 701 2192 omnibus
721 2074 813 2209 (heb.
832 2137 862 2208 ι,
881 2136 934 2210 9.).
972 2133 1130 2194 hloriendo
1159 2135 1239 2193 enim

107 2209 218 2279 effecit,
238 2226 275 2267 ne
294 2228 468 2283 moriamur,
487 2207 532 2269 vel
561 2210 576 2286 (
599 2207 754 2268 undidem
775 2213 832 2281 est)
861 2220 957 2269 morte
975 2231 1026 2270 sua
1044 2210 1131 2269 vitam
1152 2210 1240 2271 nobis

106 2285 232 2347 redemit
264 2283 335 2377 [vid.
356 2283 441 2344 Calr.
461 2285 491 2343 in
511 2230 741 2366 Psydbopann.].
799 2286 864 2344 lloc
884 2296 981 2345 autem
1002 2307 1018 2345 a
1038 2285 1124 2346 nobis
1144 2287 1240 2346 diver·

106 2382 170 2424 sum
191 2360 307 2432 habunt,
337 2361 417 2439 quod
442 2362 531 2420 morti
551 2381 583 2421 se
602 2361 681 2421 velut
700 2361 921 2455 deglutiendum
963 2362 1086 2435 ermisit,
1117 2383 1179 2422 non
1206 2375 1241 2422 ut

107 2437 169 2499 eiua
188 2438 352 2518 gurgitibus
371 2436 588 2512 absorberetur,
607 2437 657 2497 sed
677 2459 767 2519 magis
789 2449 822 2496 ut
842 2458 903 2497 eam
924 2383 1113 2512 absorberet,
1143 2460 1160 2498 a
1180 2459 1238 2516 qua

106 2534 176 2574 mor
196 2533 306 2573 eramus
326 2512 519 2576 absorbendi:
552 2514 632 2593 quod
651 2513 845 2596 subigendum
865 2514 892 2573 ei
912 2535 943 2574 se
962 2514 1102 2594 permisit,
1121 2534 1182 2572 non
1204 2526 1236 2572 nt

108 2590 169 2651 eius
190 2601 335 2669 potestate
356 2589 588 2668 opprimeretur,
612 2591 661 2650 sed
682 2591 773 2673 magis
793 2602 825 2650 ut
844 2610 906 2651 eam
925 2601 1138 2671 prosterneret,
1159 2608 1235 2667 quae

107 2665 194 2726 nobis
215 2666 385 2725 imminebat
404 2687 437 2726 ac
456 2666 513 2726 iarn
534 2666 675 2746 depressis
695 2667 859 2728 insultabat.
898 2666 1033 2745 Denique
1047 2676 1079 2722 ut
1090 2686 1142 2745 per
1154 2686 1236 2723 mor·

107 2756 171 2803 tem
189 2741 355 2802 destrueret
375 2762 458 2814 eum,
477 2745 526 2824 qui
548 2742 674 2803 babebat
692 2744 795 2803 mortis
814 2744 983 2824 imperinm,
1005 2742 1035 2801 id
1056 2754 1115 2814 est,
1133 2740 1237 2801 diabo-

107 2819 183 2880 lumr
206 2831 236 2878 et
257 2818 396 2879 liberaret
414 2840 476 2894 eos,
497 2818 546 2899 qui
566 2820 672 2879 timore
692 2819 795 2879 moitis
816 2840 868 2898 per
887 2831 980 2879 totam
1004 2819 1091 2878 vitam
1116 2817 1238 2877 obnoxii

108 2896 595 2974 erantservituti(Heb.2,15.).
654 2897 741 2955 Hunc
766 2897 890 2974 primum
921 2897 1047 2955 fructum
1074 2915 1153 2953 mors
1178 2893 1238 2954 eius

107 2973 195 3033 nobis
214 2972 346 3052 protulit.
404 2971 539 3033 Alterum
569 2992 658 3048 vero,
689 2972 769 3051 qnod
799 2972 1023 3051 participatione
1043 2974 1086 3030 sui
1108 2971 1237 3030 membra
1286 3030 1289 3035 ,

107 3062 208 3111 nostra
229 3060 346 3108 terrena
365 3049 540 3124 mortificat,
564 3068 601 3108 ne
621 3069 684 3110 suas
704 3051 901 3130 inposterum
921 3048 1051 3108 actiones
1071 3059 1238 3106 exerceants

108 3139 236 3186 veterem
260 3145 296 3184 ue
316 3137 448 3185 nostrum
468 3125 616 3186 hominem
637 3136 750 3198 enecat,
771 3145 807 3183 ne
828 3123 948 3204 posthac
967 3123 1062 3202 vigeat
1082 3144 1114 3181 ac
1136 3121 1239 3181 fructi-

108 3202 185 3262 ficet.
237 3147 308 3276 buo
329 3201 415 3260 etiam
434 3202 583 3281 sepultura
603 3201 664 3261 eius
682 3202 824 3282 pertinet:
855 3218 961 3277 nempe
986 3199 1066 3258 cuius
1086 3210 1239 3258 consortes

108 3289 232 3359 peccato
252 3289 283 3336 et
302 3278 356 3357 ipsi
375 3277 555 3368 sepeliamur.
594 3279 662 3337 Non
691 3277 767 3336 enim
794 3277 860 3334 dum
886 3296 939 3335 nos
964 3273 993 3332 in
1019 3274 1239 3334 similitudinem

109 3353 212 3414 mortis
232 3353 343 3414 Christi
362 3353 463 3413 insitos
484 3374 546 3414 esse
564 3353 724 3433 Apostolus
745 3354 847 3424 docet,
867 3363 896 3411 et
916 3370 1038 3433 comeo
1058 3351 1188 3428 sepultos
1208 3353 1240 3410 in

110 3430 224 3512 peccati
242 3440 386 3504 mortem,
417 3450 471 3510 per
496 3429 557 3491 eius
577 3451 694 3491 crucem
715 3429 799 3491 nobis
820 3427 985 3488 crucifixum
1007 3447 1068 3487 esse
1088 3428 1251 3501 mundum,

111 3520 141 3567 et
160 3527 214 3567 nos
233 3505 359 3565 mundo:
397 3527 451 3566 nos
479 3505 520 3566 illi
545 3518 745 3567 commortuos
768 3524 840 3579 esse,
859 3504 895 3564 ad
917 3504 1136 3584 exprimendum
1159 3523 1239 3562 mor·

110 3584 148 3644 tis
174 3583 235 3642 eius
261 3602 340 3642 erem
363 3581 422 3640 lum
442 3581 579 3643 duntaxat
598 3603 651 3642 nos
678 3581 858 3641 exhortatur:
887 3581 938 3640 sed
969 3581 1042 3640 hanc
1071 3579 1112 3638 illi
1145 3580 1240 3638 inesse

111 3659 267 3720 efficaciam
288 3604 434 3733 declarat,
458 3679 530 3738 quae
551 3660 581 3719 in
602 3656 774 3719 Christianis
800 3656 934 3717 omnibus
959 3674 1098 3737 apparere
1124 3654 1240 3731 debeat,

83 3763 86 3771 ·
111 3737 168 3796 nisi
188 3736 279 3795 velint
298 3747 423 3794 mortem
444 3736 534 3814 ipsam
553 3734 686 3794 inutilem
705 3734 829 3794 reddere
855 3745 885 3793 et
907 3732 1124 3793 infructuosam.
1163 3732 1240 3793 Pro·

111 3814 180 3872 inde
199 3811 303 3890 duplex
323 3812 469 3870 in-morte
488 3810 695 3891 sepulturaque
716 3810 826 3871 Christi
847 3809 1019 3869 beneficium
1040 3807 1124 3867 nobis
1138 3806 1240 3867 lrnen-

112 3889 180 3950 dnm
194 3888 379 3969 proponitur,
399 3886 533 3947 liberatio
552 3909 568 3946 a
588 3899 695 3962 morte,
714 3889 760 3947 cui
780 3888 936 3964 mancipati
955 3907 1078 3956 eramus,
1098 3895 1127 3942 et
1146 3885 1242 3945 carnis

111 3979 229 4027 nostrae
243 3964 433 4033 ¹mortilicatio
454 3965 518 4041 (Cf.
538 3964 623 4023 Rom.
644 3970 673 4039 6,
693 3970 721 4028 5.
742 3960 807 4022 Gal.
826 3969 855 4035 2,
875 3970 921 4029 19.
941 3968 971 4033 6,
992 3959 1125 4026 14..llol.
1139 3965 1169 4032 3,
1186 3963 1239 4035 3.).

188 4047 217 4105 8.
255 4041 319 4099 Nec
338 4060 409 4099 vero
430 4039 599 4099 descensum
620 4039 656 4100 ad
675 4039 786 4098 interos
807 4039 944 4097 omittere
963 4039 1111 4108 convenit,
1129 4036 1160 4094 in
1181 4057 1240 4114 quo

112 4117 148 4178 ad
169 4116 379 4197 redemptionis
399 4116 538 4177 ellectum
565 4137 626 4177 non
652 4135 754 4194 parum
786 4127 831 4174 est
857 4113 1009 4174 momenti.
1066 4112 1242 4191 Quanquam

111 4196 190 4253 enim
204 4214 238 4253 ex
254 4203 388 4254 veterum
408 4193 534 4272 scriptis,
553 4190 733 4272 particulam,
753 4212 827 4271 qnae
846 4191 953 4271 legitur
972 4192 1002 4250 in
1022 4188 1168 4268 symbolo,
1188 4209 1242 4267 ap-

111 4281 196 4351 paret
213 4289 277 4332 uon
294 4269 369 4332 adeo
388 4267 568 4344 luisseolim
586 4269 617 4331 in
636 4266 766 4331 ecclesiis
790 4267 937 4331 usitatam:
968 4266 1000 4328 in
1022 4264 1173 4328 tractanda
1196 4277 1242 4328 ta·
