2700 4732
506 220 583 335 Llll.
601 220 659 284 111.
698 222 788 287 cat.
806 222 865 285 lll.
1197 228 1255 295 101

106 366 178 429 Dei
196 376 228 429 et
244 364 353 429 ramuli
372 366 491 428 venturi
509 366 630 427 virtutes
649 365 862 429 conculcarint.
900 365 945 429 Ac
964 387 1025 449 quo
1045 369 1137 506 maqls
1156 368 1255 452 expri-

107 454 215 505 meret
232 442 311 505 illam
331 442 491 524 impietatis
509 455 619 505 certam
638 442 882 519 destinationem,
906 443 965 505 alio
985 455 1089 526 postea
1119 466 1177 508 oco
1197 466 1256 508 no·

108 519 251 582 minutim
278 519 388 581 adiecit
411 519 571 580 dictionem
594 518 762 580 volam.
810 521 887 581 Nam
915 542 1006 601 quum
1031 520 1256 596 dicit,'nullam

110 596 185 657 fieri
203 595 345 678 reliquam
366 596 488 655 bostiam
509 596 553 668 iis,
573 595 622 676 qui
641 596 775 657 volentes
794 609 863 677 post
882 609 1030 689 acceptam
1049 599 1179 660 ueritatis
1198 619 1256 659 no·

109 672 212 733 titiam
231 673 382 751 peccarint
398 671 508 748 (llcbr.
528 678 581 745 10,
598 672 677 748 263:
703 692 764 733 non
784 685 874 755 negat
894 673 1043 735 Christum
1063 693 1126 736 esse
1145 697 1200 756 per
1221 694 1253 736 e-

112 758 199 809 tnam
218 747 358 821 boetiam,
382 749 418 808 ad
439 748 593 828 expiandas
612 760 780 809 sanctorum
805 749 971 843 iniquitates
990 750 1086 830 (quod
1105 762 1170 812 tota
1203 772 1255 813 ere

111 822 251 905 Epistola
263 825 372 885 diserte
391 824 506 898 clamat,
527 826 605 885 inter
624 822 826 903 explicandum
839 826 949 888 (bristi
960 827 1184 906 sacerdotium),
1201 827 1255 889 aed

111 900 228 962 nullam
248 900 332 961 aliam
352 912 462 965 restare
482 901 562 974 dicit,
580 900 632 961 ubi
651 900 689 959 ab
710 920 743 962 ea
755 902 910 963 discessum
926 914 979 964 est.
1016 902 1186 965 Disceditur
1201 925 1255 966 au-

111 988 179 1039 tem
198 976 276 1038 abne
315 988 345 1037 ta
365 997 400 1037 ex
419 976 552 1057 professo
573 975 726 1114 Evanpelii
745 979 876 1040 scritate.

194 1058 244 1117 ut.
318 1053 376 1113 uod
394 1065 506 1113 -autem
537 1054 623 1114 nirnis
668 1075 750 1114 urum
776 1066 807 1115 et
829 1076 846 1116 a
865 1056 924 1116 Dei
943 1054 1099 1117 clementia
1123 1056 1253 1118 alienum

111 1127 235 1190 videtum
253 1130 302 1211 qui
326 1130 441 1203 usdam,
460 1150 476 1190 a
496 1130 667 1191 remissione
688 1129 762 1191 ullos
783 1132 905 1192 omnino
925 1131 962 1192 de
984 1131 1048 1207 elli,
1067 1133 1118 1213 qui
1138 1133 1174 1193 aid
1194 1134 1252 1194 im-

110 1204 292 1343 plorandam
315 1206 439 1266 Domini
470 1206 918 1289 misericordiamconfugiant,
949 1153 982 1268 id
1009 1208 1094 1268 facile
1119 1209 1250 1271 diluitur.

144 1302 189 1344 on
207 1282 286 1342 enim
307 1282 446 1364 denegari
466 1283 582 1342 veniam
603 1283 684 1357 dicit,
703 1283 727 1342 si
746 1284 781 1343 ad
802 1284 962 1345 Dominum
983 1306 1014 1345 se
1039 1289 1253 1363 converterint,

112 1356 169 1423 ted
189 1359 313 1419 omuino
333 1369 422 1439 negat
446 1379 531 1438 posse
561 1359 596 1419 ad
629 1360 840 1438 poenitentiam
867 1380 1002 1442 surgere:
1034 1361 1114 1442 quod
1139 1363 1253 1425 scilicet

113 1446 238 1497 aeterna
262 1436 406 1496 coecitate
433 1436 473 1495 ob
504 1457 584 1495 suam
611 1436 641 1495 in
665 1435 850 1497 ratitudinem
874 1435 952 1497 iusto
973 1436 1030 1496 llei
1055 1437 1163 1500 iudicio
1184 1459 1254 1519 per-

114 1511 194 1573 cussi
213 1510 281 1573 sint.
330 1512 435 1591 Neque
459 1511 557 1572 obstat
580 1454 663 1591 quod
689 1512 767 1572 idem
793 1513 956 1594 exemplum
976 1514 1051 1574 Esau
1073 1513 1129 1577 huc
1149 1528 1254 1595 postea

114 1587 339 1663 accommodat,
371 1589 420 1668 qui
449 1588 557 1647 frustra
582 1587 626 1649 lac
663 1588 715 1647 mis
745 1600 776 1649 ct
801 1590 910 1650 eiulatu
933 1591 1094 1651 tentaverit
1119 1593 1252 1653 amissam

116 1664 593 1817 susustinstttlt·
618 1663 744 1817 „sill
760 1665 1059 1817 insistit
1074 1666 1253 1805 &stlta

117 1816 226 1897 Neque
245 1819 324 1878 enirn
344 1816 450 1878 talibus
471 1817 612 1896 loquendi
632 1817 765 1878 formulis
784 1829 834 1877 aut
851 1838 920 1878 vera
940 1819 1106 1894 conversio,
1125 1832 1175 1881 aut
1193 1821 1254 1882 Dei

115 1892 269 1956 invocatio
289 1893 472 1975 designatur:
491 1893 542 1952 sed
562 1894 611 1953 itta
632 1895 788 1973 impiorum
809 1915 845 1954 an
864 1894 951 1970 ictas,
970 1915 1025 1976 qua
1045 1896 1082 1955 in'
1095 1895 1184 1958 rebus
1204 1917 1253 1957 ex·

112 1971 220 2032 tremis
238 1970 389 2032 constricti
401 1981 549 2050 coguntur
560 1992 605 2030 res
629 1972 705 2031 icere
725 1971 805 2049 quod
826 1990 861 2029 an
878 1990 911 2029 ea
929 1991 1032 2031 secure
1052 1971 1255 2055 negligebant,

113 2047 175 2109 sibi
193 2045 266 2107 nibil
285 2066 348 2107 esse
369 2047 457 2119 boni,
478 2047 532 2105 nisi
552 2046 581 2105 in
603 1993 724 2106 bomini
743 2046 859 2107 auxilio.
898 2047 974 2108 lllud
994 2060 1091 2109 autem
1112 2070 1173 2110 non
1193 2062 1254 2111 tam

115 2123 297 2217 implorant,
328 2144 415 2202 quam
444 2123 500 2183 sibi
523 2123 651 2182 oblatum
677 2142 739 2183 esse
762 2134 893 2205 gemunt.
944 2125 1046 2204 ltaque
1077 2124 1149 2185 nihil
1173 2126 1252 2187 aliud

114 2199 700 2355 tttlttll'lllf‘ttlrllffltttl¹
713 2200 885 2356 3939
902 2200 1253 2358 ltplttlttlffl

115 2353 281 2414 discruciat.
320 2354 388 2413 Hoc
408 2353 566 2432 diligenter
586 2365 689 2413 notare
709 2373 818 2433 operae
838 2356 964 2433 pretium
986 2366 1043 2415 cst:
1066 2355 1133 2435 qnia
1151 2376 1252 2417 secum

116 2428 230 2511 alioqui
251 2440 395 2509 pugnaret
415 2429 513 2503 Deus,
539 2429 589 2508 qui
615 2449 668 2507 per
687 2429 865 2508 Prophetam
886 2431 1009 2506 clamat,
1039 2450 1070 2493 se
1090 2453 1144 2512 pro
1169 2433 1253 2493 itium

115 2506 203 2581 fore,
225 2506 347 2567 simulac
373 2525 530 2565 conversus
557 2507 646 2564 luerit
665 2517 802 2585 peccator
821 2506 943 2583 (Ezecb.
963 2513 1012 2582 18,
1031 2514 1079 2572 20.
1099 2453 1174 2600 ²¹3·
1212 2509 1253 2570 Et

115 2582 381 2675 (quemadmodum
403 2583 458 2640 ianr
480 2581 550 2658 dixi)
576 2583 704 2641 animum
730 2581 854 2644 bominis
874 2585 902 2643 iu
924 2585 1027 2644 melius
1048 2597 1153 2644 mutarn
1173 2606 1252 2645 non-

117 2660 177 2720 nrsi
204 2660 411 2739 praeveniente
437 2657 513 2716 illius
537 2658 628 2738 gratia
655 2669 766 2717 certum
787 2671 838 2719 est.
888 2660 936 2718 De
956 2661 1144 2721 invocatione
1164 2663 1253 2722 etiam

119 2756 266 2815 nunquam
279 2736 361 2796 fallet
381 2735 545 2814 promissio,
565 2736 615 2793 sed
629 2735 792 2809 conversio,
814 2747 844 2794 et
862 2737 993 2815 precatio
1016 2737 1178 2829 improprie
1198 2759 1253 2797 uo-

120 2822 206 2871 catur
235 2833 355 2872 coecum
387 2811 457 2870 illud
478 2822 673 2883 tormentum,
698 2832 757 2890 quo
784 2812 983 2871 distrahuntur
1003 2812 1139 2903 reprobe,
1161 2835 1250 2893 quum

118 2886 219 2948 Deum
236 2888 291 2949 sibi
313 2887 511 2968 quaerendum
532 2908 593 2947 esse
613 2888 729 2960 vident,
749 2898 782 2946 ut
805 2888 959 2948 inveniant
977 2886 1059 2948 malus
1078 2892 1136 2950 suis
1155 2909 1252 2950 reme·

117 2965 210 3039 dium,
229 2976 376 3025 ettamen
397 2969 457 3023 eius
478 2984 623 3026 accessum
643 2964 802 3044 refugiunt.
1058 3028 1062 3039 ,

195 3048 243 3107 25.
282 3042 445 3117 Quaeritur
465 3052 573 3114 tamen,
593 3062 681 3131 quum
703 3039 961 3121 negetdpostolus
980 3040 1046 3102 ficta
1067 3041 1251 3121 poenitentia

117 3115 227 3211 placari
246 3116 355 3188 Deum,
375 3117 525 3196 quomodo
547 3138 659 3176 venrant
680 3115 801 3195 adeptus
820 3118 858 3176 sit
869 3117 982 3191 Achab,
1003 3130 1033 3179 et
1052 3137 1177 3198 poenam
1192 3118 1250 3180 sibi

116 3194 257 3256 undictam
276 3196 414 3256 averterit
434 3195 473 3272 (l.
493 3194 567 3275 lleg·
588 3199 637 3268 21,
655 3198 703 3258 28.
722 3199 802 3271 29.):
834 3215 920 3273 quern
946 3207 1044 3254 tamen
1065 3195 1182 3255 nonnisi
1202 3218 1251 3256 su·

115 3272 181 3332 bito
197 3292 314 3363 pavore
335 3271 421 3331 inisse
442 3281 662 3329 consternatum
689 3289 722 3329 ex
747 3270 862 3348 reliquo
889 3282 995 3330 tenore
1019 3272 1099 3331 vitae
1118 3283 1249 3351 apparet.

115 3348 220 3408 Induat
238 3348 355 3427 quidem
376 3368 507 3421 saccum,
527 3367 659 3437 aspersus
679 3356 723 3404 est
743 3347 858 3416 cinere,
877 3346 966 3407 iacuit
983 3347 1064 3407 liumi
1085 3358 1115 3408 et
1134 3362 1251 3428 (quenn-

114 3424 276 3486 admodum
301 3425 500 3484 testimonium
524 3422 567 3481 illa
590 3422 737 3500 redditur)
770 3421 934 3484 humiliatus
965 3435 1009 3484 est
1037 3445 1136 3486 coram
1166 3425 1251 3485 Deo:

114 3502 167 3563 sed
188 3522 292 3581 parum
318 3501 373 3560 tuit
396 3512 492 3559 vestes
511 3499 659 3573 scindere,
688 3519 777 3577 quum
808 3512 942 3559 maneret
972 3521 1025 3561 cor
1049 3500 1199 3581 obstipum
1220 3514 1251 3562 ct

113 3577 227 3638 malitia
247 3578 403 3660 turgidum.
454 3576 593 3634 Videmus
617 3587 714 3634 tannen
740 3586 772 3633 nt
792 3575 871 3636 Deus
891 3576 926 3636 ad
946 3574 1128 3637 clementiam
1148 3580 1250 3639 flecta-

116 3666 176 3714 tur.
214 3646 410 3734 Respondeo,
429 3653 469 3713 sic
491 3652 635 3711 interdum
658 3651 816 3730 hypocritis
836 3654 916 3731 parci
937 3653 972 3713 ad
992 3666 1122 3734 tempus,
1153 3666 1186 3714 ut
1205 3666 1250 3714 ta·

116 3751 187 3790 meo
214 3730 417 3810 semper'illis
449 3728 600 3790 incumbat
623 3728 665 3787 ira
685 3729 757 3786 llei:
788 3728 816 3786 id
840 3749 877 3788 ue
900 3728 964 3789 lieri
984 3751 1045 3790 non
1065 3742 1124 3790 tam
1146 3750 1249 3791 eorum

116 3806 212 3888 gratia
236 3829 322 3888 quam
351 3808 380 3866 in
413 3825 569 3866 commune
601 3804 772 3895 exemplum.
819 3750 897 3864 ilum
923 3805 1002 3885 quod
1032 3807 1164 3888 mitigata
1193 3807 1251 3868 suit

116 3903 214 3963 poena
234 3885 289 3962 ipsi
309 3883 427 3957 Achab,
458 3903 544 3961 quarn
562 3881 633 3939 inde
654 3881 807 3940 utilitatem
828 3895 1025 3960 consequutus
1051 3894 1110 3957 est,
1139 3883 1195 3942 nisi
1216 3895 1250 3945 ut
1322 3904 1326 3915 ·

115 3980 180 4019 mm
201 3960 284 4019 vivus
304 3963 332 4018 in
353 3973 430 4018 terra
451 3980 512 4018 non
532 3956 672 4018 sentiret?
691 3957 774 4039 Ergo
785 3958 842 4017 Dei
855 3958 1035 4034 maledictio,
1054 3959 1184 4040 quamvis
1199 3979 1251 4020 re-

115 4036 253 4109 condita,
273 4037 353 4095 fixam
374 4035 477 4094 habuit
495 4036 593 4095 sedern
619 4037 647 4093 in
670 4034 731 4093 eius
752 4035 854 4094 domo:
886 4036 947 4115 ipse
973 4046 1069 4095 autern
1093 4036 1123 4096 in
1150 4046 1250 4095 aeter·

113 4134 188 4174 num
208 4115 326 4173 exitium
345 4112 480 4193 perrexit.
520 4112 601 4170 Idem
622 4110 721 4171 videre
742 4122 786 4169 est
804 4112 834 4170 in
854 4111 931 4170 Esau
951 4111 1046 4190 (Gen.
1056 4118 1105 4187 27,
1116 4117 1165 4177 38.
1175 4112 1249 4191 39)

111 4191 178 4249 Etsi
195 4190 273 4249 enim
293 4187 438 4268 repulsam
449 4209 547 4268 passus
560 4198 614 4260 est,
632 4187 803 4280 temporalis
822 4199 921 4246 tamen
933 4187 1251 4249 benedictioconceasa

115 4265 176 4325 luit
195 4267 255 4327 eius
275 4264 417 4346 lacrymis.
462 4264 522 4324 Sed
549 4264 615 4344 quia
635 4262 791 4346 spiritualia
815 4262 978 4326 baereditas
998 4283 1033 4324 ea
1048 4264 1109 4326 Dei
1128 4262 1250 4327 oraculo

117 4343 237 4403 nonnisi
260 4362 351 4422 penes
377 4362 469 4404 unum
488 4360 523 4403 ex
542 4340 681 4405 iratribus
698 4340 830 4404 residere
848 4350 983 4421 poterat,
1001 4340 1072 4402 dum
1090 4339 1269 4429 praeterito¹

142 4441 235 4488 cuens
247 4441 398 4490 mosmos.
1015 4422 1058 4485 2⁶
