2700 4732
500 222 590 319 μθ.
609 222 650 283 ll.
690 222 779 285 CAP.
799 222 839 283 ll.
1193 230 1252 303 153

105 381 292 451 compotem,
309 367 371 429 sive
391 366 500 430 rationi
519 368 734 451 obtemperare,
753 368 814 430 sive
833 368 930 429 sensui
948 369 1116 451 rapiendam
1135 391 1167 433 ee
1178 392 1249 452 pro-

101 450 231 509 ¹stituere
252 446 353 505 libeat.

53 538 58 557 ·-
183 528 213 589 3:
238 522 324 581 .Non
343 522 513 583 inficiantur
532 522 648 602 quidem
669 522 834 599 interdum,
859 523 920 603 ipsa
940 524 1075 583 nimirum
1096 522 1249 605 experien-

106 596 306 671 tiaeonricti,
326 610 435 677 quanta
455 606 522 659 cuiti
542 598 713 659 difficultate
732 601 840 659 rationi
866 621 881 659 a
904 599 942 659 ud
962 620 994 661 sc
1013 622 1135 681 regnum
1157 600 1247 661 liomo

108 676 255 737 stabiliat:
275 675 345 733 dum
357 696 437 735 nunc
450 675 584 735 titillatur
596 675 777 767 voluptatum
797 622 952 751 illecebris,
974 698 1052 735 iiuiic
1070 676 1136 737 lilsa
1150 678 1248 736 bono-

108 774 179 813 rum
207 752 333 833 imagine
364 750 530 825 deluditur,
559 772 637 811 nunc
662 765 842 831 impotenter
867 754 1029 833 percutitur
1048 754 1248 815 immoderatis

53 840 59 857 '
110 828 280 901 aflectibus,
297 839 329 887 et
339 838 478 906 tanquam
491 826 619 901 lucibus,
630 827 677 888 rel
691 830 785 887 nervis
798 832 843 904 (iit
856 835 895 889 ait
908 828 993 887 l'lato
1004 828 1054 887 lili.
1068 838 1096 893 t.
1111 830 1147 887 de
1157 830 1248 965 Legp

111 906 145 964 in
166 904 307 965 diversum
326 904 480 983 abripitur.
539 904 607 979 Qua
629 904 715 965 etiam
736 907 851 965 ratione
876 904 984 966 Cicero
1008 905 1075 979 (lili.
1094 911 1122 969 3.
1143 918 1247 966 tusco.

55 978 62 994 ‘
113 982 242 1073 quaest.)
260 980 340 1053 dicit,
358 978 425 1040 illos
441 1000 460 1042 a
479 990 582 1040 natura
602 980 686 1039 datos
707 982 849 1061 igniculos
861 984 966 1061 ¹pravis
981 982 1171 1061 opinionibus
1186 1004 1246 1041 ma·
1302 1044 1306 1053 ,

53 1100 55 1123 ;
114 1056 210 1137 lisque
227 1056 356 1115 moribus
375 1078 444 1115 mox
464 1058 615 1137 exstingui.
656 1056 715 1115 Ubi
728 1064 801 1117 rer'o
822 1058 911 1117 semel
932 1078 1004 1117 occii
1018 1071 1113 1116 iariint
1133 1060 1162 1117 in
1183 1060 1247 1119 ani-

53 1130 56 1168 ῑ
112 1134 170 1193 iiiia
189 1132 337 1191 bominum
357 1132 501 1193 eiusmodi
519 1133 628 1207 morbi,
648 1133 839 1211 impotentius
859 1136 979 1215 grassari
1012 1147 1138 1207 atentur,
1159 1155 1246 1215 quani

60 1202 87 1239 ⁸
114 1220 150 1267 iit
177 1208 262 1267 facile
281 1214 421 1269 coireere
441 1228 493 1269 eos
512 1208 612 1269 liceat:
645 1230 700 1268 nec
726 1210 860 1269 dubitant
886 1210 1034 1270 ferocibus
1061 1213 1142 1289 equis
1162 1232 1246 1272 coni-

114 1304 232 1365 parare,
260 1284 310 1363 qui
330 1284 480 1345 exturbata
499 1287 631 1362 ratione,
662 1306 716 1346 ceu
736 1287 837 1367 auriga
856 1306 985 1359 eicusso,
1014 1288 1247 1368 intemperanter

118 1380 152 1421 at
167 1360 229 1421 siue
248 1360 338 1421 modo
359 1360 518 1425 lasciviant.
557 1363 624 1423 lloc
649 1373 746 1422 tamen
767 1376 844 1422 eitra
866 1364 1094 1423 controversiam
1116 1376 1245 1445 ponunt,

118 1436 234 1497 rtnutei
252 1449 285 1498 et
302 1438 372 1497 vitia
392 1438 421 1496 in
443 1450 542 1498 nostra
563 1458 626 1499 esse
651 1451 798 1519 potestate
831 1440 912 1519 [vide
932 1440 1008 1517 apud
1028 1440 1118 1498 Arist.
1145 1440 1196 1499 lib.
1215 1446 1244 1505 3i

121 1512 212 1573 titic.
232 1534 296 1593 cap.
315 1514 372 1593 5.].
409 1514 485 1573 Nam
505 1517 529 1575 si
549 1528 668 1575 nostrae
688 1516 861 1650 1{inquiuno
882 1515 1034 1576 electionis
1055 1528 1099 1575 est
1119 1515 1176 1575 lioc
1196 1528 1247 1577 aut

124 1588 190 1649 illud
206 1609 308 1671 agere:
329 1602 454 1673 ergoet
472 1612 534 1651 non
554 1610 650 1684 agere.
718 1613 814 1651 ursum
840 1594 864 1653 si
889 1612 950 1651 non
976 1611 1080 1673 agere:
1113 1612 1185 1673 ergo
1216 1604 1247 1653 et

126 1666 212 1757 ag'ere.
248 1666 355 1727 Libera
377 1680 474 1726 autem
495 1667 641 1729 electione
661 1688 750 1750 agere
768 1668 903 1729 videmur
923 1689 995 1748 quae
1016 1670 1136 1749 agimus,
1158 1680 1188 1729 et
1207 1669 1245 1729 ab

127 1740 312 1803 inabstineee
332 1742 437 1823 quibui
457 1743 648 1805 abstinemus:
679 1765 751 1825 ergo
779 1745 892 1837 siquid
914 1745 986 1804 boni
1007 1749 1117 1826 agimus
1138 1745 1246 1805 nbili-

129 1814 197 1890 bea,
211 1827 362 1901 possumus
381 1819 453 1878 illud
474 1820 626 1881 omittere:
647 1821 670 1881 si
704 1822 752 1881 iiid
772 1822 839 1881 mali
860 1833 1074 1901 perpetramus,
1095 1842 1246 1900 possumus

131 1892 279 1975 'alquaque
298 1894 414 1977 lipgcre.
435 1896 615 1970 Quinetiam
636 1844 827 1957 coliccmiae
848 1899 965 1977 quidam
987 1918 1089 1957 eorum
1101 1918 1246 1977 prorupe-

131 1982 198 2043 mit,
214 1984 245 2031 ut
262 1972 399 2032 iactarint
418 1972 540 2033 deorum
561 1975 678 2054 quidem
699 1996 762 2035 esse
781 1996 901 2047 munus,
921 1975 1000 2051 quod
1020 1976 1156 2033 vicinius:
1189 1995 1246 2033 no·

131 2056 208 2105 strum
223 2068 309 2123 vero,
339 2048 420 2127 quod
439 2050 517 2108 bene
536 2064 695 2129 sancteque
714 2051 848 2109 vivimus:
881 2054 959 2109 unde
980 2062 1010 2109 ct
1028 2050 1098 2110 illud
1121 2051 1247 2110 Cicero-

132 2122 172 2181 ttit
190 2123 216 2181 iii
237 2144 362 2205 persona
387 2124 495 2187 Cestae
531 2126 584 2206 [dc
602 2128 676 2187 Nat..
690 2128 772 2187 deor.
796 2127 846 2185 lili.
865 2126 921 2208 3.],
952 2127 1019 2205 quia
1042 2126 1096 2187 sibi
1123 2128 1246 2206 quisque

132 2198 251 2259 virtum
269 2202 412 2281 acquirit,
441 2203 588 2262 neminem
613 2224 646 2263 er
671 2204 851 2294 sapientibus
876 2226 1004 2283 unquam
1026 2204 1062 2261 de
1084 2224 1116 2262 ea
1137 2206 1245 2283 gratias
1292 2248 1296 2253 -

89 2308 95 2316 ·
133 2270 192 2334 llto
207 2278 299 2359 eglise.
337 2278 491 2358 „Propter
508 2280 647 2340 virtutem
668 2302 745 2340 enini
766 2280 933 2352 laudamur,
953 2280 1065 2357 inquit,
1086 2294 1116 2340 et
1135 2283 1166 2339 in
1185 2280 1245 2340 vir-

53 2428 55 2435 Ι
135 2362 207 2423 „tite
222 2354 394 2435 gloriamur:
417 2354 497 2435 quod
516 2377 578 2416 non
600 2358 694 2430 lieret,
714 2357 738 2416 si
758 2358 867 2416 doiiiiin
889 2357 1049 2427 essetllei,
1070 2378 1129 2417 non
1151 2377 1166 2416 a
1187 2378 1244 2417 no-

53 2490 57 2497 ,
135 2424 217 2501 „bis“
250 2431 291 2491 Ac
310 2430 400 2509 paulo
420 2444 502 2511 post:
522 2433 679 2507 „iudicium
702 2432 757 2492 boc
778 2435 908 2492 omnium
929 2434 1096 2492 mortalium
1108 2446 1160 2505 cst,
1181 2434 1244 2492 sor-

53 2514 57 2521 '
133 2514 234 2573 ,tunam
256 2526 272 2565 a
296 2508 365 2565 Deo
391 2508 562 2587 petendam,
594 2531 609 2569 a
630 2530 661 2569 se
684 2510 748 2589 ipso
768 2512 937 2568 siiiiienilam
959 2530 1020 2569 esse
1040 2511 1245 2589 sapieiitiam.“

132 2576 201 2667 llaec
217 2602 284 2663 ergo
304 2585 546 2664 philosophorum
567 2587 697 2646 omnium
718 2588 880 2645 sententiae
900 2607 1010 2645 summa
1035 2600 1094 2659 est,
1127 2586 1244 2645 liumani

53 2668 57 2675 '
90 2724 96 2729 -
132 2655 274 2719 iiietteeiiis
293 2662 438 2721 rationem
459 2675 556 2722 rectae
583 2662 791 2743 gubernationi
815 2662 963 2721 sulficere:
993 2662 1174 2721 voliiiitatem
1201 2663 1245 2721 illi

53 2741 57 2753 '
134 2732 324 2807 subiacentem,
350 2758 471 2797 asciisu
492 2739 609 2816 quidem
631 2740 665 2797 ad
687 2739 760 2798 mala
780 2739 946 2797 sollicitari:
980 2740 1047 2811 sed,
1072 2751 1103 2797 ut
1122 2738 1243 2797 liberam

136 2806 284 2871 electionem
305 2813 402 2885 habet,
422 2814 556 2894 impediri
577 2836 759 2895 nequaqnam
774 2835 869 2894 posse,
889 2817 960 2894 quin
980 2816 1124 2875 rationem
1139 2816 1244 2875 ducem

53 2884 94 2953 ’ἐ
139 2888 446 2968 puomniasequatiir.

56 2962 92 3045 ἓ
197 2968 222 3025 l·
253 2965 334 3025 luter
353 2968 510 3056 scriptores
531 2966 741 3029 ecclesiasticos
751 2969 867 3028 tametsi
881 2987 968 3026 nemo
983 2968 1100 3041 exstitit,
1120 2966 1244 3045 quinon

53 3044 90 3111 j'i
144 3052 331 3113 agmiceretce
356 3056 508 3107 sanitatem
533 3046 654 3105 rationis
686 3046 715 3104 in
747 3045 866 3103 lioiiiine
898 3046 1026 3125 graviter
1059 3064 1091 3102 ex
1130 3054 1243 3103 ieccato

53 3096 88 3191 *l
145 3110 307 3192 iubenum,
340 3131 371 3178 et
393 3121 576 3179 voluntatem
603 3122 696 3199 pravis
721 3121 927 3199 cupiditatibus
957 3122 1040 3179 valde
1066 3066 1244 3199 implicatam

53 3194 93 3279 j
149 3194 285 3281 utnulti
303 3206 400 3255 tamen
423 3216 524 3255 eorum
546 3197 634 3333 longe
656 3198 720 3277 plus
740 3218 834 3276 aequo
855 3198 1249 3285 pliilosopliisaccesserunt.¹

203 3270 286 3355 quibus
315 3285 432 3332 veteres
464 3273 534 3331 milii
566 3276 704 3333 i‘iicntur
725 3274 780 3335 hoc
801 3276 927 3333 consilio
948 3276 1023 3333 vires
1044 3274 1181 3332 humanas
1200 3294 1244 3332 sic

54 3346 75 3375 '
150 3338 259 3419 fillius,
274 3368 308 3407 ne
328 3350 354 3409 si
373 3351 576 3429 impotentiam
598 3350 705 3409 diserte
726 3363 823 3410 essent
843 3350 980 3424 confessi,
1001 3350 1126 3429 primum
1147 3349 1244 3428 pliilo·

149 3413 271 3493 ”plerum
287 3424 417 3505 ipsorum
436 3426 609 3500 cachinnos,
633 3428 805 3505 quibuscum
824 3439 895 3485 tunc
916 3439 1063 3485 certamen
1086 3426 1244 3497 habebant,

72 3500 105 3541 “··-
148 3504 295 3559 umieniii·
320 3503 431 3561 deinde
458 3503 538 3561 carni
562 3516 665 3581 suapte
691 3516 798 3581 sponte
819 3504 903 3561 nimis
923 3504 959 3562 ad
980 3504 1090 3561 bonum
1111 3504 1244 3579 torpenti

62 3576 86 3606 ’··’
147 3581 226 3653 ¹¹th
241 3574 356 3637 desidiae
376 3579 559 3638 occasionem
580 3579 767 3658 praeberent.
798 3580 878 3659 Ergo
893 3581 1012 3658 nequid
1029 3580 1244 3638 communitio·

106 3684 109 3689 ·
145 3656 227 3708 utnon
243 3650 347 3715 iudicio
368 3655 524 3714 absurdum
547 3655 707 3730 traderent,
728 3656 897 3735 Scripturae
919 3656 1081 3715 doctrinam
1097 3677 1162 3717 rimi
1175 3655 1243 3787 plii-

75 3804 79 3809 ·
109 3794 113 3801 Ι
146 3712 261 3802 ineptiae
278 3726 464 3813 dogmatibus
485 3730 601 3789 dimidia
623 3744 759 3810 exparte
781 3732 938 3792 conciliare
958 3733 1083 3791 studium
1106 3730 1161 3787 illis
1187 3730 1243 3790 uit:

59 3808 91 3855 ''-
145 3802 380 3883 tnecipiieiamcn
401 3808 560 3867 secundum
581 3807 653 3866 illud
673 3821 832 3888 spectasse,
864 3829 902 3867 nc
928 3810 1053 3868 desidiae
1081 3806 1177 3865 lociiin
1201 3806 1214 3863 l
1230 3841 1244 3854 -

145 3886 225 3956 tueri,
243 3902 395 3944 eteorum
416 3884 513 3945 verbis
534 3897 664 3964 apparet.
704 3885 805 3945 llabet
826 3885 1059 3962 chrysostomus
1075 3886 1105 3961 *)
1125 3881 1242 3941 alicubi:

56 4190 105 4296 {222ss
148 4250 163 4307 h
192 4196 263 4318 'pce
282 4205 411 4278 caryae.
429 4205 521 4286 imma.
545 4206 577 4286 ae
595 4206 693 4276 prom.
711 4205 798 4257 iaaac.
810 4235 843 4285 ·.·
862 4204 949 4259 isaia.
967 4206 1038 4255 iiim.
1056 4204 1096 4260 is.
1111 4202 1138 4255 in
1150 4200 1244 4256 Genii.

69 4282 76 4293 ⁴
164 4278 190 4315 ω
215 4290 260 4324 ⁰¹¹1·
276 4276 317 4329 52
334 4305 370 4317 -
404 4274 513 4327 Hieron.
532 4276 592 4327 dial.
608 4277 633 4329 3.
650 4291 720 4328 cont.
738 4273 899 4338 Pelagianos.
