2700 4732
417 196 499 269 Lm?
513 204 571 275 111.
609 204 699 271 cte.
717 206 810 271 XXV.
1120 214 1177 279 m

79 350 192 416 olabilis
211 371 275 412 mos
292 349 471 429 sepeliendi,
499 350 555 411 nisi
574 361 608 412 ut
626 349 710 412 arrba
729 361 806 412 earet
823 368 918 412 novae
936 350 1030 414 vitae?
1067 353 1172 435 Neque

79 431 111 491 :ci
135 449 184 488 ere
204 429 283 501 licet,
303 445 337 486 ex
357 446 458 487 errore
478 425 535 488 boc
555 447 617 488 esse
636 440 750 487 natum:
770 427 837 505 quia
849 438 919 495 etse
941 427 1054 491 ulturae
1065 431 1170 513 religio

79 451 131 564 mel
145 516 261 575 sanctos
281 502 381 563 Patres
400 522 516 583 semper
533 503 640 583 viguit,
665 516 696 563 et
714 503 794 562 Deus
819 504 897 582 apud
949 516 1030 565 entes
1053 528 1172 567 manere

79 582 143 641 vluit
167 579 292 639 eundem
316 598 446 651 morem,
477 590 511 640 ut
534 577 651 639 obiecta
679 578 899 640 resurrectionis
931 580 1041 661 effigies
1072 603 1172 645 earum

83 676 200 738 rporem
221 674 309 734 exper
331 654 465 715 efaceret.
509 654 649 789 Qbuamvis
669 667 764 714 autem
791 654 926 733 profectu
946 655 1069 717 caruerit
1088 679 1171 719 ccre-

79 733 148 793 ooia
167 731 231 804 illa,
262 674 340 791 utiba
365 742 463 789 tamen
489 751 530 791 no
554 730 576 790 is
596 742 640 791 est
658 732 681 791 si
707 730 867 821 prudenter
886 731 971 791 finem
992 744 1169 812 spectamus:

79 809 115 869 ria
135 827 199 867 non
216 806 287 866 levis
308 819 351 867 est
371 805 580 867 incredulitatis
604 806 757 880 refutatio,
789 826 890 866 omnes
913 806 998 866 simul
1023 809 1170 887 professos

80 904 113 945 se
132 882 212 962 quod
235 903 323 943 nemo
349 882 497 943 credebat.
544 882 635 963 Atqui
666 903 728 942 non
751 882 841 942 modo
865 882 1061 961 obstupefecit
1080 886 1171 945 Satan

79 959 203 1020 >minum
219 977 335 1033 tensus,
361 970 393 1017 ut
412 958 570 1036 sepelirent
593 980 649 1017 una
674 980 739 1017 cum
759 958 930 1037 corporibus
949 960 1170 1022 resurrectionis

79 1034 235 1095 emoriam:
255 1034 306 1095 sed
326 1045 437 1111 partem
459 1033 531 1093 banc
550 1034 701 1094 doctrinae
720 1035 804 1093 variis
824 1034 969 1115 figmentis
982 1056 1171 1116 corrumpere

79 1110 168 1170 olitus
187 1120 241 1182 eat,
259 1121 292 1168 ut
310 1110 427 1168 tandem
447 1110 642 1170 intercideret
683 1108 796 1169 Omitto
817 1109 896 1188 quod
917 1111 973 1169 iam
991 1111 1074 1175 Pauli
1093 1124 1170 1172 tem-

79 1205 124 1245 are
144 1205 206 1244 eam
227 1185 391 1245 convellere
411 1186 508 1263 coepit
527 1187 567 1264 (1.
590 1185 663 1249 Cor.
683 1186 839 1265 cap-15·):
859 1185 909 1245 sed
951 1186 1017 1246 aulo
1038 1198 1105 1265 post
1122 1207 1170 1248 se·

79 1262 135 1321 auti
162 1273 229 1321 runt
249 1259 418 1333 chiliastae,
450 1261 499 1339 qui
531 1260 610 1320 mille
633 1261 716 1320 annis
741 1261 878 1322 finierunt
904 1207 1013 1323 Cbristi
1036 1283 1169 1343 regnum.

79 1356 215 1397 reorum
240 1336 356 1416 quidem
382 1349 578 1396 commentum
603 1338 741 1416 puerilius
768 1349 812 1395 est
851 1358 915 1398 uam
940 1349 972 1397 ut
993 1338 1170 1400 refutatione

79 1412 94 1471 tl
114 1412 257 1493 indigeat,
274 1411 322 1471 vel
343 1411 461 1501 dignum
480 1413 527 1472 sit.
547 1447 585 1457 -
623 1412 685 1471 Nec
709 1412 763 1471 illis
784 1359 960 1493 sufllagatur
979 1413 1169 1495 Apocalypsis

79 1494 112 1562 t),
130 1489 190 1563 4.),
209 1507 241 1546 ex
262 1509 317 1566 qua
337 1507 431 1546 errori
448 1508 501 1547 suo
522 1488 652 1547 colorem
673 1487 817 1548 induxisse
835 1502 945 1548 certum
967 1500 1024 1548 est:
1052 1490 1170 1567 quaudo
1253 1528 1260 1539 ·

99 1563 260 1624 millenario
281 1583 403 1622 numero
424 1584 485 1623 non
508 1565 602 1644 agitur
622 1564 658 1624 de
683 1576 800 1624 aeterna
821 1564 959 1624 ecelesiae
979 1564 1169 1640 beatitudine,

81 1639 100 1699 d
120 1651 229 1699 tantum
249 1639 286 1698 de
305 1639 387 1699 variis
414 1639 638 1719 agitationibus,
657 1660 731 1719 quae
752 1639 898 1700 ecclesiam
922 1639 1015 1699 adbuc
1034 1639 1064 1698 in
1084 1641 1170 1702 terris

79 1715 228 1776 boraotem
247 1716 412 1774 manebant.
453 1715 608 1774 Caeterum
628 1728 690 1775 tota
703 1716 853 1794 Scriptura
872 1716 977 1775 clamat
995 1714 1082 1773 finem
1103 1716 1170 1776 nul·
1259 1762 1262 1767 .

81 1814 109 1850 m
135 1790 198 1850 fore
223 1811 277 1851 uec
301 1790 460 1849 electorum
491 1790 679 1863 beatitudini,
709 1811 764 1850 nec
795 1793 987 1869 reproborum
1011 1791 1167 1870 supplicio.
1215 1822 1224 1839 ·

79 1866 189 1926 muium
213 1887 303 1946 porro
333 1887 428 1925 rerum
454 1886 525 1944 quae
550 1878 579 1925 et
605 1887 674 1927 cons
698 1879 792 1926 ectum
819 1879 948 1925 nostrum
979 1865 1110 1946 fugiunt,
1137 1878 1168 1927 et

79 1944 154 2003 entis
172 1955 288 2021 captum
308 1940 395 2022 longe
415 1954 562 2020 superant,
582 1955 631 2001 aut
650 1889 720 2002 fitles
741 1963 773 2001 ex
794 1943 878 2001 certis
897 1943 954 2002 Dei
973 1941 1096 2003 oraculis
1115 1963 1168 2021 pe·

80 2018 137 2077 uda
156 2031 214 2092 est,
233 2030 284 2079 aut
302 2038 420 2097 prorsus
440 2018 611 2078 abiicienda.
651 2019 712 2091 Qui
730 2016 808 2076 mille
828 2039 920 2078 annos
939 2020 1083 2099 assignant
1102 2018 1167 2079 filiis

79 2094 125 2169 ei,
147 2094 182 2154 ad
203 2095 317 2155 futurae
335 2094 411 2153 vitae
436 2093 639 2152 haereditatem
660 2094 826 2167 fruendam,
857 2114 918 2153 non
939 2093 1169 2155 animadvertunt

79 2181 185 2231 aarum
214 2170 417 2231 contumeliam
444 2171 560 2229 inurant
579 2182 609 2229 ct
628 2170 747 2230 Christo
769 2181 798 2229 et
818 2170 878 2229 eius
897 2189 1000 2251 regno.
1049 2170 1123 2229 Nam
1142 2170 1168 2231 ai

79 2246 264 2306 imortalitate
283 2265 343 2306 non
364 2246 532 2320 induentur,
552 2266 622 2334 ergo
644 2267 698 2305 nec
711 2247 843 2308 Christus
862 2246 934 2327 ipse,
954 2246 988 2305 ad
1005 2247 1089 2307 euius
1102 2244 1169 2327 glo-

79 2342 120 2381 am
140 2323 439 2394 transformabuntur,
471 2322 501 2380 in
528 2321 650 2402 gloriam
676 2322 869 2382 immortalem
895 2333 1028 2412 receptus
1053 2333 1112 2383 cst:
1141 2322 1168 2383 si

78 2399 174 2488 iquem
195 2397 314 2457 babebit
331 2398 417 2457 finem
429 2419 530 2457 eorum
546 2398 708 2471 beatitudo,
728 2419 798 2480 ergo
812 2418 933 2479 regnum
948 2398 1067 2471 Lbristi,
1087 2397 1168 2465 euius

79 2472 342 2545 ltditati'innititur,
362 2475 569 2553 temporarium
581 2486 633 2532 est.
672 2475 807 2552 Denique
819 2473 1081 2553 autimperitissimi
1099 2485 1168 2534 sunt

79 2570 146 2609 rum
166 2550 295 2609 omnium
315 2550 484 2624 divinarum,
505 2562 553 2609 aut
573 2549 691 2628 obliqua
709 2550 889 2632 malignitate
909 2562 1001 2609 totam
1020 2550 1079 2609 Dei
1098 2570 1167 2630 gra·
1262 2602 1266 2607 .

79 2646 118 2685 tm
146 2624 311 2705 Christique
334 2626 469 2685 virtutem
495 2625 666 2687 labefactare
693 2627 866 2686 moliuntur:
891 2647 1010 2705 quarum
1035 2626 1167 2704 comple-

81 2712 180 2760 entum
200 2722 260 2761 non
285 2701 368 2761 aliter
393 2713 523 2774 constat,
550 2703 602 2761 nisi
624 2701 779 2762 obliterato
806 2714 941 2781 peccato,
972 2712 1001 2758 et
1031 2700 1169 2790 absorpta

81 2788 157 2848 orte,
174 2779 229 2837 vita
248 2790 366 2838 aeterua
385 2778 419 2837 ad
439 2777 557 2857 plenum
575 2778 760 2838 instauretur.
780 2814 816 2823 -
857 2777 952 2848 Quam
972 2797 1042 2834 voro
1061 2776 1168 2836 stolide

84 2853 213 2931 eptiaut,
232 2855 280 2932 qui
310 2854 414 2912 timent
440 2854 554 2912 nimiam
574 2854 640 2913 Deo
660 2856 803 2912 saevitiam
825 2853 980 2925 ascribere,
1000 2853 1021 2910 si
1041 2852 1167 2912 aeternis

79 2929 154 2989 aenis
172 2930 289 3010 reprobi
309 2930 488 3005 addicantur,
507 2929 555 2989 vel
575 2929 669 2990 coecis
689 2931 870 3008 perspicuum
892 2939 943 2987 est.
982 2925 1101 2985 Scilicet
1120 2927 1168 2986 in-

80 3003 139 3063 rius
159 3006 213 3064 erit
227 3006 380 3079 Dominus,
400 3005 422 3063 si
442 3026 597 3084 regnosuo
618 3007 782 3085 privaverit,
802 3005 851 3083 qui
866 3023 902 3063 eo
918 3023 949 3063 se
968 3002 1103 3080 indignos
1116 3023 1169 3081 per

79 3083 285 3161 gratitudinem
313 3082 500 3141 reddiderint.
548 3083 588 3140 Aa
617 3093 735 3160 peccata
767 3102 867 3139 eorum
897 3078 1072 3157 temporaria
1101 3090 1169 3138 sunt

81 3156 306 3217 id.Bernardum
322 3162 403 3237 epist.
415 3157 506 3248 25t.].
544 3158 665 3217 Fateor:
686 3157 736 3216 sed
747 3156 804 3215 Dei
824 3158 963 3227 maiestas,
982 3166 1067 3232 atque
1081 3154 1167 3214 etiam

79 3233 168 3306 stitia,
187 3256 272 3314 quam
292 3234 440 3313 peccando
461 3232 620 3306 violarunt,
640 3244 758 3292 aeterra
780 3245 832 3291 est.
870 3233 976 3291 Merito
998 3230 1087 3311 igitur
1107 3251 1168 3290 non

79 3310 129 3368 erit
154 3310 310 3390 iniquitatis
338 3310 486 3369 meritoria.
536 3310 576 3367 At
600 3310 637 3368 ita
663 3330 757 3387 poena
783 3308 901 3367 modum
921 3308 1039 3367 excedet
1059 3304 1167 3365 delicti.

80 3405 132 3444 aec
150 3406 218 3446 vero
239 3400 282 3447 est
301 3407 360 3446 non
382 3386 500 3445 ferenda
520 3385 706 3463 blasphemia,
727 3386 794 3443 dum
813 3396 870 3442 tam
891 3404 979 3463 parvo
1000 3383 1168 3443 restituatur

81 3461 108 3522 ei
128 3464 274 3537 maiestas,
306 3463 372 3520 dnm
398 3483 459 3520 non
479 3461 567 3539 pluris
587 3462 620 3519 fn
640 3461 700 3519 eius
720 3472 920 3539 contemptus,
951 3459 1168 3537 quamanimae

79 3540 136 3597 tius
156 3540 279 3598 exitium.
330 3538 388 3595 Sed
410 3537 572 3596 omittamus
593 3550 749 3616 nugatores
776 3536 863 3610 istos,
898 3556 935 3593 ne
961 3546 1167 3610 contraquam

79 3613 171 3674 aelati
190 3636 304 3689 sumus,
327 3614 475 3673 videamur
494 3634 597 3672 corum
617 3612 802 3672 deliramenta
822 3611 999 3671 refutatione
1018 3609 1105 3690 digna
1125 3609 1168 3697 iu·

80 3710 154 3750 care.

120 3772 152 3836 ,6.
191 3767 260 3826 1)υο
281 3779 396 3846 praeter
416 3766 486 3825 baec
507 3764 605 3824 deliria
631 3765 744 3823 invecta
768 3762 888 3823 suntab
914 3758 1079 3821 bominibus
1099 3779 1166 3848 per-

79 3862 149 3901 tram
170 3844 299 3902 curiosis.
337 3843 395 3901 Alii
415 3853 569 3921 putarunt,
589 3844 669 3919 quasi
688 3851 766 3899 totus
787 3838 874 3898 bomo
895 3836 1034 3907 intereat,
1060 3856 1168 3895 ammas

79 3931 259 3979 surrecturas
280 3941 343 3978 cum
364 3919 551 3997 corporibus,
577 3938 665 3996 quum
684 3915 859 3975 immortales
879 3932 940 3972 esse
960 3912 1075 3991 spiritus
1095 3932 1168 3971 con-

79 3994 166 4068 idant,
186 3996 267 4055 novis
280 3996 451 4074 corporibus
462 3994 593 4053 indutum
615 3993 663 4051 iri:
684 4012 742 4070 quo
758 4001 865 4071 negant
875 3990 968 4050 carnis
980 3988 1169 4057 resurrectio*

79 4090 129 4129 em.
168 4070 215 4128 De
235 4073 332 4150 priore
345 4073 482 4148 quoniam
502 4069 610 4148 aliquid
630 4068 712 4149 attigi
731 4068 761 4126 in
782 4067 931 4126 creatione
951 4063 1084 4136 bominis,
1101 4063 1169 4127 satis

82 4145 123 4203 ihi
135 4146 189 4204 erit
209 4166 329 4205 monere
351 4150 454 4205 iterum
475 4147 704 4223 lect.ores,quaru
725 4142 868 4202 belluinus
888 4142 925 4209 sit
944 4159 1090 4229 erton-ex
1108 4140 1169 4273 spi.

78 4233 111 4279 tu
131 4221 166 4279 ad
185 4223 341 4304 imaginem
360 4222 418 4281 Ilei
436 4223 560 4282 formato
580 4222 681 4281 flatum
701 4219 852 4279 evanidum
872 4217 980 4291 lacere,
999 4237 1050 4294 qui
1067 4236 1112 4273 an.
1138 4234 1171 4273 ac

81 4309 163 4356 ntum
184 4301 288 4360 caduca
307 4299 364 4361 vita
384 4320 489 4379 corpus
508 4309 639 4381 vegetet:
659 4308 689 4358 et
707 4294 846 4375 templum
867 4293 993 4374 Spiritus
1011 4292 1103 4355 sancti
1122 4310 1171 4349 ro·

79 4397 168 4443 canan
181 4400 299 4446 turnum
314 4401 346 4447 11.
935 4374 975 4434 ¹²
