2700 4732
491 214 568 276 cus
587 213 629 275 11.
668 208 758 276 cae.
778 211 860 275 xvt
1107 194 1111 203 '
1189 206 1250 289 aar

104 361 200 425 morit
218 359 339 442 (Mettis.
357 363 408 436 27,
426 358 504 437 46.):
533 357 638 435 „Deus
655 378 755 435 meus,
771 358 853 419 Deus
872 377 969 435 mens,
993 370 1028 421 nt
1051 360 1121 442 quid
1141 360 1248 424 dereli-

105 438 201 521 qnisti
213 438 300 498 me?“
318 436 394 497 Nam
407 437 462 497 etsi
470 455 565 516 supra
582 434 703 495 modum
723 435 852 518 angitur,
871 456 933 496 non
950 448 1049 497 tamen
1069 438 1175 499 desinit
1192 461 1248 501 vo·

106 534 181 577 care
199 515 296 574 Deum
315 502 411 585 suurr‘r,
431 534 447 574 a
466 533 526 603 quo
545 531 577 572 se
597 510 767 572 derelictum
788 512 936 571 exclamat
994 514 1089 573 Porro
1111 516 1179 576 irinc

107 590 227 652 fellitur
244 602 304 650 tam
323 588 503 670 Apollinares
522 607 616 663 error,
641 609 727 677 quam
748 608 850 648 eorum
871 589 921 669 qpi
941 589 1157 651 Monotlrelitae
1196 593 1247 655 rcti

108 679 190 731 snut
228 664 284 726 Ille
304 665 424 727 Christo
445 663 576 755 fingebat
594 664 726 744 spirrtnm
747 676 896 724 aeternum
922 665 1009 726 luisse
1032 667 1146 727 animae
1169 668 1247 747 rice,

106 756 145 804 ut
163 754 276 805 tantum
297 754 372 802 esset
392 741 527 801 dimidrut
547 740 646 800 homo.
707 740 799 815 Quasi
824 760 894 800 vero
915 743 1029 821 expiare
1048 757 1167 823 peccata
1188 766 1246 809 no·

108 832 172 882 stra
190 820 322 899 potuerit
342 818 397 879 nisi
415 818 497 876 Patri
524 816 703 876 obediendo.
762 815 821 877 Ubi
847 828 944 878 autem
969 818 1091 879 allectus
1117 831 1167 880 aut
1190 844 1244 884 ro·

107 896 209 959 luntas
229 895 417 957 obedientiae
436 893 540 954 nisi'io
561 892 676 953 anima?
705 912 791 972 quam
817 892 886 954 ideo
911 894 1057 955 turbatam
1083 896 1171 957 fuisse
1189 900 1246 960 sci·
1322 920 1325 927 ·

106 993 186 1046 mus,
205 983 240 1031 ut
248 984 378 1047 nostrae,
397 970 593 1050 trepidatione
613 969 748 1044 discussa,
767 988 866 1049 pacem
887 981 917 1030 et
936 972 1064 1050 quietern
1082 972 1245 1036 obtineant.

105 1048 232 1109 Adhaec
252 1060 356 1108 contra
376 1045 598 1120 Illonothelitas,
616 1046 745 1105 videmus
765 1055 799 1104 ut
817 1066 895 1105 nuuc
913 1047 1072 1107 secundnm
1093 1049 1244 1112 homiuem

107 1124 258 1205 noluerit,
272 1124 357 1260 pund
376 1121 497 1184 volebat
515 1121 676 1183 secundum
695 1121 820 1181 divinam
846 1132 985 1183 naturam.
1024 1123 1140 1185 Omitto
1164 1126 1245 1206 quod
1316 1196 1319 1201 p

107 1214 243 1274 metum,
293 1221 310 1259 e
334 1221 394 1280 quo
414 1198 530 1278 loquuti
548 1220 661 1270 sumus,
689 1199 838 1259 contrario
857 1199 965 1259 aflectu
985 1199 1115 1281 subigat:
1146 1222 1183 1261 ne
1227 1222 1245 1264 e

108 1277 195 1338 enim
213 1275 339 1338 obscura
360 1287 404 1337 est
422 1275 473 1337 illa
491 1275 702 1367 repugnantiae
713 1274 839 1354 specles:
858 1274 968 1351 „Pater
979 1268 1071 1336 lrlrera
1082 1296 1130 1337 me
1145 1224 1247 1344 calide

108 1354 200 1415 hora:
219 1353 271 1414 sed
291 1364 449 1434 propterca
468 1372 535 1411 venr
555 1353 584 1411 in
612 1351 714 1411 horam
740 1349 824 1412 hanc.
876 1351 964 1411 Pater
987 1349 1112 1413 clarifica
1136 1373 1247 1418 nomen

107 1434 218 1491 tunm“
238 1428 300 1507 (lo.
319 1436 368 1503 12,
385 1434 433 1494 27.
451 1431 524 1503 28).
562 1428 598 1486 In
619 1448 676 1507 qna
699 1439 802 1487 tamen
817 1426 1007 1509 perplexitate
1026 1428 1106 1489 nulla
1127 1430 1183 1491 suit
1201 1433 1247 1492 in·

107 1505 287 1643 plemperpes,
318 1504 411 1587 qualis
435 1505 465 1565 in
486 1502 573 1565 uobis
591 1504 738 1580 cernitur,
759 1503 828 1565 dum
852 1505 976 1566 maxime
993 1503 1116 1567 nitimur
1134 1508 1172 1569 ad
1190 1528 1247 1574 nos

132 1604 222 1644 oman
244 1601 287 1643 os.

187 1664 235 1724 13.
274 1656 417 1737 Sequitur
434 1677 451 1717 a
470 1656 593 1717 mortuis
612 1657 804 1728 resurrectio,
835 1655 900 1718 sine
926 1678 984 1738 qua
1008 1657 1144 1719 mutilum
1168 1673 1245 1723 esset

107 1734 193 1816 qnod
214 1734 353 1795 hacteuus
374 1734 504 1793 diximus.
543 1732 673 1806 Quando
693 1733 821 1793 enimin
841 1754 944 1808 cruce,
966 1746 1078 1812 morte,
1097 1746 1129 1795 et
1146 1735 1246 1816 sepul-

106 1825 178 1873 tura
209 1810 320 1872 Christi
351 1810 468 1870 nonnisi
506 1807 658 1870 infirmitas
692 1821 829 1889 apparet,
870 1810 1058 1870 transilienda
1092 1822 1161 1871 sunt
1195 1811 1245 1876 illa

106 1888 211 1950 omnia
231 1886 309 1962 fidei,
328 1898 362 1946 ut
380 1885 470 1967 pleno
490 1885 601 1944 robore
620 1886 787 1945 instruatur.
829 1885 961 1946 Proinde
984 1887 1100 1948 tametsi
1125 1889 1155 1949 in
1181 1889 1244 1952 eius

108 1977 212 2025 morte
231 1961 371 2023 habemus
390 1963 515 2023 solidum
534 1961 633 2021 salutis
654 1961 916 2041 complementum,
947 1964 1014 2055 quia
1046 1984 1100 2044 per
1125 1984 1189 2025 eam
1213 1977 1245 2026 et

108 2040 181 2101 Deo
200 2039 384 2100 reconciliati
403 2061 517 2113 sumus,
550 2050 580 2098 et
599 2040 676 2097 iusto
697 2040 757 2098 eius
778 2038 886 2098 iudicio
906 2040 1100 2115 satisfactum,
1131 2053 1161 2100 et
1180 2062 1246 2101 ma·

109 2116 234 2177 ledictio
253 2115 383 2191 sublata,
415 2127 446 2176 et
465 2114 614 2196 persoluta
644 2124 688 2173 est
706 2134 817 2193 poena:
850 2114 974 2174 dicimur
991 2128 1089 2176 tamen
1109 2138 1171 2177 nou
1213 2136 1246 2178 er

108 2204 251 2268 mortem,
268 2192 321 2251 sed
340 2213 394 2271 per
415 2191 659 2252 resurrectionem
678 2192 845 2272 regenerati
864 2191 893 2250 in
913 2212 994 2272 spem
1009 2194 1104 2254 rivam
1120 2195 1163 2329 pl.
1206 2205 1245 2255 et.

110 2276 141 2345 1,
160 2271 220 2345 ,ηε
242 2269 309 2349 quia
329 2281 364 2328 ut
382 2268 431 2329 ille
450 2267 631 2348 resurgendo
648 2267 745 2326 victor
763 2268 867 2328 mortis
886 2270 1019 2345 emersit,
1037 2271 1078 2329 ita
1098 2272 1116 2328 fi
1140 2273 1168 2330 ei
1186 2291 1245 2331 no-

110 2359 191 2408 strae
210 2345 333 2423 victoria
353 2345 383 2403 in
403 2345 465 2424 ipsa
490 2344 605 2402 demum
632 2342 764 2413 consistit
787 2344 1012 2404 resurrectione.
1057 2347 1155 2420 Quale
1187 2346 1245 2409 hoc

113 2424 171 2499 sit,
191 2421 295 2483 melius
319 2421 402 2481 Pauli
427 2420 522 2479 verbis
548 2419 733 2499 exprimitur:
765 2420 914 2480 Mortuum
935 2423 1013 2480 eninr
1033 2421 1103 2483 dicit
1121 2435 1247 2504 propter

111 2511 234 2582 peecata
254 2510 368 2571 nostra,
398 2498 563 2557 suscitatum
586 2507 707 2575 propter
727 2507 856 2555 nostram
875 2497 1110 2559 iustificationem
1144 2500 1246 2576 (llom.

113 2583 143 2653 4,
163 2576 244 2652 25.):
264 2575 324 2635 acsi
343 2574 464 2646 diceret,
484 2584 579 2631 morte
600 2573 661 2631 eius
679 2571 824 2631 sublatum
844 2585 1012 2653 peccatum,
1032 2576 1248 2636 resurrectione

111 2653 303 2711 instauratam
324 2650 544 2727 restitutamque
565 2647 709 2708 iustitiam.
756 2649 918 2721 Quomodo
939 2650 1016 2709 enim
1036 2648 1191 2711 moriendo
1212 2651 1248 2709 li·

111 2727 221 2788 berane
239 2747 294 2787 nos
313 2748 330 2787 a
349 2739 445 2786 morte
466 2736 597 2804 poterat,
616 2727 639 2784 si
660 2724 747 2784 morti
768 2727 829 2803 ipse
850 2726 1064 2786 succubuisset?
1096 2726 1248 2806 quomodo

113 2813 314 2881 comparasset
330 2803 417 2863 nobis
437 2803 604 2874 victoriam,
623 2801 647 2860 si
667 2802 696 2860 in
717 2800 874 2860 certamine
895 2802 1064 2863 deiecisset?
1085 2805 1187 2877 Quare
1206 2803 1249 2863 sie
1272 2826 1282 2840 ·

115 2878 222 2942 salutis
240 2889 353 2941 nostrae
374 2880 522 2938 materiam
542 2880 621 2936 inter
645 2876 755 2937 Christi
780 2890 904 2937 mortem
936 2890 966 2937 et
999 2880 1248 2939 resurrectionem

113 2953 272 3037 partimur,
303 2956 381 3035 quod
402 2976 455 3035 per
474 2954 552 3012 illam
572 2964 727 3033 peccatum
743 2953 902 3027 abolitum,
933 2965 963 3013 ct
988 2975 1067 3014 mors
1092 2955 1247 3014 exstinctas

115 3051 173 3112 per
193 3030 401 3105 hauc,iustitia
421 3044 570 3111 reparata,
591 3041 620 3088 et
640 3041 735 3088 erecta
755 3031 826 3088 vita:
858 3031 900 3089 sic
921 3043 1017 3090 tamen
1038 3042 1070 3090 ut
1090 3031 1173 3091 huius
1194 3028 1248 3089 be·
1326 3028 1330 3033 ’

114 3107 223 3168 neficio
242 3109 299 3167 vim
320 3108 477 3168 efficaciam
501 3127 537 3164 ue
561 3127 639 3166 suam
662 3105 711 3164 illa
732 3105 817 3165 nobis
838 3105 976 3196 proferat.
1015 3106 1120 3187 Itaque
1139 3104 1248 3167 Paulus

111 3185 142 3243 iu
164 3184 226 3265 ipsa
244 3186 463 3247 resurrectione
480 3129 660 3242 declaratum
681 3181 768 3241 inisse
792 3183 897 3242 Filium
924 3182 982 3242 Dei
1013 3185 1114 3244 asserit
1143 3182 1246 3261 (Rom.

111 3270 141 3335 1,
160 3261 220 3337 d.):
241 3261 308 3352 quia
327 3273 398 3322 tunc
417 3262 533 3320 demum
548 3259 672 3318 exseruit
682 3257 840 3318 coelestem
860 3259 1033 3339 potentiam,
1053 3279 1126 3339 quae
1146 3270 1177 3318 et
1189 3257 1248 3320 cla·

110 3358 176 3398 rum
198 3337 360 3398 divinitatis
377 3337 440 3398 eius
460 3337 610 3416 speculum
631 3347 685 3407 est,
717 3346 747 3394 et
765 3334 876 3395 stabilis
896 3335 963 3395 fidei
983 3347 1101 3396 nostrae
1120 3335 1246 3395 fultura:

111 3414 198 3476 sicuti
219 3417 305 3475 etiam
325 3414 395 3474 alibi
415 3415 503 3473 docet
523 3432 636 3493 passum
658 3411 744 3471 luisse
764 3434 819 3492 pro
839 3412 1005 3471 infirmitate
1026 3413 1130 3486 carnis,
1149 3431 1248 3471 resur-

113 3491 218 3550 rexisse
239 3502 336 3551 autem
357 3510 391 3549 ex
410 3491 515 3549 virtute
543 3488 668 3568 Spiritus
698 3487 753 3565 (ΙΙ.
775 3488 846 3548 Cor.
867 3494 914 3563 13,
932 3490 985 3562 a).
1023 3489 1137 3547 Eodem
1162 3507 1250 3548 sensu

115 3567 185 3626 aiibi
206 3567 242 3627 de
261 3566 447 3647 perfectione
467 3566 622 3625 disserens:
655 3564 718 3638 „Ut
738 3584 913 3645 cognoscam
934 3564 1016 3623 illum
1041 3564 1153 3644 (inquit
1171 3562 1247 3622 Phil.

113 3649 145 3716 3,
165 3646 230 3720 10.)
249 3656 278 3702 et
297 3644 461 3725 potentiam
480 3640 703 3703 resurrectionis
722 3640 830 3698 illius.‘'·
889 3640 1042 3700 Continuo
1062 3652 1159 3699 tamen
1182 3650 1249 3719 post

111 3720 284 3779 societatem
305 3742 369 3779 cum
390 3731 486 3778 morte
507 3718 646 3778 annectit.
688 3716 744 3776 Cui
771 3718 917 3796 aptissime
943 3717 1081 3797 congruit
1101 3716 1171 3773 illud
1193 3716 1249 3773 Pe·

112 3796 162 3869 tri,
182 3795 280 3855 Deum
299 3796 450 3856 suscitasse
471 3815 537 3853 eum
557 3814 573 3853 a
593 3792 725 3864 mortuis,
745 3803 775 3849 ct
795 3793 907 3852 dedisse
919 3792 962 3851 illi
995 3793 1111 3852 loriam:
1133 3804 1166 3849 ut
1179 3790 1250 3849 fides

113 3884 145 3932 ct
164 3891 231 3951 spes
252 3884 352 3931 nostra
382 3881 459 3930 esset
486 3871 516 3930 in
541 3871 607 3929 Deo
640 3869 678 3947 (l.
699 3869 763 3926 Pet.
786 3876 815 3942 1,
835 3871 908 3947 tt).
996 3890 1034 3928 on
1067 3867 1146 3947 quod
1179 3866 1250 3926 fides
1337 3877 1343 3888 '

112 3961 212 4007 morte
232 3948 354 4008 suffulta
372 3946 496 4022 vacillet,
515 3946 565 4007 scd
586 3946 653 4024 quia
673 3945 841 4020 virtusllei,
861 3965 917 4024 qua
936 3944 989 4005 sub
1010 3944 1067 4003 fide
1087 3964 1141 4003 nos
1152 3954 1252 4002 custo-

112 4025 169 4099 dit,
188 4025 219 4084 in
239 4025 300 4104 ipsa
319 4026 442 4085 maxime
462 4023 676 4084 resurrectione
695 4041 758 4081 sese
778 4022 879 4101 aperit.
930 4021 1060 4081 Proinde
1080 4018 1251 4078 memineri-

112 4122 198 4176 mus,
229 4102 346 4179 quoties
370 4101 458 4162 solius
485 4098 587 4159 mortis
614 4097 646 4158 fit
672 4098 801 4173 meuti0,
834 4096 920 4156 simul
940 4095 1151 4231 comprehendi
1171 4093 1252 4173 quod

114 4176 270 4259 proprium
303 4189 348 4237 est
376 4175 611 4237 resurrectionis:
642 4194 743 4254 parem
773 4193 1000 4252 quoquesynec
1022 4171 1117 4231 ochen
1138 4170 1252 4231 esseio

111 4274 189 4313 voce
217 4257 449 4327 resurrectiones,
479 4252 594 4331 quoties
621 4271 755 4312 seorsum
781 4261 913 4310 amorte
934 4249 1071 4328 ponitur:
1100 4259 1134 4307 ut
1153 4266 1251 4307 secum

113 4331 223 4405 trahat,
243 4331 322 4410 quod
335 4329 521 4412 peculiariter
533 4327 621 4390 morti
641 4326 788 4391 convenit
826 4326 888 4386 Sed
908 4326 976 4406 quia
994 4325 1176 4408 resurgendo
1188 4322 1268 4406 pal·

139 4431 236 4476 esrum
247 4432 367 4477 mutuus
384 4432 403 4477 r.
1011 4406 1051 4467 22
