2700 4732
106 190 168 251 ros
261 168 268 177 '
493 186 573 247 ms.
593 187 619 247 1.
658 186 748 251 cae.
767 188 852 249 xrrr.

105 348 258 420 mensura,
270 350 345 409 quae
357 342 515 423 conspecta
536 332 592 440 ipit
612 332 726 425 inipso
744 334 958 425 carneyestito.
988 332 1108 426 ,Eadem
1129 332 1253 395 ratione

104 406 365 619 ἰ1;“.;ὶι“”ἐμ“
386 409 1249 549 ith¹hit>0iit¹⁵tt¹¹„hh,tf'dfhtttttiifhti
1295 496 1298 551 ι

105 578 195 648 quarm
215 580 249 617 au
266 580 331 618 erre
352 562 576 693 perpetuitatem
599 564 708 621 Christi
728 563 836 621 deitati.
882 564 999 636 Quodsi
1024 585 1174 641 nunquam
1195 564 1249 623 dc·
1293 580 1298 643 ς

104 646 185 694 amet
207 656 269 695 esse
289 637 467 711 octatius,
487 640 537 698 sed
558 639 635 697 idem
656 640 785 698 manebit
804 661 920 718 semper
940 642 990 720 qui
1012 640 1067 698 init
1085 640 1123 700 ah
1143 638 1248 731 initio:

1019 736 1071 775 uae
1092 728 1271 795 utrrusque·

105 710 250 790 sequitur,
269 713 323 773 sub
343 713 438 772 Patris
459 717 581 774 nomine
601 718 717 776 unicam
736 716 793 774 Dei
815 717 978 790 essentiam,

105 790 272 848 communis
286 802 340 865 est,
362 790 581 869 comprehendi.
621 794 659 851 Et
672 803 752 851 certe
772 793 840 851 ideo
863 793 899 851 ad
920 814 974 853 nos
994 738 1249 853 descendithri-

103 875 178 941 atus,
199 877 230 925 ut
251 866 288 925 ud
307 867 426 926 Patrem
446 866 627 943 attollendo,
645 867 730 929 simul
751 871 839 926 etiam
864 868 951 928 adse
972 871 1064 949 ipsum
1084 868 1170 928 attoli

127 954 254 1001 uatenus
288 964 377 1001 unum
410 952 455 1003 est
486 966 550 1003 cum
576 945 674 1002 Patre.
721 944 839 1005 Nomen
866 964 938 1026 ergo
959 944 1016 1003 Dei
1041 944 1227 1007 exclusivea

103 962 225 1077 iatrem
241 1020 421 1099 restringere
441 1029 473 1078 ut
485 1020 563 1079 Filio
584 1022 743 1092 auferatur,
764 1041 859 1098 neque
881 1023 922 1079 ias
942 1041 1039 1099 neque
1058 1032 1173 1081 rectum
1194 1032 1249 1083 eu.

102 1093 183 1155 Nam
204 1107 233 1153 et
254 1095 306 1153 hac
327 1097 363 1154 dc
384 1116 467 1155 eausa
486 1117 587 1157 verum
609 1116 671 1156 esse
688 1098 783 1155 Deum
804 1097 907 1156 asserit
926 1098 1063 1171 loanrres,
1083 1118 1182 1177 neque
1201 1118 1254 1159 se-

103 1247 163 1309 sibi
183 1247 335 1307 veiintisti
356 1268 502 1307 novorum
524 1248 646 1308 deorum
668 1249 754 1319 sobri,
774 1249 842 1307 dnm
856 1249 1005 1310 Christum
1026 1268 1127 1309 verum
1145 1248 1248 1313 Deua

103 1323 251 1399 confessi,
282 1346 349 1383 mox
369 1345 437 1383 eum
458 1324 615 1384 excludunt
638 1346 654 1383 a
674 1326 769 1385 Patris
800 1325 923 1384 deitate:
957 1325 1039 1406 quasi
1063 1326 1158 1406 possit
1182 1344 1248 1389 caat

103 1420 192 1461 verus
211 1402 292 1460 Deus
312 1402 367 1461 nisi
382 1404 432 1480 qui
453 1424 527 1462 uuus
547 1413 601 1476 est,
620 1414 670 1461 aut
688 1402 831 1462 transfusa
844 1402 978 1463 divinitas
996 1422 1059 1463 uon
1079 1403 1117 1463 sit
1135 1418 1258 1465 norm

103 1476 228 1585 aliquod
248 1476 430 1611 fipmentum.
1193 1498 1197 1503 ·

105 1562 342 1693 aridei-”mit
362 1652 423 1691 esse
445 1631 560 1691 unicum
582 1645 612 1691 et
631 1644 781 1692 aeternum
804 1633 899 1691 Deum
919 1632 1019 1705 Israel,
1039 1633 1086 1693 vei
1105 1632 1255 1769 Κυδώ-

285 1553 364 1629 Quod
385 1555 493 1615 multos
518 1555 602 1617 iocos
627 1553 813 1615 accumulant
832 1574 867 1614 ex
886 1554 1029 1631 Irenaeo,
1053 1556 1105 1616 uhi
1124 1555 1274 1619 Patrcn'.

1295 420 1298 433 Ι

1293 560 1298 573 d

1290 648 1298 673 ι

1277 682 1298 721 'i

1285 722 1298 775 ‘i

1286 777 1298 809 u

1287 1120 1298 1161 d

103 1171 207 1231 eundo
221 1172 342 1238 deitatis
360 1173 452 1252 gradu
472 1172 624 1232 subsidere
644 1184 728 1251 putet
747 1172 820 1231 inira
840 1174 968 1232 Patrem.
1005 1174 1050 1234 Ac
1069 1174 1164 1233 miror
1174 1172 1248 1255 quiri
1268 1166 1298 1253 ξ

1278 1341 1298 1447 ι

105 1708 222 1769 inscitia
235 1720 290 1782 est,
308 1707 357 1767 rei
377 1730 487 1768 summa
502 1708 683 1790 improbitas.
721 1708 962 1768 Animadvertere
979 1710 1057 1769 enim
1071 1709 1107 1767 de
1130 1718 1298 1793 uerautpfm

104 1797 211 1851 sancto
231 1784 296 1844 viro
316 1786 471 1867 negotium
492 1798 523 1846 et
542 1798 692 1845 certamen
713 1786 800 1845 fuisse
820 1807 886 1845 cum
907 1784 1096 1864 phreneticis,
1116 1786 1169 1867 qui
1187 1786 1275 1859 W,

8 1872 23 1885 '·
103 1874 183 1923 trem
204 1861 318 1923 Christi
338 1862 501 1943 negabant,
530 1863 610 1922 iilum
636 1882 699 1923 esse
717 1862 816 1922 Deum
836 1862 887 1943 qui
912 1881 966 1941 per
983 1862 1092 1923 Mosco
1119 1876 1151 1923 ct
1169 1858 1275 1937 Prsia·

105 1938 210 2018 phetas
235 1937 307 1999 oiim
332 1939 472 2018 loquutus
498 1939 609 2014 iuerat,
636 1940 687 1999 sed
720 1940 821 1999 nescio
846 1939 927 2018 quod
957 1952 1108 2019 spectrum
1133 1960 1151 1999 e
1177 1936 1269 2009 labda,

104 2017 210 2077 nruudi
229 2016 417 2095 productum.
462 2017 565 2096 Itaque
591 2020 621 2077 in
642 2016 699 2077 hoe
717 2028 798 2075 torus
818 2028 879 2087 est,
904 2029 938 2075 ut
962 2016 1052 2095 palam
1072 2018 1163 2077 faciat
1181 2024 1264 2087 ιιοιι,

105 2093 196 2154 alium
217 2094 377 2172 praedicari
397 2091 427 2151 in
447 2094 599 2173 Scriptura
620 2093 716 2151 Deum
737 2115 822 2169 orsam
844 2092 955 2152 Christi
975 2094 1104 2167 Patrem,
1125 2104 1157 2153 et
1176 2090 1261 2175 perd*
1294 2136 1298 2147 .

106 2190 209 2251 peram
221 2168 317 2261 ,alium
328 2170 495 2261 excogitari,
515 2191 548 2229 ac
569 2170 695 2259 proinde
715 2168 789 2227 nihil
807 2171 912 2260 mirum
932 2172 956 2229 si
977 2168 1065 2230 toties
1079 2168 1298 2265 9⁰⁰f¹¹¹fflff

104 2245 281 2403 iiiiiii'
302 2246 825 2397 ‘h'iidiiimnii‘ifhisi”iiiiii
850 2246 1298 2412 25¹50¹tt²‘tt÷:cii¹tti⁰s'h;

104 2420 178 2461 vere
198 2400 339 2474 dicemus,
358 2398 455 2459 Deum
476 2398 525 2478 qui
546 2399 618 2458 oiim
638 2399 773 2489 apparuit
793 2398 945 2472 Patribus,
965 2420 1027 2459 uon
1046 2398 1135 2459 ahum
1157 2400 1261 2473 iuiaad.
1282 2458 1296 2475 ,

105 2496 195 2557 quam
217 2476 376 2567 Christum.
416 2476 513 2535 Porro
533 2477 562 2567 si,
577 2478 645 2568 ,(Ῑιιίιιο
662 2477 785 2567 excipiat
805 2475 891 2535 fuisse
904 2476 1033 2550 Patrem,
1052 2478 1082 2535 iu
1103 2472 1262 2559 promptis¹

105 2553 167 2614 erit
185 2573 352 2632 responsio,
371 2552 440 2613 dum
461 2573 516 2632 pro
528 2551 596 2611 Frhr
616 2553 770 2612 drvrnrtate
811 2572 962 2633 ugrramus,
983 2574 1037 2611 nos
1050 2553 1170 2613 Patrem
1189 2552 1259 2615 dt:

104 2631 189 2690 nime
209 2628 373 2688 excludere.
417 2630 463 2688 Ad
489 2628 548 2689 boc
567 2629 684 2689 Irenaei
705 2574 858 2688 considium
883 2629 907 2687 si
930 2629 1085 2688 attendant
1103 2628 1259 2707 iecturcsp„
1287 2668 1298 2707 .·

104 2708 232 2767 cessabit
256 2706 351 2766 omnis
376 2706 539 2765 contentio.
580 2704 664 2779 Quin
685 2708 772 2763 etiam
799 2726 833 2763 ex
860 2705 911 2764 lib.
931 2712 962 2769 3.
988 2726 1050 2783 cap.
1070 2712 1098 2771 θ.
1123 2718 1189 2769 tota
1209 2705 1264 2785 lias

103 2784 196 2845 facile
217 2783 377 2855 dirimitur,
397 2782 448 2841 uhi
469 2784 498 2841 in
520 2783 577 2841 hoc
597 2804 687 2841 unum
708 2782 814 2842 insistit
833 2783 897 2860 pius
917 2783 979 2841 vir:
1000 2783 1088 2855 „Qui
1109 2782 1257 2847 absoluta·
1291 2787 1298 2802 '

104 2873 170 2938 „et
188 2860 341 2919 indefinite
361 2872 482 2919 vocatur
502 2859 530 2918 in
552 2859 618 2918 Scri
640 2872 704 2918 tura
724 2860 820 2932 trous,
847 2859 927 2917 ilium
954 2877 1017 2919 esse
1036 2878 1106 2919 vere
1125 2860 1254 2935 uniens,

108 2939 246 3013 „Deumr
281 2936 431 2997 Christum
456 2881 688 3016 verolabsoiute
713 2937 811 2993 Deum
836 2937 973 2999 vocari.“
1022 2936 1248 3015 Meminerimus

108 3016 187 3075 bunc
207 3014 294 3073 fuisse
315 3012 531 3092 disceptationis
552 3024 675 3087 statum,
704 3013 790 3071 sicuti
819 3034 852 3072 ex
884 3024 950 3073 toto
976 3032 1133 3092 progressu
1153 3016 1250 3093 pateti'·

108 3114 141 3154 ae
161 3090 331 3170 praesertim
352 3088 402 3147 iib.
421 3096 450 3151 2.
476 3110 539 3168 cap·
558 3095 607 3152 46.
637 3110 698 3147 ιιοιι
728 3089 826 3147 vocari
846 3089 963 3148 Patrem
996 3090 1189 3171 aenigmatice
1212 3092 1246 3157 ct

107 3166 287 3250 parabolice,
307 3165 357 3245 qui
377 3184 445 3224 uere
466 3187 526 3223 non
546 3165 584 3224 sit
594 3166 683 3225 Deus.
723 3164 807 3223 hdde
827 3166 907 3243 quod
928 3164 997 3223 aiibi
1018 3165 1068 3224 iih.
1085 3172 1114 3231 3.
1133 3188 1197 3249 cap.
1213 3172 1255 3235 2„

21 3279 30 3291 ·
106 3244 291 3307 coniunctim
318 3254 379 3301 tam
406 3242 512 3301 Filium
542 3263 629 3319 quam
658 3244 776 3301 Putrem
807 3240 1004 3319 praedicatum
1037 3242 1127 3303 fuisse
1145 3244 1256 3319 Deam,

106 3320 263 3383 contendit
280 3340 297 3379 a
317 3318 474 3398 Prophetis
494 3330 524 3377 et
543 3318 703 3397 hpostoiis.
754 3317 861 3377 Postea
879 3337 950 3377 vero
977 3318 1081 3378 debuit
1099 3322 1178 3400 (cap.
1196 3324 1256 3395 122.

108 3397 200 3459 eiusd.
222 3396 303 3471 hh),
324 3396 476 3475 quomodo
497 3393 648 3467 Christus,
668 3394 718 3473 qui
739 3394 884 3456 Dominus
908 3405 953 3454 cst
976 3396 1108 3455 omnium
1133 3408 1165 3457 et
1184 3396 1298 3477 Rufi?

107 3487 139 3535 et
158 3474 239 3533 Deus
260 3484 289 3531 ct
308 3471 416 3547 Index,
441 3471 477 3530 ab
506 3491 543 3530 co
563 3472 612 3551 qui
626 3483 679 3530 >est
695 3472 777 3530 Deus
798 3470 927 3530 omnium
948 3473 1095 3551 acceperit
1113 3464 1298 3553 potesta-⁶¹⁶

107 3564 181 3612 tem:
213 3569 319 3628 nempe
344 3548 537 3608 subiectionis
560 3568 605 3607 res

629 3560 712 3617 ectu,
738 3548 804 3627 qnia
832 3545 997 3607 humiliatus
1021 3560 1066 3607 est
1090 3570 1185 3627 usque
1207 3548 1248 3611 at}
1286 3594 1294 3601 -

106 3640 234 3689 mortem
259 3625 368 3713 crucis..
408 3623 524 3684 iuterna
551 3570 640 3703 pauiu
672 3634 740 3702 post
764 3623 889 3713 ashrrnat
916 3645 980 3701 cap·
1000 3630 1048 3688 to
1072 3624 1163 3685 eiuro.
1183 3597 1298 3703 liba-³:⁸⁷

106 3705 215 3766 Filium
235 3722 298 3762 esse
318 3700 453 3779 oprheem
480 3701 556 3761 coeli
583 3714 612 3760 et
641 3714 754 3791 terrae,
787 3722 836 3791 qur
857 3700 967 3779 Legem
994 3701 1063 3759 tulit
1082 3722 1135 3781 per
1154 3694 1298 3767 atem?

106 3802 239 3855 manum,
257 3790 288 3837 et
298 3778 435 3837 Patribus
455 3779 600 3856 apparuit.
640 3776 704 3835 Iam
723 3798 747 3837 ss
760 3798 823 3854 quas
844 3776 981 3848 blateret,
1002 3778 1131 3839 irenaeo
1147 3778 1246 3841 scic-
1268 3777 1271 3783 ¹

106 3860 227 3918 Patrem
248 3876 310 3914 esse
322 3854 421 3913 Deum
441 3853 546 3926 Israel,
565 3874 698 3933 regeram
720 3853 800 3931 quod
820 3853 898 3912 idern
918 3856 1045 3933 scriptor
1063 3868 1166 3935 aperte
1185 3868 1247 3917 tn*

107 3936 152 3994 dit
162 3940 298 4017 cappis.
319 3936 410 3995 ct‘23.
431 3931 522 3991 einsd.
543 3930 604 4004 hh,
626 3929 774 3989 Christum
796 3950 885 3988 unum
906 3942 936 3988 et
955 3930 1081 3990 eundern
1094 3928 1263 3995 abietarct'

27 4056 32 4067 .
107 4011 193 4071 sicuti
220 4011 306 4067 etiam
331 4007 368 4067 ad
394 4014 461 4066 cn'rn
486 4007 579 4067 refert
603 4004 772 4067 vaticinium
790 4006 944 4078 liuhacuc,
970 4008 1053 4067 treus
1076 4008 1113 4067 ab
1134 4008 1265 4071 Austro:

108 4164 244 4253 Christus
262 4182 328 4221 cnm
350 4162 438 4219 Patre
458 4161 589 4250 vivorum
611 4170 655 4252 cst
670 4082 1003 4219 iihih.‘c‘³psst⁹eiiiidcss
1028 4084 1266 4253 hblribaplffizfr

108 4236 666 4377 gitihigiffiglhitrafflhffid“hm
685 4236 770 4313 Deo,
795 4255 864 4315 quta
884 4236 979 4299 iactor
998 4238 1074 4298 cuch
1095 4250 1127 4301 ct
1150 4252 1242 4303 terret

108 4086 217 4147 vestiet.
257 4084 370 4143 Eodem
392 4083 522 4163 pertinet
541 4083 622 4163 quud
642 4083 668 4143 ir
