2700 4732
434 167 851 336 mmmm
1111 236 1242 300 sm

108 379 258 441 exhibeat:
284 377 355 458 quin
374 376 432 438 suis
458 395 575 456 semper
599 375 689 451 adsit,
717 375 806 436 vitam
830 375 899 455 ipsis
918 395 996 436 snam
1023 375 1183 469 inspirans,
1196 376 1241 438 riu
1314 380 1322 393 ‘

107 459 144 518 iis
164 458 257 530 vivat,
290 477 340 516 eos
359 454 513 528 sustineat,
546 453 714 525 confirmet,
737 472 775 512 ve
799 463 874 526 etet,
897 464 1051 514 conservet
1068 452 1242 531 incolumes,

107 555 169 594 non
189 555 271 594 secus
292 531 348 591 acsi
368 550 496 609 corpore
516 529 643 589 adesset:
670 529 739 607 quin
788 529 893 608 eoique
920 550 972 590 suo
996 529 1084 610 ipsius
1111 549 1241 608 corpore

109 631 160 671 eos
183 620 298 700 pascat,
324 607 405 667 cuius
426 605 664 666 communionem
684 604 811 684 Spiritus
830 607 874 667 sui
894 605 1004 665 virtute
1023 607 1054 664 in
1073 625 1126 666 eos
1144 617 1242 668 trans-

108 685 213 746 fundit.
251 683 418 745 Secundum
439 682 513 742 hanc
533 683 679 742 rationem
698 701 805 762 corpus
825 693 855 741 et
873 682 990 764 sanguis
1013 682 1125 744 Christi
1142 683 1174 742 in
1190 702 1241 745 aa·

109 773 259 823 eramento
279 760 364 820 nohis
385 757 546 819 exhibetur.

186 845 232 902 19.
270 839 332 897 Nos
358 857 431 896 vero
456 834 544 895 talem
570 833 680 895 Christi
712 836 903 914 praesentiam
928 835 957 894 in
984 835 1088 897 Coena
1111 846 1241 896 statuere

110 935 128 974 o
151 926 240 990 ortet,
260 932 333 994 quae
353 933 408 973 nec
428 912 510 992 panis
530 909 677 971 elemento
697 911 792 991 ipsum
812 911 911 994 affigat
937 931 992 972 nec
1013 912 1044 972 in
1064 932 1170 992 panem
1194 912 1241 971 in·

110 936 208 1051 clirdat
239 1010 292 1051 nec
317 988 379 1049 ullo
404 987 493 1048 modo
525 987 745 1047 circumscribat
768 990 858 1068 (quae
882 989 980 1049 omnia
1002 989 1144 1071 derogare
1169 1009 1241 1049 coe·

110 1067 176 1127 lesti
197 1067 258 1127 eius
297 1065 387 1125 loriae
407 1063 502 1145 palam
523 1065 581 1142 est)
607 1063 713 1123 deinde
739 1085 813 1143 quae
838 1084 893 1124 uec
913 1084 1078 1125 mensuram
1098 1064 1140 1124 illi
1159 1086 1241 1125 suam

109 1144 225 1203 auferat
250 1087 297 1203 veh
320 1141 452 1220 pluribus
471 1138 556 1200 simul
582 1138 654 1202 loeis
680 1140 818 1200 distrahat
840 1140 891 1199 vel
914 1140 1083 1202 immensam
1108 1140 1152 1200 illi
1177 1162 1241 1202 ma-

111 1220 294 1301 gnitudinem
314 1219 450 1300 affingat,
470 1236 544 1296 qnae
565 1235 618 1307 per
638 1217 753 1276 coelum
775 1229 805 1277 et
824 1228 931 1278 terram
952 1218 1146 1280 diffundatur:
1166 1217 1241 1278 baec

111 1298 190 1356 enim
210 1308 330 1357 naturae
350 1295 493 1354 humanae
511 1293 630 1352 veritati
649 1313 710 1354 nou
732 1293 856 1354 obscure
875 1307 1050 1388 repugnant.
1067 1344 1072 1350 .
1089 1294 1172 1369 Istas,
1192 1296 1240 1354 in·
1326 1346 1328 1357 .

111 1392 213 1452 quam,
244 1374 313 1432 duas
339 1371 526 1450 exceptiones
553 1379 701 1449 uunquam
722 1370 865 1448 patiamur
883 1370 971 1432 nobis
992 1372 1080 1450 eripi,
1111 1370 1241 1448 nequid
1288 1400 1292 1407 c

109 1449 231 1510 coelesti
252 1449 360 1510 Christi
380 1446 492 1528 gloriae
512 1445 686 1526 derogetur:
711 1445 790 1526 quod
811 1446 855 1524 fit,
875 1447 943 1506 dnm
961 1446 1016 1506 suh
1037 1446 1243 1527 corruptibilia
1331 1463 1335 1479 ‘

112 1525 195 1586 huius
221 1526 322 1585 mundi
347 1525 491 1583 elementa
516 1521 665 1582 reducitur
695 1523 744 1581 vel
773 1521 908 1604 alligatur
931 1522 996 1584 ullis
1016 1525 1140 1585 terrenis
1159 1544 1242 1584 crea·

109 1604 195 1662 turis:
234 1622 271 1660 ne
297 1601 366 1679 quid
397 1601 457 1658 eins
487 1618 540 1658 cor
562 1598 607 1657 ori
631 1597 788 1679 affingatur
819 1600 963 1659 humanae
994 1611 1114 1661 naturae
1143 1600 1241 1662 minua

110 1690 355 1738 consentaneum:
376 1675 455 1755 quod
475 1675 517 1748 ht,
536 1618 661 1735 domuel
680 1676 826 1735 infinitum
846 1695 908 1736 esse
925 1676 1041 1749 dicitur,
1059 1675 1105 1738 vel
1124 1675 1156 1736 in
1175 1677 1243 1756 plu-

109 1757 193 1814 ribus
210 1752 295 1812 simul
320 1753 392 1813 locis
410 1751 549 1832 ponitur.
599 1752 755 1812 Caeterum
787 1753 829 1813 his
858 1752 1082 1814 absurditatibus
1109 1752 1243 1829 sublatis,

111 1832 249 1909 quicquid
269 1831 304 1889 ad
326 1828 539 1908 exprimendam
560 1847 656 1887 veram
676 1829 952 1908 substantialemque
967 1829 1102 1910 corporis
1122 1850 1156 1890 ac
1175 1850 1243 1890 san·

133 1906 214 1965 uinis
225 1906 348 1967 Domini
367 1905 671 1980 communicationem,
714 1926 766 1965 uae
785 1905 839 1967 sub
859 1905 946 1966 sacris
960 1906 1082 1967 Coenae
1101 1905 1242 1986 symbolis

108 1928 416 2056 delenbruunnen,
435 1980 532 2040 facere
551 1992 660 2059 potest,
676 1927 804 2042 lihenter
822 1983 948 2062 recipio:
968 1993 1056 2063 atque
1074 1983 1114 2042 ita
1127 1994 1161 2043 ut
1179 2003 1244 2045 non

109 2059 318 2140 imaginatione
339 2059 476 2118 duntaxat
495 2069 544 2117 aut
563 2059 668 2116 mentis
687 2057 882 2141 intelligentia
903 2061 1067 2140 percipere,
1086 2060 1136 2119 sed
1156 2072 1189 2118 ut
1209 2078 1243 2118 re

110 2138 173 2216 ipsa
194 2136 250 2195 frui
269 2135 299 2193 in
320 2133 487 2194 alimentum
500 2134 575 2192 ritae
587 2145 722 2194 aeternae
742 2135 952 2218 intelligantur.
992 2135 1055 2197 Cur
1067 2146 1126 2196 tam
1139 2135 1243 2196 odiosa

110 2211 221 2272 mundo
242 2211 280 2271 sit
299 2211 371 2270 haec
390 2210 534 2272 sententia
554 2222 584 2270 et
607 2222 667 2270 tam
694 2211 799 2291 iniquis
817 2211 977 2273 multorum
997 2213 1109 2272 iudiciis
1151 2212 1242 2272 raeri-

110 2291 208 2369 piatur
228 2289 290 2348 eius
311 2287 460 2360 defensio,
492 2287 565 2345 nibil
585 2306 687 2347 causae
713 2300 770 2362 est,
799 2289 854 2349 nisi
896 2287 1109 2350 uod'borribili
1128 2233 1241 2349 lasciuo

111 2369 202 2426 Satan
223 2365 399 2424 dementavit
418 2382 520 2424 eorum
540 2375 662 2423 mentes.
702 2365 793 2426 Certe
813 2310 892 2445 quod
913 2366 1061 2442 docemus,
1082 2364 1148 2426 Scri
1169 2364 1242 2426 turis

112 2443 224 2523 optime
244 2461 297 2531 per
316 2440 414 2500 omnia
435 2439 587 2516 convenit:
612 2439 684 2499 nibil
703 2442 835 2501 continet
853 2440 899 2502 vel
920 2441 1038 2502 absurdi
1057 2440 1104 2503 vel
1124 2387 1244 2502 olscuri

110 2520 156 2579 vel
177 2517 318 2609 ambigui:
344 2537 448 2576 svera
475 2518 583 2596 pietate
608 2525 639 2576 et
663 2516 755 2578 solida
780 2518 984 2580 aedificatione
1003 2539 1063 2578 nou
1085 2518 1240 2578 abhorret:

110 2594 182 2655 nihil
203 2595 329 2673 demque
349 2595 378 2653 in
398 2614 429 2654 se
444 2593 547 2666 habet,
560 2593 639 2672 quod
652 2593 796 2667 offendat,
819 2595 872 2656 nisi
886 2596 966 2674 quod
985 2594 1106 2656 saeculis
1120 2595 1242 2672 aliquot,

111 2693 200 2751 quum
221 2671 250 2728 in
279 2670 399 2730 ecclesia
425 2681 562 2751 regnaret
588 2668 636 2730 illa
657 2669 859 2750 sophistarum
890 2672 1002 2731 inscitia
1028 2683 1058 2730 et
1083 2670 1242 2743 barbaries,

109 2749 232 2826 indigne
253 2767 389 2825 oppressa
409 2745 464 2804 fuit
483 2757 541 2805 tam
563 2747 713 2825 perspicua
732 2747 778 2805 lux
800 2759 830 2806 et
849 2747 978 2826 exposita
998 2750 1112 2806 veritas.
1162 2746 1243 2819 Quia

110 2837 209 2882 tamen
230 2820 320 2880 Satan
345 2843 399 2899 per
424 2821 609 2881 turbulentos
630 2822 747 2900 spiritus
773 2824 860 2881 hodie
880 2843 998 2902 quoque
1019 2821 1154 2898 molitur,
1175 2822 1242 2912 qui-

110 2901 281 2988 buscunque
302 2907 409 2976 potest,
428 2896 577 2957 calumniis
598 2907 628 2954 et
646 2897 763 2974 probris
783 2898 903 2958 foedare
923 2898 1029 2959 necin
1048 2897 1137 2958 ullam
1157 2897 1242 2957 aliam

110 2972 289 3064 rem-maiori
300 2984 407 3033 conatu
426 2973 579 3047 incumbit,
598 2972 757 3034 accuratius
771 2993 834 3034 earn
854 2976 931 3035 tueri
947 2987 978 3035 et
992 2994 1122 3036 asserere
1133 2993 1242 3055 operae

131 3063 234 3111 retium
256 3062 309 3111 est.
395 3062 402 3075 '

107 3074 128 3133 P
186 3133 256 3192 1θῖ
270 3127 368 3185 Porro
393 3136 547 3203 antequam
579 3123 655 3186 ultra
684 3127 907 3209 progredimur,
935 3126 1093 3207 tractanda·
1111 3139 1155 3189 est
1178 3127 1241 3208 ipsa

112 3205 223 3266 Christi
242 3202 399 3276 institutio,
418 3203 588 3282 praesertim
610 3202 677 3280 quia
702 3202 874 3264 adversariis
894 3204 966 3264 haec
991 3204 1112 3264 maxime
1132 3203 1241 3283 plausi-

110 3281 177 3341 bilis
198 3292 241 3341 est
261 3279 408 3355 obiectio,
439 3299 493 3337 nos
513 3278 662 3337 discedere
686 3299 702 3338 a
723 3279 832 3341 Christi
853 3281 958 3340 verbis.
1008 3280 1088 3362 Ergo
1114 3293 1148 3341 ut
1171 3279 1241 3342 falsa

110 3357 226 3431 invidia,
247 3377 303 3436 qua
324 3376 378 3416 nos
399 3366 531 3437 gravant,
552 3353 691 3429 levemur,
710 3356 887 3435 aptissimum
908 3356 1059 3417 exordium
1079 3358 1241 3418 eritaver-
1277 3417 1281 3433 ‚

111 3434 220 3493 borum
239 3433 491 3510 interpretatione.
529 3431 656 3491 Narrant
671 3432 730 3492 tres
743 3433 948 3514 Evangelistae
968 3445 999 3493 et
1015 3433 1132 3511 Paulus,
1153 3433 1242 3495 Chri-

110 3521 186 3570 stum
207 3509 351 3587 accepisse
370 3529 493 3599 panem,
512 3506 633 3589 fregisse
652 3509 752 3588 gratiis
772 3511 854 3584 actis,
874 3508 985 3570 dedisse
1004 3510 1062 3569 suis
1082 3510 1151 3570 disci
1175 3508 1241 3586 ulis,

111 3607 144 3646 ac
166 3584 281 3657 dixisse,
313 3585 459 3664 Accipite:
492 3584 655 3644 comedite:
687 3584 743 3644 hoc
769 3596 813 3645 est
837 3607 890 3645 cor
910 3609 943 3647 us
967 3606 1063 3645 meum
1084 3531 1172 3666 quod
1184 3605 1240 3665 pro

110 3660 194 3722 vobis
214 3660 350 3719 traditur:
380 3662 426 3720 vel
447 3662 598 3740 frangitur.
647 3660 696 3719 De
723 3661 812 3721 calice
831 3662 871 3722 ita
923 3663 1054 3723 atthaeus
1074 3675 1104 3722 et
1124 3664 1241 3722 Marcus

110 3735 229 3818 (Mattb.
238 3742 287 3809 26,
298 3742 347 3802 26.
367 3737 456 3796 Marc.
466 3745 513 3807 11,
524 3737 603 3814 22.)ε
635 3737 714 3813 „Hic
743 3736 815 3797 calix
839 3749 884 3798 est
907 3739 1025 3821 sanguis
1047 3739 1118 3801 novi
1136 3739 1250 3798 Testa.

110 3814 213 3886 menti,
234 3813 282 3890 qui
303 3832 358 3892 pro
379 3812 475 3872 multis
495 3813 635 3872 fundetur
652 3815 683 3873 in
704 3816 903 3874 remissionem
924 3819 1143 3895 peccatorum.“
1162 3815 1241 3875 Pau·
1318 3814 1321 3821 ’

109 3890 153 3950 lus
179 3910 249 3950 vero
277 3900 306 3948 et
329 3890 421 3949 Lucas
446 3889 534 3968 (Luc.
548 3896 597 3965 22,
610 3896 655 3955 17.
668 3902 699 3950 et
711 3898 757 3955 19.
778 3889 802 3948 l.
816 3891 887 3951 Cor.
900 3899 947 3964 11,
960 3894 1037 3967 2l.):
1070 3891 1148 3963 „Hic
1168 3890 1241 3950 calix

109 3987 218 4026 novum
244 3966 463 4025 Testamentum
491 3977 532 4024 est
562 3967 592 4026 in
623 3987 691 4026 meo
719 3968 890 4048 sanguine.“
937 3965 1240 4027 Transsubstantionis

110 4043 227 4123 patroni
248 4061 303 4120 per
321 4062 487 4121 pronomen
506 4039 563 4101 don
577 4044 706 4122 speciem
725 4046 808 4122 panis
828 4044 924 4104 notari
943 4043 1060 4118 volunt,
1108 4044 1155 4103 oia
1173 4054 1239 4102 toto

110 4118 263 4198 complexu
283 4120 423 4179 orationis
445 4121 591 4200 peragitur
610 4123 811 4194 consecratio,
844 4131 874 4179 et
897 4119 976 4179 nulla
1003 4131 1047 4180 est
1065 4065 1240 4194 sdhstantia,

131 4215 183 4253 uae
196 4195 388 4254 demonstrari
401 4206 499 4273 queat.
531 4197 623 4274 Atqui
643 4196 666 4255 si
687 4216 738 4256 eos
757 4206 841 4255 tenet
858 4194 1015 4255 verborum
1035 4195 1152 4276 religio,
1172 4195 1240 4274 quia

111 4215 262 4346 Christus,
283 4272 361 4350 quod
387 4272 416 4330 in
441 4293 557 4349 manum
578 4272 749 4353 porrigebat
768 4271 1055 4353 discipulis„corpus
1074 4292 1157 4332 suum
1178 4288 1241 4330 esse

111 4356 230 4410 testatus
258 4359 315 4409 est:
346 4348 382 4407 ab
409 4368 511 4410 eorum
540 4368 610 4411 sane
641 4349 821 4430 proprietate
852 4347 1058 4412 alienissimum
1087 4360 1132 4411 eat
1161 4344 1239 4410 istud
