2700 4732
178 190 219 249 lb
582 184 705 248 tate-t
743 183 906 247 causet.

177 341 292 389 tantum
315 328 400 389 abest
424 339 458 389 ut
480 328 591 391 fructus
615 298 756 422 pppareat
775 352 833 391 suo
859 341 1004 410 tempore.
1050 329 1150 391 Porro
1174 330 1235 391 sive
1260 330 1311 392 alii

178 418 353 467 evanescant
370 405 403 465 in
422 406 481 466 suis
499 407 770 488 superstitionibus,
788 407 849 469 sive
868 406 916 468 alii
934 406 1001 467 data
1019 427 1110 499 opera
1129 406 1274 469 malitiose
1292 428 1310 468 a

177 483 247 543 ileo
267 482 441 563 descisqant,
461 504 563 545 omnes
583 495 679 543 tamen
699 484 881 565 degenerant
900 505 918 543 a
942 504 1009 545 vera
1028 505 1090 543 erus
1110 483 1227 544 notitia.
1263 482 1310 547 lta

176 561 211 619 lit
230 570 264 619 ut
283 558 363 619 nulla
386 559 417 619 in
439 560 551 620 mundo
576 574 655 620 recta
680 573 797 623 maneat
824 561 924 642 pietas.
975 561 1068 635 Quod
1088 573 1185 622 autem
1205 581 1310 621 errore

175 636 289 715 aliquos
309 636 341 695 iu
359 636 597 716 superstitionem
618 636 678 697 labi
697 638 769 712 dixi,
800 659 861 698 nou
886 637 928 698 ita
947 638 1007 698 acci
1031 637 1061 696 io
1081 636 1162 716 quasi
1185 658 1236 697 sua
1256 657 1310 699 eos

176 712 345 793 simplicitas
365 736 381 775 a
400 713 524 773 crimine
543 713 665 774 liberet:
693 715 760 794 qnia
784 714 910 775 coecitas
957 735 993 773 na
1011 658 1170 786 laborant,
1192 732 1311 793 temper

176 789 241 849 lere
260 801 292 850 et
309 790 435 870 superba
455 792 598 865 vanitate,
622 800 653 851 et
678 792 859 851 contumacia
883 737 1022 870 impiicita
1042 800 1096 850 est.
1139 791 1257 850 Vanitas
1277 802 1310 850 et

176 864 296 959 quidem
315 866 467 946 superbiae
487 867 644 928 coniuncta
664 867 694 927 in
715 889 751 928 eo
772 867 1016 947 deprehenditur,
1035 866 1115 946 quod
1136 886 1234 947 neque
1252 867 1310 926 mi-

177 942 237 1004 seri
257 942 391 1003 homines
410 942 441 1002 in
461 942 529 1004 Deo
549 944 719 1023 quaerendo
739 965 826 1023 supra
846 964 877 1003 se
898 945 907 996 ἰ
929 966 992 1016 sos,
1011 955 1044 1003 ut
1063 965 1115 1022 par
1135 955 1213 1018 erat,
1233 963 1308 1003 con-

176 1019 337 1092 scendunt,
356 1019 407 1079 sed
427 1041 482 1100 pro
503 1020 625 1081 carnalis
644 1026 689 1081 sui
708 1021 837 1100 stuporis
856 965 946 1080 maio
966 1021 1060 1111 ipsum
1080 1020 1257 1094 metiuntur,
1276 1030 1309 1079 et

175 1115 215 1156 ne
236 1095 311 1155 lecta
329 1095 422 1156 solida
441 1096 668 1178 investigatione
687 1097 722 1157 ad
742 1119 828 1156 vanas
847 1096 1061 1177 speculationes
1081 1097 1196 1155 curiose
1214 1108 1309 1156 trans·

174 1116 286 1233 sciant.
328 1171 433 1251 Itaque
457 1193 519 1233 non
543 1173 769 1265 apprehendunt
787 1173 902 1252 qualem
926 1193 958 1234 se
983 1172 1089 1246 ollert,
1119 1172 1171 1231 sed
1191 1172 1308 1250 qualem

174 1271 232 1330 pro
251 1269 302 1309 sua
321 1249 488 1310 temeritate
500 1250 633 1310 fabricati
647 1262 716 1311 sunt
734 1250 938 1344 imaginantur.
979 1250 1051 1325 Quo
1063 1248 1181 1331 gurgite
1193 1260 1309 1327 aperto,

175 1344 404 1407 quaquaversum
446 1327 529 1385 edem
548 1324 875 1403 unbauranamma
915 1328 1068 1407 raecipites
1086 1345 1204 1404 semper
1220 1342 1310 1383 ruere
1340 1386 1343 1393 Δ

173 1422 295 1463 necesse
315 1413 368 1461 est.
411 1348 560 1482 (iainquid
582 1402 659 1463 enim
684 1417 786 1485 postea
806 1404 836 1462 in
857 1347 966 1465 collum
987 1414 1037 1463 aut
1056 1401 1230 1481 obsequium
1250 1398 1309 1460 Dei

173 1479 345 1550 moliantur,
364 1478 529 1560 impensum
548 1479 591 1539 illi
611 1481 688 1540 l'erre
699 1493 862 1560 nequeunt:
882 1482 950 1560 quia
970 1500 1030 1539 noo
1051 1479 1156 1556 ipsum,
1175 1478 1226 1538 sed
1239 1498 1308 1537 cor-

175 1555 219 1615 alis
238 1556 284 1615 sui
303 1556 476 1646 figmentum
496 1557 593 1635 potius
605 1569 635 1615 et
648 1557 805 1632 somnium,
825 1577 880 1637 pro
900 1557 965 1636 ipso
985 1556 1097 1616 colunt.
1134 1556 1219 1614 Hanc
1240 1575 1308 1635 pra·

174 1634 295 1692 vitatem
314 1635 423 1693 diserte
443 1644 528 1692 notat
546 1632 652 1693 Paulus
672 1634 814 1711 (Ruunt,
835 1635 911 1710 22),
931 1632 1091 1691 infatuatos
1111 1650 1173 1691 esse
1194 1630 1307 1703 dicens,

174 1730 264 1788 quum
284 1712 430 1789 sapientes
450 1728 513 1769 esse
537 1722 719 1791 appeterent.
769 1711 854 1770 Prius
879 1711 989 1769 dixerat
1014 1706 1166 1767 evanuisse
1191 1708 1221 1766 in
1246 1706 1307 1765 suis

173 1783 419 1867 cogitationibus:
438 1785 489 1845 sed
510 1786 624 1865 nequis
644 1806 695 1848 eos
715 1786 800 1866 culpa
812 1787 962 1859 eximeret,
980 1784 1109 1854 subiicit,
1126 1783 1233 1842 merito
1253 1801 1308 1842 eos

174 1864 338 1935 excaecati,
371 1863 438 1940 quia
458 1861 619 1922 sobrietate
644 1884 705 1924 noo
726 1863 875 1936 contenti,
902 1863 953 1922 sed
978 1862 1043 1941 plns
1062 1859 1117 1919 sibi
1139 1857 1306 1940 arrogando

173 1960 261 2017 qnam
281 1939 323 1999 las
342 1940 390 2011 sit,
409 1938 546 1998 tenebras
566 1939 644 1999 ultro
665 1951 824 2015 arcessunt,
844 1941 902 1999 imo
922 1937 1002 1997 inani
1022 1958 1056 1996 ac
1076 1955 1214 2014 perverso
1228 1935 1305 1995 lastu

172 2034 206 2075 se
224 2014 303 2096 ipsos
324 2014 479 2074 infatuant.
529 2016 616 2075 Unde
635 2017 784 2095 sequitur,
813 2038 874 2076 non
900 2035 962 2074 esse
988 2012 1180 2073 excusabilem
1201 2032 1307 2071 eornm

172 2091 339 2166 stultitiam,
371 2091 451 2151 cuius
472 2092 567 2152 cansa'
581 2104 624 2152 est
649 2113 710 2152 noo
731 2113 802 2152 vana
827 2092 917 2153 modo
939 2091 1106 2164 curiositas,
1133 2088 1186 2150 sed
1210 2086 1306 2148 libido

172 2168 240 2247 plus
258 2167 371 2228 sciendi
392 2189 478 2246 quam
499 2189 550 2248 par
568 2168 615 2241 sit,
635 2190 700 2228 cnm
722 2168 791 2227 salsa
811 2169 999 2228 confidentia.

249 2251 280 2308 2.
320 2244 411 2319 Quod
432 2256 528 2303 autem
549 2244 643 2303 David
665 2245 727 2326 (Ps.
747 2251 796 2319 lt,
815 2253 842 2309 1.
862 2250 910 2315 53,
929 2245 973 2320 t.)
999 2243 1104 2333 impios
1129 2255 1161 2303 et
1182 2261 1306 2303 emanas

173 2320 246 2381 dicit
265 2323 375 2381 sentire
395 2324 426 2379 in
446 2322 584 2380 cordibus
604 2321 678 2396 suis,
705 2342 767 2381 noar
786 2341 850 2382 esse
868 2320 980 2394 Deum,
1006 2341 1102 2401 primo
1127 2319 1163 2378 ad
1184 2339 1236 2378 eos
1255 2337 1305 2379 re-

171 2397 327 2479 stringitur
346 2397 397 2477 qni
415 2397 560 2458 snllocata
579 2409 700 2457 naturae
719 2398 802 2472 luce,
827 2397 963 2458 consulto
983 2417 1014 2457 se
1033 2397 1112 2475 ipsos
1132 2394 1306 2474 obstupefa-

173 2474 267 2549 eiunt,
286 2485 318 2533 ut
338 2473 425 2554 paulo
447 2487 517 2553 post
535 2475 640 2534 iterum
651 2475 823 2535 videbimus.
864 2473 1121 2548 Quemadmodum
1136 2471 1245 2533 multos
1255 2472 1305 2532 vi-

172 2551 291 2624 demus,
321 2563 476 2631 postquam
507 2552 623 2612 audacia
649 2553 788 2642 peccandi
808 2564 840 2611 et
858 2552 1071 2611 consuetudine
1096 2549 1305 2626 obduruerint,

171 2628 284 2687 furiose
302 2627 447 2708 repellere
466 2648 585 2689 omnem
604 2628 662 2687 Der
686 2629 872 2703 memoriam,
898 2649 973 2707 quae
995 2640 1093 2687 tamen
1121 2628 1178 2687 illis
1196 2637 1305 2763 sponte

172 2726 189 2765 a
213 2715 335 2763 naturae
357 2725 445 2764 sensu
469 2705 548 2766 intus
578 2707 753 2787 suggeritur.
803 2704 866 2764 Iam
891 2725 950 2783 quo
980 2703 1071 2785 magis
1101 2703 1211 2764 detesta
1235 2703 1306 2762 ilem

172 2801 275 2842 eornm
296 2780 429 2841 furorem
448 2782 567 2856 reddat,
592 2801 643 2843 eos
668 2781 781 2842 inducit
805 2783 933 2863 praecise
954 2793 1094 2863 negantes
1113 2782 1209 2840 Deum
1230 2801 1304 2855 esse,

172 2857 301 2937 quamvis
322 2859 473 2918 essentiam
494 2858 534 2918 illi
554 2880 634 2918 suam
655 2879 716 2917 nou
736 2860 882 2932 adimant,
900 2858 951 2918 sed
972 2859 1039 2938 quia
1057 2857 1216 2937 spoliantes
1236 2878 1304 2919 cum

171 2945 227 2993 suo
245 2935 354 2993 imlicio
374 2946 405 2993 et
424 2936 624 3013 providentia,
649 2935 776 2995 otiosum
796 2935 883 2995 coelo
909 2934 1070 2994 includunt.
1117 2937 1192 2994 Nam
1212 2955 1303 3013 quum

171 3010 245 3070 nibil
270 3010 451 3070 mirros·De0
472 3013 644 3084 conveni-at,
668 3033 753 3090 quam
774 3012 916 3072 abiectam
936 3012 1036 3070 usuardi
1055 3010 1303 3091 gubernationem

172 3087 312 3147 l'ortnnae
332 3089 516 3166 permittere,
546 3090 696 3149 concutite
721 3089 757 3148 ad
789 3089 940 3148 bominum
970 3088 1096 3160 scelera,
1131 3098 1163 3146 ut
1182 3087 1302 3176 impune

172 3163 336 3224 lasciviant:
363 3164 493 3244 quisquis
513 3167 655 3225 exstineto
681 3165 816 3226 coelestis
840 3166 940 3225 indicii
960 3178 1041 3224 metu
1058 3184 1161 3225 secure
1180 3163 1237 3224 siba
1256 3163 1303 3222 in·

173 3240 284 3321 dulget,
304 3242 402 3299 Deum
423 3261 485 3301 esse
506 3256 602 3324 negat.
641 3244 740 3321 Atque
762 3243 832 3301 baec
852 3243 994 3301 installei
1015 3242 1139 3300 vindicta
1160 3252 1214 3313 est,
1255 3239 1302 3299 in-

172 3319 330 3399 gneiliuem
349 3317 500 3378 obducere
519 3320 667 3391 cordibus,
688 3330 721 3379 ut
740 3321 820 3398 impii
840 3331 993 3398 postquam
1014 3318 1117 3394 oculos
1135 3339 1203 3377 suos
1222 3260 1303 3383 clau-

172 3407 290 3468 serunt,
322 3394 448 3454 videndo
474 3417 535 3455 non
557 3397 681 3456 videant.
732 3398 770 3457 Et
791 3396 885 3455 David
910 3395 980 3454 alibi
1000 3395 1127 3474 optimus
1146 3415 1215 3456 snae
1234 3414 1303 3455 sen·

172 3471 283 3533 tentiae
303 3482 347 3531 est
366 3472 522 3549 interpres,
542 3474 593 3532 nbi
614 3474 683 3532 dicit
702 3474 825 3551 (Ρε.36,
843 3474 889 3549 2.)
908 3473 1060 3532 Timorem
1080 3473 1137 3532 Dei
1158 3492 1218 3532 non
1239 3491 1304 3532 esse

173 3568 243 3628 prae
264 3546 358 3607 oculis
377 3549 550 3628 impiorum:
571 3551 640 3608 item
661 3551 777 3629 (Palo,
790 3550 861 3624 11.),
881 3549 946 3607 Sibi
965 3549 995 3607 in
1017 3548 1161 3609 maleficiis
1174 3548 1305 3628 superbe-

173 3625 329 3705 plamlere,
351 3625 419 3703 quia
439 3626 536 3683 licum
557 3648 619 3685 non
640 3628 784 3706 aspicere,
810 3626 866 3687 sibi
887 3625 1085 3705 persuadeant.
1126 3628 1303 3705 Quanquam

166 3714 245 3781 'ergo
267 3713 415 3781 coguntur
433 3702 560 3781 aliquem
581 3704 677 3761 Deum
698 3724 875 3782 agnoscere,
901 3702 963 3762 eius
986 3714 1083 3761 tamen
1104 3703 1227 3781 gloriam
1253 3723 1304 3761 er-

173 3779 317 3849 inaniont,
339 3779 500 3856 potentiam
515 3781 556 3838 illi
568 3780 764 3840 detrahendo:
785 3780 949 3840 sicutenim
969 3768 1058 3856 (te'ste
1072 3779 1165 3838 Panlo
1178 3779 1303 3838 ll.'1'inr.

170 3857 283 3932 2,13.)
307 3854 387 3913 Deus
407 3875 439 3914 se
464 3856 557 3936 ipsum
578 3857 725 3937 abnegare
749 3859 868 3936 nequit,
899 3855 949 3934 qni
967 3855 1011 3914 sui
1037 3869 1181 3935 perpetuo
1201 3854 1305 3917 similis

172 3943 284 3991 innuet:
311 3932 350 3990 ita
370 3931 418 3991 isti
438 3945 585 3992 mortuum
606 3948 636 3993 et
655 3941 741 3996 inane
761 3933 872 3994 idolum
893 3931 1048 4025 lingendo,
1074 3934 1167 3992 Deum
1194 3952 1305 4013 negare

172 4029 240 4069 vere
261 4009 406 4066 dicuntur.
445 4010 564 4070 Adlraec
580 4012 740 4072 notandum
755 4022 808 4085 est,
828 4032 957 4089 quamvis
976 4009 1126 4068 luctentur
1145 4032 1210 4069 cunr
1232 4030 1303 4087 pro-

172 4086 238 4165 prio
258 4105 359 4156 sensu,
380 4096 411 4145 ct
428 4087 526 4145 Derim
546 4109 607 4146 nou
627 4090 722 4148 solum
743 4088 811 4146 inde
832 4098 981 4159 excutere,
1000 4088 1050 4145 sed
1071 4088 1101 4145 in
1121 4087 1207 4147 coelo
1228 4107 1304 4165 quo·

173 4182 231 4242 que
250 4160 370 4221 abolere
390 4164 525 4243 cupiant,
552 4186 701 4242 nunquam
726 4177 823 4224 tamen
850 4183 980 4241 eousque
1004 4162 1181 4225 invalescere
1199 4175 1305 4240 stopo·
1327 4228 1336 4243 Ι,

173 4241 355 4316 rum,‘·quin
379 4239 507 4299 retrabat
525 4240 607 4300 Deus
631 4245 710 4322 ipsos
736 4241 882 4300 interdum
902 4240 937 4299 ail
956 4260 1040 4300 suurn
1065 4240 1203 4300 tribunal.
1242 4240 1303 4299 Sed

172 4315 240 4394 qnia
260 4313 341 4375 nullu
353 4328 434 4377 metu
452 4317 627 4394 retinentur,
641 4318 797 4399 quominus
809 4316 958 4380 uiolenter
969 4330 1073 4379 uonna
1085 4318 1182 4378 Deum
1195 4329 1304 4379 ruant:
