2596 4726
133 180 195 243 aaa
530 170 679 237 nsu.1v.
717 172 877 255 canu„

1253 284 1261 313 0

135 322 221 381 aliter
239 318 338 380 sores
360 317 442 379 iritns
462 329 576 379 sanctus
587 317 792 379 denuntiarits.
803 316 879 379 clara
898 318 977 380 enim
995 332 1065 381 snut
1074 320 1157 381 Petri
1175 320 1256 381 rerba

134 398 177 477 (1.
196 416 242 475 ep.
261 402 295 471 2,
313 340 373 471 td:
399 395 676 469 „Quemadmodum
695 394 820 475 (iuquit)
841 395 960 456 luerunt
985 396 1015 455 in
1036 394 1151 477 popula
1170 394 1257 457 reteri

134 472 449 551 „pseudoprophetam
468 472 510 531 sie
530 482 560 531 et
578 470 716 531 intervos
735 485 821 532 eruut
841 470 903 533 salsi
915 471 1064 547 doctores,
1081 483 1177 535 sectas
1195 494 1256 553 per·

134 549 276 625 „ditionis
296 548 506 608 insinuantes.“
544 546 652 606 Viden¹
676 559 709 606 nt
733 570 793 607 nou
818 570 834 608 a
861 546 982 629 plebeiis
1006 548 1163 610 imminere
1204 547 1256 609 eri·

135 626 234 687 culam
274 624 414 695 raedicat,
447 622 497 695 sed
527 624 564 683 ab
590 625 625 683 iis
644 624 694 715 qni
713 624 868 689 doctorum
895 637 926 683 et
950 636 1101 705 pastorum
1122 626 1180 687 titn
1226 644 1255 687 te

135 644 348 763 residitabuut?
397 700 554 759 Praeterea
579 710 694 777 qrrotres
719 721 735 761 a
761 701 880 761 Christo
906 714 936 759 et
958 701 1020 761 eins
1041 701 1193 783 Apostolis
1216 712 1256 761 ert

135 774 442 857 praedictum(lllattb·
453 781 502 851 tt,
515 784 596 839 lbet
606 778 680 852 24),
699 774 807 837 forent
819 776 1014 839 aPastoribns
1033 800 1147 837 summa
1167 778 1255 837 ecete-

134 854 195 915 siae
214 852 342 933 pericula
363 850 585 931 impenderent?
623 850 687 910 leno
707 853 802 943 palam
822 855 949 915 ostendit
967 852 1077 913 Paulus
1095 852 1253 927 (ll.Tbess.

134 934 227 1003 Μ),
248 950 309 989 non
328 928 397 989 alibi
418 948 562 987 sessurum
582 928 790 989 Anticbrutnm
803 950 886 1007 qnam
908 930 1015 989 intem
1039 928 1151 991 loDei.
1188 930 1253 1005 Qun

134 1006 292 1085 signifieat,
312 1026 371 1065 uon
392 1004 510 1065 aliunde
527 1017 679 1063 venturam
700 1005 874 1065 horrendam
893 1006 971 1064 illam
990 1030 1021 1066 ra
1034 1006 1200 1081 entitatem,
1220 1004 1253 1065 tle

134 1104 193 1161 qua
212 1082 253 1142 ibi
273 1082 417 1160 loquitur,
456 1079 511 1139 nisi
535 1080 572 1139 ab
597 1082 632 1141 iis
656 1082 705 1159 qui
727 1104 781 1161 pro
800 1082 968 1143 Pastoribns
986 1082 1015 1141 iu
1036 1082 1161 1163 ecelesia
1176 1082 1254 1144 sede-

134 1160 218 1219 bunt.
256 1157 294 1215 Et
313 1155 399 1225 alibi,
422 1156 499 1218 tanti
518 1156 586 1215 mali
611 1157 726 1217 exordia
747 1158 804 1217 iam
824 1178 918 1239 prope
938 1158 1046 1218 instare
1065 1158 1252 1219 demonstrat.

133 1235 209 1295 Nam
241 1232 307 1290 dum
332 1232 499 1311 Ephesinos
532 1234 686 1312 episcopos
711 1232 869 1313 alloquitur
894 1236 975 1309 (alet.
994 1240 1043 1306 20,
1062 1242 1112 1299 ‘29-
1132 1234 1252 1311 etms

132 1308 227 1386 „Seio
246 1310 371 1387 (inquit)
391 1308 472 1387 quod
499 1322 565 1387 post
589 1310 742 1369 discessum
769 1332 866 1370 meum
888 1310 1044 1371 intrabunt
1063 1312 1097 1369 in
1120 1330 1176 1381 roe
1197 1306 1253 1389 lapi

132 1404 284 1473 „rapapen
302 1405 363 1443 uon
384 1398 538 1465 parcentes
556 1384 649 1465 gregi.
687 1384 726 1443 Et
745 1406 778 1445 er
796 1384 879 1447 vobis
891 1385 957 1466 ipsis
966 1398 1055 1447 eruut
1066 1386 1117 1465 qni
1137 1380 1254 1477 loquat·

132 1474 203 1535 „tur
222 1463 373 1540 perversa,
403 1474 437 1521 nt
462 1461 608 1520 abducant
631 1460 788 1541 discipulos
812 1473 880 1543 post
897 1466 960 1522 se.“
1009 1462 1163 1537 Quiantnrn
1182 1474 1254 1523 auter

132 1538 269 1597 Pastores
294 1538 401 1597 allerre
428 1536 625 1616 corruptionis
651 1540 746 1616 potuit
772 1538 861 1619 leuga
879 1560 1020 1598 annornm
1040 1538 1148 1615 series,
1170 1558 1257 1619 quara

132 1612 248 1673 tantulo
268 1618 409 1693 temporis
429 1614 522 1693 spatio
549 1614 726 1693 degenerare
744 1614 785 1673 sic
806 1614 977 1707 potuerint?
1014 1616 1060 1673 Ac
1080 1634 1120 1675 ne
1139 1634 1254 1675 enum&

131 1690 225 1750 raudo
245 1689 367 1749 multum
387 1689 550 1751 chartarum
570 1690 717 1769 impleam:
736 1711 866 1750 omnium
887 1691 948 1749 sere
967 1690 1152 1751 saeculorum
1164 1712 1253 1751 eaen-

134 1767 188 1845 plis
208 1788 377 1839 monemur,
407 1787 464 1825 nec
488 1768 641 1825 veritatem
661 1786 776 1845 semper
795 1767 824 1825 iu
853 1767 917 1826 sinu
937 1766 1092 1825 Pastorum
1118 1768 1172 1844 ali,
1202 1786 1252 1827 aee

133 1842 274 1903 ecclesiae
292 1842 521 1903 incolumitatem
540 1842 575 1901 ab
596 1864 697 1903 eornm
716 1853 792 1901 statu
812 1842 951 1921 pendere.
989 1842 1125 1903 Decebat
1143 1844 1251 1937 quidem

132 1918 198 1977 illos
218 1919 429 1979 ecclesiasticae
451 1917 527 1997 pacis
548 1940 580 1978 ac
599 1918 709 1991 salutis,
729 1917 776 1977 cni
794 1918 1010 1979 conservaudae
1030 1920 1163 1981 destinati
1182 1930 1252 1991 snm,

133 1994 280 2073 praesides
305 2016 366 2055 esse
391 2017 424 2055 ac
446 1993 669 2067 custorlessssed
689 1994 767 2057 alind
788 2007 846 2071 cst,
869 2006 1016 2075 praestare
1036 1996 1119 2075 qnod
1143 1996 1252 2069 debeas,

132 2070 223 2141 alind,
243 2070 351 2131 debere
371 2070 450 2152 qnod
472 2092 533 2129 eron
553 2084 692 2148 praestes.

208 2155 238 2212 5.
277 2148 321 2205 Ne
344 2169 379 2206 ue
401 2161 499 2205 tarneu
521 2160 618 2204 nostra
645 2152 696 2206 ista
716 2145 803 2207 verba
828 2146 859 2205 iu
880 2166 943 2206 earn
967 2159 1079 2225 partem
1100 2150 1165 2226 quis
1183 2146 1250 2209 acei-

154 2223 209 2296 iat,
229 2224 307 2302 qnasi
324 2170 483 2283 ilastorum
504 2226 707 2283 arrctoritatem
726 2222 829 2301 passim
848 2244 882 2282 ac
903 2235 1028 2295 temere,
1047 2223 1190 2301 nuntioque
1207 2222 1251 2281 de·

131 2246 212 2361 iectu
232 2299 408 2358 labefactare
425 2298 524 2357 velim.
569 2298 696 2358 'l'antnm
716 2300 794 2359 iuter
813 2320 865 2358 eos
884 2299 962 2379 ipsos
982 2300 1129 2359 delectum
1151 2298 1250 2359 baben·

132 2378 201 2435 dum
221 2394 284 2435 esse
302 2395 424 2448 morien,
444 2396 482 2433 ne
502 2375 551 2454 qni
571 2375 722 2450 dicuntur,
742 2396 804 2435 esse
824 2396 942 2455 qnoque
960 2374 1098 2435 Pastores
1117 2376 1249 2435 continua

133 2452 333 2511 existimemus.
372 2450 412 2509 At
431 2450 513 2528 Papa
533 2472 598 2510 cnm
616 2463 682 2512 toto
704 2453 907 2529 episcoporum
926 2473 1044 2511 suornm
1087 2470 1172 2532 rege,
1196 2468 1248 2511 aaa

132 2526 187 2589 alia
206 2528 320 2586 ratione
341 2528 395 2585 nisi
416 2527 627 2605 quiaPastores
646 2541 863 2605 nuncupantur,
884 2549 996 2587 excussa
1015 2472 1099 2589 verbi
1111 2530 1169 2588 llei
1187 2526 1249 2587 obe·

133 2604 253 2675 dieutia,
274 2600 394 2663 volvunt
414 2604 522 2674 omnia,
541 2615 715 2681 versantque
727 2624 780 2681 pro
794 2603 927 2665 libidine:
948 2606 1064 2664 interim
1084 2604 1249 2695 persuadere

133 2680 333 2752 contendunt,
363 2698 427 2738 sese
447 2678 512 2738 luce
532 2678 661 2738 veritatis
687 2677 805 2738 destitui
825 2703 887 2740 non
907 2702 1006 2759 posse:
1036 2682 1181 2761 Spiritum
1198 2678 1247 2737 Dei

132 2769 278 2837 perpetuo
310 2758 339 2814 iu
370 2775 401 2815 se
426 2756 570 2816 residere:
603 2755 753 2815 ecclesiam
785 2755 815 2815 in
841 2778 871 2815 se
900 2756 1072 2831 subsistere,
1109 2772 1140 2819 et
1161 2774 1247 2818 secum

133 2834 238 2893 emori.
279 2832 371 2907 Quasi
400 2854 472 2893 vero
505 2835 560 2892 iant
591 2832 668 2891 nulla
698 2834 756 2893 sint
787 2833 908 2893 Domini
937 2832 1057 2893 indicia:
1089 2846 1124 2893 nt
1155 2834 1247 2893 eaden

131 2931 246 3002 poeme
266 2929 375 2990 genere
394 2910 424 2969 iu
445 2911 584 2969 mundum
609 2908 696 2967 bodie
716 2910 932 2981 animadvertat,
952 2932 1010 2985 nuo
1032 2910 1137 2990 populi
1155 2908 1247 2971 scter'n

132 2988 371 3065 rrrgratitudiuem
401 2986 556 3063 aliquando
582 2986 657 3044 ultus
682 2998 741 3045 cst:
775 3005 880 3063 nempe
906 3000 936 3044 nt
956 2988 1091 3059 Pastores
1117 2984 1247 3065 pereurid

132 3064 276 3123 coecitate
301 3074 331 3121 et
354 3075 475 3139 stupore
500 3061 603 3137 (Zacb.
623 3068 676 3133 12,
695 3064 746 3133 4.).
795 3064 858 3121 Nec
888 3062 1058 3141 intelligunt
1081 3056 1248 3125 stolidissimi

132 3136 282 3209 bomines,
313 3137 434 3197 eandem
455 3158 486 3196 se
510 3157 614 3196 canere
633 3138 804 3196 cantilenam
826 3160 911 3215 quam
937 3139 1081 3201 canebant
1101 3138 1189 3214 olim,
1206 3134 1248 3215 qni

132 3234 198 3269 cum
223 3214 314 3273 verbo
334 3214 392 3271 Dei
422 3212 678 3293 belligerabantur.
727 3212 774 3272 Sic
795 3218 872 3273 euim
896 3236 959 3275 sese
984 3228 1087 3274 contra
1110 3222 1247 3275 veritatem

23 3338 28 3345 .
132 3288 317 3347 instruebant
343 3288 442 3349 bostes
466 3288 607 3347 Ieremiac
634 3292 795 3365 (ts‚1a.):
834 3292 979 3365 ‚,Veuite,
1011 3303 1041 3349 et
1066 3312 1103 3351 co
1127 3292 1248 3351 itabimns

131 3375 256 3438 „contra
281 3364 433 3423 Ieremiam
459 3364 667 3455 cogitationes:
694 3367 928 3445 qnandoquidem
955 3388 1014 3426 non
1041 3312 1152 3445 peribit
1175 3367 1249 3426 lexa

131 3440 315 3515 ,pacerdotm
336 3461 389 3499 nec
408 3442 560 3500 consilinm
581 3462 596 3498 a
617 3442 759 3519 sapiente,
782 3466 835 3502 ricc
855 3444 975 3501 verbum
996 3465 1011 3503 a
1032 3444 1205 3523 propbeta.“

207 3523 236 3580 6.
275 3516 352 3574 Hinc
385 3516 470 3575 lacile
496 3530 539 3576 cst
564 3520 743 3596 respondere
763 3520 798 3576 ad
824 3518 894 3579 illud
915 3520 1037 3577 alterum
1059 3520 1095 3579 de
1119 3516 1249 3581 Consiliis

131 3591 323 3673 generalibus.
365 3592 446 3665 Quin
467 3592 566 3652 Iudaei
580 3616 673 3652 seram
694 3593 842 3654 ecclesiam
862 3595 915 3655 sub
926 3594 1083 3675 Prophetis
1096 3594 1250 3665 imbuerint,

131 3670 233 3749 ausgari
253 3690 313 3727 nou
334 3680 441 3746 potest.
487 3671 601 3743 Quodsi
621 3672 756 3751 generale
778 3672 944 3730 Concilium
964 3685 1033 3730 terrac
1060 3693 1094 3731 es
1114 3671 1249 3733 sacerdo-

131 3746 209 3804 tibus
231 3758 362 3805 cnactnm
385 3744 495 3817 luisset,
516 3746 607 3825 qualis
627 3750 805 3825 apparuisset
825 3748 962 3809 ecclcsiae
983 3746 1089 3808 facies?
1118 3748 1249 3807 eludimus

131 3822 293 3898 quidDens
312 3842 373 3879 non
394 3821 444 3879 nui
464 3836 513 3881 aut
533 3824 616 3881 alteri
636 3846 747 3895 corum,
766 3825 817 3884 sed
838 3825 933 3884 ordini
955 3825 1090 3885 universo
1107 3822 1250 3885 denuntiet

131 3898 205 3972 (ier.
217 3900 314 3973 d,9.):
334 3897 575 3976 „Obstupescent
595 3900 780 3974 Sacerdotes,
801 3914 830 3959 et
849 3902 1016 3979 Prophetae
1036 3898 1249 3961 terrebuntur.⁸‘

132 3974 205 4031 Item
227 3972 348 4050 (liaccb.
369 3979 397 4043 7,
417 3980 492 4050 ‘itidz
525 3976 606 4047 „laen
636 3977 742 4053 peribit
768 3998 783 4035 a
805 3978 982 4048 Sacerdote,
1012 3990 1042 4035 et
1066 3976 1250 4049 ¹consiliuma

131 4050 338 4109 Senioribus.“
375 4050 450 4107 ltem
470 4052 575 4127 (blicb.
595 4056 629 4123 3,
648 4054 705 4125 b'.):
727 4053 812 4124 „Nox
832 4054 914 4115 vobis
936 4075 988 4132 pro
1010 4054 1121 4113 visione
1142 4053 1207 4125 erit,
1225 4057 1250 4109 et

132 4126 271 4185 tenebrae
302 4145 356 4204 pro
387 4126 576 4189 divinatione:
608 4140 637 4185 et
662 4129 818 4187 occumbet
841 4128 885 4188 sol
911 4152 998 4208 super
1021 4128 1199 4209 Prophetas:
1224 4134 1250 4185 et

130 4202 377 4261 obtenebrabitur
394 4224 482 4281 snper
501 4224 553 4263 eos
573 4204 653 4261 dieu
673 4216 728 4263 etc.
767 4206 848 4286 lige,
866 4207 889 4265 si
911 4206 1005 4265 coacti
1025 4206 1056 4265 iu
1077 4226 1165 4265 unum
1186 4215 1250 4263 tuuc

131 4280 254 4341 luissent
271 4298 374 4343 ornnes
393 4280 547 4357 eiusmodi,
567 4278 630 4359 quis
649 4278 767 4360 spiritns
785 4283 817 4343 in
837 4303 939 4345 eorum
959 4295 1048 4345 coetu
1068 4276 1250 4363 praefuisset?
