2700 4732
90 202 150 273 m
258 212 264 233 =
461 192 858 259 surrecturus

90 342 169 411 allius
187 338 300 403 mentio
319 338 437 405 ostendi
455 350 554 422 potest
571 341 663 479 (puae
679 349 780 401 tamen
799 357 863 430 pon
882 336 991 409 fnisset
1015 336 1238 433 praete-dn,-

90 422 117 485 si
134 420 202 481 Deo
221 428 341 499 occepta
359 417 454 495 foret)
471 417 534 491 red,
552 436 602 477 rec
614 428 729 477 amante
742 414 912 495 Scnpturs,
931 431 1007 475 suae
1027 415 1095 476 ssbr
1113 412 1233 477 hbu-

90 495 213 561 trbitrio
233 493 331 555 Deum
349 493 485 555 lubricati
503 504 587 566 suot,
613 489 757 553 derelicto
776 491 844 553 Deo
863 490 996 553 vivente.
1054 488 1145 567 Quid
1163 490 1241 551 eain·

36 590 39 595 ’
92 584 138 635 est
156 569 332 645 idololatris,
349 570 374 631 ai
394 569 451 631 hoc
467 589 533 629 non
552 581 612 644 est,
630 568 709 627 dona
727 588 783 647 pso
797 567 900 629 datore
918 566 988 646 ipso
1010 565 1147 628 colere?
1180 564 1231 629 UH

92 646 249 730 dupliciter
268 657 418 726 peccatum
438 657 498 720 eat,
516 665 582 706 uam
602 656 634 704 et
656 643 755 705 bonor
773 645 842 705 Deo
867 656 971 723 raptus
1003 642 1048 705 ad
1076 654 1232 705 emme·

92 724 244 795 traductus
269 735 314 785 est
337 733 373 787 ¹et
397 721 459 802 ipse
478 722 566 782 etiam
584 718 751 811 impolluto
770 739 806 783 tc
825 718 987 802 profanato
1006 740 1073 781 suo
1094 718 1230 781 heueie'm

90 800 304 939 tilithi·
329 796 404 935 itt
417 794 1097 939 ²:sitast„5²ft²ttttsftt²tt.;t‘.
1112 814 1232 945 iffi

91 878 194 1026 iudei,
217 951 334 1027 oculor,
358 949 465 1024 corda,
484 914 622 1023 mentes:
646 948 760 1030 linguas
776 949 899 1039 penitur
913 930 1098 1039 'defigamus
1115 948 1150 1009 in
1167 967 1232 1011 saraa

73 1029 152 1093 Φοί
171 1027 315 1089 doctriua.
353 1025 407 1086 Est
425 1025 503 1086 enim
522 1044 555 1085 ea
576 1025 704 1105 Spiritus
722 1036 815 1085 uncta
833 1022 940 1115 optimi
967 1022 1116 1107 magistri
1132 1022 1232 1099 schnh

1 1137 3 1149 =
90 1108 124 1171 in
143 1125 201 1186 qua
218 1103 261 1165 ric
280 1100 443 1184 proficitur,
461 1112 496 1163 ut
514 1099 587 1163 nihil
605 1102 644 1162 rit
661 1098 780 1162 aliunde
794 1100 1016 1177 asciscendum,
1037 1100 1232 1185 morand-

91 1202 165 1253 ,κιο
183 1180 323 1253 libenter,
340 1178 479 1257 quicquid
499 1177 530 1239 in
550 1197 584 1237 ea
603 1198 666 1239 non
685 1176 818 1239 docetur.

168 1262 216 1323 37.
253 1254 408 1321 1sm.vero
427 1256 476 1334 (ut
492 1254 663 1334 superstitio
682 1264 780 1317 rectos
799 1252 870 1313 fines
894 1250 990 1314 semel
1021 1271 1156 1337 egressa
1176 1252 1233 1315 uni-

92 1337 154 1399 lum
173 1330 315 1413 pe'ecaudi
335 1330 424 1391 linem
444 1328 527 1407 lacit)
546 1329 638 1424 longe
655 1327 778 1391 ulterius
797 1327 925 1409 prolapsi
943 1340 1037 1389 eunte
1066 1332 1149 1393 ritum
1167 1330 1232 1391 eain

92 1408 299 1494 maogitarunt
313 1406 471 1467 aCoeuas
490 1406 676 1469 institutione
689 1426 818 1487 ¹prorsus
843 1416 1002 1465 extraneos
1032 1406 1072 1467 in
1101 1406 1162 1470 boe
1178 1418 1233 1469 tau·

92 1501 172 1561 mm,
202 1497 236 1545 ut
259 1482 366 1545 divinis
390 1480 552 1544 bonoribus
575 1482 691 1566 siguum
710 1482 872 1543 afficerent.
922 1479 1076 1557 Christo,
1095 1482 1234 1565 inquinat.

92 1565 168 1629 hauc
191 1560 414 1622 venerationem
441 1558 607 1620 deferimus.
656 1558 787 1619 Primum
812 1557 836 1617 si
860 1558 892 1618 in
916 1556 1029 1619 Coena
1059 1557 1129 1623 boe
1152 1560 1234 1633 hun,

92 1640 239 1714 dicerem,
264 1636 467 1698 adorationem
485 1654 551 1697 eam
570 1635 686 1697 demum
715 1654 779 1697 esse
796 1635 825 1696 ie
846 1633 956 1695 itimum
1003 1655 1092 1727 puae
1124 1634 1233 1698 nonin

91 1718 179 1801 signo
197 1714 317 1787 residet,
334 1711 386 1773 sed
405 1711 441 1773 sd
462 1711 610 1783 Christum
629 1713 660 1773 in
679 1711 766 1775 coelo
784 1653 934 1773 sedentem
955 1677 1124 1798 dirigitur.
1160 1712 1234 1775 Nnc

91 1815 168 1858 vero
194 1812 254 1875 quo
283 1799 438 1869 praetextu
465 1808 497 1849 se
523 1788 672 1853 Christum
698 1788 730 1849 in
753 1788 805 1849 iiio
829 1806 905 1868 pane
930 1786 1099 1850 honorare
1125 1790 1234 1863 iustam

93 1890 184 1965 quum
218 1865 329 1929 nullam
359 1863 488 1927 habeam
511 1862 596 1956 huius
620 1865 662 1925 rei
686 1863 928 1956 promissionem?
967 1862 1177 1929 Consecrant
1191 1864 1235 1927 bu·

93 1939 1234 2109 :tttsh'tttiht’t,tttttstt‘tttttttstttm‹3¹:⁶22ss

92 2102 205 2169 viante
224 2106 329 2180 putent
348 2107 485 2156 asserus
505 2093 723 2155 consecratam?
744 2095 859 2175 Nempe
877 2092 969 2153 rerba
990 2092 1046 2155 illa
1070 2096 1234 2177 proderent:

93 2178 184 2255 „Hoc
203 2187 248 2239 est
266 2191 374 2253 corpus
392 2174 522 2231 menm.“
558 2170 624 2251 Ego
643 2191 715 2233 vero
735 2182 837 2243 contm
855 2168 1007 2245 obiiciant,
1026 2172 1233 2237 simuldiett!

93 2272 172 2317 esse:
192 2250 349 2329 „Accipite
368 2258 399 2307 et
416 2247 622 2309 manducate.“
658 2248 762 2327 Neque
781 2246 811 2308 id
828 2246 864 2306 de
883 2245 979 2306 nihilo
1001 2244 1235 2331 faciantqu-

94 2330 176 2391 euim
194 2335 353 2407 praecepto
372 2343 482 2384 annexa
501 2323 539 2383 sit
558 2323 723 2402 promissio,
743 2323 820 2398 dico,
840 2322 915 2384 banc
932 2321 991 2383 sub
1014 2322 1077 2385 illo
1100 2324 1235 2389 iminsb

94 2426 166 2481 sam,
184 2415 220 2463 ut
236 2411 369 2483 separata
386 2398 438 2458 hat
455 2400 578 2460 omniuo
598 2399 689 2461 nulla.
728 2399 763 2460 Id
782 2399 869 2461 simili
888 2398 1032 2479 exemplo
1053 2401 1116 2463 liet
1134 2402 1235 2479 clarit

93 2480 266 2543 Mandatum
291 2474 371 2535 dedit
389 2475 483 2550 Deus,
521 2496 590 2535 uum
616 2476 728 2537 diceret
746 2475 971 2555 (Ps.bl),1b.):
993 2476 1146 2551 „Invoca
1163 2482 1235 2541 ma*

115 2555 320 2621 romissionem
339 2550 463 2612 addidit:
530 2550 659 2611 mudiam
679 2557 739 2612 te.“
777 2552 896 2631 Siquis,
913 2550 1066 2615 invocato
1080 2554 1182 2619 Petro
1196 2564 1237 2617 sd

93 2579 206 2710 lanio,
235 2631 288 2692 bac
307 2627 511 2720 promissione·
547 2627 685 2719 lorietur,
716 2648 817 2690 nonne
836 2646 937 2719 omues
957 2626 1162 2724 clamabunt,
1180 2652 1236 2693 eun

92 2702 631 2872 titt‘ttmittttiiiettlti
647 2704 1236 2862 ἓῖἕὲῗῖἕεοῗξὲᾞὲἔίι3ῗῖῗοΐέ

94 2863 355 2997 corpusprpdeumj⁴
378 2868 420 2950 ,ut
439 2877 472 2917 ca
491 2879 521 2917 ru
541 2856 653 2992 abhenos
677 2879 694 2918 a
715 2857 825 2950 Christi
849 2856 1044 2947 institutione
1058 2863 1155 2996 dritus
1176 2861 1237 2923 abu·

93 2953 890 3079 tttttn‘ttttt'225112200’nttitztttt?⁰55¹:
909 2950 1236 3077 latitem

94 3093 222 3166 destitui,
234 3090 283 3170 qui
296 3088 516 3149 Sacramentum
527 3087 584 3146 alio
598 3086 787 3147 transierunt.
825 3086 921 3145 Antea
933 3085 1153 3167 disseruimus,
1170 3110 1235 3185 put·

92 3169 184 3231 modo
205 3178 324 3227 nostrae
343 3162 420 3242 apud
440 3162 535 3223 Deum
562 3162 629 3222 fidei
654 3165 761 3225 serviat
784 3183 880 3223 sacrae
900 3160 1030 3223 Coenae
1056 3179 1235 3247 mysterrum

95 3243 226 3321 Quando
246 3254 344 3302 autem
362 3251 472 3301 tautam
492 3239 538 3300 hie
550 3259 619 3299 suae
639 3236 777 3302 bonitatis
798 3239 969 3321 largitatem,
990 3254 1146 3318 quantam
1165 3244 1235 3326 pn'!

93 3313 1234 3459 ‘titiltttthiltibolttftt‘ltt,litterati2¹

94 3485 180 3537 catat:
206 3469 292 3533 simul
316 3468 471 3543 admonet,
489 3488 528 3528 ne
547 3414 606 3528 lam
626 3467 738 3529 effusae
758 3412 970 3528 benefieebtiae
996 3468 1118 3553 ingrati
1144 3473 1233 3543 simu,

95 3549 167 3633 quin
186 3547 283 3628 potius
295 3543 486 3624 cam‚quibus
506 3565 560 3624 pur
579 3556 632 3618 est,
651 3544 785 3604 laudibus
805 3543 1007 3624 praedicemus
1029 3559 1063 3606 et
1076 3550 1232 3629 gratiam·

93 3628 212 3689 actione
224 3621 414 3685 celebremus.
452 3621 555 3700 Itaque
568 3642 657 3701 quum
669 3625 841 3681 sacramenti
859 3621 949 3701 ipsius
966 3620 1147 3686 institutum
1159 3627 1232 3705 Aps-

93 3702 176 3766 stolis
194 3699 334 3772 traderet,
353 3706 386 3757 ut
404 3695 434 3756 id
453 3695 484 3755 in
503 3698 547 3756 sui
567 3697 737 3756 memoriam
758 3697 898 3768 iacerent,
909 3695 1021 3756 docuit
1051 3700 1154 3775 Quod
1162 3700 1231 3761 Pau·

93 3778 138 3840 ius
167 3777 392 3856 iuterpretatur,
422 3773 550 3832 Mortem
575 3773 699 3833 Domini
723 3774 857 3833 nuntiare
877 3772 916 3851 (1.
934 3772 1167 3855 (ἶοί.11,26,).
1202 3772 1230 3835 ll

93 3866 193 3918 autem
213 3864 267 3928 est,
287 3849 406 3933 publice
424 3860 512 3928 atque
531 3871 592 3910 uuo
611 3848 696 3911 simul
708 3870 811 3911 omnes
829 3869 883 3909 ore
901 3849 998 3928 palam
1021 3851 1126 3930 lateri,
1145 3865 1229 3917 totu

92 3933 170 3996 ritae
189 3950 224 3990 ac
242 3926 340 3989 salutis
360 3925 492 3986 fiduciam
517 3926 548 3986 in
571 3938 668 3986 morte
686 3926 811 3986 Domini
837 3925 962 4015 positum
982 3926 1077 3989 nobis
1097 3950 1181 4005 esse,
1201 3939 1230 3989 ut

94 4018 196 4068 nostra
215 4003 297 4064 illum
324 4001 509 4063 consessione
539 4002 736 4084 glorificemus
761 4015 791 4062 et
814 4002 884 4063 ahos
904 4013 1010 4062 nostro
1039 4024 1125 4067 exem
1150 4006 1181 4067 lo
1197 4002 1228 4063 sd

94 4084 218 4173 dandam
237 4080 280 4142 iili
299 4079 422 4162 gloriam
443 4077 638 4140 exhortemur.
676 4078 732 4139 Hic
753 4090 874 4170 apparet
894 4099 1023 4173 rursum²
1045 4101 1108 4173 quo
1128 4027 1229 4171 baert·

91 4166 465 4324 tissttfttttlthh
482 4153 1228 4323 titt}t0ttt¹tffih⁵2inlttttffitt

89 4308 128 4373 ad
144 4309 331 4374 rudreandum
347 4309 455 4387 veniat,
473 4330 536 4372 nou
555 4307 634 4371 ahud
653 4318 707 4387 est,
724 4309 782 4371 nisi
800 4319 834 4369 ut
851 4326 912 4369 oris
930 4307 1129 4375 consessione
1147 4326 1227 4394 psat·

37 4410 72 4437 ha
