2700 4732
103 190 161 292 “aa
502 222 507 229 ·
572 219 808 285 anursno
940 276 945 283 .
1038 258 1055 297 -.

47 448 51 463 ,
121 371 220 469 liunt,
247 369 351 446 nobis
376 369 573 474 imputant?
617 370 764 446 Talibus
790 387 905 446 autern
933 366 1018 471 quid
1044 364 1261 472 responden*

32 522 41 585 j
123 488 207 565 dum
233 488 286 578 sit,
313 485 432 562 docuit
460 517 523 562 nos
546 486 639 562 Elias
663 493 704 585 (1.
723 488 817 589 Reg.
836 491 893 577 18,
913 490 970 563 17.
984 484 1068 582 18.),
1095 511 1162 561 nos
1178 512 1260 559 non

19 606 29 625 ⁸
122 636 197 685 esse
223 606 283 710 qui
309 604 363 680 vel
389 598 526 680 errores
551 606 756 708 spargimus,
782 603 837 678 vel
862 601 1029 680 turnultus
1057 595 1261 679 commove·

122 754 219 801 mus:
244 722 306 800 sed
333 752 394 797 eos
418 723 513 826 ipsos
540 724 600 826 qui
616 724 684 800 Dei
709 722 825 799 virtuti
852 719 1082 796 obluctantur.
1125 725 1260 827 Verum

34 904 37 913 .
121 834 161 917 ut
184 839 270 917 illud
294 870 406 916 unum
431 839 475 915 ad
501 839 755 916 retundendam
781 868 905 915 eorum
930 838 1158 914 temeritatem
1180 836 1261 910 satis

123 977 189 1036 est:
212 960 259 1034 ita
288 986 427 1033 mrsum
451 957 602 1032 aliorum
626 956 851 1034 imbecillitati
878 953 1145 1043 occurrendum,
1170 981 1262 1057 quos

121 1076 247 1152 talibus
273 1072 495 1151 offendiculis
519 1075 753 1163 commoveri,
781 1092 816 1179 et
847 1073 1070 1176 perturbatos
1099 1069 1261 1147 vacillare

122 1221 195 1270 non
220 1222 303 1270 raro
328 1191 507 1294 contingit.
560 1192 613 1269 llll
639 1221 724 1270 vero
760 1220 806 1266 ne
835 1191 903 1266 hac
928 1189 1189 1294 perturbatione
1209 1186 1260 1263 la-

121 1312 277 1401 bescant,
292 1339 344 1384 ac
370 1306 415 1385 de
432 1309 546 1413 gradu
568 1308 789 1397 deiiciantur,
821 1307 930 1383 sciant
956 1306 1079 1383 eadem
1089 1323 1259 1410 expertos

121 1458 196 1505 esse
222 1455 287 1504 suo
310 1425 450 1503 saectdo
462 1427 663 1530 Apostolos,
689 1455 779 1530 quae
793 1453 887 1500 nunc
913 1444 980 1501 us‘u
994 1425 1271 1504 nobisveniunt„

121 1553 232 1624 Erant
256 1543 389 1621 indocti
413 1562 447 1620 et
471 1544 656 1633 instabiles,
682 1545 741 1648 qui
766 1543 810 1619 ad
836 1573 936 1621 suam
961 1545 1120 1648 ipsorum
1144 1542 1260 1646 perni-

122 1664 211 1739 ciem
235 1661 478 1766 depravarent,
503 1690 594 1763 quae
619 1691 638 1735 a
665 1661 778 1737 Paulo
806 1660 970 1739 divinitus
997 1661 1124 1764 scripta
1151 1675 1259 1747 erant,

120 1781 227 1858 utait
238 1786 363 1856 Petrus
379 1784 438 1879 (ll.
452 1807 509 1880 ep.
525 1784 561 1869 3,
573 1778 657 1873 lu).
695 1784 807 1855 Erant
819 1781 885 1855 Dei
904 1795 1174 1883 contemptores,
1199 1776 1260 1880 qui

121 1926 231 2002 quum
256 1895 445 1973 audiebant
466 1895 665 1972 abundasse
686 1914 867 2001 peceatum
880 1914 921 1974 ut
937 1897 1047 2001 gratia
1060 1893 1260 1984 exundaret,

120 2016 235 2092 statim
256 2016 474 2118 ingerebant,
488 2014 711 2090 Manebimus
733 2015 769 2090 in
790 2032 948 2118 peccato,
967 2032 1008 2091 ut
1026 2015 1136 2117 gratia
1148 2014 1261 2089 abun'·
1324 2052 1326 2057 >

120 2132 182 2241 det
203 2133 335 2231 (Rom.
348 2138 382 2222 6,
397 2134 456 2227 1.).
490 2137 610 2247 Quum
638 2131 830 2208 audiebant
854 2132 975 2208 fideles
997 2162 1069 2208 non
1097 2161 1171 2208 esse
1194 2131 1260 2219 sub

119 2256 226 2355 Lege,
247 2251 407 2353 protinus
430 2249 646 2339 occinebant,
670 2249 910 2340 Peccabimus,
934 2251 1015 2352 quia
1042 2279 1116 2326 non
1142 2278 1260 2326 sumus

122 2368 188 2445 sub
210 2372 317 2470 Lege,
335 2366 397 2444 sed
423 2367 488 2443 sub
515 2367 915 2469 gratia(Rom6,15.).
948 2373 1068 2459 Erant,
1091 2367 1258 2470 quiillum

121 2484 204 2561 mali
217 2512 397 2561 suasorem
416 2487 616 2586 arguebant
661 2485 912 2561 subintrabant
922 2484 1021 2560 multi
1034 2472 1260 2588 pseudoapo-

121 2602 212 2694 stoli,
235 2603 295 2706 qui
313 2600 495 2677 ¹diruerent
509 2600 680 2678 Ecclesias
693 2633 779 2708 quas
796 2605 870 2709 ipse
890 2601 1142 2678 aedificaverat.
1171 2602 1261 2699 Qui-

122 2720 204 2797 dam
228 2749 294 2824 per
317 2717 484 2794 invidiam
511 2737 544 2795 et
568 2722 839 2810 contentionem,
864 2751 929 2797 nec
950 2719 1082 2796 sincere
1101 2727 1261 2824 Evange-

20 2829 23 2835 ’
120 2837 207 2915 lium
235 2835 485 2942 praedicabant
497 2836 616 2933 (Phil.
630 2841 663 2928 l,
677 2842 762 2935 lu),
781 2836 953 2912 malitiose
967 2839 1086 2913 etiam:
1104 2839 1260 2942 cogitan-

26 3002 29 3015 ·
120 2974 172 3032 tes
198 2983 237 3030 se
261 2983 460 3058 pressuram
478 2955 643 3032 suscitare
656 2955 802 3031 vinculis
817 2957 899 3031 eius.
934 2954 1069 3033 Alioubi
1083 2985 1157 3031 non
1170 2956 1260 3033 mul-

121 3091 179 3150 tus
204 3089 278 3148 erat
303 3071 482 3174 Evangelii
518 3073 708 3175 profectus.
778 3079 913 3149 Omnes
941 3101 1031 3175 quae
1063 3103 1132 3149 sua·
1152 3093 1260 3166 erant,

124 3188 351 3293 quaerebant,
375 3218 447 3263 non
474 3219 564 3291 quae
590 3197 670 3266 lesu
693 3191 832 3268 Christi.
882 3187 947 3265 Alii
970 3208 1161 3268 retrorsum
1189 3195 1260 3270 abi-

122 3306 236 3407 bant,
259 3320 362 3382 canes
388 3305 433 3381 ad
460 3306 649 3398 vomitum,
682 3326 715 3383 et
746 3337 824 3383 sues
859 3304 903 3381 ad
932 3306 1156 3386 volutabrum
1188 3308 1259 3386 luti.

123 3423 290 3527 Plerique
314 3423 507 3502 libertatem
535 3426 684 3530 Spiritus
715 3424 898 3528 rapiebant
917 3423 966 3499 ad
987 3424 1161 3523 licentiam
1185 3460 1261 3505 car-

123 3541 187 3621 uis.
230 3540 457 3624 insinuabant
480 3572 554 3618 sese
583 3542 659 3618 salsi
680 3544 822 3634 fratres,
847 3573 867 3618 a
894 3543 1021 3646 quibus
1044 3544 1171 3621 deinde
1196 3548 1261 3651 piis

123 3657 354 3734 imminebant
379 3658 544 3762 pericula.
594 3668 689 3735 Inter
712 3660 809 3763 ipsos
832 3663 957 3737 fratres
979 3664 1095 3738 variae
1118 3693 1262 3740 concer-

124 3775 273 3854 tationes
298 3775 560 3853 suscitabantur.
599 3776 696 3875 Quid
714 3777 772 3854 hic
784 3778 968 3882 Apostolis·
978 3778 1153 3887 agendum
1168 3784 1264 3857 erat?

127 3922 246 3971 annon
259 3892 314 3969 vel
340 3891 386 3967 ad
404 3911 542 3998 tempus
564 3894 865 3987 dissimulandum,
885 3896 940 3972 vel
963 3899 1080 4001 potius
1101 3900 1264 3974 omitten-

128 4009 214 4086 dum
238 4007 568 4117 illud'Evangelinm
594 4042 635 4088 ac
657 4010 897 4089 deserendum‘
913 4031 997 4104 erat,
1023 4013 1121 4118 quod
1146 4034 1200 4092 tot
1222 4016 1264 4092 li·

126 4128 214 4205 tium
226 4124 392 4209 videbant
404 4157 479 4206 esse
500 4129 734 4222 seminarium,
756 4148 810 4207 tot
826 4132 1063 4235 periculorum
1073 4133 1263 4222 materiam,

125 4261 180 4322 tot
202 4241 448 4324 scandalorum
465 4251 711 4359 occasionem?
741 4255 786 4329 At
810 4249 846 4325 in
870 4250 1072 4326 huiusmodi
1097 4249 1262 4355 angustiis

123 4362 357 4458 succurrebat,
380 4365 558 4444 Christum
576 4396 651 4443 esse
673 4364 825 4471 lapidem
838 4367 1043 4445 offensionis
1068 4385 1102 4443 et
1125 4383 1261 4470 petram
