2700 4732
493 240 570 303 ΗΒ.
591 240 644 301 w.
683 236 773 303 CAP.
790 238 862 303 tm.
1194 248 1255 313 823

107 387 251 450 eiusmodi
272 388 361 447 ritum
380 386 511 447 breviter
531 384 670 447 describit
679 386 723 523 *p
761 384 1012 464 „Poenitentiam,
1030 385 1135 468 inquit,
1154 402 1247 472 agunt

106 468 206 545 „iusto
225 477 378 544 tempore:
406 463 511 524 deinde
532 464 568 523 ad
589 482 692 523 exomo
707 465 809 557 ogesin
829 464 965 535 veniunt,
985 475 1016 523 et
1035 480 1089 545 per
1106 486 1244 529 manuum

106 543 347 622 „impositionem
387 541 519 622 episcopi
558 552 588 598 et
624 539 696 600 cieri
734 562 778 600 nn
813 540 1028 601 communionis
1063 543 1244 623 accipiunt.“

108 622 288 697 Quanquam
319 619 359 676 sic
387 629 522 697 praeerat
547 614 781 677 reconcdiationi
805 616 958 697 episcopus
983 639 1048 676 cum
1073 640 1127 679 suo
1153 620 1245 698 clero,

106 709 142 757 ut
160 695 245 754 simul
266 692 357 770 plebis
377 714 552 754 consensum
574 693 751 771 requireret:
772 692 1018 773 quemadmodum
1038 694 1106 754 alihi
1119 699 1224 758 tradit.

187 777 215 835 7.
254 772 318 831 liae
338 770 409 830 disci
433 771 492 828 lina
512 770 585 828 adeo
606 788 693 828 nemo
721 768 915 842 eximebatur,
946 781 978 829 nt
1000 772 1148 850 principes
1169 794 1244 852 quo·

107 868 168 939 que
194 868 335 907 unacum
362 792 485 925 plebeiis
505 866 536 905 se
555 845 591 904 ud
618 866 680 904 eam
706 845 857 904 serendam
880 845 1071 911 subiIcerent.
1116 849 1156 909 Et
1180 872 1244 911 me.

106 937 183 985 nto:
216 945 304 1001 quum
325 923 436 984 Christi
463 942 524 981 esse
548 933 712 994 constaret,
744 922 790 980 cui
816 922 913 981 omnia
937 943 1039 1001 regum
1069 937 1184 1005 sceptra
1210 939 1243 989 et

108 1000 270 1059 diademata
289 1000 420 1059 submitti
441 1018 564 1076 aequum
587 1010 638 1057 est.
679 998 728 1057 Sic
743 997 930 1057 Theodosius
940 999 1006 1077 ti*),
1026 1023 1114 1080 quum
1130 1003 1244 1063 abhm·

108 1076 211 1136 brosiu
225 1076 265 1135 oh
279 1076 396 1136 caedem
409 1074 636 1134 Thessalonicae
655 1085 851 1155 perpetratam
870 1074 934 1134 iure
948 1080 1164 1139 communionis
1185 1081 1245 1159 pri-

107 1164 191 1213 vatus
212 1165 296 1226 esset,
315 1155 415 1213 stravit
435 1171 593 1230 omnequo
616 1150 807 1209 circumdatus
828 1162 891 1210 erat
909 1151 1024 1234 insigne
1044 1155 1171 1235 regium:
1193 1157 1245 1216 de·

107 1229 192 1290 flevit
213 1229 244 1287 in
274 1229 393 1289 ecclesia
425 1227 543 1307 publice
569 1239 719 1311 peccatum
751 1249 849 1300 snum,
881 1228 960 1307 quod
992 1228 1115 1290 aliorum
1142 1232 1245 1369 fraqqe

109 1305 296 1382 obrepserat:
317 1305 426 1387 gemitu
448 1316 477 1362 et
497 1303 630 1383 lacrymis
652 1303 746 1362 oravit
767 1304 891 1362 veniam.
929 1306 1033 1384 Neque
1055 1309 1132 1366 enim
1153 1308 1189 1367 de
1228 1341 1243 1357 ·

110 1384 175 1443 cori
195 1381 224 1440 id
244 1381 300 1440 sibi
326 1401 387 1441 esse
413 1380 523 1439 debent
548 1379 676 1439 iudicare
700 1379 797 1461 magni
828 1400 928 1462 reges,
959 1382 982 1441 si
1002 1403 1102 1443 coram
1123 1384 1244 1448 Christo

108 1458 194 1540 Rege
214 1477 316 1537 regum
336 1458 506 1538 suppiiciter
530 1476 560 1516 se
582 1467 786 1535 prosternant,
817 1476 872 1516 nee
891 1456 947 1517 iilis
975 1457 1130 1538 displicere
1154 1460 1246 1524 dehet

110 1535 192 1615 quod
212 1553 267 1613 per
285 1533 434 1594 ecelesiam
455 1533 631 1592 iudicentur.
679 1533 753 1591 Nam
774 1554 862 1611 quum
883 1534 913 1593 in
934 1532 998 1593 ania
1015 1556 1068 1595 sua
1087 1537 1162 1597 nihii
1180 1539 1244 1599 sere

108 1610 230 1672 audiant
249 1622 365 1690 praeter
385 1630 476 1669 meras
496 1607 716 1681 assentationes,
737 1607 800 1687 pius
812 1631 898 1687 quam
919 1612 1113 1671 necessarium
1133 1613 1245 1676 iiiisest

110 1708 166 1769 per
185 1707 218 1745 os
237 1686 421 1746 sacerdotum
442 1708 456 1744 a
477 1684 609 1744 Domino
629 1684 747 1764 corripi.
793 1685 875 1759 Quin
897 1686 992 1767 potius
1012 1699 1114 1767 optare
1134 1690 1247 1752 debent

111 1784 151 1824 ne
171 1763 227 1823 sibi
246 1763 410 1823 sacerdotes
432 1773 566 1841 parcant,
587 1782 645 1840 quo
668 1771 767 1840 parcat
785 1761 942 1822 Dominus.
983 1765 1048 1823 Hoc
1070 1765 1137 1825 ioco
1158 1787 1245 1845 prae-

113 1853 210 1913 tereo,
229 1860 283 1920 per
303 1860 375 1919 quos
396 1839 555 1898 exercenda
576 1837 684 1897 isthaec
704 1838 864 1898 iurisdictio
885 1840 935 1899 sit:
956 1840 1021 1919 quia
1045 1839 1114 1900 aiibi
1135 1843 1244 1905 dictum

110 1928 157 1978 est
175 1918 254 1997 (cap.
274 1924 320 1981 11.
339 1938 362 1974 s.
382 1923 409 1980 5.
430 1928 460 1974 et
478 1917 533 1991 6.).
584 1915 650 1974 Hoc
675 1925 786 1974 tantum
807 1914 884 1975 addo
905 1913 981 1975 iilam
1003 1937 1065 1977 esse
1084 1917 1244 2000 legitimam

109 1993 142 2053 in
164 1992 441 2052 excommunicando
463 1990 580 2050 bomine
601 1990 847 2071 progressionem,
868 2012 954 2071 quarn
976 1993 1155 2055 demonstrat
1165 1995 1245 2056 Pau-

110 2070 167 2144 ius,
186 2070 211 2129 si
230 2088 291 2129 uon
311 2067 366 2129 soli
387 2069 525 2128 Seniores
545 2088 675 2128 seorsum
696 2067 723 2124 id
746 2066 862 2142 iaciant,
881 2070 933 2128 sed
954 2071 1068 2129 conscia
1089 2085 1119 2131 et
1137 2093 1245 2153 appro-

110 2147 201 2209 hante
221 2145 354 2205 ecelesia:
384 2145 412 2203 in
439 2165 504 2202 cum
530 2144 641 2204 sciiicet
659 2143 795 2217 modum,
826 2155 858 2203 ut
880 2145 974 2225 plebis
1000 2146 1157 2210 multitudo
1183 2170 1245 2209 nou

111 2233 196 2305 regat
214 2224 372 2294 actionem,
392 2220 442 2280 sed
463 2220 600 2280 observet
619 2231 652 2280 nt
676 2220 756 2279 testis
776 2231 807 2278 et
826 2234 935 2295 eustos,
955 2242 993 2281 ne
1014 2223 1082 2303 quid
1104 2245 1157 2304 per
1176 2224 1246 2285 iibi-

111 2300 211 2361 dinem
230 2318 247 2358 a
266 2300 364 2377 paucis
385 2306 511 2379 geratut.
555 2297 582 2355 T
584 2307 632 2356 ota
652 2317 723 2355 vero
745 2297 869 2357 actionis
888 2302 993 2373 series,
1012 2312 1130 2379 praeter
1150 2302 1246 2362 nomi-

111 2377 163 2437 nia'
176 2375 234 2435 Dei
254 2374 487 2443 invocationem,
519 2393 581 2432 eam
606 2373 777 2453 gravitatem
803 2372 912 2433 hahere
931 2374 1021 2435 debet
1041 2397 1115 2455 quae
1135 2378 1247 2438 Christi

110 2452 307 2589 praecedentiam
326 2471 396 2533 prae
414 2471 445 2510 se
467 2450 610 2511 ierat:.ut
620 2448 741 2508 dubium
761 2470 823 2510 non
841 2450 879 2511 sit
889 2451 959 2531 quin
979 2450 1042 2534 ipse
1061 2475 1115 2515 suo
1136 2455 1245 2516 iudicio

135 2531 207 2590 raesi
230 2540 286 2592 eat.

110 2552 131 2611 p
189 2612 218 2671 8.
258 2606 326 2665 Hoc
344 2616 442 2662 tamen
463 2603 614 2683 praeteriri
633 2625 694 2664 non
712 2602 812 2673 debet,
830 2603 917 2664 talem
938 2607 1120 2666 severitatem
1142 2606 1247 2667 decere

112 2683 266 2745 ecclesiam
287 2701 446 2760 quaecum
467 2681 570 2759 spiritu
595 2680 824 2741 mansuetudinis
851 2682 1007 2742 coniuncta
1027 2683 1072 2744 sit.
1122 2684 1247 2761 Semper

113 2761 192 2820 enim
224 2759 381 2839 diligenter
410 2759 570 2816 cavendum
602 2769 662 2829 est,
692 2757 937 2834 quemadmodum
972 2758 1113 2838 praecipit
1139 2759 1245 2819 Paulus

114 2836 171 2916 (11.
194 2835 264 2896 Cor.
283 2842 312 2908 2,
332 2837 390 2912 7.),
421 2852 479 2908 „ne
499 2833 692 2892 absorbeatur
711 2852 726 2889 a
748 2832 881 2892 tristitia“
900 2834 938 2903 is,
958 2834 988 2891 in
1009 2853 1095 2912 quem
1116 2834 1247 2894 animad-

115 2912 252 2971 vertitur:
280 2912 321 2970 sic
342 2911 420 2968 eninr
442 2932 474 2968 ex
494 2909 626 2967 remedio
651 2909 735 2966 fieret
755 2908 880 2966 exitium.
919 2908 1029 2968 Verum
1050 2930 1084 2969 ex
1104 2911 1162 2968 fine
1183 2932 1246 2970 me-

115 2991 170 3049 iius
189 2987 262 3048 sumi
282 2987 392 3068 poterit
411 2985 621 3044 moderationis
641 2984 757 3066 regula:
788 3005 854 3043 nam
876 3006 965 3065 quum
993 2985 1049 3045 hoc
1074 2986 1104 3045 in
1131 3006 1247 3047 excom·
1340 2988 1346 3009 “

113 3066 314 3137 munientione
339 3075 510 3141 quaeratur,
541 3073 576 3121 ni
598 3062 634 3121 ad
681 3061 872 3120 uenitentiam
920 3062 1074 3121 erducatur
1098 3075 1246 3142 peccator,

114 3155 145 3203 et
164 3143 238 3201 mala
259 3138 386 3231 exempla
407 3138 547 3197 tollantur
567 3158 583 3195 e
603 3082 710 3211 medio,
730 3159 767 3197 ne
788 3138 834 3197 vel
854 3081 930 3198 maie
949 3139 1047 3198 audiat
1061 3138 1169 3200 Christi
1189 3160 1246 3199 no-

113 3242 199 3293 men,
219 3218 264 3277 vel
285 3217 320 3276 ad
339 3216 533 3275 imitationem
553 3213 600 3273 alii
620 3227 834 3294 provocentur:
863 3216 932 3274 haee
951 3216 975 3275 si
995 3215 1189 3290 intuebimur,
1209 3215 1247 3275 ii-

115 3297 195 3355 cehit
215 3294 299 3356 iaciie
319 3293 448 3353 iudicare
469 3311 621 3370 quousque
641 3292 780 3371 progredi
801 3304 830 3350 et
851 3291 901 3351 ubi
920 3291 1054 3352 desinere
1076 3292 1182 3352 debeat
1201 3312 1247 3353 se·

114 3374 228 3431 veritas.
267 3373 349 3451 Ergo
381 3370 433 3428 ubi
464 3369 664 3447 poenitentiae
695 3388 764 3426 suae
797 3368 994 3428 testimonium
1025 3368 1164 3429 ecclesiae
1196 3369 1247 3429 dat

116 3454 270 3527 peccator,
301 3458 331 3505 et
351 3446 407 3505 hoc
427 3445 595 3505 testimonio
615 3444 797 3520 scandalum,
844 3457 962 3504 uantum
982 3445 1013 3504 in
1032 3464 1065 3505 se
1085 3457 1144 3519 est,
1169 3444 1246 3505 obli-

115 3534 207 3582 terat:
242 3542 423 3600 nequaqnam
450 3522 525 3581 nitra
546 3520 692 3602 urgendus
713 3532 765 3579 est.
817 3465 932 3596 guodsi
958 3533 1096 3602 urgetur,
1126 3522 1246 3581 modum

114 3601 170 3658 iam
193 3599 307 3657 excedit
326 3602 416 3678 rigor.
461 3599 530 3671 Qua
555 3597 585 3655 in
610 3609 690 3676 parte
712 3598 838 3656 excusari
858 3596 940 3656 nullo
961 3598 1050 3657 modo
1072 3608 1171 3677 potest
1190 3597 1246 3656 im·

116 3675 232 3732 modica
252 3685 382 3734 veterum
403 3675 572 3749 austeritas,
602 3693 677 3754 quae
697 3686 727 3733 et
750 3694 869 3752 prorsus
889 3695 906 3733 a
924 3673 1049 3734 Domini
1066 3675 1246 3754 praescripto

116 3750 290 3823 dissidebat,
322 3761 351 3808 et
371 3762 432 3809 crat
452 3752 556 3809 mirum
577 3750 606 3808 in
626 3750 745 3809 modum
766 3748 936 3830 periculosa.
974 3751 1048 3810 Nam
1070 3770 1159 3829 quum
1177 3770 1249 3842 pec·

115 3828 209 3888 catori
229 3825 437 3907 poenitentiam
458 3826 622 3885 soiienncm
642 3837 673 3887 et
690 3827 882 3907 privationem
903 3848 919 3887 a
938 3847 1018 3887 sacra
1037 3846 1247 3886 communione

114 3925 194 3963 nnnc
205 3904 233 3961 in
245 3915 367 3982 septem,
380 3924 456 3962 nune
477 3904 505 3961 in
519 3915 655 3981 quatuor,
674 3924 753 3963 nunc
773 3903 802 3961 in
813 3913 872 3963 tres
883 3923 986 3975 annos,
1005 3921 1084 3961 nunc
1104 3902 1133 3961 in
1153 3914 1246 3962 totam

115 3981 202 4042 vitam
215 3980 394 4040 indicerent:
413 3978 481 4058 quid
494 3979 562 4038 inde
579 3981 662 4060 sequi
676 3980 773 4060 potuit
786 3980 841 4039 nisi
851 3979 896 4039 vei
905 3999 1011 4062 magna
1022 3977 1192 4059 hypocrisis,
1202 3976 1249 4040 vel

900 4146 906 4151 .
911 4144 1249 4167 -------—--——-—-----—¹

184 4237 212 4300 ²⁶)
231 4236 274 4289 Ci.
290 4236 336 4288 lib.
357 4240 380 4292 1.
399 4257 439 4306 ep.
456 4237 480 4288 2.
498 4237 543 4288 lih.
559 4238 584 4290 3.
601 4256 641 4306 op.
661 4237 699 4289 14.
717 4249 741 4288 et
759 4236 872 4289 eiusdem
889 4237 934 4289 lib.
953 4235 1023 4306 epist
1039 4236 1081 4290 26.

168 4303 210 4372 eu)
228 4303 269 4358 cf.
287 4306 408 4361 Ambros.
429 4306 474 4358 lib.
488 4308 512 4359 1.
529 4324 570 4376 ep.
586 4306 610 4359 d
628 4318 704 4374 atque
720 4304 749 4357 iu
767 4303 885 4359 oratioue
901 4304 990 4356 habita
1005 4303 1033 4356 iu
1052 4302 1146 4357 funere
1159 4299 1250 4355 'rhen-

117 4370 192 4425 dosii.

881 4436 953 4504 aa*
1000 4434 1009 4451 ·
1086 4512 1092 4535 ,
1258 4432 1303 4456 *⁵
