2700 4732
102 255 143 317 oo
318 305 323 315 ,
522 248 598 308 bili.
618 248 643 307 1.
683 247 773 309 CAP.
792 246 818 308 1.

105 405 138 455 et
156 392 260 455 nostri.
301 391 459 453 Caeterum
479 394 569 472 quum
594 391 693 453 moltis
713 392 792 453 inter
810 413 843 455 se
862 391 985 456 vinculis
1004 412 1154 455 connexae
1173 396 1242 469 sint,

106 485 171 532 utra
189 483 287 531 tamen
301 470 421 529 alteram
431 471 598 550 praecedat,
617 481 647 528 et
667 492 700 529 ex
719 491 751 530 se
770 472 875 551 pariat,
895 491 956 530 non
978 470 1063 532 facile
1076 484 1120 532 est
1132 473 1241 533 discer-

105 567 188 636 nere.
227 548 307 607 Mam
327 547 434 626 primo,
446 566 485 636 ,se
505 567 593 636 nemo
614 547 744 625 aspicere
764 559 864 628 potest
883 547 956 640 puin
977 546 1013 607 ad
1033 548 1109 622 liei,
1129 549 1159 609 in
1180 571 1241 629 qno

107 626 180 685 vivit
206 635 237 684 et
262 636 413 696 movetur,
444 635 582 683 intuitum
601 643 701 684 sensns
721 644 789 685 sues
816 636 953 705 protinus
979 637 1147 685 convertat:
1175 626 1242 706 qnia

105 700 227 761 minime
246 699 404 761 obscurum
426 711 486 770 est,
506 698 590 760 dotes
609 699 717 779 quibus
726 700 895 837 pdlemns,
913 720 1098 782 nequaqnam
1119 722 1135 762 a
1155 703 1243 762 nobis

106 783 184 838 esse:
218 777 279 836 imo
300 797 338 836 ne
357 776 387 834 iil
407 776 524 855 quidem
544 775 637 854 ipsum
664 780 724 856 quo
755 768 885 852 'snmns,
918 776 995 837 aliud
1021 785 1190 856 essequam
1211 779 1241 837 in

107 875 168 915 uno
193 853 261 913 Den
292 852 519 913 subsistentiam.
568 852 687 915 Deinde
718 853 754 914 ab
776 853 819 913 bis
841 855 943 928 bonis,
963 854 1041 933 quae
1064 856 1243 933 guttatime

61 1006 64 1011 Ι
106 929 195 992 coelo
215 930 251 991 ad
271 950 326 990 nos
346 929 467 1001 stillant,
487 940 623 1009 tanquam
643 951 659 991 a
678 929 780 991 rivulis
793 930 828 990 ad
843 929 956 991 sontem
970 930 1148 991 deducimur.
1180 932 1242 990 Iam

53 1010 59 1017 ’
106 1027 180 1067 vero
200 1027 235 1066 es
254 1017 355 1067 nostra
381 1007 526 1065 tenuitate
551 1005 653 1067 melius
673 1019 796 1088 apparet
815 1005 878 1083 illa,
904 1027 978 1087 qnae
998 1008 1028 1066 in
1048 1008 1115 1067 Deo
1135 1008 1245 1068 residet

106 1082 256 1153 bonosum
275 1081 411 1143 inlicitas.
451 1081 627 1141 Praesertim
647 1082 819 1145 miserabilis
839 1083 911 1145 baec
929 1083 1027 1156 ruina,
1046 1084 1077 1145 in
1090 1106 1176 1164 qnam
1188 1106 1244 1144 uos

108 1158 216 1220 deiecit
235 1158 322 1239 primi
342 1157 469 1218 bominis
489 1158 630 1229 defectio,
648 1181 761 1220 sursum
782 1159 884 1221 oculos
905 1162 987 1242 co'git
1007 1159 1161 1236 attollere,
1180 1182 1243 1221 nori

107 1236 199 1297 modo
218 1247 252 1295 ut
277 1234 346 1294 inde
369 1235 461 1293 ieiuni
486 1247 516 1292 et
542 1233 666 1295 famelici
692 1248 825 1317 petamus
846 1237 926 1316 qnod
951 1236 1038 1297 nobis
1065 1237 1162 1312 deest,
1192 1236 1243 1298 sed

107 1327 188 1373 metu
201 1311 397 1392 expergefacti
419 1310 611 1370 humilitatem
629 1313 780 1373 discamus.
819 1314 894 1372 Nam
913 1326 947 1372 ut
967 1314 997 1373 in
1018 1312 1143 1373 bomioe'
1156 1332 1244 1395 repe-

108 1389 184 1449 ritur
203 1387 321 1479 qnidam
342 1388 521 1448 miseriarum
543 1387 675 1448 oninium
696 1389 838 1464 mundns,
861 1410 1030 1469 acerque
1056 1390 1174 1470 spoliati
1194 1414 1244 1450 su-

107 1488 172 1526 mus
192 1465 292 1524 divino
312 1476 428 1540 ornatu,
448 1463 584 1544 pudenda
605 1464 721 1526 nuditas
741 1467 912 1526 immensam
932 1466 1111 1547 probrorum
1133 1487 1244 1548 congc-

108 1545 181 1602 riem
195 1541 320 1622 detegit:
342 1541 481 1622 propriae
501 1539 681 1601 infelicitatis
700 1543 881 1603 conscientia
899 1564 1136 1623 unumquemque
1152 1544 1245 1636 pungi

108 1636 229 1679 necesse
248 1629 303 1690 est,
323 1629 356 1676 nt
375 1618 405 1676 in
427 1617 551 1696 aliquam
564 1617 666 1677 saltem
676 1618 735 1678 Dei
755 1619 891 1680 notitiam
904 1620 1007 1693 veniat.
1046 1620 1091 1679 lta
1103 1642 1137 1678 ex
1156 1641 1244 1700 igno·
1269 1678 1271 1683 .

109 1695 239 1770 santiae,
264 1693 416 1767 vanitatis,
441 1692 576 1774 inopiae,
599 1693 789 1769 infirmitatis,
810 1696 959 1776 pravitatis
980 1695 1048 1754 deni
1071 1715 1109 1755 ue
1128 1707 1159 1755 et
1177 1717 1245 1755 cor·

109 1771 256 1855 ruptionis
279 1769 418 1850 propriae
446 1788 533 1829 seusu
557 1771 799 1852 recognoscimus
823 1772 877 1850 (ef.
897 1771 978 1832 cati.
999 1772 1028 1829 io
1070 1793 1098 1832 o.
1117 1778 1153 1846 l,
1172 1773 1248 1848 ie).

109 1868 172 1910 uon
193 1846 263 1907 alibi
283 1860 368 1926 quain
389 1847 418 1905 io
431 1846 563 1907 Domino
583 1847 668 1906 sitam
688 1868 751 1909 esse
771 1868 869 1909 veram
888 1868 918 1909 sa
942 1847 1048 1909 ientiae
1068 1847 1174 1925 lucem,
1194 1869 1246 1908 so-

109 1924 197 1985 lidam
217 1925 371 1996 virtutem,
396 1921 544 1983 bonorum
565 1924 697 1984 omnium
716 1924 877 2006 perfectam
897 1947 912 1985 a
949 1924 1094 1998 nentiam,
1117 1924 1246 1986 institiae

108 2000 279 2083 puritatem:
295 2010 393 2079 -atque
413 1997 488 2060 adeo
508 1999 589 2060 malis
609 2002 716 2063 nostris
736 2001 772 2061 ad
791 2000 1002 2063 consideranda
1020 2001 1079 2063 Dei
1097 2000 1178 2063 bona
1196 2021 1247 2061 ex-

109 2078 249 2152 citamur,
275 2097 331 2137 nec
351 2087 419 2136 ante
439 2074 475 2136 ad
495 2074 578 2150 illum
597 2077 676 2138 serio
696 2084 824 2160 aspirare
843 2100 1012 2160 possumus,
1030 2099 1117 2158 quam
1136 2098 1247 2159 coepe·

110 2156 200 2215 rimus
219 2152 306 2246 nobis
325 2152 394 2291 ipsis
413 2151 577 2231 displicere.
617 2153 695 2228 Quis
713 2156 794 2215 enini
815 2155 965 2216 hominnm
985 2176 1047 2214 nou
1067 2154 1196 2215 libenter
1215 2156 1248 2215 iu

109 2252 141 2293 ie
160 2251 193 2291 re
216 2239 326 2292 nieicat

109 2320 173 2383 tus,
193 2253 254 2368 boc
274 2315 335 2380 eit,
358 2305 417 2366 suis
436 2304 555 2367 dotibus
575 2317 621 2366 est
646 2319 819 2383 contentus,
844 2320 876 2368 et
894 2308 999 2368 inscius
1023 2327 1093 2367 snae
1112 2326 1248 2368 miseriae

109 2382 156 2446 rel
174 2381 349 2444 immemor?
387 2380 518 2442 l’rninde
536 2382 736 2462 unnsquisque
754 2385 799 2447 sni
818 2383 970 2468 agnitione
982 2404 1042 2443 non
1062 2394 1179 2443 tantum
1199 2384 1248 2445 in·

109 2461 239 2597 stigatnpl
258 2459 294 2549 ad
319 2458 519 2538 quaerendum
538 2459 652 2538 Deum,
679 2461 731 2522 sed
756 2462 844 2547 etiam
869 2461 906 2521 ad
932 2461 1139 2540 reperiendum
1164 2460 1248 2541 quasi

111 2559 201 2601 manu
241 2548 347 2596 ueitnr.

359 2227 524 2309 quinetiam
545 2249 608 2289 non
626 2230 796 2308 requiescit,
816 2231 953 2313 quamdiu
971 2230 1027 2292 sibi
1047 2231 1247 2321 estincogpi·

186 2618 216 2679 2.
253 2611 381 2675 Rursum
399 2608 550 2674 bominem
569 2613 601 2674 in
626 2634 730 2707 puram
753 2616 802 2675 sui
819 2613 955 2676 notitiam
973 2635 1123 2696 nunqnam
1143 2633 1248 2694 perve-

112 2692 176 2753 nire
196 2701 315 2753 consue
334 2688 390 2750 nisi
408 2688 559 2770 prinsDes'
577 2687 682 2751 faeiem
702 2692 740 2752 sit
759 2692 987 2773 contemplatus,
1006 2704 1096 2772 atque
1115 2711 1150 2750 cs
1170 2690 1248 2751 illius

112 2768 222 2829 iutuitu
241 2766 278 2827 ad
290 2786 330 2828 -se
350 2769 444 2846 ipsum
462 2767 676 2846 inspiciendum
697 2768 864 2829 descendat.
908 2769 984 2828 Nam
1005 2772 1096 2850 (quae
1115 2767 1249 2851 ingenita

1 2894 3 2898 .
113 2856 158 2906 est
176 2843 316 2906 omnibns
335 2843 422 2905 nubis
433 2842 586 2938 superbia)
603 2844 673 2906 iusti
692 2865 809 2925 semper
828 2844 1058 2934 nobisuidemnr
1078 2857 1109 2905 et
1128 2844 1189 2904 inte
1228 2845 1249 2919 ⁰,

113 2934 144 3061 pt
163 2921 324 3055 sepientels,
340 2931 372 3012 et
390 2933 497 3013 sancti,
516 2920 574 3013 nisi
593 2920 755 3013 manifestis
774 2934 971 3014 argumentis,
989 2923 1160 3059 iniusltptiae,
1181 2864 1249 2982 direl-

112 3009 1032 3210 lilotltltt’13²sentila?tffttt‘ttllttt‘:”t
1051 3010 1248 3135 ..ttt't‘t

112 3171 382 3318 dilllinillbun
402 3226 486 3317 enim,
499 3225 723 3318 adbppoerisio
744 3240 847 3300 natura
867 3250 1008 3310 propensi
1027 3247 1249 3301 inmissiones,

112 3307 181 3368 ideo
200 3305 296 3365 inanis
315 3301 459 3396 qmedam
477 3304 728 3384 institiaespecies
748 3326 803 3385 pro
823 3305 932 3367 iustitia
950 3306 1013 3385 ipsa
1032 3304 1118 3365 nobis
1130 3303 1249 3364 aliunde

112 3380 264 3443 satisfacit.
311 3381 351 3440 lsi
370 3381 437 3459 qnia
457 3379 530 3439 nibil
553 3380 630 3440 iutra
655 3403 712 3442 noi
730 3381 780 3442 rel
798 3383 944 3442 circnma
968 3392 1066 3461 paret,
1086 3379 1166 3461 qnod
1185 3402 1249 3440 non

113 3459 151 3526 sit
174 3458 301 3540 plurim
324 3454 531 3517 obscoenitate
553 3456 754 3535 inquinatum:
789 3458 869 3539 quod
892 3478 982 3539 pauo
1007 3457 1102 3518 minus
1128 3457 1256 3517 foednm‘

115 3547 170 3610 ett,
187 3552 253 3627 piu·
264 3532 419 3625 purissimo
429 3532 550 3624 arridet,
569 3533 708 3614 quamdiu
719 3546 848 3596 mentem
861 3546 991 3611 nnumin
1010 3535 1088 3595 intra
1107 3533 1251 3627 linguanae

113 3609 381 3752 titllttttdtf:
396 3608 1251 3768 ttlltt”tsltttttttn‘llt{tltsidtt'tll

113 3778 214 3829 tamen
232 3762 413 3833 subobscura
430 3776 474 3824 est
488 3733 636 3838 albedine,
655 3762 702 3824 vel
721 3763 864 3825 nonnulla
884 3766 973 3825 etiam
989 3763 1140 3824 fuscedine
1151 3784 1251 3857 asper-

114 3864 188 3904 suri.
242 3840 326 3933 Quin
350 3861 385 3901 ex
413 3859 561 3921 corporeo
590 3860 680 3904 sensa
708 3841 830 3932 propius
859 3840 954 3901 adbuc
982 3840 1151 3901 discernere
1171 3840 1251 3911 licet,

320 3170 372 3242 ne:
393 3149 443 3230 qui
464 3151 548 3210 unica
567 3163 614 3211 est
632 3170 736 3245 regna
755 3151 792 3211 ad
805 3154 891 3231 i'pnaoi
914 3150 1152 3244 exigendum-est
1169 3148 1248 3211 istud

18 3960 22 3964 -
115 3928 257 4000 qnantum
286 3938 318 3979 iu
342 3914 529 3979 aestimandis
553 3914 667 3978 animae
691 3915 848 3977 virtutibus
873 3917 1093 3978 liallucinemur.
1131 3918 1250 3979 Namii

115 3994 164 4059 vel
182 4007 292 4055 terram
304 3992 479 4075 despicimus
492 3993 589 4054 medio
603 3993 661 4067 die,
680 3993 727 4054 rel
747 3994 983 4073 intuemurqnae
995 3995 1126 4075 aspectui
1145 4007 1249 4056 nostro

116 4071 304 4134 circumcirca
324 4080 437 4152 patent,
455 4069 628 4131 ialidissima
639 4066 944 4161 perspicacissimaqne
963 4070 1025 4130 acie
1038 4066 1174 4131 videmur
1193 4091 1251 4131 no-

1 4209 2 4218 ,
115 4149 160 4209 bis
180 4148 322 4230 praediti:
343 4160 372 4209 at
391 4148 442 4207 nbi
462 4146 604 4207 insulem
624 4146 806 4237 suspicimus,
825 4159 913 4227 atque
933 4148 1054 4209 arrectis
1073 4149 1251 4209 oculiscon·

116 4224 307 4305 templamur,
324 4224 377 4285 ¹eis
397 4223 448 4285 illa
467 4241 542 4305 quae
567 4241 687 4306 egregie
707 4223 737 4282 in
758 4236 837 4284 terra
856 4224 989 4299 valebat,
1022 4237 1105 4285 tanto
1132 4223 1251 4308 fulgore

115 4302 251 4399 protinus
271 4302 481 4393 perstringitur
496 4311 528 4360 et
545 4298 756 4395 confunditur,
770 4311 803 4361 ut
823 4301 910 4395 fateri
931 4320 1082 4439 cogamur,
1101 4300 1173 4398 illud
1193 4320 1252 4362 un-

114 4392 205 4439 strom
226 4400 255 4439 iii
277 4377 495 4463 considerandis
510 4388 641 4438 terrenis
659 4396 797 4454 acumen,
817 4380 868 4440 ubi
888 4379 924 4440 ad
943 4400 977 4440 so
990 4392 1035 4437 em
1057 4388 1177 4441 rentiam
1198 4388 1252 4455 est,
