<?xml version="1.0" encoding="UTF-8"?>
<!DOCTYPE html PUBLIC "-//W3C//DTD XHTML 1.0 Transitional//EN"
    "http://www.w3.org/TR/xhtml1/DTD/xhtml1-transitional.dtd">
<html xmlns="http://www.w3.org/1999/xhtml" xml:lang="en" lang="en">
 <head>
  <title>
</title>
<meta http-equiv="Content-Type" content="text/html;charset=utf-8" />
  <meta name='ocr-system' content='tesseract 3.04.00' />
  <meta name='ocr-capabilities' content='ocr_page ocr_carea ocr_par ocr_line ocrx_word'/>
</head>
<body>
  <div class='ocr_page' id='page_1' title='image "./ioanniscalvinii02tholgoog/ioanniscalvinii02tholgoog_0679.png"; bbox 0 0 2596 4726; ppageno 0'>
   <div class='ocr_carea' id='block_1_1' title="bbox 79 188 804 263">
    <p class='ocr_par' dir='ltr' id='par_1_1' title="bbox 79 188 804 263">
     <span class='ocr_line' id='line_1_1' title="bbox 79 188 804 263; baseline -0.006 -11"><span class='ocrx_word' id='word_1_1' title='bbox 79 198 138 263; x_wconf 76' lang='grc'>198</span> <span class='ocrx_word' id='word_1_2' title='bbox 482 190 557 252; x_wconf 78' lang='lat' dir='ltr'>tte.</span> <span class='ocrx_word' id='word_1_3' title='bbox 576 191 632 251; x_wconf 82' lang='lat' dir='ltr'>lv,</span> <span class='ocrx_word' id='word_1_4' title='bbox 671 190 760 253; x_wconf 68' lang='grc' dir='ltr'><strong>(ΞΜ).</strong></span> <span class='ocrx_word' id='word_1_5' title='bbox 779 188 804 249; x_wconf 91' lang='lat'>1.</span> 
     </span>
    </p>
   </div>
   <div class='ocr_carea' id='block_1_2' title="bbox 78 330 1205 4363">
    <p class='ocr_par' dir='ltr' id='par_1_2' title="bbox 78 330 1205 4363">
     <span class='ocr_line' id='line_1_2' title="bbox 80 330 1203 405; baseline -0.004 -9"><span class='ocrx_word' id='word_1_6' title='bbox 80 334 248 405; x_wconf 90' lang='lat' dir='ltr'>manducat,</span> <span class='ocrx_word' id='word_1_7' title='bbox 268 332 405 393; x_wconf 87' lang='lat' dir='ltr'>iudicium</span> <span class='ocrx_word' id='word_1_8' title='bbox 423 336 480 396; x_wconf 89' lang='lat' dir='ltr'>sibi</span> <span class='ocrx_word' id='word_1_9' title='bbox 500 336 657 397; x_wconf 87' lang='lat' dir='ltr'>manducat</span> <span class='ocrx_word' id='word_1_10' title='bbox 675 344 706 395; x_wconf 91' lang='lat' dir='ltr'>et</span> <span class='ocrx_word' id='word_1_11' title='bbox 724 331 830 393; x_wconf 68' lang='lat' dir='ltr'>bibite</span> <span class='ocrx_word' id='word_1_12' title='bbox 869 332 938 391; x_wconf 87' lang='lat' dir='ltr'>Non</span> <span class='ocrx_word' id='word_1_13' title='bbox 959 330 1033 391; x_wconf 90' lang='lat' dir='ltr'>dicit</span> <span class='ocrx_word' id='word_1_14' title='bbox 1050 330 1135 405; x_wconf 80' lang='lat' dir='ltr'>niiie,</span> <span class='ocrx_word' id='word_1_15' title='bbox 1155 332 1203 391; x_wconf 87' lang='lat' dir='ltr'>sed</span> 
     </span>
     <span class='ocr_line' id='line_1_3' title="bbox 79 406 1203 491; baseline -0.004 -19"><span class='ocrx_word' id='word_1_16' title='bbox 79 410 142 472; x_wconf 80' lang='lat' dir='ltr'>aidi.</span> <span class='ocrx_word' id='word_1_17' title='bbox 180 410 218 469; x_wconf 86' lang='lat' dir='ltr'>Et</span> <span class='ocrx_word' id='word_1_18' title='bbox 237 410 360 469; x_wconf 88' lang='lat' dir='ltr'>merito:</span> <span class='ocrx_word' id='word_1_19' title='bbox 391 430 488 491; x_wconf 90' lang='lat' dir='ltr'>neque</span> <span class='ocrx_word' id='word_1_20' title='bbox 514 412 591 472; x_wconf 89' lang='lat' dir='ltr'>enim</span> <span class='ocrx_word' id='word_1_21' title='bbox 622 410 652 469; x_wconf 89' lang='lat' dir='ltr'>in</span> <span class='ocrx_word' id='word_1_22' title='bbox 682 408 865 491; x_wconf 84' lang='lat' dir='ltr'>singulorum</span> <span class='ocrx_word' id='word_1_23' title='bbox 889 406 1011 467; x_wconf 90' lang='lat' dir='ltr'>arbitrio</span> <span class='ocrx_word' id='word_1_24' title='bbox 1037 408 1125 467; x_wconf 84' lang='lat' dir='ltr'>eitum</span> <span class='ocrx_word' id='word_1_25' title='bbox 1145 426 1203 467; x_wconf 82' lang='lat' dir='ltr'>esse</span> 
     </span>
     <span class='ocr_line' id='line_1_4' title="bbox 83 482 1205 568; baseline -0.002 -21"><span class='ocrx_word' id='word_1_26' title='bbox 83 486 183 559; x_wconf 89' lang='lat' dir='ltr'>debet,</span> <span class='ocrx_word' id='word_1_27' title='bbox 202 489 251 565; x_wconf 87' lang='lat' dir='ltr'>qni</span> <span class='ocrx_word' id='word_1_28' title='bbox 272 486 432 566; x_wconf 90' lang='lat' dir='ltr'>recipiendi</span> <span class='ocrx_word' id='word_1_29' title='bbox 450 488 550 568; x_wconf 91' lang='lat' dir='ltr'>etqui</span> <span class='ocrx_word' id='word_1_30' title='bbox 568 485 728 567; x_wconf 89' lang='lat' dir='ltr'>repellendi</span> <span class='ocrx_word' id='word_1_31' title='bbox 748 485 815 545; x_wconf 85' lang='lat' dir='ltr'>sint.</span> <span class='ocrx_word' id='word_1_32' title='bbox 858 486 885 543; x_wconf 90' lang='lat' dir='ltr'>T</span> <span class='ocrx_word' id='word_1_33' title='bbox 887 484 963 543; x_wconf 88' lang='lat' dir='ltr'>otius</span> <span class='ocrx_word' id='word_1_34' title='bbox 975 482 1118 543; x_wconf 86' lang='lat' dir='ltr'>ecclesiae</span> <span class='ocrx_word' id='word_1_35' title='bbox 1136 482 1205 545; x_wconf 76' lang='lat' dir='ltr'>tare</span> 
     </span>
     <span class='ocr_line' id='line_1_5' title="bbox 81 560 1203 654; baseline -0.004 -31"><span class='ocrx_word' id='word_1_36' title='bbox 81 563 212 654; x_wconf 75' lang='lat' dir='ltr'><strong>cognitio</strong></span> <span class='ocrx_word' id='word_1_37' title='bbox 233 575 291 637; x_wconf 88' lang='lat' dir='ltr'>est,</span> <span class='ocrx_word' id='word_1_38' title='bbox 341 584 393 622; x_wconf 92' lang='lat' dir='ltr'>uae</span> <span class='ocrx_word' id='word_1_39' title='bbox 418 567 544 625; x_wconf 83' lang='lat' dir='ltr'>exerceri</span> <span class='ocrx_word' id='word_1_40' title='bbox 566 564 629 623; x_wconf 88' lang='lat' dir='ltr'>sine</span> <span class='ocrx_word' id='word_1_41' title='bbox 652 562 782 643; x_wconf 91' lang='lat' dir='ltr'>legitimo</span> <span class='ocrx_word' id='word_1_42' title='bbox 809 560 914 620; x_wconf 81' lang='lat' dir='ltr'>ordine</span> <span class='ocrx_word' id='word_1_43' title='bbox 939 580 1001 619; x_wconf 92' lang='lat' dir='ltr'>non</span> <span class='ocrx_word' id='word_1_44' title='bbox 1031 570 1146 653; x_wconf 84' lang='lat' dir='ltr'>potest,</span> <span class='ocrx_word' id='word_1_45' title='bbox 1172 570 1203 619; x_wconf 92' lang='lat' dir='ltr'>ut</span> 
     </span>
     <span class='ocr_line' id='line_1_6' title="bbox 81 584 1203 731; baseline -0.004 -33"><span class='ocrx_word' id='word_1_46' title='bbox 81 640 172 699; x_wconf 85' lang='lat' dir='ltr'>lusrus</span> <span class='ocrx_word' id='word_1_47' title='bbox 192 651 298 731; x_wconf 82' lang='lat' dir='ltr'>postca</span> <span class='ocrx_word' id='word_1_48' title='bbox 320 584 443 700; x_wconf 72' lang='lat' dir='ltr'>dicetur.</span> <span class='ocrx_word' id='word_1_49' title='bbox 499 642 635 719; x_wconf 80' lang='lat' dir='ltr'>Iniquum</span> <span class='ocrx_word' id='word_1_50' title='bbox 659 659 730 719; x_wconf 85' lang='lat' dir='ltr'>ergo</span> <span class='ocrx_word' id='word_1_51' title='bbox 756 638 812 697; x_wconf 89' lang='lat' dir='ltr'>crit</span> <span class='ocrx_word' id='word_1_52' title='bbox 840 636 984 715; x_wconf 85' lang='lat' dir='ltr'>privatum</span> <span class='ocrx_word' id='word_1_53' title='bbox 1013 636 1143 715; x_wconf 81' lang='lat' dir='ltr'>aaiquem</span> <span class='ocrx_word' id='word_1_54' title='bbox 1165 634 1203 696; x_wconf 88' lang='lat' dir='ltr'>al·</span> 
     </span>
     <span class='ocr_line' id='line_1_7' title="bbox 81 714 1203 851; baseline 0 -78"><span class='ocrx_word' id='word_1_55' title='bbox 81 716 171 851; x_wconf 61' lang='lat' dir='ltr'>qerbiur</span> <span class='ocrx_word' id='word_1_56' title='bbox 191 714 363 795; x_wconf 76' lang='lat' dir='ltr'>indignitate</span> <span class='ocrx_word' id='word_1_57' title='bbox 383 717 493 794; x_wconf 89' lang='lat' dir='ltr'>pollui,</span> <span class='ocrx_word' id='word_1_58' title='bbox 522 736 608 795; x_wconf 89' lang='lat' dir='ltr'>quern</span> <span class='ocrx_word' id='word_1_59' title='bbox 635 734 734 775; x_wconf 90' lang='lat' dir='ltr'>arcere</span> <span class='ocrx_word' id='word_1_60' title='bbox 759 714 795 773; x_wconf 89' lang='lat' dir='ltr'>ab</span> <span class='ocrx_word' id='word_1_61' title='bbox 816 732 933 773; x_wconf 85' lang='lat' dir='ltr'>accessu</span> <span class='ocrx_word' id='word_1_62' title='bbox 953 732 1008 772; x_wconf 89' lang='lat' dir='ltr'>nec</span> <span class='ocrx_word' id='word_1_63' title='bbox 1034 722 1203 793; x_wconf 73' lang='lat' dir='ltr'>potestate</span> 
     </span>
     <span class='ocr_line' id='line_1_8' title="bbox 103 803 1183 850; baseline -0.004 0"><span class='ocrx_word' id='word_1_64' title='bbox 103 809 119 850; x_wconf 77' lang='lat' dir='ltr'>t</span> <span class='ocrx_word' id='word_1_65' title='bbox 142 803 181 849; x_wconf 75' lang='lat' dir='ltr'>el.</span> <span class='ocrx_word' id='word_1_66' title='bbox 1180 818 1183 829; x_wconf 92' lang='lat'>·</span> 
     </span>
     <span class='ocr_line' id='line_1_9' title="bbox 158 860 1186 947; baseline -0.01 -16"><span class='ocrx_word' id='word_1_67' title='bbox 158 872 205 931; x_wconf 81' lang='lat' dir='ltr'>tn.</span> <span class='ocrx_word' id='word_1_68' title='bbox 243 866 416 947; x_wconf 72' lang='lat' dir='ltr'>Quanquam</span> <span class='ocrx_word' id='word_1_69' title='bbox 445 880 541 928; x_wconf 91' lang='lat' dir='ltr'>autem</span> <span class='ocrx_word' id='word_1_70' title='bbox 573 888 607 927; x_wconf 85' lang='lat' dir='ltr'>ex</span> <span class='ocrx_word' id='word_1_71' title='bbox 638 864 854 927; x_wconf 89' lang='lat' dir='ltr'>inconsiderato</span> <span class='ocrx_word' id='word_1_72' title='bbox 885 862 1012 923; x_wconf 85' lang='lat' dir='ltr'>iustitiae</span> <span class='ocrx_word' id='word_1_73' title='bbox 1042 862 1111 924; x_wconf 84' lang='lat' dir='ltr'>zelo</span> <span class='ocrx_word' id='word_1_74' title='bbox 1136 860 1186 924; x_wconf 87' lang='lat' dir='ltr'>bae</span> 
     </span>
     <span class='ocr_line' id='line_1_10' title="bbox 82 938 1203 1019; baseline -0.002 -18"><span class='ocrx_word' id='word_1_75' title='bbox 82 944 207 1004; x_wconf 89' lang='lat' dir='ltr'>tentatio</span> <span class='ocrx_word' id='word_1_76' title='bbox 232 942 317 1003; x_wconf 88' lang='lat' dir='ltr'>bonis</span> <span class='ocrx_word' id='word_1_77' title='bbox 343 945 427 1003; x_wconf 89' lang='lat' dir='ltr'>etiam</span> <span class='ocrx_word' id='word_1_78' title='bbox 453 944 598 1003; x_wconf 90' lang='lat' dir='ltr'>interdum</span> <span class='ocrx_word' id='word_1_79' title='bbox 624 942 775 1003; x_wconf 88' lang='lat' dir='ltr'>oboritur:</span> <span class='ocrx_word' id='word_1_80' title='bbox 806 940 862 999; x_wconf 88' lang='lat' dir='ltr'>boc</span> <span class='ocrx_word' id='word_1_81' title='bbox 891 950 990 998; x_wconf 88' lang='lat' dir='ltr'>tamen</span> <span class='ocrx_word' id='word_1_82' title='bbox 1015 938 1203 1019; x_wconf 81' lang='lat' dir='ltr'>reperiemus,</span> 
     </span>
     <span class='ocr_line' id='line_1_11' title="bbox 82 1014 1202 1100; baseline -0.002 -23"><span class='ocrx_word' id='word_1_83' title='bbox 82 1017 200 1077; x_wconf 87' lang='lat' dir='ltr'>nimiam</span> <span class='ocrx_word' id='word_1_84' title='bbox 220 1020 418 1079; x_wconf 77' lang='lat' dir='ltr'>morositatem</span> <span class='ocrx_word' id='word_1_85' title='bbox 439 1040 471 1077; x_wconf 82' lang='lat' dir='ltr'>ex</span> <span class='ocrx_word' id='word_1_86' title='bbox 490 1019 625 1099; x_wconf 85' lang='lat' dir='ltr'>superbia</span> <span class='ocrx_word' id='word_1_87' title='bbox 644 1019 734 1100; x_wconf 85' lang='lat' dir='ltr'>magis</span> <span class='ocrx_word' id='word_1_88' title='bbox 754 1028 784 1076; x_wconf 87' lang='lat' dir='ltr'>et</span> <span class='ocrx_word' id='word_1_89' title='bbox 803 1016 878 1075; x_wconf 87' lang='lat' dir='ltr'>lastu</span> <span class='ocrx_word' id='word_1_90' title='bbox 898 1014 1028 1093; x_wconf 81' lang='lat' dir='ltr'>salsaque</span> <span class='ocrx_word' id='word_1_91' title='bbox 1046 1015 1202 1076; x_wconf 81' lang='lat' dir='ltr'>sanctitatis</span> 
     </span>
     <span class='ocr_line' id='line_1_12' title="bbox 83 1090 1200 1229; baseline -0.003 -77"><span class='ocrx_word' id='word_1_92' title='bbox 83 1093 234 1172; x_wconf 87' lang='lat' dir='ltr'>opinione,</span> <span class='ocrx_word' id='word_1_93' title='bbox 250 1116 339 1229; x_wconf 71' lang='lat' dir='ltr'>quarn</span> <span class='ocrx_word' id='word_1_94' title='bbox 359 1114 392 1153; x_wconf 86' lang='lat' dir='ltr'>ex</span> <span class='ocrx_word' id='word_1_95' title='bbox 411 1116 477 1155; x_wconf 82' lang='lat' dir='ltr'>vera</span> <span class='ocrx_word' id='word_1_96' title='bbox 496 1097 648 1155; x_wconf 78' lang='lat' dir='ltr'>sanctitate</span> <span class='ocrx_word' id='word_1_97' title='bbox 668 1113 797 1171; x_wconf 87' lang='lat' dir='ltr'>veroque</span> <span class='ocrx_word' id='word_1_98' title='bbox 810 1093 878 1167; x_wconf 63' lang='lat' dir='ltr'>eius</span> <span class='ocrx_word' id='word_1_99' title='bbox 898 1090 995 1150; x_wconf 79' lang='lat' dir='ltr'>studio</span> <span class='ocrx_word' id='word_1_100' title='bbox 1017 1091 1107 1151; x_wconf 90' lang='lat' dir='ltr'>nasci.</span> <span class='ocrx_word' id='word_1_101' title='bbox 1145 1092 1200 1149; x_wconf 89' lang='lat' dir='ltr'>lta·</span> 
     </span>
     <span class='ocr_line' id='line_1_13' title="bbox 83 1164 1201 1248; baseline -0.001 -20"><span class='ocrx_word' id='word_1_102' title='bbox 83 1189 139 1247; x_wconf 90' lang='lat' dir='ltr'>quc</span> <span class='ocrx_word' id='word_1_103' title='bbox 160 1172 210 1248; x_wconf 91' lang='lat' dir='ltr'>qui</span> <span class='ocrx_word' id='word_1_104' title='bbox 232 1190 247 1229; x_wconf 93' lang='lat' dir='ltr'>a</span> <span class='ocrx_word' id='word_1_105' title='bbox 295 1170 454 1230; x_wconf 74' lang='lat' dir='ltr'>faciendam</span> <span class='ocrx_word' id='word_1_106' title='bbox 479 1171 514 1229; x_wconf 87' lang='lat' dir='ltr'>ab</span> <span class='ocrx_word' id='word_1_107' title='bbox 535 1172 655 1231; x_wconf 88' lang='lat' dir='ltr'>ecclesia</span> <span class='ocrx_word' id='word_1_108' title='bbox 679 1169 875 1229; x_wconf 87' lang='lat' dir='ltr'>delectionem</span> <span class='ocrx_word' id='word_1_109' title='bbox 897 1178 967 1225; x_wconf 88' lang='lat' dir='ltr'>sunt</span> <span class='ocrx_word' id='word_1_110' title='bbox 985 1164 1048 1225; x_wconf 89' lang='lat' dir='ltr'>aliis</span> <span class='ocrx_word' id='word_1_111' title='bbox 1068 1166 1201 1227; x_wconf 88' lang='lat' dir='ltr'>audacie·</span> 
     </span>
     <span class='ocr_line' id='line_1_14' title="bbox 82 1241 1199 1327; baseline -0.001 -25"><span class='ocrx_word' id='word_1_112' title='bbox 82 1264 138 1315; x_wconf 85' lang='lat' dir='ltr'>res,</span> <span class='ocrx_word' id='word_1_113' title='bbox 159 1256 189 1303; x_wconf 92' lang='lat' dir='ltr'>et</span> <span class='ocrx_word' id='word_1_114' title='bbox 208 1244 287 1323; x_wconf 85' lang='lat' dir='ltr'>quasi</span> <span class='ocrx_word' id='word_1_115' title='bbox 309 1246 506 1327; x_wconf 75' lang='lat' dir='ltr'>antesignani,</span> <span class='ocrx_word' id='word_1_116' title='bbox 526 1248 545 1307; x_wconf 90' lang='lat' dir='ltr'>ii</span> <span class='ocrx_word' id='word_1_117' title='bbox 563 1244 749 1327; x_wconf 78' lang='lat' dir='ltr'>utplurimum</span> <span class='ocrx_word' id='word_1_118' title='bbox 770 1242 841 1303; x_wconf 92' lang='lat' dir='ltr'>nibil</span> <span class='ocrx_word' id='word_1_119' title='bbox 860 1242 938 1302; x_wconf 88' lang='lat' dir='ltr'>aliud</span> <span class='ocrx_word' id='word_1_120' title='bbox 959 1261 1065 1302; x_wconf 86' lang='lat' dir='ltr'>causae</span> <span class='ocrx_word' id='word_1_121' title='bbox 1086 1241 1199 1314; x_wconf 89' lang='lat' dir='ltr'>babent,</span> 
     </span>
     <span class='ocr_line' id='line_1_15' title="bbox 83 1317 1201 1401; baseline -0.001 -23"><span class='ocrx_word' id='word_1_122' title='bbox 83 1319 138 1379; x_wconf 88' lang='lat' dir='ltr'>nisi</span> <span class='ocrx_word' id='word_1_123' title='bbox 158 1332 190 1379; x_wconf 94' lang='lat' dir='ltr'>ut</span> <span class='ocrx_word' id='word_1_124' title='bbox 210 1321 339 1379; x_wconf 90' lang='lat' dir='ltr'>omnium</span> <span class='ocrx_word' id='word_1_125' title='bbox 359 1335 528 1401; x_wconf 90' lang='lat' dir='ltr'>contemptu</span> <span class='ocrx_word' id='word_1_126' title='bbox 553 1334 703 1383; x_wconf 73' lang='lat' dir='ltr'>ostentent</span> <span class='ocrx_word' id='word_1_127' title='bbox 726 1341 756 1381; x_wconf 91' lang='lat' dir='ltr'>se</span> <span class='ocrx_word' id='word_1_128' title='bbox 776 1321 838 1379; x_wconf 91' lang='lat' dir='ltr'>aliis</span> <span class='ocrx_word' id='word_1_129' title='bbox 858 1337 919 1379; x_wconf 88' lang='lat' dir='ltr'>esse</span> <span class='ocrx_word' id='word_1_130' title='bbox 940 1317 1088 1379; x_wconf 89' lang='lat' dir='ltr'>meliores.</span> <span class='ocrx_word' id='word_1_131' title='bbox 1126 1318 1201 1377; x_wconf 79' lang='lat' dir='ltr'>Rene</span> 
     </span>
     <span class='ocr_line' id='line_1_16' title="bbox 82 1392 1200 1483; baseline -0.002 -30"><span class='ocrx_word' id='word_1_132' title='bbox 82 1414 116 1453; x_wconf 87' lang='lat' dir='ltr'>er</span> <span class='ocrx_word' id='word_1_133' title='bbox 136 1418 154 1455; x_wconf 95' lang='lat' dir='ltr'>o</span> <span class='ocrx_word' id='word_1_134' title='bbox 181 1408 212 1455; x_wconf 89' lang='lat' dir='ltr'>et</span> <span class='ocrx_word' id='word_1_135' title='bbox 241 1398 401 1474; x_wconf 84' lang='lat' dir='ltr'>prudenter</span> <span class='ocrx_word' id='word_1_136' title='bbox 423 1400 644 1477; x_wconf 78' lang='lat' dir='ltr'>Augustinus</span> <span class='ocrx_word' id='word_1_137' title='bbox 670 1398 735 1476; x_wconf 91' lang='lat' dir='ltr'>[lib.</span> <span class='ocrx_word' id='word_1_138' title='bbox 753 1402 782 1460; x_wconf 88' lang='lat'>3.</span> <span class='ocrx_word' id='word_1_139' title='bbox 808 1407 889 1454; x_wconf 90' lang='lat' dir='ltr'>cont.</span> <span class='ocrx_word' id='word_1_140' title='bbox 909 1394 1046 1453; x_wconf 90' lang='lat' dir='ltr'>Parmen.</span> <span class='ocrx_word' id='word_1_141' title='bbox 1065 1414 1132 1473; x_wconf 88' lang='lat' dir='ltr'>cap.</span> <span class='ocrx_word' id='word_1_142' title='bbox 1148 1392 1200 1483; x_wconf 87' lang='lat'><strong>1.]:</strong></span> 
     </span>
     <span class='ocr_line' id='line_1_17' title="bbox 82 1415 1199 1563; baseline 0 -34"><span class='ocrx_word' id='word_1_143' title='bbox 82 1415 207 1545; x_wconf 51' lang='lat' dir='ltr'>„duum</span> <span class='ocrx_word' id='word_1_144' title='bbox 228 1472 274 1550; x_wconf 91' lang='lat' dir='ltr'>pia</span> <span class='ocrx_word' id='word_1_145' title='bbox 293 1474 417 1563; x_wconf 89' lang='lat' dir='ltr'>(inquit)</span> <span class='ocrx_word' id='word_1_146' title='bbox 444 1488 517 1535; x_wconf 85' lang='lat' dir='ltr'>ratro</span> <span class='ocrx_word' id='word_1_147' title='bbox 545 1487 574 1533; x_wconf 90' lang='lat' dir='ltr'>et</span> <span class='ocrx_word' id='word_1_148' title='bbox 594 1474 697 1533; x_wconf 91' lang='lat' dir='ltr'>modus</span> <span class='ocrx_word' id='word_1_149' title='bbox 719 1471 928 1531; x_wconf 88' lang='lat' dir='ltr'>ecclesiasticae</span> <span class='ocrx_word' id='word_1_150' title='bbox 948 1467 1123 1549; x_wconf 90' lang='lat' dir='ltr'>disciplinae</span> <span class='ocrx_word' id='word_1_151' title='bbox 1141 1490 1199 1529; x_wconf 87' lang='lat' dir='ltr'>unr-</span> 
     </span>
     <span class='ocr_line' id='line_1_18' title="bbox 82 1544 1200 1630; baseline 0 -25"><span class='ocrx_word' id='word_1_152' title='bbox 82 1558 196 1620; x_wconf 89' lang='lat' dir='ltr'>„tatem</span> <span class='ocrx_word' id='word_1_153' title='bbox 206 1548 334 1623; x_wconf 84' lang='lat' dir='ltr'>Spiritus</span> <span class='ocrx_word' id='word_1_154' title='bbox 353 1572 383 1607; x_wconf 89' lang='lat' dir='ltr'>rn</span> <span class='ocrx_word' id='word_1_155' title='bbox 403 1549 518 1609; x_wconf 87' lang='lat' dir='ltr'>viuculo</span> <span class='ocrx_word' id='word_1_156' title='bbox 539 1552 616 1630; x_wconf 90' lang='lat' dir='ltr'>pacis</span> <span class='ocrx_word' id='word_1_157' title='bbox 634 1548 755 1608; x_wconf 81' lang='lat' dir='ltr'>maxime</span> <span class='ocrx_word' id='word_1_158' title='bbox 767 1546 872 1605; x_wconf 91' lang='lat' dir='ltr'>debeat</span> <span class='ocrx_word' id='word_1_159' title='bbox 891 1546 1012 1604; x_wconf 88' lang='lat' dir='ltr'>intueri:</span> <span class='ocrx_word' id='word_1_160' title='bbox 1034 1544 1200 1625; x_wconf 81' lang='lat' dir='ltr'>quedrlpe·</span> 
     </span>
     <span class='ocr_line' id='line_1_19' title="bbox 80 1620 1199 1705; baseline 0.002 -26"><span class='ocrx_word' id='word_1_161' title='bbox 80 1622 193 1693; x_wconf 87' lang='lat' dir='ltr'>„stolus</span> <span class='ocrx_word' id='word_1_162' title='bbox 212 1620 382 1683; x_wconf 88' lang='lat' dir='ltr'>sullerendo</span> <span class='ocrx_word' id='word_1_163' title='bbox 403 1625 526 1684; x_wconf 76' lang='lat' dir='ltr'>invicem</span> <span class='ocrx_word' id='word_1_164' title='bbox 547 1627 688 1705; x_wconf 87' lang='lat' dir='ltr'>praecipit</span> <span class='ocrx_word' id='word_1_165' title='bbox 705 1622 862 1696; x_wconf 89' lang='lat' dir='ltr'>custodiri,</span> <span class='ocrx_word' id='word_1_166' title='bbox 883 1635 927 1696; x_wconf 88' lang='lat' dir='ltr'>et,</span> <span class='ocrx_word' id='word_1_167' title='bbox 947 1641 1006 1700; x_wconf 91' lang='lat' dir='ltr'>quo</span> <span class='ocrx_word' id='word_1_168' title='bbox 1028 1641 1091 1680; x_wconf 90' lang='lat' dir='ltr'>non</span> <span class='ocrx_word' id='word_1_169' title='bbox 1111 1634 1199 1681; x_wconf 86' lang='lat' dir='ltr'>custo·</span> 
     </span>
     <span class='ocr_line' id='line_1_20' title="bbox 80 1696 1198 1778; baseline 0 -23"><span class='ocrx_word' id='word_1_170' title='bbox 80 1696 180 1769; x_wconf 86' lang='lat' dir='ltr'>„dito,</span> <span class='ocrx_word' id='word_1_171' title='bbox 200 1697 361 1759; x_wconf 78' lang='lat' dir='ltr'>medicinae</span> <span class='ocrx_word' id='word_1_172' title='bbox 380 1699 506 1762; x_wconf 86' lang='lat' dir='ltr'>vindicta</span> <span class='ocrx_word' id='word_1_173' title='bbox 525 1722 586 1761; x_wconf 91' lang='lat' dir='ltr'>non</span> <span class='ocrx_word' id='word_1_174' title='bbox 606 1713 717 1761; x_wconf 92' lang='lat' dir='ltr'>tantum</span> <span class='ocrx_word' id='word_1_175' title='bbox 736 1697 897 1778; x_wconf 84' lang='lat' dir='ltr'>superflua,</span> <span class='ocrx_word' id='word_1_176' title='bbox 927 1696 1088 1757; x_wconf 88' lang='lat' dir='ltr'>sedetiam</span> <span class='ocrx_word' id='word_1_177' title='bbox 1110 1696 1198 1773; x_wconf 88' lang='lat' dir='ltr'>perni-</span> 
     </span>
     <span class='ocr_line' id='line_1_21' title="bbox 81 1770 1198 1855; baseline 0 -24"><span class='ocrx_word' id='word_1_178' title='bbox 81 1772 197 1846; x_wconf 83' lang='lat' dir='ltr'>„ciosa,</span> <span class='ocrx_word' id='word_1_179' title='bbox 222 1785 252 1832; x_wconf 87' lang='lat' dir='ltr'>et</span> <span class='ocrx_word' id='word_1_180' title='bbox 279 1788 436 1855; x_wconf 87' lang='lat' dir='ltr'>propterea</span> <span class='ocrx_word' id='word_1_181' title='bbox 460 1778 516 1836; x_wconf 88' lang='lat' dir='ltr'>iarn</span> <span class='ocrx_word' id='word_1_182' title='bbox 540 1798 595 1837; x_wconf 91' lang='lat' dir='ltr'>nec</span> <span class='ocrx_word' id='word_1_183' title='bbox 620 1777 762 1836; x_wconf 89' lang='lat' dir='ltr'>medicina</span> <span class='ocrx_word' id='word_1_184' title='bbox 783 1795 844 1834; x_wconf 88' lang='lat' dir='ltr'>csse</span> <span class='ocrx_word' id='word_1_185' title='bbox 865 1773 1063 1833; x_wconf 88' lang='lat' dir='ltr'>convincitur:</span> <span class='ocrx_word' id='word_1_186' title='bbox 1092 1774 1134 1833; x_wconf 90' lang='lat' dir='ltr'>illi</span> <span class='ocrx_word' id='word_1_187' title='bbox 1153 1770 1198 1831; x_wconf 81' lang='lat' dir='ltr'>filii</span> 
     </span>
     <span class='ocr_line' id='line_1_22' title="bbox 82 1847 1197 1931; baseline 0.002 -24"><span class='ocrx_word' id='word_1_188' title='bbox 82 1847 186 1922; x_wconf 89' lang='lat' dir='ltr'>‚,mali‚</span> <span class='ocrx_word' id='word_1_189' title='bbox 206 1849 255 1927; x_wconf 88' lang='lat' dir='ltr'>qui</span> <span class='ocrx_word' id='word_1_190' title='bbox 276 1871 336 1910; x_wconf 93' lang='lat' dir='ltr'>non</span> <span class='ocrx_word' id='word_1_191' title='bbox 357 1852 427 1912; x_wconf 87' lang='lat' dir='ltr'>odie</span> <span class='ocrx_word' id='word_1_192' title='bbox 446 1853 628 1931; x_wconf 77' lang='lat' dir='ltr'>iniquitatum</span> <span class='ocrx_word' id='word_1_193' title='bbox 648 1852 822 1923; x_wconf 89' lang='lat' dir='ltr'>alienarum,</span> <span class='ocrx_word' id='word_1_194' title='bbox 847 1851 898 1910; x_wconf 92' lang='lat' dir='ltr'>sed</span> <span class='ocrx_word' id='word_1_195' title='bbox 917 1848 1015 1907; x_wconf 84' lang='lat' dir='ltr'>studio</span> <span class='ocrx_word' id='word_1_196' title='bbox 1037 1848 1197 1910; x_wconf 84' lang='lat' dir='ltr'>contentio·</span> 
     </span>
     <span class='ocr_line' id='line_1_23' title="bbox 81 1922 1197 2008; baseline 0 -26"><span class='ocrx_word' id='word_1_197' title='bbox 81 1945 173 1997; x_wconf 89' lang='lat' dir='ltr'>„num</span> <span class='ocrx_word' id='word_1_198' title='bbox 191 1946 306 1983; x_wconf 87' lang='lat' dir='ltr'>suarum</span> <span class='ocrx_word' id='word_1_199' title='bbox 325 1927 451 1988; x_wconf 84' lang='lat' dir='ltr'>infirmas</span> <span class='ocrx_word' id='word_1_200' title='bbox 472 1930 587 2008; x_wconf 86' lang='lat' dir='ltr'>plebes,</span> <span class='ocrx_word' id='word_1_201' title='bbox 612 1930 746 1987; x_wconf 89' lang='lat' dir='ltr'>iactantia</span> <span class='ocrx_word' id='word_1_202' title='bbox 773 1926 817 1985; x_wconf 87' lang='lat' dir='ltr'>sui</span> <span class='ocrx_word' id='word_1_203' title='bbox 842 1924 969 1985; x_wconf 86' lang='lat' dir='ltr'>nominis</span> <span class='ocrx_word' id='word_1_204' title='bbox 993 1925 1137 1999; x_wconf 87' lang='lat' dir='ltr'>irretitas,</span> <span class='ocrx_word' id='word_1_205' title='bbox 1159 1922 1197 1983; x_wconf 84' lang='lat' dir='ltr'>rel</span> 
     </span>
     <span class='ocr_line' id='line_1_24' title="bbox 81 1998 1196 2079; baseline 0.001 -21"><span class='ocrx_word' id='word_1_206' title='bbox 81 2010 179 2073; x_wconf 84' lang='lat' dir='ltr'>„totas</span> <span class='ocrx_word' id='word_1_207' title='bbox 198 2000 331 2075; x_wconf 85' lang='lat' dir='ltr'>trabere,</span> <span class='ocrx_word' id='word_1_208' title='bbox 349 2004 394 2061; x_wconf 85' lang='lat' dir='ltr'>rel</span> <span class='ocrx_word' id='word_1_209' title='bbox 416 2017 495 2063; x_wconf 90' lang='lat' dir='ltr'>certe</span> <span class='ocrx_word' id='word_1_210' title='bbox 515 2006 643 2064; x_wconf 88' lang='lat' dir='ltr'>dividere</span> <span class='ocrx_word' id='word_1_211' title='bbox 662 2004 818 2071; x_wconf 83' lang='lat' dir='ltr'>assertant,</span> <span class='ocrx_word' id='word_1_212' title='bbox 842 1998 980 2079; x_wconf 83' lang='lat' dir='ltr'>superbia</span> <span class='ocrx_word' id='word_1_213' title='bbox 999 2000 1120 2075; x_wconf 90' lang='lat' dir='ltr'>tumidi,</span> <span class='ocrx_word' id='word_1_214' title='bbox 1157 2022 1196 2059; x_wconf 90' lang='lat' dir='ltr'>er-</span> 
     </span>
     <span class='ocr_line' id='line_1_25' title="bbox 80 2073 1196 2153; baseline 0 -20"><span class='ocrx_word' id='word_1_215' title='bbox 80 2076 208 2148; x_wconf 84' lang='lat' dir='ltr'>„vicacia</span> <span class='ocrx_word' id='word_1_216' title='bbox 228 2078 334 2152; x_wconf 86' lang='lat' dir='ltr'>vesani,</span> <span class='ocrx_word' id='word_1_217' title='bbox 354 2079 502 2139; x_wconf 88' lang='lat' dir='ltr'>calumniis</span> <span class='ocrx_word' id='word_1_218' title='bbox 522 2080 661 2153; x_wconf 81' lang='lat' dir='ltr'>insidiosi,</span> <span class='ocrx_word' id='word_1_219' title='bbox 679 2077 871 2138; x_wconf 82' lang='lat' dir='ltr'>seditionibus</span> <span class='ocrx_word' id='word_1_220' title='bbox 889 2073 1063 2148; x_wconf 79' lang='lat' dir='ltr'>turbulenti,</span> <span class='ocrx_word' id='word_1_221' title='bbox 1083 2096 1122 2135; x_wconf 89' lang='lat' dir='ltr'>ne</span> <span class='ocrx_word' id='word_1_222' title='bbox 1149 2094 1196 2137; x_wconf 89' lang='lat' dir='ltr'>uce</span> 
     </span>
     <span class='ocr_line' id='line_1_26' title="bbox 81 2149 1195 2232; baseline 0.002 -23"><span class='ocrx_word' id='word_1_223' title='bbox 81 2149 231 2223; x_wconf 84' lang='lat' dir='ltr'>„veritatis</span> <span class='ocrx_word' id='word_1_224' title='bbox 255 2174 354 2212; x_wconf 90' lang='lat' dir='ltr'>carere</span> <span class='ocrx_word' id='word_1_225' title='bbox 373 2156 581 2232; x_wconf 89' lang='lat' dir='ltr'>ostendantur,</span> <span class='ocrx_word' id='word_1_226' title='bbox 613 2156 744 2215; x_wconf 87' lang='lat' dir='ltr'>umbram</span> <span class='ocrx_word' id='word_1_227' title='bbox 770 2153 881 2231; x_wconf 86' lang='lat' dir='ltr'>rigidae</span> <span class='ocrx_word' id='word_1_228' title='bbox 911 2151 1073 2211; x_wconf 77' lang='lat' dir='ltr'>severitatis</span> <span class='ocrx_word' id='word_1_229' title='bbox 1098 2152 1195 2213; x_wconf 86' lang='lat' dir='ltr'>obten-</span> 
     </span>
     <span class='ocr_line' id='line_1_27' title="bbox 81 2225 1196 2311; baseline 0.003 -28"><span class='ocrx_word' id='word_1_230' title='bbox 81 2225 190 2301; x_wconf 77' lang='lat' dir='ltr'>„duntz</span> <span class='ocrx_word' id='word_1_231' title='bbox 211 2238 241 2284; x_wconf 89' lang='lat' dir='ltr'>et</span> <span class='ocrx_word' id='word_1_232' title='bbox 260 2249 335 2306; x_wconf 91' lang='lat' dir='ltr'>quae</span> <span class='ocrx_word' id='word_1_233' title='bbox 355 2231 384 2288; x_wconf 93' lang='lat' dir='ltr'>in</span> <span class='ocrx_word' id='word_1_234' title='bbox 404 2232 552 2311; x_wconf 85' lang='lat' dir='ltr'>scripturis</span> <span class='ocrx_word' id='word_1_235' title='bbox 570 2232 677 2292; x_wconf 92' lang='lat' dir='ltr'>sanctis</span> <span class='ocrx_word' id='word_1_236' title='bbox 696 2230 771 2291; x_wconf 89' lang='lat' dir='ltr'>salva</span> <span class='ocrx_word' id='word_1_237' title='bbox 792 2228 956 2289; x_wconf 82' lang='lat' dir='ltr'>dilectionis</span> <span class='ocrx_word' id='word_1_238' title='bbox 977 2226 1155 2301; x_wconf 80' lang='lat' dir='ltr'>sinceritate,</span> <span class='ocrx_word' id='word_1_239' title='bbox 1170 2236 1196 2286; x_wconf 85' lang='lat' dir='ltr'>et</span> 
     </span>
     <span class='ocr_line' id='line_1_28' title="bbox 81 2300 1196 2388; baseline 0.001 -28"><span class='ocrx_word' id='word_1_240' title='bbox 81 2302 247 2373; x_wconf 83' lang='lat' dir='ltr'>„custodita</span> <span class='ocrx_word' id='word_1_241' title='bbox 266 2305 343 2381; x_wconf 88' lang='lat' dir='ltr'>pacis</span> <span class='ocrx_word' id='word_1_242' title='bbox 363 2306 490 2382; x_wconf 83' lang='lat' dir='ltr'>unitate,</span> <span class='ocrx_word' id='word_1_243' title='bbox 511 2308 545 2367; x_wconf 91' lang='lat' dir='ltr'>ad</span> <span class='ocrx_word' id='word_1_244' title='bbox 567 2307 740 2388; x_wconf 88' lang='lat' dir='ltr'>corrigenda</span> <span class='ocrx_word' id='word_1_245' title='bbox 761 2305 887 2365; x_wconf 88' lang='lat' dir='ltr'>lraterna</span> <span class='ocrx_word' id='word_1_246' title='bbox 906 2304 991 2375; x_wconf 81' lang='lat' dir='ltr'>vitia,</span> <span class='ocrx_word' id='word_1_247' title='bbox 1017 2300 1196 2363; x_wconf 86' lang='lat' dir='ltr'>moderatiori</span> 
     </span>
     <span class='ocr_line' id='line_1_29' title="bbox 80 2378 1196 2462; baseline 0.003 -28"><span class='ocrx_word' id='word_1_248' title='bbox 80 2378 253 2449; x_wconf 86' lang='lat' dir='ltr'>„curatione</span> <span class='ocrx_word' id='word_1_249' title='bbox 273 2378 336 2437; x_wconf 91' lang='lat' dir='ltr'>ficri</span> <span class='ocrx_word' id='word_1_250' title='bbox 357 2396 510 2462; x_wconf 89' lang='lat' dir='ltr'>praecepta</span> <span class='ocrx_word' id='word_1_251' title='bbox 529 2396 613 2456; x_wconf 88' lang='lat' dir='ltr'>sunt,</span> <span class='ocrx_word' id='word_1_252' title='bbox 637 2385 672 2443; x_wconf 85' lang='lat' dir='ltr'>ad</span> <span class='ocrx_word' id='word_1_253' title='bbox 692 2380 873 2462; x_wconf 88' lang='lat' dir='ltr'>saerilegium</span> <span class='ocrx_word' id='word_1_254' title='bbox 892 2378 1051 2439; x_wconf 80' lang='lat' dir='ltr'>schismatis</span> <span class='ocrx_word' id='word_1_255' title='bbox 1072 2392 1104 2441; x_wconf 86' lang='lat' dir='ltr'>et</span> <span class='ocrx_word' id='word_1_256' title='bbox 1123 2398 1196 2441; x_wconf 87' lang='lat' dir='ltr'>ecca·</span> 
     </span>
     <span class='ocr_line' id='line_1_30' title="bbox 81 2451 1194 2543; baseline 0.002 -32"><span class='ocrx_word' id='word_1_257' title='bbox 81 2451 215 2525; x_wconf 85' lang='lat' dir='ltr'>„sionem</span> <span class='ocrx_word' id='word_1_258' title='bbox 233 2456 421 2543; x_wconf 85' lang='lat' dir='ltr'>praecisionis</span> <span class='ocrx_word' id='word_1_259' title='bbox 441 2468 609 2536; x_wconf 82' lang='lat' dir='ltr'>usurpant“</span> <span class='ocrx_word' id='word_1_260' title='bbox 651 2460 710 2517; x_wconf 89' lang='lat' dir='ltr'>Piis</span> <span class='ocrx_word' id='word_1_261' title='bbox 732 2472 828 2517; x_wconf 88' lang='lat' dir='ltr'>autem</span> <span class='ocrx_word' id='word_1_262' title='bbox 846 2469 876 2515; x_wconf 93' lang='lat' dir='ltr'>et</span> <span class='ocrx_word' id='word_1_263' title='bbox 899 2454 1017 2533; x_wconf 89' lang='lat' dir='ltr'>placidis</span> <span class='ocrx_word' id='word_1_264' title='bbox 1038 2454 1194 2515; x_wconf 87' lang='lat' dir='ltr'>bominibus</span> 
     </span>
     <span class='ocr_line' id='line_1_31' title="bbox 82 2527 1195 2613; baseline 0.004 -29"><span class='ocrx_word' id='word_1_265' title='bbox 82 2527 138 2587; x_wconf 91' lang='lat' dir='ltr'>hoc</span> <span class='ocrx_word' id='word_1_266' title='bbox 158 2528 310 2587; x_wconf 74' lang='lat' dir='ltr'>consilium</span> <span class='ocrx_word' id='word_1_267' title='bbox 331 2531 380 2590; x_wconf 90' lang='lat' dir='ltr'>dat</span> <span class='ocrx_word' id='word_1_268' title='bbox 400 2534 501 2609; x_wconf 75' lang='lat' dir='ltr'>[eiusd.</span> <span class='ocrx_word' id='word_1_269' title='bbox 522 2535 571 2593; x_wconf 88' lang='lat' dir='ltr'>lib.</span> <span class='ocrx_word' id='word_1_270' title='bbox 592 2557 653 2613; x_wconf 91' lang='lat' dir='ltr'>cap.</span> <span class='ocrx_word' id='word_1_271' title='bbox 673 2535 727 2613; x_wconf 76' lang='lat'>2.],</span> <span class='ocrx_word' id='word_1_272' title='bbox 748 2547 781 2592; x_wconf 92' lang='lat' dir='ltr'>ut</span> <span class='ocrx_word' id='word_1_273' title='bbox 799 2531 1026 2591; x_wconf 86' lang='lat' dir='ltr'>misericorditer</span> <span class='ocrx_word' id='word_1_274' title='bbox 1046 2532 1195 2611; x_wconf 89' lang='lat' dir='ltr'>corripiant</span> 
     </span>
     <span class='ocr_line' id='line_1_32' title="bbox 83 2603 1194 2688; baseline 0.003 -27"><span class='ocrx_word' id='word_1_275' title='bbox 83 2603 160 2682; x_wconf 93' lang='lat' dir='ltr'>quod</span> <span class='ocrx_word' id='word_1_276' title='bbox 182 2618 316 2683; x_wconf 83' lang='lat' dir='ltr'>possunt:</span> <span class='ocrx_word' id='word_1_277' title='bbox 351 2610 430 2687; x_wconf 85' lang='lat' dir='ltr'>qnod</span> <span class='ocrx_word' id='word_1_278' title='bbox 456 2632 517 2668; x_wconf 86' lang='lat' dir='ltr'>non</span> <span class='ocrx_word' id='word_1_279' title='bbox 544 2622 680 2688; x_wconf 87' lang='lat' dir='ltr'>possunt,</span> <span class='ocrx_word' id='word_1_280' title='bbox 712 2610 856 2688; x_wconf 87' lang='lat' dir='ltr'>patienter</span> <span class='ocrx_word' id='word_1_281' title='bbox 882 2608 991 2677; x_wconf 87' lang='lat' dir='ltr'>lerant,</span> <span class='ocrx_word' id='word_1_282' title='bbox 1017 2620 1047 2665; x_wconf 92' lang='lat' dir='ltr'>et</span> <span class='ocrx_word' id='word_1_283' title='bbox 1073 2629 1138 2667; x_wconf 87' lang='lat' dir='ltr'>cum</span> <span class='ocrx_word' id='word_1_284' title='bbox 1159 2606 1194 2665; x_wconf 87' lang='lat' dir='ltr'>di·</span> 
     </span>
     <span class='ocr_line' id='line_1_33' title="bbox 80 2680 1194 2767; baseline 0.002 -28"><span class='ocrx_word' id='word_1_285' title='bbox 80 2680 208 2740; x_wconf 88' lang='lat' dir='ltr'>lectione</span> <span class='ocrx_word' id='word_1_286' title='bbox 233 2697 352 2761; x_wconf 88' lang='lat' dir='ltr'>gemant</span> <span class='ocrx_word' id='word_1_287' title='bbox 371 2698 458 2763; x_wconf 83' lang='lat' dir='ltr'>atque</span> <span class='ocrx_word' id='word_1_288' title='bbox 484 2686 616 2767; x_wconf 80' lang='lat' dir='ltr'>lrrgeant;</span> <span class='ocrx_word' id='word_1_289' title='bbox 647 2688 742 2745; x_wconf 88' lang='lat' dir='ltr'>donec</span> <span class='ocrx_word' id='word_1_290' title='bbox 763 2698 812 2744; x_wconf 89' lang='lat' dir='ltr'>aut</span> <span class='ocrx_word' id='word_1_291' title='bbox 831 2683 967 2743; x_wconf 89' lang='lat' dir='ltr'>emendet</span> <span class='ocrx_word' id='word_1_292' title='bbox 986 2682 1068 2743; x_wconf 83' lang='lat' dir='ltr'>llcus</span> <span class='ocrx_word' id='word_1_293' title='bbox 1088 2704 1121 2743; x_wconf 82' lang='lat' dir='ltr'>ac</span> <span class='ocrx_word' id='word_1_294' title='bbox 1138 2704 1194 2743; x_wconf 87' lang='lat' dir='ltr'>cor-</span> 
     </span>
     <span class='ocr_line' id='line_1_34' title="bbox 81 2758 1194 2849; baseline 0.003 -35"><span class='ocrx_word' id='word_1_295' title='bbox 81 2758 166 2849; x_wconf 83' lang='lat' dir='ltr'>rigat,</span> <span class='ocrx_word' id='word_1_296' title='bbox 185 2770 234 2816; x_wconf 92' lang='lat' dir='ltr'>aut</span> <span class='ocrx_word' id='word_1_297' title='bbox 253 2759 284 2817; x_wconf 89' lang='lat' dir='ltr'>in</span> <span class='ocrx_word' id='word_1_298' title='bbox 304 2781 395 2820; x_wconf 88' lang='lat' dir='ltr'>messe</span> <span class='ocrx_word' id='word_1_299' title='bbox 417 2763 544 2822; x_wconf 85' lang='lat' dir='ltr'>eradicet</span> <span class='ocrx_word' id='word_1_300' title='bbox 564 2763 681 2835; x_wconf 88' lang='lat' dir='ltr'>zizania,</span> <span class='ocrx_word' id='word_1_301' title='bbox 701 2775 730 2819; x_wconf 91' lang='lat' dir='ltr'>et</span> <span class='ocrx_word' id='word_1_302' title='bbox 750 2761 844 2840; x_wconf 78' lang='lat' dir='ltr'>paleas</span> <span class='ocrx_word' id='word_1_303' title='bbox 863 2758 991 2819; x_wconf 88' lang='lat' dir='ltr'>ventilet.</span> <span class='ocrx_word' id='word_1_304' title='bbox 1010 2793 1050 2806; x_wconf 98' lang='lat'>-</span> <span class='ocrx_word' id='word_1_305' title='bbox 1089 2760 1140 2819; x_wconf 85' lang='lat' dir='ltr'>llis</span> <span class='ocrx_word' id='word_1_306' title='bbox 1157 2778 1194 2817; x_wconf 88' lang='lat' dir='ltr'>ar·</span> 
     </span>
     <span class='ocr_line' id='line_1_35' title="bbox 81 2832 1195 2916; baseline -0.002 -25"><span class='ocrx_word' id='word_1_307' title='bbox 81 2856 135 2892; x_wconf 88' lang='lat' dir='ltr'>mrs</span> <span class='ocrx_word' id='word_1_308' title='bbox 155 2836 337 2915; x_wconf 89' lang='lat' dir='ltr'>praemunire</span> <span class='ocrx_word' id='word_1_309' title='bbox 357 2859 388 2898; x_wconf 91' lang='lat' dir='ltr'>se</span> <span class='ocrx_word' id='word_1_310' title='bbox 407 2840 448 2916; x_wconf 87' lang='lat' dir='ltr'>pii</span> <span class='ocrx_word' id='word_1_311' title='bbox 470 2860 570 2900; x_wconf 90' lang='lat' dir='ltr'>omues</span> <span class='ocrx_word' id='word_1_312' title='bbox 590 2841 734 2910; x_wconf 90' lang='lat' dir='ltr'>studeant,</span> <span class='ocrx_word' id='word_1_313' title='bbox 754 2858 803 2909; x_wconf 92' lang='lat' dir='ltr'>ne,</span> <span class='ocrx_word' id='word_1_314' title='bbox 821 2838 889 2894; x_wconf 88' lang='lat' dir='ltr'>dum</span> <span class='ocrx_word' id='word_1_315' title='bbox 910 2835 1021 2893; x_wconf 88' lang='lat' dir='ltr'>strenui</span> <span class='ocrx_word' id='word_1_316' title='bbox 1036 2846 1066 2893; x_wconf 92' lang='lat' dir='ltr'>et</span> <span class='ocrx_word' id='word_1_317' title='bbox 1086 2832 1195 2895; x_wconf 86' lang='lat' dir='ltr'>animosi</span> 
     </span>
     <span class='ocr_line' id='line_1_36' title="bbox 82 2909 1195 2993; baseline -0.002 -25"><span class='ocrx_word' id='word_1_318' title='bbox 82 2909 205 2969; x_wconf 86' lang='lat' dir='ltr'>iustitiae</span> <span class='ocrx_word' id='word_1_319' title='bbox 225 2912 352 2974; x_wconf 87' lang='lat' dir='ltr'>vindices</span> <span class='ocrx_word' id='word_1_320' title='bbox 376 2916 431 2974; x_wconf 85' lang='lat' dir='ltr'>sibi</span> <span class='ocrx_word' id='word_1_321' title='bbox 450 2918 601 2989; x_wconf 82' lang='lat' dir='ltr'>ridentur,</span> <span class='ocrx_word' id='word_1_322' title='bbox 627 2939 642 2975; x_wconf 89' lang='lat' dir='ltr'>a</span> <span class='ocrx_word' id='word_1_323' title='bbox 667 2936 758 2993; x_wconf 86' lang='lat' dir='ltr'>regno</span> <span class='ocrx_word' id='word_1_324' title='bbox 785 2913 934 2971; x_wconf 89' lang='lat' dir='ltr'>coelorum</span> <span class='ocrx_word' id='word_1_325' title='bbox 961 2912 1056 2988; x_wconf 89' lang='lat' dir='ltr'>(quod</span> <span class='ocrx_word' id='word_1_326' title='bbox 1078 2924 1122 2971; x_wconf 91' lang='lat' dir='ltr'>est</span> <span class='ocrx_word' id='word_1_327' title='bbox 1140 2910 1195 2969; x_wconf 88' lang='lat' dir='ltr'>uni·</span> 
     </span>
     <span class='ocr_line' id='line_1_37' title="bbox 82 2988 1193 3071; baseline -0.001 -27"><span class='ocrx_word' id='word_1_328' title='bbox 82 3007 147 3044; x_wconf 90' lang='lat' dir='ltr'>curn</span> <span class='ocrx_word' id='word_1_329' title='bbox 167 2988 291 3047; x_wconf 88' lang='lat' dir='ltr'>iustitiae</span> <span class='ocrx_word' id='word_1_330' title='bbox 311 2995 450 3071; x_wconf 86' lang='lat' dir='ltr'>regnum)</span> <span class='ocrx_word' id='word_1_331' title='bbox 471 2992 638 3050; x_wconf 75' lang='lat' dir='ltr'>desciscent.</span> <span class='ocrx_word' id='word_1_332' title='bbox 678 2993 751 3048; x_wconf 74' lang='lat' dir='ltr'>Nam</span> <span class='ocrx_word' id='word_1_333' title='bbox 765 2990 829 3067; x_wconf 87' lang='lat' dir='ltr'>qnia</span> <span class='ocrx_word' id='word_1_334' title='bbox 853 2990 880 3045; x_wconf 93' lang='lat' dir='ltr'>in</span> <span class='ocrx_word' id='word_1_335' title='bbox 903 2988 955 3045; x_wconf 87' lang='lat' dir='ltr'>bac</span> <span class='ocrx_word' id='word_1_336' title='bbox 976 2998 1094 3045; x_wconf 82' lang='lat' dir='ltr'>externa</span> <span class='ocrx_word' id='word_1_337' title='bbox 1114 2988 1193 3047; x_wconf 84' lang='lat' dir='ltr'>secit-</span> 
     </span>
     <span class='ocr_line' id='line_1_38' title="bbox 81 3063 1193 3142; baseline 0 -23"><span class='ocrx_word' id='word_1_338' title='bbox 81 3073 157 3134; x_wconf 86' lang='lat' dir='ltr'>tate,</span> <span class='ocrx_word' id='word_1_339' title='bbox 179 3064 316 3123; x_wconf 90' lang='lat' dir='ltr'>eeclesiae</span> <span class='ocrx_word' id='word_1_340' title='bbox 335 3088 403 3123; x_wconf 85' lang='lat' dir='ltr'>suae</span> <span class='ocrx_word' id='word_1_341' title='bbox 418 3068 660 3126; x_wconf 77' lang='lat' dir='ltr'>cummunionem</span> <span class='ocrx_word' id='word_1_342' title='bbox 680 3067 760 3123; x_wconf 84' lang='lat' dir='ltr'>Deus</span> <span class='ocrx_word' id='word_1_343' title='bbox 780 3065 839 3123; x_wconf 83' lang='lat' dir='ltr'>culi</span> <span class='ocrx_word' id='word_1_344' title='bbox 860 3063 965 3121; x_wconf 79' lang='lat' dir='ltr'>soluit:</span> <span class='ocrx_word' id='word_1_345' title='bbox 991 3064 1042 3142; x_wconf 86' lang='lat' dir='ltr'>qui</span> <span class='ocrx_word' id='word_1_346' title='bbox 1060 3064 1131 3123; x_wconf 87' lang='lat' dir='ltr'>odie</span> <span class='ocrx_word' id='word_1_347' title='bbox 1148 3064 1193 3120; x_wconf 88' lang='lat' dir='ltr'>im·</span> 
     </span>
     <span class='ocr_line' id='line_1_39' title="bbox 82 3137 1194 3219; baseline 0.004 -26"><span class='ocrx_word' id='word_1_348' title='bbox 82 3137 243 3215; x_wconf 89' lang='lat' dir='ltr'>proborum</span> <span class='ocrx_word' id='word_1_349' title='bbox 263 3152 398 3200; x_wconf 83' lang='lat' dir='ltr'>tesseram</span> <span class='ocrx_word' id='word_1_350' title='bbox 414 3144 474 3199; x_wconf 87' lang='lat' dir='ltr'>eius</span> <span class='ocrx_word' id='word_1_351' title='bbox 494 3142 639 3202; x_wconf 84' lang='lat' dir='ltr'>societatis</span> <span class='ocrx_word' id='word_1_352' title='bbox 661 3143 779 3213; x_wconf 73' lang='lat' dir='ltr'>lraneit,</span> <span class='ocrx_word' id='word_1_353' title='bbox 798 3142 871 3199; x_wconf 85' lang='lat' dir='ltr'>viem</span> <span class='ocrx_word' id='word_1_354' title='bbox 886 3138 1049 3219; x_wconf 86' lang='lat' dir='ltr'>ingreditur</span> <span class='ocrx_word' id='word_1_355' title='bbox 1061 3162 1117 3217; x_wconf 89' lang='lat' dir='ltr'>qna</span> <span class='ocrx_word' id='word_1_356' title='bbox 1136 3156 1194 3217; x_wconf 83' lang='lat' dir='ltr'>pre·</span> 
     </span>
     <span class='ocr_line' id='line_1_40' title="bbox 81 3188 1194 3299; baseline -0.002 -29"><span class='ocrx_word' id='word_1_357' title='bbox 81 3211 164 3299; x_wconf 76' lang='lat' dir='ltr'>clivis</span> <span class='ocrx_word' id='word_1_358' title='bbox 188 3226 231 3271; x_wconf 87' lang='lat' dir='ltr'>est</span> <span class='ocrx_word' id='word_1_359' title='bbox 254 3236 270 3273; x_wconf 89' lang='lat' dir='ltr'>a</span> <span class='ocrx_word' id='word_1_360' title='bbox 300 3230 466 3276; x_wconf 89' lang='lat' dir='ltr'>sanctorum</span> <span class='ocrx_word' id='word_1_361' title='bbox 493 3221 700 3279; x_wconf 89' lang='lat' dir='ltr'>communione</span> <span class='ocrx_word' id='word_1_362' title='bbox 725 3188 830 3297; x_wconf 81' lang='lat' dir='ltr'>lapsus.</span> <span class='ocrx_word' id='word_1_363' title='bbox 881 3215 1023 3293; x_wconf 80' lang='lat' dir='ltr'>Cogiteut</span> <span class='ocrx_word' id='word_1_364' title='bbox 1048 3215 1078 3274; x_wconf 89' lang='lat' dir='ltr'>in</span> <span class='ocrx_word' id='word_1_365' title='bbox 1106 3232 1194 3293; x_wconf 88' lang='lat' dir='ltr'>magua</span> 
     </span>
     <span class='ocr_line' id='line_1_41' title="bbox 81 3285 1195 3370; baseline 0.004 -27"><span class='ocrx_word' id='word_1_366' title='bbox 81 3285 268 3346; x_wconf 74' lang='lat' dir='ltr'>multitudine</span> <span class='ocrx_word' id='word_1_367' title='bbox 288 3292 453 3370; x_wconf 86' lang='lat' dir='ltr'>complures</span> <span class='ocrx_word' id='word_1_368' title='bbox 473 3314 534 3351; x_wconf 87' lang='lat' dir='ltr'>csse</span> <span class='ocrx_word' id='word_1_369' title='bbox 554 3316 621 3354; x_wconf 87' lang='lat' dir='ltr'>rere</span> <span class='ocrx_word' id='word_1_370' title='bbox 641 3308 756 3354; x_wconf 86' lang='lat' dir='ltr'>sanctos</span> <span class='ocrx_word' id='word_1_371' title='bbox 777 3306 807 3351; x_wconf 91' lang='lat' dir='ltr'>et</span> <span class='ocrx_word' id='word_1_372' title='bbox 827 3294 999 3350; x_wconf 88' lang='lat' dir='ltr'>innocentes</span> <span class='ocrx_word' id='word_1_373' title='bbox 1015 3312 1116 3351; x_wconf 80' lang='lat' dir='ltr'>coram</span> <span class='ocrx_word' id='word_1_374' title='bbox 1135 3310 1195 3351; x_wconf 82' lang='lat' dir='ltr'>ocu·</span> 
     </span>
     <span class='ocr_line' id='line_1_42' title="bbox 81 3360 1195 3453; baseline 0.001 -34"><span class='ocrx_word' id='word_1_375' title='bbox 81 3360 115 3421; x_wconf 90' lang='lat' dir='ltr'>lis</span> <span class='ocrx_word' id='word_1_376' title='bbox 134 3360 271 3449; x_wconf 78' lang='lat' dir='ltr'>Domini,</span> <span class='ocrx_word' id='word_1_377' title='bbox 297 3370 347 3445; x_wconf 92' lang='lat' dir='ltr'>qui</span> <span class='ocrx_word' id='word_1_378' title='bbox 367 3382 514 3446; x_wconf 90' lang='lat' dir='ltr'>aspectum</span> <span class='ocrx_word' id='word_1_379' title='bbox 540 3392 623 3429; x_wconf 91' lang='lat' dir='ltr'>suum</span> <span class='ocrx_word' id='word_1_380' title='bbox 651 3371 772 3449; x_wconf 77' lang='lat' dir='ltr'>fugiant.</span> <span class='ocrx_word' id='word_1_381' title='bbox 818 3370 974 3448; x_wconf 63' lang='lat' dir='ltr'>cogitent,</span> <span class='ocrx_word' id='word_1_382' title='bbox 1000 3378 1031 3424; x_wconf 92' lang='lat' dir='ltr'>ct</span> <span class='ocrx_word' id='word_1_383' title='bbox 1050 3387 1083 3425; x_wconf 81' lang='lat' dir='ltr'>ex</span> <span class='ocrx_word' id='word_1_384' title='bbox 1104 3368 1136 3427; x_wconf 85' lang='lat' dir='ltr'>iis</span> <span class='ocrx_word' id='word_1_385' title='bbox 1153 3362 1195 3453; x_wconf 90' lang='lat' dir='ltr'>qui</span> 
     </span>
     <span class='ocr_line' id='line_1_43' title="bbox 81 3436 1195 3525; baseline 0 -28"><span class='ocrx_word' id='word_1_386' title='bbox 81 3436 208 3497; x_wconf 77' lang='lat' dir='ltr'>morbidi</span> <span class='ocrx_word' id='word_1_387' title='bbox 228 3439 379 3513; x_wconf 82' lang='lat' dir='ltr'>uidentur,</span> <span class='ocrx_word' id='word_1_388' title='bbox 411 3446 518 3503; x_wconf 88' lang='lat' dir='ltr'>multos</span> <span class='ocrx_word' id='word_1_389' title='bbox 544 3467 605 3505; x_wconf 85' lang='lat' dir='ltr'>csse</span> <span class='ocrx_word' id='word_1_390' title='bbox 632 3448 681 3525; x_wconf 85' lang='lat' dir='ltr'>qni</span> <span class='ocrx_word' id='word_1_391' title='bbox 708 3447 737 3504; x_wconf 88' lang='lat' dir='ltr'>in</span> <span class='ocrx_word' id='word_1_392' title='bbox 759 3446 834 3503; x_wconf 84' lang='lat' dir='ltr'>vitiis</span> <span class='ocrx_word' id='word_1_393' title='bbox 859 3444 917 3502; x_wconf 86' lang='lat' dir='ltr'>suis</span> <span class='ocrx_word' id='word_1_394' title='bbox 943 3464 1127 3521; x_wconf 82' lang='lat' dir='ltr'>nequaqnam</span> <span class='ocrx_word' id='word_1_395' title='bbox 1148 3438 1195 3501; x_wconf 83' lang='lat' dir='ltr'>nti</span> 
     </span>
     <span class='ocr_line' id='line_1_44' title="bbox 80 3516 1197 3595; baseline 0.001 -21"><span class='ocrx_word' id='word_1_396' title='bbox 80 3516 199 3595; x_wconf 86' lang='lat' dir='ltr'>placent</span> <span class='ocrx_word' id='word_1_397' title='bbox 218 3527 268 3573; x_wconf 91' lang='lat' dir='ltr'>aut</span> <span class='ocrx_word' id='word_1_398' title='bbox 288 3516 491 3593; x_wconf 87' lang='lat' dir='ltr'>blandiuntur,</span> <span class='ocrx_word' id='word_1_399' title='bbox 516 3524 566 3580; x_wconf 90' lang='lat' dir='ltr'>sed</span> <span class='ocrx_word' id='word_1_400' title='bbox 590 3529 667 3581; x_wconf 88' lang='lat' dir='ltr'>serio</span> <span class='ocrx_word' id='word_1_401' title='bbox 694 3525 801 3581; x_wconf 90' lang='lat' dir='ltr'>timore</span> <span class='ocrx_word' id='word_1_402' title='bbox 826 3520 947 3577; x_wconf 85' lang='lat' dir='ltr'>Domini</span> <span class='ocrx_word' id='word_1_403' title='bbox 973 3522 1133 3579; x_wconf 85' lang='lat' dir='ltr'>identidem</span> <span class='ocrx_word' id='word_1_404' title='bbox 1156 3538 1197 3576; x_wconf 82' lang='lat' dir='ltr'>er·</span> 
     </span>
     <span class='ocr_line' id='line_1_45' title="bbox 81 3588 1198 3677; baseline 0 -27"><span class='ocrx_word' id='word_1_405' title='bbox 81 3588 255 3670; x_wconf 85' lang='lat' dir='ltr'>pergelacti,</span> <span class='ocrx_word' id='word_1_406' title='bbox 281 3594 317 3651; x_wconf 93' lang='lat' dir='ltr'>ad</span> <span class='ocrx_word' id='word_1_407' title='bbox 342 3594 539 3675; x_wconf 86' lang='lat' dir='ltr'>integritatem</span> <span class='ocrx_word' id='word_1_408' title='bbox 566 3599 705 3657; x_wconf 87' lang='lat' dir='ltr'>maiorem</span> <span class='ocrx_word' id='word_1_409' title='bbox 731 3598 867 3676; x_wconf 85' lang='lat' dir='ltr'>aspirant.</span> <span class='ocrx_word' id='word_1_410' title='bbox 919 3596 1062 3677; x_wconf 77' lang='lat' dir='ltr'>Cogiteut</span> <span class='ocrx_word' id='word_1_411' title='bbox 1082 3618 1143 3655; x_wconf 90' lang='lat' dir='ltr'>non</span> <span class='ocrx_word' id='word_1_412' title='bbox 1161 3592 1198 3651; x_wconf 85' lang='lat' dir='ltr'>le·</span> 
     </span>
     <span class='ocr_line' id='line_1_46' title="bbox 80 3666 1198 3750; baseline -0.001 -24"><span class='ocrx_word' id='word_1_413' title='bbox 80 3672 203 3727; x_wconf 89' lang='lat' dir='ltr'>rendum</span> <span class='ocrx_word' id='word_1_414' title='bbox 223 3687 284 3727; x_wconf 88' lang='lat' dir='ltr'>esse</span> <span class='ocrx_word' id='word_1_415' title='bbox 305 3669 341 3728; x_wconf 90' lang='lat' dir='ltr'>de</span> <span class='ocrx_word' id='word_1_416' title='bbox 362 3670 480 3731; x_wconf 90' lang='lat' dir='ltr'>bomine</span> <span class='ocrx_word' id='word_1_417' title='bbox 500 3673 635 3733; x_wconf 88' lang='lat' dir='ltr'>iudicium</span> <span class='ocrx_word' id='word_1_418' title='bbox 655 3675 690 3733; x_wconf 87' lang='lat' dir='ltr'>ab</span> <span class='ocrx_word' id='word_1_419' title='bbox 713 3698 771 3731; x_wconf 82' lang='grc' dir='ltr'>ιιιιο</span> <span class='ocrx_word' id='word_1_420' title='bbox 794 3676 881 3746; x_wconf 88' lang='lat' dir='ltr'>laeto,</span> <span class='ocrx_word' id='word_1_421' title='bbox 903 3673 1019 3750; x_wconf 86' lang='lat' dir='ltr'>quando</span> <span class='ocrx_word' id='word_1_422' title='bbox 1037 3666 1198 3732; x_wconf 76' lang='lat' dir='ltr'>sanctissimi</span> 
     </span>
     <span class='ocr_line' id='line_1_47' title="bbox 82 3743 1198 3828; baseline 0.004 -27"><span class='ocrx_word' id='word_1_423' title='bbox 82 3744 228 3802; x_wconf 87' lang='lat' dir='ltr'>interdum</span> <span class='ocrx_word' id='word_1_424' title='bbox 248 3745 414 3825; x_wconf 81' lang='lat' dir='ltr'>gravissimo</span> <span class='ocrx_word' id='word_1_425' title='bbox 436 3771 501 3807; x_wconf 84' lang='lat' dir='ltr'>casu</span> <span class='ocrx_word' id='word_1_426' title='bbox 523 3752 665 3809; x_wconf 81' lang='lat' dir='ltr'>excidunt.</span> <span class='ocrx_word' id='word_1_427' title='bbox 706 3750 848 3828; x_wconf 82' lang='lat' dir='ltr'>Cogitcnt</span> <span class='ocrx_word' id='word_1_428' title='bbox 870 3749 933 3828; x_wconf 87' lang='lat' dir='ltr'>plns</span> <span class='ocrx_word' id='word_1_429' title='bbox 952 3749 1071 3809; x_wconf 84' lang='lat' dir='ltr'>subesse</span> <span class='ocrx_word' id='word_1_430' title='bbox 1091 3750 1126 3807; x_wconf 87' lang='lat' dir='ltr'>ad</span> <span class='ocrx_word' id='word_1_431' title='bbox 1145 3743 1198 3805; x_wconf 89' lang='lat' dir='ltr'>col·</span> 
     </span>
     <span class='ocr_line' id='line_1_48' title="bbox 82 3819 1197 3900; baseline 0.001 -23"><span class='ocrx_word' id='word_1_432' title='bbox 82 3819 227 3899; x_wconf 90' lang='lat' dir='ltr'>ligendam</span> <span class='ocrx_word' id='word_1_433' title='bbox 248 3821 396 3881; x_wconf 79' lang='lat' dir='ltr'>ecclesiam</span> <span class='ocrx_word' id='word_1_434' title='bbox 418 3827 573 3900; x_wconf 90' lang='lat' dir='ltr'>momenti,</span> <span class='ocrx_word' id='word_1_435' title='bbox 599 3838 659 3884; x_wconf 92' lang='lat' dir='ltr'>tum</span> <span class='ocrx_word' id='word_1_436' title='bbox 680 3827 760 3885; x_wconf 80' lang='lat' dir='ltr'>verbi</span> <span class='ocrx_word' id='word_1_437' title='bbox 783 3826 956 3897; x_wconf 90' lang='lat' dir='ltr'>ministerio,</span> <span class='ocrx_word' id='word_1_438' title='bbox 977 3837 1038 3883; x_wconf 90' lang='lat' dir='ltr'>tum</span> <span class='ocrx_word' id='word_1_439' title='bbox 1058 3842 1197 3883; x_wconf 85' lang='lat' dir='ltr'>sacrorum</span> 
     </span>
     <span class='ocr_line' id='line_1_49' title="bbox 80 3896 1197 3984; baseline 0.003 -32"><span class='ocrx_word' id='word_1_440' title='bbox 80 3896 285 3984; x_wconf 76' lang='lat' dir='ltr'>mysteriorum</span> <span class='ocrx_word' id='word_1_441' title='bbox 306 3900 540 3978; x_wconf 84' lang='lat' dir='ltr'>participationi,</span> <span class='ocrx_word' id='word_1_442' title='bbox 566 3923 650 3980; x_wconf 87' lang='lat' dir='ltr'>quarn</span> <span class='ocrx_word' id='word_1_443' title='bbox 678 3916 709 3959; x_wconf 94' lang='lat' dir='ltr'>ut</span> <span class='ocrx_word' id='word_1_444' title='bbox 729 3902 912 3978; x_wconf 86' lang='lat' dir='ltr'>quorundam</span> <span class='ocrx_word' id='word_1_445' title='bbox 933 3902 1088 3980; x_wconf 89' lang='lat' dir='ltr'>impiorum</span> <span class='ocrx_word' id='word_1_446' title='bbox 1110 3898 1197 3977; x_wconf 85' lang='lat' dir='ltr'>culpa,</span> 
     </span>
     <span class='ocr_line' id='line_1_50' title="bbox 81 3970 1198 4057; baseline 0.003 -29"><span class='ocrx_word' id='word_1_447' title='bbox 81 3994 122 4029; x_wconf 79' lang='lat' dir='ltr'>ers</span> <span class='ocrx_word' id='word_1_448' title='bbox 142 3970 189 4029; x_wconf 83' lang='lat' dir='ltr'>rlla</span> <span class='ocrx_word' id='word_1_449' title='bbox 215 3984 277 4032; x_wconf 91' lang='lat' dir='ltr'>tota</span> <span class='ocrx_word' id='word_1_450' title='bbox 303 3996 473 4033; x_wconf 85' lang='lat' dir='ltr'>evanescere</span> <span class='ocrx_word' id='word_1_451' title='bbox 493 3991 587 4055; x_wconf 81' lang='lat' dir='ltr'>quent</span> <span class='ocrx_word' id='word_1_452' title='bbox 639 3978 792 4037; x_wconf 86' lang='lat' dir='ltr'>Postremo</span> <span class='ocrx_word' id='word_1_453' title='bbox 820 3990 973 4057; x_wconf 88' lang='lat' dir='ltr'>reputent,</span> <span class='ocrx_word' id='word_1_454' title='bbox 1004 3978 1035 4035; x_wconf 89' lang='lat' dir='ltr'>in</span> <span class='ocrx_word' id='word_1_455' title='bbox 1062 3972 1198 4037; x_wconf 78' lang='lat' dir='ltr'>censenda</span> 
     </span>
     <span class='ocr_line' id='line_1_51' title="bbox 80 4046 993 4130; baseline 0.005 -24"><span class='ocrx_word' id='word_1_456' title='bbox 80 4046 202 4107; x_wconf 81' lang='lat' dir='ltr'>ecclesia</span> <span class='ocrx_word' id='word_1_457' title='bbox 221 4048 311 4127; x_wconf 83' lang='lat' dir='ltr'>pluris</span> <span class='ocrx_word' id='word_1_458' title='bbox 332 4070 393 4110; x_wconf 88' lang='lat' dir='ltr'>esse</span> <span class='ocrx_word' id='word_1_459' title='bbox 414 4053 541 4111; x_wconf 86' lang='lat' dir='ltr'>divinum</span> <span class='ocrx_word' id='word_1_460' title='bbox 563 4074 648 4130; x_wconf 80' lang='lat' dir='ltr'>quem</span> <span class='ocrx_word' id='word_1_461' title='bbox 669 4052 825 4112; x_wconf 87' lang='lat' dir='ltr'>humanum</span> <span class='ocrx_word' id='word_1_462' title='bbox 846 4054 993 4113; x_wconf 87' lang='lat' dir='ltr'>iudicium.</span> 
     </span>
     <span class='ocr_line' id='line_1_52' title="bbox 95 4123 1198 4210; baseline -0.004 -23"><span class='ocrx_word' id='word_1_463' title='bbox 95 4198 101 4210; x_wconf 31' lang='grc' dir='ltr'>ι</span> <span class='ocrx_word' id='word_1_464' title='bbox 154 4128 202 4187; x_wconf 76' lang='lat' dir='ltr'>tr.</span> <span class='ocrx_word' id='word_1_465' title='bbox 243 4126 333 4197; x_wconf 85' lang='lat' dir='ltr'>Quod</span> <span class='ocrx_word' id='word_1_466' title='bbox 355 4128 440 4186; x_wconf 87' lang='lat' dir='ltr'>etiam</span> <span class='ocrx_word' id='word_1_467' title='bbox 461 4128 626 4189; x_wconf 90' lang='lat' dir='ltr'>obtendunt</span> <span class='ocrx_word' id='word_1_468' title='bbox 646 4150 707 4187; x_wconf 83' lang='lat' dir='ltr'>rron</span> <span class='ocrx_word' id='word_1_469' title='bbox 728 4130 778 4189; x_wconf 89' lang='lat' dir='ltr'>abs</span> <span class='ocrx_word' id='word_1_470' title='bbox 798 4149 830 4188; x_wconf 93' lang='lat' dir='ltr'>re</span> <span class='ocrx_word' id='word_1_471' title='bbox 850 4143 978 4190; x_wconf 88' lang='lat' dir='ltr'>sanctam</span> <span class='ocrx_word' id='word_1_472' title='bbox 994 4127 1090 4190; x_wconf 87' lang='lat' dir='ltr'>vocari</span> <span class='ocrx_word' id='word_1_473' title='bbox 1111 4123 1198 4187; x_wconf 89' lang='lat' dir='ltr'>eccle-</span> 
     </span>
     <span class='ocr_line' id='line_1_53' title="bbox 79 4202 1196 4283; baseline 0 -25"><span class='ocrx_word' id='word_1_474' title='bbox 79 4219 160 4272; x_wconf 85' lang='lat' dir='ltr'>aram,</span> <span class='ocrx_word' id='word_1_475' title='bbox 179 4203 362 4280; x_wconf 84' lang='lat' dir='ltr'>perpendere</span> <span class='ocrx_word' id='word_1_476' title='bbox 382 4204 521 4264; x_wconf 87' lang='lat' dir='ltr'>convenit</span> <span class='ocrx_word' id='word_1_477' title='bbox 541 4224 597 4283; x_wconf 91' lang='lat' dir='ltr'>qua</span> <span class='ocrx_word' id='word_1_478' title='bbox 617 4205 738 4265; x_wconf 82' lang='lat' dir='ltr'>excellat</span> <span class='ocrx_word' id='word_1_479' title='bbox 756 4207 923 4267; x_wconf 90' lang='lat' dir='ltr'>sanctitate:</span> <span class='ocrx_word' id='word_1_480' title='bbox 943 4225 993 4281; x_wconf 89' lang='lat' dir='ltr'>ne,</span> <span class='ocrx_word' id='word_1_481' title='bbox 1011 4207 1036 4265; x_wconf 92' lang='lat' dir='ltr'>si</span> <span class='ocrx_word' id='word_1_482' title='bbox 1055 4202 1196 4265; x_wconf 84' lang='lat' dir='ltr'>ecclesiam</span> 
     </span>
     <span class='ocr_line' id='line_1_54' title="bbox 78 4274 1196 4363; baseline 0.003 -30"><span class='ocrx_word' id='word_1_483' title='bbox 78 4274 206 4340; x_wconf 84' lang='lat' dir='ltr'>nolimus</span> <span class='ocrx_word' id='word_1_484' title='bbox 223 4278 379 4341; x_wconf 81' lang='lat' dir='ltr'>admittere</span> <span class='ocrx_word' id='word_1_485' title='bbox 403 4279 459 4342; x_wconf 88' lang='lat' dir='ltr'>nisi</span> <span class='ocrx_word' id='word_1_486' title='bbox 479 4281 606 4363; x_wconf 69' lang='lat' dir='ltr'>numeris</span> <span class='ocrx_word' id='word_1_487' title='bbox 625 4282 762 4345; x_wconf 87' lang='lat' dir='ltr'>omuibus</span> <span class='ocrx_word' id='word_1_488' title='bbox 781 4282 959 4361; x_wconf 83' lang='lat' dir='ltr'>absolutam,</span> <span class='ocrx_word' id='word_1_489' title='bbox 982 4282 1089 4344; x_wconf 88' lang='lat' dir='ltr'>nullam</span> <span class='ocrx_word' id='word_1_490' title='bbox 1115 4277 1196 4339; x_wconf 88' lang='lat' dir='ltr'>relin-</span> 
     </span>
    </p>
   </div>
   <div class='ocr_carea' id='block_1_3' title="bbox 0 0 1302 4726">
    <p class='ocr_par' dir='ltr' id='par_1_3' title="bbox 0 0 1302 4726">
     <span class='ocr_line' id='line_1_55' title="bbox 0 0 1302 4726; baseline 0 0"><span class='ocrx_word' id='word_1_491' title='bbox 0 0 1302 4726; x_wconf 95' lang='lat' dir='ltr'> </span> 
     </span>
    </p>
   </div>
  </div>
 </body>
</html>
