2596 4726
468 198 591 261 unt
630 199 791 264 CARXI.
827 142 852 245 l·
1155 208 1195 269 83

131 351 181 412 ld·
221 344 283 405 lam
301 342 486 419 satiamulta,
504 343 626 437 opinor,
646 341 684 403 de
703 342 758 404 bae
775 362 810 403 rc
829 343 907 405 dicta
923 343 1038 423 ¹ferrent,
1058 345 1113 406 nisi
1132 367 1194 407 ma

52 443 125 483 nom
147 421 370 502 quodammodo
383 420 460 480 'mibi
479 418 655 481 inireeretS
698 421 772 481 odus
791 420 935 496 Nicaena,
959 442 1021 485 non
1044 421 1092 482 illa
1104 422 1192 493 ¹cele-

51 498 186 561 berrima
205 520 293 578 qoam
313 498 414 580 coegit
425 496 636 559 Constantinus
686 517 787 579 agnam
805 496 857 557 scd
878 517 952 577 quae
970 496 1073 559 Irene:
1091 497 1136 559 Im
1160 519 1193 559 e·

53 576 170 636 ratricir
197 575 277 637 iusso
301 585 333 634 et
352 594 403 633 aur
424 574 486 634 ieiis
505 587 574 634 ante
597 594 690 634 annos
708 574 789 634 octio
813 585 895 634 entos
921 573 1018 635 babita
1038 587 1091 635 est.
1161 595 1192 634 e·

55 652 150 713 erevit
174 651 254 711 enim
280 671 342 711 non
367 595 515 711 habendas
545 650 636 711 modo
660 650 690 709 in
722 592 838 729 tcmpdis
865 670 928 710 esse
952 649 1110 732 imagines,
1140 651 1192 713 sed

54 728 145 791 etim
170 727 342 788 adorandas.
394 726 542 806 Quicquid
567 729 645 788 enim
675 725 812 802 dixerim,
841 746 980 807 magnum
1004 748 1037 786 er
1070 727 1193 788 adverso

55 804 270 885 praeiudicium
288 802 520 884 aiicretSynodi
538 802 704 864 auctoritas.
741 802 816 878 Etsi,
835 815 868 862 ut
887 823 987 863 verum
1007 803 1110 878 fatear,
1130 825 1192 864 non

55 893 114 942 tam
135 880 195 941 boc
219 899 270 939 me
292 891 407 953 moret,
431 900 516 958 quam
545 892 578 940 nt
602 890 742 960 appareat
768 878 945 951 lectoribus,
965 901 1105 959 quorsum
1125 899 1192 941 eva-

55 959 127 1018 serit
144 977 250 1016 eorum
269 955 364 1028 furor,
383 955 433 1036 qui
453 956 612 1037 imaginum
623 955 714 1036 magia
734 956 854 1016 suerunt
872 977 907 1017 cu
931 955 982 1034 idi,
1003 952 1091 1036 ipuam
1104 955 1192 1017 Cbri-
1222 1006 1227 1011 .

56 1033 166 1094 :danos
187 1029 320 1093 decebat.
359 1031 420 1092 Sed
445 1032 502 1093 boc
527 1032 864 1112 primumpapediamus.
905 979 966 1106 ὃιιί
991 1032 1080 1093 hodie
1104 1032 1193 1092 simu·

56 1108 205 1170 lucrorum
215 1129 298 1169 usum
317 1119 448 1184 tuentur,
466 1108 612 1169 Nicaenae
622 1108 700 1175 illius
712 1108 829 1185 Synodi
849 1109 1043 1188 patrocinium
1056 1106 1194 1190 allegant.

57 1184 158 1245 Erant
177 1196 275 1245 antem
300 1183 491 1246 refutatorius
515 1184 592 1244 liber
615 1185 670 1247 sub
692 1183 792 1245 Caroli
810 1185 911 1265 Magni
938 1186 1074 1260 nomine,
1104 1207 1192 1266 quem

56 1282 90 1322 ex
108 1261 243 1323 dictione
262 1259 403 1343 colligere
422 1261 492 1321 licet
511 1262 616 1322 eodem
637 1258 724 1321 inisse
744 1272 878 1341 tempore
889 1262 1095 1343 compositum.
1125 1261 1192 1323 Illic

57 1338 274 1418 Episcoporom
304 1337 483 1413 sententiae,
517 1337 568 1418 qui
587 1336 714 1398 concilio
738 1338 954 1413 interfuerunt,
981 1336 1142 1399 recitantur
1162 1349 1193 1398 et
1233 1384 1236 1394 .

57 1435 87 1475 ar
129 1425 230 1473 menta
251 1413 356 1492 quibus
376 1427 553 1496 pugnarunt.
596 1413 677 1473 Dixit
695 1413 823 1475 Ioannes
842 1414 955 1496 legatus
976 1414 1191 1475 Orientalium:

111 1491 208 1551 rearit
225 1490 308 1550 Deua
332 1488 481 1551 bominem
500 1490 535 1550 ad
554 1490 709 1572 imaginem
727 1496 844 1555 auam“:
862 1503 951 1571 atque
970 1491 1040 1551 inde
1060 1490 1193 1572 collegit,

58 1533 207 1629 babendas
231 1567 323 1648 igitur
346 1587 408 1627 esse
424 1567 581 1647 imagines.
625 1566 711 1626 Idem
743 1568 942 1628 commendari
968 1567 1054 1629 nobis
1079 1568 1193 1647 putavit

59 1643 200 1725 imagines
219 1644 274 1705 bac
293 1646 453 1704 sententia:
475 1643 634 1717 „Ostende
653 1642 725 1703 mihi
745 1643 848 1707 faciem
868 1657 958 1719 tuam,
977 1645 1046 1724 quia
1057 1644 1191 1723 speciosa

58 1724 139 1782 est.“
186 1720 286 1793 Alius,
311 1732 344 1780 ut
363 1720 505 1799 probaret
528 1720 716 1781 collocandas
740 1739 802 1780 esse
827 1721 857 1780 iu
882 1720 1040 1796 altaribus,
1062 1721 1120 1781 boc
1143 1731 1215 1780 te·-

56 1796 228 1859 ttimonium
249 1796 361 1856 citavit:
392 1798 512 1871 „Nemo
534 1797 667 1858 accendit
693 1795 857 1871 lucernam,
889 1809 919 1856 et
945 1796 1032 1877 ponit
1051 1816 1115 1856 eam
1135 1795 1192 1859 sub

57 1876 198 1935 modio.“
249 1872 349 1946 Alius,
380 1884 413 1932 ut
438 1894 537 1933 earum
572 1884 722 1953 aspectum
754 1873 840 1932 nobis
871 1873 973 1932 utilem
1002 1882 1192 1946 monstraret,

58 1951 175 2011 adduxit
189 1968 305 2011 versum
326 1968 359 2009 ex
379 1949 509 2009 Psalmo:
529 1949 709 2030 „Signatum
730 1960 882 2028 estsuper
901 1970 956 2010 nos
976 1948 1076 2008 lumen
1096 1948 1191 2008 vultus

57 2028 115 2101 toi,
134 2025 302 2085 Domine.“
335 2025 419 2084 Alius
435 2026 652 2086 similitudinem
668 2024 743 2084 banc
753 2024 811 2084 arri
834 2026 887 2100 uit,
908 2023 1191 2086 SicutPatriarcbae

59 2105 103 2162 usi
122 2115 190 2162 sunt
209 2100 353 2162 Gentium
373 2102 532 2176 sacrificiis,
559 2102 598 2162 ita
619 2101 791 2163 Christianis
812 2046 959 2162 latendas
980 2120 1042 2162 esse
1062 2100 1190 2161 Sancto·

59 2200 125 2238 rum
142 2179 196 2238 ima
219 2179 281 2238 ines
322 2201 357 2239 ro
378 2178 464 2239 idolis
485 2178 637 2238 Gentium.
680 2177 966 2238 Eodem-torserunt
985 2176 1071 2237 illud:
1096 2177 1192 2253 „Do·
1260 2235 1263 2246 ,

60 2255 157 2328 mine,
180 2198 264 2314 diesi
293 2202 429 2315 decorem
455 2255 560 2316 domus
585 2259 690 2316 tuae.“
734 2254 795 2314 Sed
814 2255 955 2336 imprimis
975 2254 1128 2337 ingeniosa
1148 2264 1193 2315 est

60 2330 114 2391 ista
131 2333 350 2411 interpretatio:
381 2333 451 2404 „Ut
470 2332 648 2407 audivimus,
672 2332 711 2391 ita
732 2344 762 2391 et
780 2331 938 2392 vidimus.“
984 2331 1082 2392 Deum
1101 2330 1192 2413 igitur

60 2428 121 2467 uon
139 2406 204 2467 solo
223 2408 309 2466 verbi
328 2409 428 2467 auditu
450 2408 599 2491 cognosci,
618 2409 669 2469 sed
690 2408 776 2468 etiarn
797 2409 956 2489 imaginum
975 2419 1103 2489 aspectu.
1141 2406 1190 2467 Si·

57 2482 128 2543 mile
156 2483 312 2545 Theodori
342 2485 481 2576 Episcopi
508 2506 647 2545 acumen:
688 2484 870 2558 „lllirabilis,
902 2486 1015 2576 inquit,
1046 2483 1128 2543 Deus
1159 2483 1190 2543 iu

56 2563 163 2621 sanctis
182 2560 281 2620 suis:“
300 2572 380 2641 atqui
400 2560 468 2621 alibi
480 2561 624 2621 babetur:
645 2562 782 2635 „Sanctis
792 2562 842 2641 qui
852 2573 922 2621 sunt
941 2566 1096 2621 anterra:“
1116 2579 1190 2640 ergo

54 2637 91 2697 ad
111 2635 252 2718 imagines
273 2636 330 2698 boc
349 2638 455 2697 reterri
474 2638 572 2698 debet.
611 2638 746 2717 Denique
766 2649 825 2698 tam
846 2637 963 2717 putidae
986 2648 1057 2699 sunt
1074 2637 1191 2698 insulsi·

55 2724 141 2788 ntes,
160 2725 195 2773 ut
213 2733 260 2773 eas
281 2713 393 2773 referre
412 2735 460 2774 me
480 2735 598 2795 quoque
618 2715 724 2796 pigeat.

134 2795 182 2854 15.
222 2789 283 2849 Ubi
302 2790 339 2851 de
358 2791 531 2852 adoratione
551 2792 717 2871 disputant,
736 2790 798 2850 illic
816 2789 948 2853 adoratio
970 2800 1000 2850 ct
1017 2787 1191 2864 Pharaonis,

55 2876 89 2927 et
107 2867 153 2928 vir
175 2884 208 2924 ae
227 2865 352 2946 Iosepb,
376 2879 405 2927 et
424 2867 502 2927 tituli
522 2887 608 2947 quem
629 2868 720 2927 erexit
738 2866 847 2944 Iacob,
868 2868 899 2926 io
919 2866 1047 2925 medium
1067 2866 1190 2926 adduci-

54 2955 115 3004 tur.
154 2886 243 3016 {uan
267 2965 333 3003 uam
353 2943 384 3002 in
405 2943 461 3005 boc
481 2957 630 3024 postremo
645 2964 706 3003 noo
726 2955 839 3003 tantum
852 2944 1012 3018 depravant
1021 2941 1191 3021 Scripturas

55 3039 192 3093 sensum,
214 2963 265 3079 sed
289 3020 433 3099 arripiunt
451 3021 531 3100 quod
558 3042 697 3099 nusquam
719 3019 836 3102 legitor.
879 3020 906 3079 T
910 3041 956 3077 nm
978 3018 1041 3091 illa,
1061 3019 1192 3078 Adorate

53 3094 214 3156 scabellum
249 3096 355 3175 pedum
386 3097 463 3157 eius:
501 3097 588 3171 item,
619 3097 750 3156 Adorate
779 3098 809 3156 iu
839 3106 942 3156 monte
973 3107 1074 3156 sancto
1111 3094 1188 3155 eius:

54 3173 142 3246 item,
171 3169 289 3231 Vultum
316 3184 399 3231 tuum
425 3173 461 3232 de
484 3172 662 3233 recabuotur
687 3193 789 3235 omnes
814 3173 917 3233 divites
968 3170 1057 3231 lobis:
1090 3171 1191 3231 firmae

55 3246 214 3307 admodum
236 3260 266 3307 et
284 3250 433 3329 appositae
453 3194 509 3309 illis
528 3249 664 3309 ridentur
683 3249 885 3340 probationes.
959 3248 968 3306 i
989 3247 1052 3327 quis
1074 3268 1126 3329 per
1146 3248 1190 3308 lu·

56 3325 184 3384 dibrium
204 3325 367 3385 attribuere
392 3327 549 3406 imaginum
576 3337 706 3405 patronas
731 3325 880 3385 ridiculam
908 3343 1065 3406 personam
1091 3324 1190 3398 vellet,

55 3413 196 3480 possetne
215 3406 341 3463 maiores
361 3414 391 3461 et
410 3403 564 3463 crassiores
585 3402 726 3484 colligere
748 3401 890 3482 ineptias?
928 3401 972 3461 Ac
994 3421 1031 3459 ne
1052 3423 1109 3480 qua
1128 3423 1189 3461 am-

56 3477 132 3557 plius
152 3489 276 3536 restaret
300 3476 459 3550 dubitatio,
483 3478 669 3538 Theodosius
693 3479 827 3539 blirensis
845 3478 1010 3560 Episcopus
1029 3478 1191 3538 adorandas

57 3573 119 3613 ease
144 3554 286 3634 imagines
305 3553 513 3614 Arcbidiaconi
539 3555 582 3615 sui
606 3555 727 3615 somniis
752 3567 809 3615 tam
835 3556 912 3614 serio
937 3555 1108 3630 confirmat,
1131 3555 1191 3615 acsi

58 3629 206 3689 oraculum
227 3630 357 3690 coeleste
377 3633 406 3689 in
428 3643 566 3711 promptu
586 3631 718 3691 baberet.
768 3633 846 3691 Eant
870 3652 948 3691 nunc
968 3629 1188 3691 simulacrorum

60 3705 197 3782 lautores,
216 3718 248 3767 et
268 3706 383 3788 Synodi
403 3708 523 3768 decreto
544 3728 598 3768 nos
617 3717 752 3788 urgeant.
792 3708 885 3783 Quasi
895 3728 968 3767 vero
989 3730 1050 3766 non
1070 3727 1189 3766 omnem

59 3780 111 3842 sibi
129 3782 217 3843 fidem
237 3783 384 3864 abrogent
396 3783 553 3844 venerandi
573 3782 614 3842 illi
656 3797 743 3860 atres,
763 3783 927 3863 Scripturas
947 3782 992 3845 rel
1013 3795 1071 3843 tam
1092 3783 1191 3863 pueri·

61 3858 124 3920 liter
142 3860 309 3933 tractando,
331 3860 374 3921 vel
395 3873 454 3921 tam
474 3859 562 3940 impie
581 3806 727 3940 foedeque
747 3860 912 3922 lacerando.
972 3922 975 3929 ,
1027 3920 1032 3929 ,
1113 3920 1117 3929 ,

131 3944 181 4003 16.
225 3936 321 3996 Venio
341 3959 419 3998 nunc
439 3937 474 3997 ad
494 3938 673 4018 impietatum
694 3951 843 4028 portenta,
862 3957 938 4017 quae
949 3955 1085 3996 evomere
1105 3956 1191 3995 ausos

59 4032 119 4073 esse
143 4014 250 4072 mirum
277 4025 336 4073 est:
368 4036 428 4073 oon
462 4013 547 4073 tuisse
572 4026 668 4074 antem
692 4014 749 4073 illis
776 4014 962 4074 reclamatum
988 4035 1054 4072 cum
1079 4032 1192 4072 surnma

59 4089 188 4149 omnium
210 4090 423 4164 detestatione,
442 4089 486 4150 bis
505 4089 620 4150 mirum.
671 4088 770 4170 Atque
796 4093 870 4151 banc
896 4091 1068 4172 flagitiosam
1089 4108 1191 4149 amen-

60 4166 125 4225 tiam
148 4167 265 4227 traduci
291 4168 423 4247 expedit,
454 4178 487 4228 ut
510 4166 611 4227 saltem
632 4167 715 4228 sucus
735 4168 929 4305 antiquitap's,
949 4186 1037 4247 quem
1059 4166 1193 4246 Papistae

61 4242 245 4320 obtendunt,
273 4242 495 4304 simulacmrum
524 4243 616 4321 cultui
647 4244 825 4305 detrabatur.
875 4243 1061 4304 'beodosius
1085 4240 1192 4303 Amori

63 4316 222 4401 Episcopus
253 4318 409 4380 anathema
427 4333 527 4400 crepat
544 4322 682 4383 adversus
702 4343 821 4398 omncs,
845 4322 896 4399 qui
921 4320 1062 4402 imagines
1086 4319 1195 4379 nolunt

838 4399 888 4461 6*
