2596 4726
120 204 178 265 tw
506 196 583 257 tto.
603 197 629 258 1.
670 196 760 259 CAP.
778 194 861 257 XIV.

123 363 172 401 ena
197 361 263 400 euna
290 340 460 400 enitendum
479 352 542 412 est,
573 342 624 423 qui
654 340 731 401 illius
757 338 979 400 exstinctionem
997 335 1131 399 molitor.
1170 333 1205 397 Si
1223 328 1262 396 ad

126 439 159 477 re
183 440 250 475 num
271 418 381 477 eluisti
403 420 591 477 asserendum
610 418 729 479 animati
747 439 857 491 sumus,
875 428 909 475 ut
925 425 1055 495 oportet,
1074 432 1195 473 neeesse
1215 422 1262 473 est

127 438 214 554 nobis
234 494 477 553 irreconciliabile
490 516 554 554 cuns
567 514 604 553 eo
625 494 733 554 bellum
754 514 826 570 esse,
840 492 890 572 qui
910 492 940 551 in
960 490 1037 551 illius
1055 492 1169 549 ruinam
1185 510 1260 551 eon·

126 572 224 650 spirat.
264 570 372 629 Rursus
391 572 415 631 si
435 594 491 649 qua
511 570 609 631 salutis
630 582 826 629 nostraeeura
847 590 901 629 uos
922 570 1024 647 tangit,
1043 587 1099 627 nec
1119 586 1183 644 pax,
1203 583 1260 627 nee

126 646 260 705 induciae
281 668 345 707 cerm
366 668 402 707 eo
425 648 510 707 uobis
531 667 592 707 esse
614 646 733 719 debent,
753 648 802 724 qui
823 645 853 703 in
874 644 933 704 eius
961 644 1119 723 perniciem
1146 642 1261 702 assidue

127 724 243 783 insidias
264 724 366 781 tendit.
406 724 433 781 T
435 722 486 783 alis
506 737 601 782 autem
623 723 798 781 describitur
814 720 891 780 Gen.
905 740 968 799 cap.
980 726 1019 793 3,
1038 718 1090 779 nbi
1108 716 1261 778 bominem

128 800 166 859 ab
178 800 357 869 obedientia,
378 822 463 879 quarn
476 800 541 859 lieo
562 799 700 871 debebat,
719 799 847 871 abducit,
866 809 900 854 11
918 794 1003 855 sinrul
1023 806 1052 854 et
1065 794 1161 854 Deum
1181 794 1261 853 iusto

128 876 245 935 bonore
264 877 386 954 spoliet,
417 889 447 934 et
472 876 620 935 bominem
645 876 738 953 ipsum
759 876 789 933 in
809 874 924 933 ruinam
944 871 1128 961 praecipitet.
1178 869 1262 931 Talis

130 953 216 1011 etiam
243 953 271 1010 iu
301 952 491 1031 lisangelistis
514 951 634 1029 (lllattb.
656 958 707 1023 l3,
725 952 803 1025 25),
836 950 884 1009 ubi
911 948 1041 1007 inimicus
1067 958 1205 1017 vocatur,
1229 956 1264 1007 et

129 1048 267 1107 spargere
288 1028 400 1087 zizania
424 1028 460 1085 nd
487 1028 733 1107 corrumpendum
753 1028 828 1085 sitae
853 1037 989 1085 aeternae
1015 1043 1116 1083 remen
1142 1022 1262 1083 dicitnr.

130 1105 166 1162 ln
187 1126 312 1173 suunna,
337 1104 416 1183 qrrod
437 1104 473 1163 de
498 1106 561 1183 ipso
583 1116 704 1163 testatur
725 1104 858 1163 Christus
879 1102 939 1177 (lo.
959 1106 993 1171 δ’,
1012 1102 1092 1177 tn),
1113 1098 1150 1158 ab
1171 1098 1262 1159 initio

131 1181 220 1239 luisse
241 1180 414 1239 homicidam
435 1194 465 1239 ct
484 1180 669 1254 mendacem,
693 1180 723 1238 in
745 1180 881 1238 omnibus
902 1177 962 1235 eius
988 1176 1068 1235 iactis
1087 1176 1263 1253 experimur.

131 1256 290 1315 lllemlaciis
312 1258 389 1315 eninr
409 1258 557 1315 ceritatem
579 1258 636 1315 llei
656 1278 674 1315 o
700 1268 823 1336 pugnat:
844 1254 939 1313 lucem
960 1251 1090 1311 tenebris
1109 1252 1263 1311 obscurat:

131 1332 286 1393 bominum
302 1345 414 1391 urentes
434 1332 564 1411 implicat
583 1280 745 1391 erroribus:
767 1332 833 1391 odia
846 1331 980 1401 suscitat,
999 1326 1208 1387 contentiones
1226 1346 1262 1389 ac

131 1429 243 1487 pugnas
259 1408 403 1467 accendit:
425 1410 521 1467 unrnia
543 1410 572 1466 in
595 1429 660 1467 curu
680 1408 778 1479 linem,
798 1405 900 1465 utllei
919 1426 950 1464 re
973 1425 1042 1462 num
1062 1414 1185 1477 evertat,
1206 1402 1263 1463 lto·

131 1487 225 1543 mines
244 1484 274 1542 in
295 1496 446 1543 aeternum
467 1486 615 1544 interitum
628 1504 725 1545 seeum
740 1485 897 1563 demergat.
967 1481 1023 1537 nde
1036 1490 1151 1540 constat
1167 1480 1263 1559 ipsum

130 1572 232 1619 natura
251 1582 381 1638 pravum,
402 1560 557 1651 malignum
577 1582 611 1621 ac
631 1559 804 1620 malitiosum
824 1578 897 1621 esse.
934 1560 1009 1618 Nam
1029 1556 1058 1615 io
1070 1575 1107 1615 eo
1127 1554 1264 1637 ingenio,

132 1636 212 1715 quod
234 1638 268 1695 ad
289 1636 409 1717 gloriam
423 1638 480 1695 Der
501 1648 531 1695 et
552 1638 701 1696 bominum
721 1636 841 1695 salutem
862 1633 1058 1712 impetendam
1079 1632 1188 1691 lactum
1207 1642 1269 1707 eet,

130 1732 270 1771 summam
291 1712 458 1792 pravitatem
479 1733 541 1772 esse
561 1724 689 1791 oportet.
729 1713 794 1771 lloc
815 1711 904 1769 etiam
923 1708 1067 1791 significat
1084 1708 1212 1769 loannes
1231 1706 1264 1767 in

132 1789 326 1865 epistolasua,
348 1812 435 1863 qrrum
455 1788 559 1857 scribit
579 1810 644 1847 eum
666 1788 702 1847 ab
724 1788 808 1846 initio
830 1806 951 1867 peccare
970 1784 1010 1864 (1.
1023 1804 1070 1863 ep.
1079 1790 1111 1858 3,
1120 1786 1176 1861 8.)-
1213 1782 1264 1843 Si·
1293 1854 1296 1859 Ι

132 1865 249 2001 puidem
276 1866 430 1945 iutelligit,
462 1868 554 1946 ipsum
587 1865 682 1925 onmis
707 1864 835 1925 malitiae
861 1875 892 1923 et
915 1862 1075 1942 iniquitatis
1100 1872 1265 1939 aucmren,

100 1986 107 2012 ,
154 1962 246 2011 ucenr,
265 1942 463 2001 architectum.

209 2024 256 2081 ’16-
294 2020 383 2097 Atqui
403 2041 491 2096 quum
512 2041 529 2079 a
548 2021 615 2080 Deo
636 2020 771 2081 conditus
790 2018 828 2080 eit
846 2016 993 2092 diabolus,
1013 2015 1090 2075 banc
1108 2012 1263 2091 malitiam,

133 2114 221 2185 quam
242 2094 303 2153 eius
323 2106 440 2154 naturae
460 2096 628 2165 tribuimus,
662 2118 721 2157 non
744 2096 962 2165 excreatione,
991 2092 1042 2152 sed
1068 2111 1102 2149 ex
1121 2090 1263 2171 deprave-

87 2168 93 2187 ¹
132 2181 216 2230 tronc
237 2189 299 2229 esse
324 2172 547 2231 meminerimus.
599 2173 678 2245 Quie
701 2172 748 2230 nid
781 2173 858 2231 cuim
883 2168 1045 2229 damnabile
1074 2165 1182 2241 babet,
1212 2166 1264 2227 de·

133 2246 265 2305 lectione
276 2260 306 2304 et
326 2246 404 2325 lapsu
425 2249 479 2305 sibi
491 2249 646 2307 arcessivit.
720 2248 789 2307 uod·
799 2249 865 2308 ideo
881 2268 935 2306 nos
947 2246 1086 2304 admonet
1099 2242 1264 2323 Scriptura,

133 2342 173 2381 ne
191 2322 277 2379 talem
299 2326 450 2383 credentes
470 2346 485 2383 a
506 2325 572 2383 lleo
592 2325 749 2403 prodiisse,
769 2324 835 2384 Deo
856 2324 909 2400 ipsi
930 2321 1107 2381 ascribamur
1127 2318 1265 2399 qoedeat

133 2398 171 2457 ab
193 2419 229 2457 eo
255 2398 466 2458 alienissimum.
511 2402 572 2460 Hac
599 2403 713 2460 ratione
739 2401 892 2459 denuntiat
913 2398 1044 2459 Christus
1063 2395 1124 2475 (lo.
1143 2402 1180 2467 8,
1196 2396 1263 2471 db)

133 2476 270 2534 Satanam
293 2496 325 2532 ex
347 2479 469 2554 propriis
491 2476 580 2567 loqui,
601 2500 688 2555 quum
710 2478 892 2536 mendacium
911 2474 1052 2553 loquitur,
1072 2483 1102 2531 et
1117 2474 1262 2531 rationem

134 2551 237 2629 ponit,
258 2552 322 2628 quia
344 2573 403 2609 nou
425 2555 506 2611 stetit
527 2576 556 2615 sn
577 2555 707 2612 veritate.
747 2555 837 2613 Certe
857 2572 946 2631 quum
967 2552 995 2609 in
1017 2550 1138 2621 veritate
1160 2548 1263 2627 persti-

133 2628 202 2687 tisse
224 2640 325 2703 negat,
352 2629 445 2687 inaruit
474 2629 630 2707 aliquando
657 2630 686 2688 in
712 2630 867 2688 caluisse:
900 2640 930 2687 et
950 2648 1039 2705 quum
1060 2637 1172 2703 patrem
1193 2622 1262 2685 lacit

133 2703 295 2775 mendacii,
318 2704 376 2763 boc
401 2705 441 2764 illi
463 2707 562 2766 adiurit
583 2728 619 2765 ne
639 2707 705 2765 Deo
726 2707 826 2765 vitium
852 2705 990 2783 imputet,
1022 2706 1103 2761 cuius
1123 2700 1188 2779 ipse
1206 2698 1262 2759 ribi

134 2801 218 2839 eausa
239 2780 302 2839 luit.
355 2782 531 2861 Quanquam
558 2796 653 2841 antem
682 2783 751 2841 baec
776 2783 904 2841 breviter
927 2789 1045 2839 suntet
1068 2776 1165 2835 minos
1185 2775 1262 2837 clare

136 2857 223 2925 dicta,
245 2859 279 2915 ad
302 2858 330 2915 id
353 2870 448 2916 tamen
469 2860 585 2918 abunde
604 2860 762 2932 sufficiunt,
782 2859 882 2917 utllei
903 2858 1034 2915 maiestas
1053 2853 1089 2914 ab
1110 2853 1194 2913 omni
1213 2874 1262 2914 ca·

133 2931 243 2992 lumnia
263 2934 434 2992 vindicetur.
485 2936 524 2994 Et
544 2937 611 3014 quid
633 2948 731 2995 nostra
752 2935 843 2994 relert
861 2933 907 2992 sel
932 2931 1029 3011 plura,
1058 2928 1105 2989 sel
1124 2929 1155 2988 in
1176 2928 1261 2990 alium

133 3009 221 3068 finem
248 3011 283 3067 ile
304 3011 425 3069 diabolis
449 3012 541 3071 seire?
587 3013 728 3071 Frensunt
752 3011 887 3071 nonnulli
911 3008 991 3089 quod
1018 3026 1080 3065 non
1106 3006 1213 3065 ordine
1231 3014 1261 3065 er

134 3086 269 3145 distincte
290 3086 398 3165 lapsum
420 3088 499 3145 illurn
527 3090 645 3167 eiusque
665 3109 796 3159 causam,
819 3087 953 3157 modum,
981 3096 1111 3161 tempos,
1134 3080 1261 3161 speciem

132 3162 267 3240 pluribus
293 3162 365 3221 locis
391 3162 542 3243 Scriptura
568 3176 702 3244 exponat.
753 3164 812 3223 Sed
838 3163 904 3242 quia
937 3162 1007 3219 baec
1038 3158 1111 3218 nibil
1136 3160 1172 3217 ad
1196 3178 1261 3231 nne,

134 3238 236 3295 melius
258 3238 326 3310 suit,
357 3240 381 3296 si
407 3261 468 3298 nou
495 3240 633 3299 subtiecri
658 3242 686 3299 in
712 3252 823 3313 totum,
857 3252 886 3297 at
912 3249 992 3297 certe
1016 3235 1119 3295 leviter
1143 3234 1260 3315 attingi:

134 3314 200 3392 quia
221 3336 275 3373 uec
297 3315 407 3393 Spiritu
427 3330 527 3374 sancto
549 3318 667 3393 dignum
690 3318 752 3389 luit,
772 3316 905 3375 inanibus
927 3314 1063 3387 historiis,
1080 3312 1144 3371 eine
1165 3311 1261 3373 lructtt

134 3390 331 3449 curiositatem
360 3414 490 3469 pascere:
517 3407 545 3451 et
569 3393 778 3452 videmus-boc
804 3392 891 3451 luisse
910 3390 1040 3448 Domino
1067 3388 1261 3468 propositum,

133 3466 207 3524 nillil
235 3468 264 3523 in
288 3470 374 3525 sacris
399 3469 456 3527 suis
484 3468 605 3530 oraculis
633 3469 747 3528 tradere
773 3468 853 3547 quod
882 3488 941 3525 non
967 3466 1004 3524 od
1028 3464 1261 3526 aedificationem

134 3543 318 3600 disceremus.
359 3545 439 3619 Ergo
461 3565 497 3602 ne
521 3547 704 3623 supervacuis
725 3546 777 3625 ipsi
799 3545 1002 3616 immoremur,
1021 3541 1156 3601 contenti
1174 3539 1261 3601 sitnttt

133 3617 192 3677 lroc
213 3619 344 3677 breviter
365 3622 471 3678 babere
497 3622 533 3679 de
559 3622 740 3680 diabolorum
761 3633 872 3693 natura,
894 3619 980 3678 luisse
1001 3619 1093 3696 prima
1113 3616 1262 3677 creatione

134 3695 337 3773 angelosllci:
359 3699 408 3755 sed
430 3698 637 3775 degenerando
648 3720 678 3757 se
702 3698 869 3777 perdidisse,
889 3708 918 3753 et
938 3695 1000 3753 aliis
1021 3694 1113 3753 laetos
1134 3712 1198 3754 esse
1216 3692 1263 3753 in-

133 3783 293 3829 strumenta
322 3774 501 3847 perditionis.
547 3774 613 3831 lloc
641 3777 708 3851 quia
735 3775 803 3831 utile
830 3771 948 3853 cognitu
975 3784 1053 3845 erat,
1083 3770 1161 3830 clare
1185 3766 1262 3851 apud

134 3845 254 3905 Petrum
276 3859 305 3904 et
325 3849 424 3906 1111111
447 3850 569 3907 docetor
589 3850 734 3923 (ll.l'ctr.
754 3859 784 3919 2,
804 3856 831 3911 d.
851 3848 914 3907 1111.
926 3870 953 3905 r.
964 3850 1020 3923 ti.):
1041 3848 1111 3921 „An
1136 3846 1199 3921 elis,
1218 3847 1263 3906 in·

134 3923 249 4001 quiunt,
263 3924 312 3999 spii
324 3938 513 4003 peccaverant
529 3946 582 3983 nec
594 3939 738 3984 servarant
751 3948 830 3985 stram
843 3926 998 3999 originem,
1018 3925 1068 3981 sed
1083 3866 1263 4002 reiiquerant

133 4018 217 4057 enum
238 4000 427 4075 ‹lenuis-ilium,
449 4024 508 4059 111
530 4004 661 4079 pepercit
681 4003 793 4061 llcus.“
831 4002 871 4059 Et
890 4002 996 4059 l'aulus
1016 4000 1055 4075 (l.
1069 4000 1147 4059 Tim·
1159 4006 1189 4071 5,
1200 4000 1262 4077 Ι11.)

135 4073 245 4133 eleetos
266 4076 397 4151 ¹lngelos
422 4080 590 4149 nominans,
611 4078 685 4136 baud
713 4079 799 4137 dubie
820 4078 962 4155 reprobos
981 4077 1068 4135 tacite
1088 4076 1226 4157 opponit.

210 4156 256 4214 17·
297 4152 447 4225 (11111111
467 4175 537 4213 sero
563 4155 598 4212 ad
626 4155 800 4214 discordiam
826 4166 856 4213 ct
882 4173 1007 4233 pugnarn
1028 4152 1260 4232 attinet,'quaor

132 4225 258 4287 Satanae
278 4248 343 4287 cuna
354 4230 421 4289 Deo
434 4252 495 4291 esse
507 4230 638 4302 dicimus,
658 4232 700 4290 sic
711 4233 842 4310 accipere
854 4240 984 4309 oportet,
1004 4241 1037 4287 ut
1047 4228 1134 4287 fixum
1144 4228 1261 4289 interim

131 4300 202 4363 illud
222 4316 353 4382 maneat,
384 4306 482 4383 illum,
511 4307 568 4367 nisi
587 4308 705 4371 volente
729 4318 760 4367 et
784 4318 932 4369 anuueute
951 4304 1035 4381 lleo,
1064 4304 1140 4367 nibil
1165 4304 1262 4367 lacere
