2700 4732
493 226 567 287 uttt.
588 226 642 287 lll.
682 230 771 291 tldl’.
792 230 854 289 xt'.
1196 236 1234 297 d'l

106 370 250 433 orationis
275 380 415 430 contextu
439 370 539 453 liquot
583 372 618 431 lu
643 372 774 451 Epistola
798 372 834 432 ad
859 370 1009 433 llebraeos
1032 387 1158 437 nonest
1179 396 1235 439 cur

106 447 256 539 decipulas
279 446 310 506 in
329 445 452 507 verbulo
477 468 538 508 uno
558 449 643 508 nobis
662 449 798 509 tendant:
827 450 947 585 quando
967 452 996 509 in
1017 454 1128 533 graecls
1148 455 1232 533 apo-

106 524 177 585 stoli
197 523 293 583 verbis
313 522 384 581 nibil
403 522 481 583 aliud
501 523 627 585 babetur
657 546 720 584 uam
739 525 811 585 intes
847 529 934 584 ossius
947 526 1066 601 placere
1084 542 1233 608 acceptas·

130 620 167 660 ue
187 620 249 659 esse
270 600 345 657 lleo.
383 600 417 657 ld
442 622 532 659 unum
557 546 673 660 abunde
698 600 832 661 sulficere
858 602 963 661 debeat
982 604 1018 663 ad
1042 624 1233 684 compescen-

107 622 176 737 dam
195 676 466 755 retunilcndamque
483 689 600 735 nostrae
619 676 773 757 superbiae
791 678 986 752 insolentiam,
1006 701 1042 739 ne
1063 702 1146 761 quam
1159 702 1233 762 ope-

107 752 191 813 ribus
220 752 391 835 dignitatem
421 750 495 811 ultra
524 752 694 833 Scriptum
725 754 878 815 formulam
909 755 1088 837 affingamus.
1136 757 1233 817 Porro

108 828 280 909 Scripturas
292 828 426 889 doctrina
438 840 491 901 est,
510 848 626 919 aspersa
646 847 707 889 esse
718 843 870 965 perpetuo
884 830 1018 891 sordibus
1038 832 1135 891 multis
1155 833 1234 903 bona

108 916 210 965 nostra
230 924 329 1039 appu,
349 901 454 983 quibus
473 917 580 964 merito
596 904 677 964 Deus
696 928 714 967 o
742 908 927 981 cudatur,'ac
946 906 1031 968 uobis
1050 920 1231 971 succenseat:

107 982 223 1040 lantum
242 1000 258 1039 a
280 990 324 1039 est
343 992 375 1038 ut
393 980 438 1039 vel
459 979 616 1041 conciliare
641 982 721 1041 illuni
747 982 831 1043 nobis
851 994 976 1117 queant,
1008 983 1054 1043 vel
1079 985 1140 1045 eius
1164 1004 1232 1077 erga

110 1076 166 1117 nos
185 1054 407 1116 beneficentiam
428 1077 604 1136 provocare:
630 1058 696 1149 quia
719 1071 815 1117 tamen
843 1059 851 1117 i
875 1080 890 1118 a
911 1079 964 1139 pro
984 1082 1033 1121 sua
1052 1060 1234 1141 indulgentia

109 1152 173 1193 non
193 1132 256 1191 iure
274 1152 386 1192 summo
407 1132 564 1205 examinat,
583 1135 710 1223 perinde
729 1135 862 1213 accipere
881 1137 938 1195 acsi
957 1136 1106 1216 purissima
1127 1150 1233 1215 essent,

109 1208 239 1299 ideoque
258 1206 329 1267 licet
348 1208 489 1268 immerita
509 1208 628 1268 induitis
648 1210 794 1269 beneficiis
814 1212 994 1271 remunerari
1014 1224 1075 1271 tum
1093 1233 1234 1303 praesen-

110 1283 148 1345 tia
167 1296 258 1357 siue,
287 1285 454 1343 tumeliam
479 1284 602 1343 lutiirae.
647 1285 715 1345 Non
743 1287 819 1345 enim
839 1308 854 1346 a
874 1286 967 1347 doctis
991 1286 1101 1367 alioqui
1120 1310 1155 1349 ac
1179 1290 1235 1371 piis

108 1360 181 1422 viris
208 1359 331 1440 positam
363 1360 578 1420 distinctionem
611 1362 737 1441 recipio,
766 1364 915 1422 meritoria
948 1383 1009 1423 esse
1040 1362 1118 1423 bona
1142 1386 1235 1447 opera

110 1456 212 1499 earum
231 1456 305 1516 quae
324 1434 410 1497 nobis
436 1437 465 1495 in
493 1436 546 1496 bac
566 1436 623 1496 vita
643 1438 837 1497 conseruntur
855 1438 1029 1519 gratiarum:
1060 1439 1149 1502 solius
1168 1442 1237 1503 fidei

109 1512 273 1595 praemium
293 1531 355 1573 esse
369 1523 514 1571 aeternam
526 1512 655 1572 salutem.
695 1514 861 1576 lllercedcm
872 1514 949 1574 euim
968 1515 1101 1577 laborum
1121 1530 1153 1579 et
1170 1540 1236 1579 cer-

109 1588 228 1651 taminis
246 1609 387 1649 coronam
407 1588 436 1647 in
457 1587 541 1647 coelo
555 1588 699 1650 Dominus
719 1610 834 1669 semper
853 1589 915 1650 iere
935 1590 1072 1653 collocat.
1110 1594 1236 1657 Rursum

103 1686 130 1731 ,ο
153 1684 236 1727 erum
255 1666 360 1724 merito
379 1665 421 1724 sic
439 1666 585 1739 tribuere,
615 1678 649 1725 ut
671 1668 780 1747 gratiae
805 1666 947 1727 adimatur
965 1668 1044 1746 quod
1069 1666 1130 1730 aliis
1149 1692 1237 1751 super
1304 1694 1308 1703 ·

108 1686 183 1803 alias
200 1742 299 1823 gratiis
324 1740 491 1801 aDomino
517 1740 712 1817 cumulamur,
742 1753 786 1803 est
809 1754 911 1802 contra
932 1742 1100 1826 Scripturas
1125 1746 1237 1807 doctri-

108 1840 190 1879 nanr.
239 1817 371 1877 'l'smctsi
391 1818 467 1875 euim
489 1818 559 1878 dicit
579 1818 728 1891 Christus,
760 1818 879 1878 babenti
899 1819 997 1879 datum
1018 1821 1071 1896 iri,
1100 1834 1131 1881 et
1148 1843 1239 1904 super

108 1892 203 1955 inulta
222 1894 412 1955 coustitutum
437 1894 472 1953 iri
493 1894 607 1954 fidelem
627 1916 660 1954 ac
680 1894 806 1975 probum
824 1915 952 1970 serrum,
973 1895 1023 1976 qui
1043 1898 1073 1955 in
1093 1900 1186 1977 parvis
1205 1920 1238 1961 se

108 1968 369 2051 fidelem-gesserit
390 1970 508 2048 (llattlu
527 1976 576 2046 ⁶25,
594 1976 681 2035 21.et
700 1973 777 2050 29.):
796 1969 881 2032 simul
902 1981 998 2033 tamen
1019 1972 1087 2033 alibi
1106 1976 1239 2037 ostendit

109 2048 292 2109 incrementa
329 2045 458 2107 lidelium
498 2067 559 2107 esse
595 2048 737 2127 gratuitae
775 2066 844 2108 suae
882 2047 1071 2131 benignitatis
1105 2072 1236 2114 munera.

109 2122 249 2201 „Omnes
269 2122 380 2201 (inquit
398 2123 453 2183 les.
473 2130 526 2196 55,
544 2126 587 2201 1.)
606 2124 736 2184 sitientes
755 2125 853 2184 venite
872 2122 908 2183 ad
927 2146 1029 2204 aquas:
1055 2128 1155 2206 etqui
1175 2148 1238 2189 non

110 2198 246 2279 „habetis
271 2210 444 2279 argentum,
462 2200 575 2273 venite,
606 2202 693 2260 emite
722 2200 831 2279 absque
855 2213 979 2283 argento
999 2214 1029 2260 et
1048 2200 1157 2283 absque
1179 2204 1239 2267 ulla

109 2275 472 2353 „commutationevinum
495 2288 523 2335 et
543 2274 616 2335 lac.“
655 2276 804 2355 Quicquid
825 2296 897 2359 ergo
918 2298 996 2338 nunc
1015 2276 1045 2337 in
1065 2277 1165 2339 salutis
1184 2280 1238 2341 ad·

109 2350 281 2413 miniculiim
301 2352 357 2431 piis
376 2352 539 2428 confertur,
557 2364 619 2411 tum
639 2353 701 2445 ipsu
721 2352 887 2427 beatitudo,
906 2372 986 2413 mera
1006 2366 1050 2415 est
1069 2354 1124 2415 Dei
1144 2354 1238 2419 bene-

110 2428 246 2503 ficentia,
263 2438 362 2486 tauieu
383 2440 413 2488 et
432 2430 462 2487 in
482 2429 537 2488 hac
556 2441 586 2488 ct
606 2428 635 2488 in
655 2429 710 2489 illis
731 2440 851 2489 testatur
869 2449 900 2489 se
920 2449 1042 2508 operum
1064 2430 1172 2493 babere
1190 2454 1238 2495 ra-

109 2506 241 2567 tionem:
273 2504 341 2584 quia
370 2504 406 2563 ad
438 2504 597 2565 testandam
624 2525 692 2587 erga
720 2525 773 2565 nos
793 2504 957 2566 dilectionis
976 2526 1044 2567 suae
1062 2528 1108 2569 ma
1132 2509 1239 2570 nitudi·

111 2602 193 2717 perii,
211 2599 273 2640 non
293 2579 382 2641 modo
403 2602 469 2657 nos,
489 2582 539 2641 sed
556 2602 630 2661 quac
651 2581 735 2643 nobis
755 2582 875 2665 largitus
895 2593 939 2643 est
959 2581 1034 2643 doua
1054 2584 1103 2644 tali
1144 2604 1240 2647 onore

133 2658 141 2717 i
165 2666 260 2717 natur.

144 2678 164 2740 g
190 2740 220 2798 5.
259 2733 341 2793 Haec
365 2734 388 2793 si
409 2753 468 2813 quo
494 2744 665 2813 oportuerat
685 2733 789 2793 ordine
807 2746 930 2793 tractata
951 2734 1122 2828 digestaque
1142 2750 1240 2797 essent

111 2808 255 2871 anteactis
272 2808 409 2883 saeculis,
434 2832 580 2889 nunquam
602 2822 711 2869 tautum
732 2811 880 2870 turbarum
906 2830 940 2869 ac
959 2810 1170 2872 dissensionum
1190 2834 1240 2871 or-

113 2899 178 2948 tuni
199 2894 280 2945 essct.
324 2885 429 2945 Paulus
454 2887 493 2945 ait
516 2887 545 2945 in
572 2886 763 2945 architectura
784 2886 966 2946 Christianae
992 2886 1142 2946 doctrinae
1169 2888 1239 2948 reti·

114 2959 244 3022 nendum
268 2981 331 3022 esse
355 2962 434 3041 quod
466 2974 602 3042 posuerat
631 2963 693 3053 ipse
717 2961 935 3021 fundamentum
962 2962 1038 3043 apud
1060 2962 1241 3041 Corinthios,

114 3039 329 3123 praeterquod
350 3039 459 3096 nullum
480 3038 555 3097 aliud
603 3057 653 3097 oni
674 3050 775 3117 queat:
802 3038 830 3097 id
856 3048 952 3098 autem
973 3049 1017 3099 est
1035 3038 1130 3099 lesum
1152 3039 1240 3102 Clari-

113 3128 191 3177 stum
222 3114 261 3194 (1.
283 3114 353 3175 Cor.
378 3120 415 3189 3,
440 3117 511 3192 11.).
565 3062 662 3189 (pum
691 3113 776 3174 nobis
807 3114 838 3173 in
868 3115 986 3175 Christo
1019 3115 1238 3178 tundamentum

114 3192 177 3252 est?
196 3209 233 3251 an
255 3190 333 3270 quod
353 3192 467 3250 initium
487 3189 572 3250 uobis
592 3190 689 3251 salutis
710 3189 778 3263 suit,
797 3203 830 3250 ut
850 3190 1096 3270 complementum
1116 3214 1132 3252 a
1153 3193 1240 3255 nobis

111 3268 305 3347 sequeretur?
337 3279 366 3325 et
385 3269 459 3325 riam
485 3267 597 3345 aperuit
622 3280 733 3327 tantum
759 3288 812 3345 per
831 3289 916 3347 quam
941 3267 996 3347 ipsi
1020 3280 1122 3329 nostro
1146 3283 1238 3332 marte

112 3342 321 3437 pergeremus?
372 3344 493 3403 Minime
512 3364 600 3417 reru,
628 3344 678 3403 seil
699 3344 847 3422 quomodo
879 3342 967 3424 paulo
993 3355 1061 3404 ante
1090 3358 1239 3425 posucrat,

111 3422 197 3481 illum
217 3419 284 3478 dum
305 3421 488 3511 agnoscimus
507 3420 593 3478 nobis
614 3420 710 3478 datum
732 3439 792 3479 esse
812 3419 841 3479 in
861 3420 1006 3480 iustitiam.
1050 3422 1146 3482 Nemo
1166 3444 1238 3515 erqo

112 3498 194 3557 bene
213 3495 244 3554 iii
261 3495 380 3556 Christo
402 3496 536 3555 fundatus
556 3506 609 3569 est,
629 3495 683 3554 nisi
702 3496 751 3575 qiii
771 3495 893 3555 solidam
913 3496 1002 3555 habet
1020 3498 1050 3557 iri
1071 3498 1134 3577 ipso
1155 3498 1239 3559 iusti-

112 3575 199 3633 tiam:
230 3572 347 3651 quando
380 3593 440 3630 nou
461 3572 533 3630 dicit
551 3572 711 3651 Apostolus
735 3572 849 3631 missum
875 3592 947 3643 csse,
966 3594 1026 3652 quo
1046 3572 1082 3632 ad
1100 3574 1238 3634 iustitiam

114 3648 350 3727 consequendam
371 3669 424 3707 nos
445 3648 536 3706 iuret:
561 3646 612 3706 sed
633 3661 665 3707 ut
685 3648 745 3707 isse
763 3649 802 3707 sit
821 3659 921 3707 nostra
944 3648 1107 3726 iustitia*).
1146 3650 1240 3709 Nimi-

114 3746 180 3784 rum
201 3724 280 3805 quocl
306 3725 335 3783 in
361 3724 424 3803 ipso
445 3723 530 3782 electi
554 3745 651 3783 sumus
671 3670 707 3782 ab
727 3724 898 3783 aeternitate
917 3736 985 3783 ante
1010 3725 1112 3783 mnudi
1130 3726 1241 3787 consti·

112 3800 277 3874 tutionem,
309 3799 390 3860 nullo
416 3811 518 3861 nostro
544 3801 666 3870 merito,
694 3800 746 3859 sed
771 3800 930 3859 secuudum
950 3800 1038 3859 divini
1062 3800 1139 3860 bene
1161 3802 1241 3863 laciti

112 3896 170 3957 pro
194 3876 315 3935 ositum:
347 3876 427 3955 quod
448 3876 509 3936 eius
533 3889 628 3934 morte
653 3876 706 3955 ipsi
731 3896 747 3935 a
771 3877 874 3935 mortis
892 3876 1077 3937 damnatione
1097 3899 1128 3938 re
1150 3879 1241 3957 empti

114 3974 150 4013 ac
171 3898 319 4013 liberalia
344 3952 511 4031 perditione
536 3974 647 4013 sumus:
677 3951 756 4030 quod
785 3953 815 4010 in
840 3952 904 4031 ipso
929 3952 1060 4033 adoptati
1084 3976 1181 4014 sumus
1207 3954 1238 4015 in

114 4030 191 4090 filios
212 4041 242 4087 et
262 4028 426 4089 haeredesa
440 4030 527 4089 Patre
547 4027 683 4091 coelesti:
704 4029 782 4107 quod
804 4049 856 4107 per
875 4028 963 4107 ipsius
982 4030 1151 4110 sangninem
1171 4030 1239 4091 buis

125 4188 317 4202 --··0———
346 4189 583 4197 ......—.--.-...

184 4282 211 4345 ⁴)
230 4280 248 4329 i.
266 4278 327 4331 mi.
347 4282 367 4332 i.
384 4281 425 4333 ao.
467 4280 558 4348 epia.
581 4282 610 4343 i,
626 4280 712 4334 a-s.
748 4278 806 4331 cot.
823 4284 852 4341 1.
871 4281 909 4335 ii.
928 4295 953 4331 es
968 4280 1010 4335 ao.
1043 4278 1134 4335 rosan.
1152 4264 1181 4343 i'.
1197 4279 1242 4337 aa.

112 4360 165 4413 atq.
183 4347 245 4399 ibiil.
263 4348 303 4409 lb,
320 4350 363 4401 Ἡ.
