2700 4732
472 210 548 275 tut
567 212 625 276 nt
664 212 753 277 CAP.
772 214 880 277 mv.
1181 224 1240 291 m

106 336 273 437 ,salutem
302 354 362 448 nisi
378 354 428 416 ille
446 355 498 437 qui
516 338 651 437 uuolibet
674 355 826 438 plantante
852 367 882 419 et
905 358 1047 453 irrigante
1070 359 1121 422 dat
1142 363 1240 426 incre-

109 431 286 513 „mentumi
315 454 362 493 cm
380 432 492 495 volenti
514 433 623 495 salvum
644 434 741 495 faeere
761 435 873 505 nullom
890 433 1017 497 bommie
1035 438 1144 500 resistit
1163 440 1239 502 libe-

90 512 203 589 '„rum
222 508 385 569 arbitrium.
422 509 493 571 Non
512 520 557 570 est
580 510 679 590 itaqua
703 510 910 587 dubitandum,
932 511 1077 574 voluntati
1096 514 1154 576 Dei
1172 517 1239 597 (qui

107 587 168 664 „iu
188 584 274 646 coelo
294 596 325 644 et
343 584 471 675 interra
489 605 681 722 quaecunpnc
700 587 795 647 voluit
814 587 902 661 lecit,
927 600 957 648 et
977 588 1027 668 qui
1051 590 1136 651 etiam
1163 613 1238 672 quae

109 660 232 738 „lutura
251 671 320 720 suut
339 659 424 737 lectt)
442 659 580 722 humanas
598 682 635 722 vo
649 673 761 722 untates
787 683 847 723 non
871 682 958 742 posse
982 664 1133 742 resistere,
1162 691 1238 748 quo·

110 740 229 816 „minus
254 736 341 797 iaciat
364 737 426 816 ipse
445 736 525 817 quod
550 736 625 798 vult:
657 739 893 818 quandoquidem
919 738 956 800 de
985 741 1054 820 ipsis
1085 742 1237 805 bominum

108 813 336 892 „voluntatibus
355 811 516 891 quodvult
536 813 634 873 lacit“
678 813 768 873 Item:
792 814 914 889 „Quum
934 815 996 876 vult
1015 816 1160 878 adducere
1180 819 1237 881 bo-.

108 890 241 966 „mines,
261 887 401 969 numquid
421 888 622 970 corporalibus
640 889 761 950 vinculis
787 889 835 950 alli
858 892 907 953 at‘l
944 890 1027 952 Intus
1051 894 1127 975 agit,
1158 896 1237 957 intus

108 965 223 1042 „corda
242 974 334 1038 tenet,
353 965 431 1024 intur
450 965 538 1025 corda
558 977 670 1025 movet:
691 910 1012 1046 eosquevdunnrtbus
1033 986 1145 1045 eorum,
1165 993 1236 1062 quas

108 1045 164 1117 „in
183 1040 238 1101 allis
257 1051 393 1119 operatus
415 1051 468 1115 est,
486 1041 602 1100 trabit.“
628 1041 688 1101 Sed
708 1042 788 1120 quand
808 1043 950 1103 continuo
969 1042 1097 1120 subiicit,
1116 1047 1236 1107 minume

108 1116 209 1179 omitti
229 1116 331 1176 debet:
349 1117 449 1190 „Quia
469 1117 621 1192 nescimus,
640 1117 703 1208 quis
722 1117 758 1177 ad
778 1120 1061 1198 praedestinatorum
1080 1141 1235 1184 numerum

107 1193 294 1273 „pertineat,
313 1191 359 1252 rel
379 1212 439 1253 nou
460 1194 614 1271 pertineat,
632 1215 675 1253 src
694 1215 747 1255 nos
768 1195 843 1256 affici
857 1196 973 1270 decere,
990 1207 1024 1256 ut
1043 1216 1144 1258 omnes
1163 1198 1235 1259 veli·

107 1290 198 1347 „mus
216 1267 309 1328 salvos
329 1267 410 1357 fieri..
438 1267 483 1328 lta
502 1269 552 1328 fiet
570 1280 604 1329 ut
617 1269 744 1404 quispuis
763 1269 848 1331 nobis
868 1282 1013 1346 occurret,
1032 1292 1098 1332 eum
1118 1273 1237 1337 studea.

109 1366 196 1421 „mus
222 1344 319 1405 lacere
342 1365 424 1479 pacis
449 1355 624 1404 consortem.
700 1345 735 1404 ed
758 1366 812 1424 pax
836 1358 1042 1426 nostra-super
1061 1348 1136 1410 blioe
1154 1350 1256 1428 pacie'

107 1440 166 1497 „re
187 1421 305 1483 uiescet.
370 1439 435 1501 rgo,
454 1432 593 1499 quantum
604 1421 639 1480 ad
656 1441 710 1481 nos
723 1423 860 1500 pertinet,
881 1422 1025 1496 omnibns,
1045 1442 1083 1483 ne
1101 1438 1236 1504 pereant,
1262 1420 1267 1453 ⁵
1292 1444 1294 1449 ⁴

107 1441 236 1573 „aeine
255 1495 326 1557 alios
344 1495 483 1574 perdant,
511 1495 633 1556 salubris
657 1508 689 1557 et
712 1517 811 1559 severa
840 1498 932 1558 instar
960 1499 1124 1561 medicinae
1152 1502 1235 1562 adbi-

106 1571 228 1649 „benda
252 1573 308 1663 erit
331 1573 496 1651 correptio:
525 1572 583 1631 Dei
613 1585 709 1633 autem
741 1574 798 1634 erit
826 1573 885 1635 illis
904 1573 1006 1636 utilem
1027 1576 1140 1654 lacere,
1159 1599 1235 1669 quor
1307 1592 1312 1599 “

107 1650 286 1729 „praescivit
304 1660 335 1708 et
353 1648 606 1729 praedestinavit.“

461 1983 713 2057 CAPUT
763 1988 883 2060 XXlV.

108 2172 349 2285 Electionem
383 2178 518 2236 sanciri
549 2179 616 2238 Dei
649 2182 858 2242 vocatione:
896 2170 1078 2260 rdprobos
1115 2191 1232 2241 autem

129 2270 202 2331 arbi
221 2289 416 2331 arcessere
437 2269 586 2346 iustum,
611 2271 667 2331 cui
688 2271 865 2333 destinati
884 2284 984 2349 sunt,
1008 2274 1214 2334 interitum.

176 2444 260 2500 Huius
278 2446 374 2516 Capitis
392 2448 454 2500 duas
472 2466 524 2498 esse
540 2461 624 2517 partes
641 2447 680 2500 vel
696 2448 779 2518 ipsum
798 2464 975 2514 argumentum
994 2448 1109 2503 ostendit.
1143 2448 1174 2517 1)
1191 2447 1233 2499 De

108 2531 220 2595 Electia,
236 2553 251 2584 a
268 2530 351 2601 prima
369 2545 427 2584 sect.
445 2533 478 2584 ad
496 2530 661 2585 undecimam
679 2533 768 2599 egitur.
786 2562 818 2577 -
852 2532 944 2602 2)1)s
966 2533 1108 2604 chrobio,
1133 2533 1232 2585 eduo-

109 2614 211 2670 deeima
227 2635 308 2686 usque
325 2617 358 2669 ad
376 2616 421 2667 lin.
439 2615 533 2684 capitis.

187 2788 215 2847 1.
252 2781 312 2841 Sed
331 2791 429 2840 utres
449 2779 549 2838 melius
570 2779 728 2853 elucescat,
747 2791 808 2839 tum
830 2779 866 2838 de
885 2779 1046 2840 electorum
1066 2779 1232 2855 vocatione,

108 2872 173 2921 tum
194 2858 231 2917 de
249 2857 452 2917 excoecatione
472 2869 502 2914 ct
520 2855 703 2915 induratione
723 2858 879 2934 impiorum
892 2855 1034 2937 agendum
1048 2868 1098 2915 est.
1136 2855 1176 2913 Et
1195 2854 1233 2914 de

107 2935 209 3017 priore
228 2934 343 3014 quidem
363 2935 419 2992 iam
439 2931 547 3010 aliquid
568 2933 686 2991 disserui
707 2932 784 3011 [cap.
803 2938 850 2994 ‘rt-
860 2954 904 3010 μ.
925 2938 972 2996 10.
992 2932 1109 3009 et11.],
1130 2951 1232 2999 eorum

108 3030 242 3072 errorem
261 3009 409 3084 refellens,
430 3009 534 3087 quibus
546 3006 718 3088 generalitas
740 3007 963 3086 promissionum
974 3006 1089 3066 videtur
1107 3026 1233 3086 aequare

107 3099 205 3150 totum
230 3086 385 3146 humanum
432 3106 511 3144 enus.
561 3084 651 3161 atqui
678 3104 739 3155 non
764 3082 874 3162 absque
899 3083 1014 3143 delectu
1046 3083 1233 3159 electionem,

130 3186 196 3225 uam
216 3163 247 3222 in
267 3182 298 3222 se
318 3163 381 3240 ipso
402 3104 511 3238 aiioqui
531 3159 730 3220 absconditam
751 3158 853 3234 babet,
872 3161 1026 3220 vocatione
1046 3159 1161 3218 demum
1181 3179 1232 3220 sua

108 3187 191 3300 bees
209 3238 390 3299 manifestat:
423 3258 507 3317 quam
531 3236 599 3294 ideo
619 3235 765 3315 appellare
788 3237 909 3316 proprie
929 3235 998 3294 licet
1016 3235 1078 3295 eius
1098 3234 1232 3295 testifica·

108 3317 231 3376 tionem.
279 3315 354 3373 Nam
374 3335 467 3405 „quos
486 3311 653 3393 praescivit,
673 3331 723 3372 eos
748 3325 779 3371 et
799 3311 962 3392 praefinivit
981 3312 1148 3371 conformes
1168 3311 1232 3371 fieri

108 3390 252 3474 „imagini
277 3390 344 3449 Filii
367 3413 426 3450 sur:
458 3410 531 3524 ‹puos
551 3399 646 3448 autem
671 3387 850 3522 praefinivit,
876 3406 926 3447 eos
948 3399 978 3446 et
996 3387 1124 3447 vocavit:
1158 3407 1232 3465 quos

106 3468 256 3545 „vocavit,
276 3486 326 3525 eos
346 3479 377 3525 ct
396 3467 460 3525 iusti
482 3466 587 3537 cavit,“
606 3475 670 3524 uto
685 3469 721 3522 im
762 3463 1108 3541 lorificct(liom.8,29.).
1131 3461 1232 3535 Quum

107 3564 177 3606 suos
198 3542 335 3624 eligendo
361 3544 420 3601 iam'
436 3543 466 3600 iu
486 3540 610 3600 filiorum
630 3539 727 3599 locum
777 3540 890 3599 ominus
909 3539 1070 3618 adoptarit:
1101 3539 1232 3599 videmur

106 3632 207 3680 tamen
227 3619 308 3678 utin
330 3619 401 3678 tanti
421 3616 492 3677 boni
511 3618 721 3696 possessionem
742 3636 803 3675 non
822 3615 949 3689 veniant,
968 3616 1023 3675 nisi
1044 3614 1110 3673 dum
1123 3632 1232 3675 vocan-

106 3707 294 3757 tur:.contra
304 3707 336 3753 ut
348 3695 453 3766 vocati,
473 3694 594 3772 quadam
614 3693 668 3751 iam
689 3692 821 3752 fruantur
840 3690 992 3750 electionis
1011 3708 1079 3750 suae
1099 3709 1233 3749 commu-

107 3771 268 3833 nicatione.
308 3770 376 3844 Qua
399 3769 512 3828 ratione
532 3769 687 3848 Spiritum,
708 3787 793 3847 quem
814 3766 873 3826 acci
896 3765 972 3840 iunt,
993 3776 1023 3823 et
1041 3763 1232 3845 „adoptionis

106 3847 267 3929 Spiritum,
295 3858 326 3905 ct
356 3846 481 3929 sigillum
507 3856 537 3904 et
566 3843 760 3903 arrhabonem
780 3787 963 3902 baereditatis
983 3836 1122 3902 suturae“
1146 3849 1233 3901 vocat
1260 3906 1263 3913 ,

106 3921 216 3983 Paulus
242 3923 327 3999 (ibid.
345 3928 392 3987 16.
412 3935 442 3981 et
465 3923 546 3999 16.):
579 3922 645 3998 quia
674 3919 785 3980 scilicet
814 3938 915 3978 eornm
947 3915 1084 3976 cordibus
1116 3916 1283 3977 futurae'··

108 3997 278 4078 adoptionis
304 3999 505 4057 certitudinem
529 4017 583 4057 suo
612 3996 780 4056 testimonio
799 3993 907 4054 stabilit
927 4003 957 4052 ct
975 3991 1119 4073 obsignat.
1156 3992 1233 4053 Nam

83 4116 86 4120 ι
108 4075 167 4134 etsi
184 4073 335 4155 Evangelii
355 4074 530 4152 praedicatio
551 4093 584 4132 ex
603 4072 688 4132 fonte
707 4071 857 4131 electionis
875 4068 1011 4139 scaturit,
1042 4067 1110 4147 quia
1132 4077 1233 4127 tamen

107 4149 244 4229 reprobis
269 4152 354 4210 etiam
385 4149 546 4209 communis
572 4159 630 4223 cst,
661 4168 722 4208 non
742 4158 817 4207 esset
834 4165 888 4226 per
906 4164 938 4206 se
957 4143 1049 4207 solida
1064 4141 1141 4203 illius
1161 4162 1234 4223 pro-

108 4224 201 4285 batio.
240 4228 320 4286 Deus
340 4238 435 4285 autem
454 4224 611 4285 efficaciter
630 4223 739 4286 electos
757 4244 826 4283 suos
846 4221 945 4296 docet,
955 4231 1000 4295 ⁸ut
1017 4219 1053 4281 ad
1071 4218 1159 4279 fidem
1180 4217 1234 4279 ad-

109 4301 212 4364 ducat:
245 4304 331 4366 sicuti
350 4302 497 4365 citavimus
515 4312 585 4363 ante
604 4320 637 4362 ex
655 4299 751 4367 verbis
771 4297 880 4363 Christi
902 4296 1118 4378 (10.o,tt.):
1148 4293 1234 4375 „Qui
