2700 4732
436 210 494 273 AD
514 208 659 273 REGEM
679 204 871 283 umine.
1190 218 1228 280 21

77 355 249 450 sandali,
268 358 423 464 positum
448 360 485 435 in
510 361 647 436 ruinam
661 377 696 435 et
715 357 1007 435 resurrectionem
1022 355 1227 447 multorum,

78 493 116 552 ct
137 477 177 552 in
201 476 339 578 signum
358 477 414 553 cui
437 476 735 553 contradiceretur
752 474 861 574 (Luc.
873 476 909 565 2,
926 477 1018 572 34.):
1043 503 1114 578 qua
1131 472 1225 550 lidu-

77 593 137 670 cia
162 593 290 669 armati
311 623 376 698 per
401 595 521 671 omnia
541 593 756 671 tumultuum
780 588 1224 695 offensionumquediscri-

79 711 182 786 mina
207 709 372 788 audacter
397 711 724 816 progrediebtmtur.
774 707 910 808 Eadem
937 726 970 785 et
1002 738 1069 784 nos
1093 707 1225 810 cogita-

40 838 45 845 '
81 828 182 903 tione
207 830 390 905 sustentari
400 827 509 921 decet,
534 814 677 934 quando
702 832 799 906 hunc
824 845 1035 933 perpetuum
1043 822 1225 926 Evangelii

84 945 228 1048 genium
252 967 328 1022 es‘se
351 963 496 1024 testatur
508 948 650 1039 Paulus,
675 965 715 1024 ut
740 949 784 1039 sit
806 945 899 1021 odor
923 944 1046 1019 mortis
1068 943 1104 1017 in
1125 968 1222 1016 mor·

83 1078 156 1137 tem
177 1062 218 1138 iis
233 1065 295 1166 qui
311 1082 462 1167 pereunt
474 1069 532 1166 (11.
549 1064 631 1141 Cor.
645 1069 682 1155 2,
697 1064 788 1159 16.):
815 1063 949 1138 tametsi
975 1062 1011 1137 in
1037 1061 1133 1139 hunc
1156 1085 1223 1161 po·

82 1180 151 1256 tius
173 1208 277 1255 usum
305 1181 408 1258 nobis
430 1181 639 1265 destinatum
663 1198 753 1272 erat,
778 1197 817 1257 ut
842 1179 935 1256 odor
961 1196 1050 1256 esset
1076 1177 1166 1253 vitae
1185 1173 1223 1249 in

82 1298 200 1388 vitam,
224 1327 268 1374 ac
290 1300 447 1403 potentia
460 1301 528 1376 Dei
551 1300 588 1375 in
615 1298 760 1375 salutem
783 1296 951 1374 fidelium.
978 1293 1088 1394 Quod
1105 1295 1222 1397 ipsum
1326 1369 1330 1373 ,

82 1445 148 1492 nos
174 1445 321 1520 quoque
345 1435 439 1494 certe
464 1418 718 1522 experiremur,
748 1416 813 1492 nisi
835 1435 954 1495 nostra
975 1407 1222 1516 ingratitudine

80 1561 391 1637 corrumperemus
411 1535 483 1611 lroc
504 1552 577 1611 tam
601 1533 774 1637 singulare
787 1536 853 1610 Dei
878 1534 1100 1621 beneficium,
1123 1558 1165 1605 ac
1185 1526 1223 1602 in

80 1651 226 1727 exitium
253 1667 412 1727 nostrum
434 1670 659 1740 verteremus,
685 1651 783 1754 quod
810 1654 911 1730 nobis
938 1651 1082 1729 unicum
1104 1644 1221 1725 salutis

47 1850 57 1862 ,
80 1767 296 1873 praesidium
317 1799 393 1845 esse
416 1768 594 1851 debuerat.

184 1886 257 1963 Sed
283 1884 327 1962 ad
352 1905 388 1962 te
413 1903 586 1977 revertor,
613 1918 636 1963 o
651 1895 737 1965 Rex.
770 1891 866 1966 Nihil
885 1908 921 1977 te
932 1906 1098 1965 moveant
1112 1914 1220 1964 vanae

77 2006 160 2081 illae
193 2003 404 2098 delationes,
438 2004 564 2109 quibus
597 2024 771 2082 terrorem
803 2008 867 2083 tibi
895 2008 1035 2083 iniicere
1066 2004 1223 2080 nituntur

82 2123 195 2198 nostri
225 2122 432 2210 adversarii,
473 2151 545 2199 non
576 2123 670 2200 aliud
702 2125 772 2200 hoc
803 2153 897 2200 novo
933 2121 1125 2227 Evangelio
1156 2120 1224 2218 (sie

84 2242 178 2316 enim
191 2238 393 2344 appellant),
418 2241 549 2344 captari
568 2271 609 2318 ac
621 2243 752 2345 quaeri,
778 2244 841 2318 nisi
866 2242 1076 2319 seditionum
1089 2268 1222 2343 oppor-

81 2357 263 2436 tunitatem
276 2387 318 2434 ac
331 2359 496 2435 vitiorum
512 2359 671 2435 omnium
695 2361 947 2463 impunitatem.
983 2364 1111 2462 Neque
1127 2347 1223 2432 enirn

83 2473 262 2552 divisionis
275 2481 371 2552 Deus
397 2495 517 2551 noster
542 2495 665 2552 auctor
684 2495 744 2565 est,
767 2477 827 2552 sed
852 2480 961 2582 pacis:
985 2496 1018 2552 et
1032 2475 1140 2552 Filius
1152 2473 1220 2550 Dei

83 2621 157 2667 non
179 2592 311 2695 peccati
337 2593 492 2671 minister
516 2612 577 2686 est,
603 2597 662 2698 qui
678 2597 770 2670 venit
796 2597 839 2670 ad
866 2593 1087 2672 dissolvenda
1111 2619 1219 2696 opera

80 2708 223 2784 diaboli.
275 2716 319 2784 Et
335 2740 401 2785 nos
421 2710 542 2787 talium
559 2711 788 2815 cupiditatum
810 2715 985 2788 immerito
1001 2740 1217 2801 accusamur,

78 2856 234 2931 quarum
258 2857 303 2901 ne
333 2827 513 2903 minimam
541 2830 683 2934 quidem
712 2833 944 2935 suspicionem
973 2861 1128 2936 unquam
1156 2826 1217 2902 da·

78 2946 207 3020 dimus.
257 2945 395 3022 Scilicet
423 2977 489 3023 nos
517 2977 708 3050 regnorum
736 2950 971 3024 inversionem
998 2948 1218 3034 meditamur,

77 3091 235 3166 quorum
260 3061 353 3137 nulla
381 3094 537 3168 unquam
573 3067 715 3141 factiosa
742 3096 816 3143 voa
840 3067 955 3141 audita
982 3085 1049 3154 est,
1082 3083 1115 3140 et
1148 3065 1217 3142 vita

77 3210 219 3284 semper
244 3181 358 3283 quieta
385 3182 600 3286 simplexque
624 3184 763 3286 cognita
789 3184 862 3273 luit,
882 3215 991 3287 quum
1018 3185 1083 3260 sub
1109 3200 1144 3256 te
1167 3181 1218 3257 vi-

79 3328 259 3374 veremus:
290 3317 323 3373 et
354 3298 413 3400 qui
448 3330 541 3376 nunc
575 3301 677 3374 etiam
706 3301 815 3374 domo
846 3304 989 3404 profugi
1011 3303 1218 3378 tibi‘tamen

79 3445 262 3517 regnoque
282 3433 345 3490 tuo
365 3417 476 3492 fausta
507 3418 624 3491 omnia
652 3420 785 3520 precari
810 3449 889 3493 non
909 3418 1106 3494 desinimus.
1146 3414 1219 3488 Sci-
1311 3494 1317 3509 .

78 3533 156 3607 licet
195 3561 262 3609 nos
300 3533 508 3636 impunitam
539 3534 704 3608 vitiorum
734 3536 960 3638 petulantiam
992 3559 1230 3637 aucupamur,

80 3679 233 3751 quorum
254 3649 291 3723 in
317 3649 476 3725 moribus
503 3651 565 3725 etsi
589 3650 697 3727 multa
722 3654 931 3754 reprehendi
954 3669 1112 3758 possunt,
1133 3645 1220 3723 nihil

81 3785 196 3840 tamen
235 3781 332 3842 tanta
363 3767 587 3844 insultatione
627 3767 785 3870 dignum:
829 3801 894 3847 nec
928 3789 1000 3846 tarn
1038 3766 1220 3844 infeliciter

77 3883 205 3986 (gratia
222 3885 305 3980 Dei)
329 3885 365 3959 in
379 3886 571 3990 Evangelio
593 3887 819 3988 profecimus,
843 3889 925 3989 quin
951 3886 1022 3961 istis
1047 3885 1219 3960 obtrecta-

75 3999 217 4077 toribus
240 4002 311 4079 vita
334 4022 456 4078 nostra
478 4004 656 4092 castitatis,
681 4005 918 4105 benignitatis,
949 4000 1218 4090 misericordiae,

72 4116 331 4210 continentiae,
369 4121 571 4223 patientiae,
612 4119 822 4209 modestiae,
856 4140 889 4195 et
911 4121 1045 4195 virtutis
1070 4117 1219 4196 cuiusvis

72 4234 281 4341 exemplum
308 4268 384 4314 csse
408 4239 527 4343 possit
577 4242 654 4315 Nos
685 4267 766 4315 sane
791 4245 908 4315 Deum
941 4237 1072 4314 sincere
1096 4238 1218 4315 timere

75 4374 111 4432 et
130 4354 254 4433 colere
278 4385 317 4432 re
342 4357 417 4462 ipsa
437 4357 555 4462 palam
580 4374 641 4448 est,
667 4355 810 4461 quando
837 4377 912 4434 tum
928 4356 1084 4437 vitatum
1104 4373 1220 4436 morte
