2700 4732
484 200 620 270 hlB.11.
658 201 908 269 casnm»
1186 204 1246 269 dih

108 348 201 429 nique
219 346 250 407 in
268 345 454 409 veteribnsh
496 348 535 409 ris
554 347 666 429 optime
685 346 826 433 docempr
860 365 936 427 qnae
954 345 993 409 sit
1010 345 1114 408 mortis
1134 345 1245 409 Christi

106 427 153 487 via
171 435 204 484 et
220 424 359 485 efficacia.
397 424 437 484 Er
475 445 530 511 ane
549 446 612 485 rem
631 425 807 504 Apostolus,
826 390 927 484 dextre
945 433 1063 503 sumpto
1082 422 1141 484 hoc
1160 425 1244 503 prin·
1295 469 1305 481 .

108 503 137 564 ci
159 503 200 574 io,
218 501 250 560 in
269 501 364 581 Epist.
384 501 419 560 ad
440 501 534 561 llebr.
554 499 692 581 explicat,
733 502 792 561 uod
812 501 945 561 remissio
966 500 1075 579 absque
1094 501 1243 583 sanguinis

107 598 127 639 e
155 578 259 639 usione
276 598 339 638 non
359 576 410 637 fiat
428 578 657 657 (taetram).
729 579 786 637 nde
805 576 928 659 colligit,
947 575 1097 637 Christum
1117 576 1146 635 in
1167 576 1243 638 abo-

106 653 246 715 litionem
274 653 388 734 peccati
418 674 474 732 per
501 674 587 715 suum
610 654 783 714 sacrificium
806 653 904 721 ‚semel
930 652 1106 733 apparuisse.
1155 654 1244 730 Item,

107 730 242 793 oblatum
268 748 330 790 esse
353 740 388 788 ut
410 728 570 791 multorum
598 729 719 792 tolleret
748 728 1069 810 peecata(ibid.12.).
1121 727 1243 791 Dixerat

107 818 209 869 autem
228 805 325 885 prius,
342 826 405 865 non
425 827 479 887 per
497 829 546 867 san
590 805 666 866 inem
687 806 834 866 hircorum
854 817 904 868 aut
921 803 1098 880 vitulorum,
1116 805 1168 865 sed
1187 825 1244 887 pec

105 881 454 1020 Ξημὲιὲεωιεῐζοέἑίἓηι
474 901 552 1019 sehme
583 883 706 1017 intrqsse
724 883 756 943 in
764 893 886 1018 lsancta3
904 893 1025 1017 aeteppda
1036 881 1135 1034 qqdpm
1154 881 1245 1018 px?

105 980 307 1118 galiinvitulae
329 981 490 1096 sanctifilht
513 962 996 1115 paquqqqmummqqiqocpqariqptgq’
1018 1001 1119 1094 ‘multh
1148 981 1195 1093 lna
1218 1033 1243 1095 is

106 1110 252 1193 unguine
266 1110 377 1172 Christi
394 1112 545 1191 purificari
565 1112 760 1173 conscientias
779 1110 816 1172 ab
837 1110 975 1192 operibus
995 1110 1134 1172 mortuis:
1155 1054 1242 1171 [aelle

106 1198 210 1268 patet,
235 1187 320 1248 nimis
340 1189 487 1250 extenuari
508 1189 618 1250 Christi
636 1188 774 1281 gratiam,
797 1187 853 1248 nisi
872 1188 934 1248 eius
953 1186 1096 1247 sacrificio
1114 1186 1174 1247 rim
1193 1206 1242 1247 ex-

106 1262 221 1344 piandi,
261 1263 382 1336 lacandi,
402 1276 432 1324 et
451 1265 646 1326 satisfaciendi
666 1263 867 1326 concedimus:
888 1263 1133 1355 quemadmodum
1153 1262 1241 1343 paulo

105 1350 180 1418 post
196 1284 294 1413 adlit,
318 1338 468 1399 Mediator
494 1341 540 1402 hic
568 1352 612 1401 est
630 1341 707 1401 Nori
726 1341 923 1416 Trementi,
946 1350 981 1399 ut
998 1350 1095 1399 morte
1113 1340 1243 1399 interve·

105 1415 213 1476 niente
231 1413 265 1474 in
284 1414 516 1507 redemptionem
536 1416 774 1497 praecedentium
786 1416 970 1488 delictorum,
990 1433 1065 1493 quae
1083 1413 1244 1475 manebant

106 1490 164 1553 sub
184 1491 277 1569 Lege,
295 1491 518 1572 promessionem
539 1506 676 1553 aeternae
696 1492 881 1554 haereditatis
900 1490 1054 1570 accipiant,
1073 1492 1125 1571 qui
1145 1491 1243 1553 vocati

106 1579 178 1627 munt
195 1567 282 1646 (ibid.
302 1570 375 1646 tn).
419 1566 596 1629 Praesertim
622 1590 693 1629 vero
720 1569 884 1649 expendere
908 1567 1047 1628 convenit
1064 1567 1243 1649 analogiam,

108 1664 194 1779 qffi
205 1664 222 1703 u
236 1642 329 1703 Paulo
346 1643 531 1779 dsescrihitur,
550 1647 705 1737 qnod-pru
726 1646 811 1706 nobis
833 1645 924 1705 iactus
943 1643 980 1778 qit
998 1642 1165 1777 mqledictio
1185 1655 1241 1735 etc:

106 1722 1243 1883 hit.d.¹hl..ttht:f⁰thtt'tatl‘htt‘..t¹t⁸t¹t.t‘3..ttt.ttf'ttl

104 1872 216 1934 stitiam
244 1871 523 1953 illis2acquireret„
553 1874 670 1934 Clarum
702 1886 746 1934 est
774 1874 861 1933 etiam
890 1872 1001 1933 lesaiae
1030 1871 1243 1947 testimonium,

108 1948 205 2024 Quod
223 1949 375 2029 eastigatio
397 1948 475 2029 pacis
496 1963 614 2011 nostrae
635 1950 759 2011 Christo
776 1950 910 2029 imposita
931 1947 996 2021 init,
1014 1959 1046 2008 et
1065 1947 1158 2007 livore
1179 1948 1242 2007 eius

93 2024 197 2095 ,nobis
225 2023 333 2117 obtigit
355 2026 463 2085 sanitas
481 2028 552 2102 (les.
563 2034 611 2100 53,
621 2034 673 2097 5.).
711 2027 872 2087 Nisi.enim
891 2024 1076 2085 satisfecisset
1095 2043 1150 2105 pro
1172 2043 1243 2103 pec-

105 2102 182 2163 catis
206 2115 316 2163 nostrus
336 2100 484 2175 Christus,
516 2125 577 2163 non
602 2104 749 2164 diceretur
773 2102 900 2183 placasse
919 2100 1031 2171 Deum,
1057 2120 1171 2179 poena,
1195 2098 1242 2159 cni

106 2197 223 2239 eramus
241 2179 379 2251 obnoxii,
396 2179 435 2236 in
455 2199 486 2238 se
506 2192 638 2260 recepta:
662 2178 709 2240 cui
727 2179 889 2259 respondet
930 2176 987 2237 uod
1013 2176 1124 2236 ibidem
1143 2174 1243 2254 sequi-

105 2265 170 2328 tur,
186 2254 318 2333 Propter
334 2253 427 2314 scelus
447 2255 550 2333 populi
571 2259 628 2317 mei
648 2258 776 2336 percussi
796 2276 873 2317 eum.
940 2252 1043 2314 ccedat
1061 2253 1148 2313 etiam
1159 2250 1243 2312 Petri

107 2330 329 2411 interpretatio,
350 2351 424 2410 quae
445 2332 517 2391 nihil
538 2333 704 2414 ambiguum
724 2333 882 2411 relinquet,
901 2330 980 2410 quod
1000 2341 1121 2409 peccata
1141 2339 1243 2389 nostra

108 2406 272 2485 portaverit
282 2427 371 2498 super
392 2406 512 2489 lignum.
534 2409 618 2469 Onus
633 2410 710 2469 enirn
722 2408 928 2480 damnationis,
947 2426 1007 2486 quo
1027 2404 1116 2467 levati
1133 2425 1243 2481 snmus,

107 2483 182 2545 dicit
200 2484 231 2544 iu
252 2483 401 2544 Christum
422 2504 483 2544 esse
504 2487 643 2545 reiectum
664 2484 703 2564 (l.
723 2486 803 2547 Petr.
821 2491 852 2557 2,
870 2485 941 2560 24).
997 2512 1013 2554 s

182 2567 213 2627 ὁ.
251 2560 316 2620 Nec
335 2559 459 2621 obscure
479 2564 674 2643 pronuntiant
698 2559 836 2641 Apostoli
861 2561 986 2642 pretium
1012 2557 1149 2633 solvisse,
1181 2576 1241 2637 quo

106 2646 164 2697 nos
186 2657 204 2698 a
229 2647 312 2697 reatu
337 2638 440 2696 mortis
471 2638 636 2698 redimeret.
681 2637 852 2713 „lostificati
882 2636 972 2718 gratia
1000 2636 1089 2695 isius
1115 2654 1169 2714 per
1193 2652 1242 2693 re·

110 2712 323 2792 demptionem,
343 2726 477 2791 quaeest
496 2716 525 2774 in
540 2714 671 2788 Christo,
713 2735 778 2773 uem
799 2714 896 2791 posuit
911 2714 993 2774 Deus
1012 2657 1170 2781 ltaosiprou
1210 2729 1243 2768 er

112 2788 304 2870 fidem,quae
325 2801 368 2848 est
388 2790 417 2848 in
437 2792 577 2872 sanguine
598 2791 659 2851 eius
691 2734 780 2850 llorn.
799 2796 828 2864 3,
847 2796 895 2852 24.
915 2791 988 2864 25).
1029 2786 1166 2873 Gratiam
1183 2730 1242 2874 bei

111 2864 145 2924 in
170 2864 226 2926 hoe
245 2866 434 2925 commendat
453 2867 574 2940 Paulus,
606 2868 674 2946 quia
708 2865 917 2945 redemptionis
949 2865 1074 2945 pretium
1100 2860 1181 2920 dedit
1209 2881 1241 2919 un

111 2939 223 3003 Christi
240 2955 349 3002 morte:
380 2943 485 3001 deinde
506 2944 585 3002 iuhet
605 2964 659 3003 nos
680 2944 840 3021 confugere
859 2940 894 3000 ad
916 2943 977 3001 eius
996 2938 1183 3020 sanguinem,
1208 2948 1243 2997 ut

107 3017 247 3079 iustitiam
267 3019 365 3099 adepti
385 3041 482 3078 coram
493 3020 550 3078 Dei
570 3020 677 3079 iudicio
697 3022 792 3080 securi
812 3029 929 3077 stemus.
967 3018 1050 3076 Idem
1071 3013 1145 3075 valet
1164 3012 1241 3071 istud

107 3094 191 3154 Petri
210 3095 445 3174 (Lep-1,1b'.):
467 3096 598 3168 „liederus
621 3096 642 3153 ti
663 3117 723 3154 non
744 3115 814 3154 auro
835 3106 866 3154 et
885 3105 1020 3175 argento,
1038 3090 1089 3153 sed
1109 3089 1240 3169 pretioso

109 3172 251 3253 sanguine
270 3174 337 3264 agni
357 3172 562 3231 inimas·ulati.“
600 3118 704 3252 licque
725 3173 801 3231 enim
813 3182 992 3252 congrueret
1008 3166 1167 3238 antithesis,
1181 3164 1243 3257 ‚nisi

109 3269 165 3327 pro
185 3261 313 3327 peccatis
331 3249 507 3309 satisfactum
528 3261 603 3307 esset
623 3249 679 3308 hoc
700 3249 806 3327 pretio,
826 3270 882 3326 qua
904 3251 1016 3307 ratione
1034 3243 1139 3303 l'anlns
1159 3243 1241 3316 drcrt,

111 3343 167 3383 nos
185 3325 315 3402 pretiose
334 3338 448 3406 emptos
470 3346 531 3383 csse
551 3326 590 3401 (l.
613 3326 683 3384 Cor.
702 3333 730 3396 6,
749 3324 823 3400 20.)
863 3326 930 3403 lton
951 3334 1041 3381 staret
1060 3320 1146 3377 etiarn
1166 3318 1241 3377 alte-

112 3422 177 3458 runr
189 3400 384 3460 cirssdicturn:
404 3402 508 3473 „Unus
522 3402 675 3476 mediator,
695 3402 743 3480 qui
758 3422 789 3460 se
808 3400 888 3460 dedit
906 3400 1089 3471 ἀντίλυτρον“
1110 3394 1149 3471 (l.
1162 3392 1239 3453 Tim.

110 3483 140 3547 2,
159 3483 187 3540 5-
206 3478 266 3554 6.),
298 3478 351 3537 nisi
384 3480 490 3536 reiecta
516 3478 544 3535 in
567 3500 630 3537 eum
652 3490 729 3537 esset
748 3498 860 3556 poena,
891 3496 977 3554 quam
997 3471 1094 3531 meriti
1116 3492 1239 3529 eramus.

110 3553 185 3612 Ideo
205 3553 280 3612 idem
294 3555 465 3632 Apostolus,
485 3555 718 3632 redemptionem
739 3555 769 3613 in
789 3553 930 3634 sanguine
944 3549 1052 3610 Christi
1073 3547 1173 3604 desinit
1194 3567 1241 3605 rc·

109 3630 277 3689 missionem
304 3632 744 3709 peccatorum(Col.1,14.),
776 3631 834 3690 acsi
861 3630 987 3701 diceret,
1017 3624 1164 3684 iustificari
1186 3643 1240 3682 nos

108 3705 155 3763 rel
175 3705 288 3766 absolvi
308 3703 405 3766 coianr
426 3709 509 3778 ileo,
530 3710 595 3786 quia
615 3709 730 3787 sangnis
751 3707 799 3765 ille
819 3709 848 3764 in
869 3702 1095 3765 satisfactionem
1117 3719 1241 3786 respon-

109 3782 167 3841 det.
208 3782 266 3843 Cui
293 3796 323 3842 et
343 3784 416 3842 alter
436 3785 517 3842 locus
538 3798 697 3855 consonat,
730 3783 856 3841 deletum
879 3782 965 3841 luisse
986 3779 1015 3837 in
1035 3795 1121 3835 cruce
1142 3774 1241 3833 chrro-

108 3858 265 3993 qpppboum,
285 3861 364 3994 quqd
385 3873 453 3995 eratt
466 3861 645 3994 qontrarium
667 3861 752 3920 nobis
772 3859 855 3993 (Cpl.
873 3865 902 3991 21,
915 3856 991 3990 lqvqt
1025 3851 1243 3986 quqtlpuqqtipp

108 4009 154 4070 his
173 3957 378 4073 ierllibellaanli
390 3957 639 4091 sh‘bilsllbbrllduube:
656 3959 714 4084 Tb'si
729 3955 975 4071 irslliiiclhriulsroex
992 3947 1133 4092 hperibi‘rs
1147 4000 1243 4136 lscqis,

110 4106 183 4169 ergo
204 4090 295 4170 gratis
317 4089 449 4149 Christus
470 4102 601 4148 nrurtuus
622 4094 687 4149 est“
708 4089 790 4169 (lial.
809 4095 844 4161 2,
863 4088 935 4162 21.).
972 4086 1046 4143 Nam
1067 4078 1143 4167 hinc·
1156 4098 1191 4138 co
1206 4078 1242 4136 lr-

112 4164 220 4254 gisnus,
241 4187 258 4226 a
279 4166 397 4226 Christo
419 4165 579 4244 petendum
599 4183 678 4239 esse,
704 4166 784 4244 qnod
805 4165 864 4222 lser
882 4160 1033 4224 conscrret
1051 4156 1157 4244 siquis
1178 4174 1242 4243 eam

113 4241 245 4322 impleat:
278 4242 324 4303 vel
355 4242 451 4323 (quod
476 4244 552 4302 idem
574 4244 631 4320 est)
661 4264 714 4303 nos
741 4239 884 4321 consequi
909 4257 962 4318 per
982 4232 1092 4298 Christi
1111 4242 1243 4314 gratum,
