2700 4732
104 199 163 265 tto
471 192 548 255 bill.
568 194 626 255 tlt.
664 194 753 257 CAl‘.
772 194 869 255 xxtt.

104 350 192 409 tento
218 336 318 401 similis
345 336 402 397 tuit
427 338 566 399 mutatio:
598 358 656 418 qua
684 350 783 399 tamen
801 336 910 399 Paulm
936 334 1098 398 contendit
1116 344 1245 395 ίειιιῑιι

105 416 197 477 suisse
217 414 392 475 electionem
415 415 515 488 unius,
542 426 572 474 et
597 414 717 475 alterius
736 414 988 495 reprobationem.
1006 442 1050 457 -·
1088 410 1246 487 Quaeritur

106 513 145 629 {t
146 493 248 627 bini*
257 511 509 648 .⁰.³,.'¹.⁸.t..t¹²t.¹.t
511 491 912 627 ttttlt⁰¹³t1²t¹⁰5ltt⁸nt
930 486 1245 644 l?.¹t³.⁹¹tt‘.'{.'.¹:llt⁸

107 657 168 718 est,
187 643 285 703 Deum
306 656 482 704 monstrasse
509 644 538 702 in
560 664 686 724 persona
706 642 814 718 Iacob,
833 664 865 703 se
885 642 977 724 gratia
997 662 1048 701 sua
1070 640 1180 723 dignos
1197 638 1245 699 eli·
1286 674 1288 683 =

106 741 201 803 gere:¹
216 721 246 779 in
268 740 392 800 persona
412 722 501 791 Esau,
521 740 553 781 se
574 719 729 800 repudiare
749 741 823 799 quos
843 718 993 799 praevidet
1011 718 1074 777 indi
1098 736 1164 777 nos.
1200 714 1245 775 Sic

107 796 229 879 quidem
243 797 381 857 audacter
394 796 446 855 illi.
472 795 579 857 Paulus
590 808 686 856 autem
696 795 832 875 (Romi),
844 799 905 869 11.)
946 794 1017 854 uid?
1036 837 1057 869 „
1096 814 1167 853 uum
1177 812 1245 853 non·

107 875 202 953 „dum
222 873 284 933 nati
303 883 411 947 essent,
430 893 485 931 nec
501 874 653 959 ¹quippiam
673 873 745 933 boni
765 885 816 931 aut
835 873 903 931 mali
923 816 1072 942 decisseru,
1093 881 1129 929 nt
1147 888 1244 931 secun

108 951 199 1028 „dum
221 949 396 1009 electionem
417 950 602 1028 propositum
613 950 671 1008 Dei
691 961 833 1023 maneret,
853 970 914 1010 non
927 947 1130 1027 exoperibus,
1148 944 1198 1007 red
1215 962 1244 1003 er

108 1039 264 1107 „vocante
286 1026 395 1084 dictum
416 1036 471 1097 est,
489 1025 585 1085 Maior
603 1027 710 1085 serviet
731 1027 853 1085 minori:
874 1027 949 1085 sicut
967 1023 1113 1103 scriptum
1134 1033 1188 1097 est,
1204 1020 1245 1081 la·

107 1104 188 1197 „cub
206 1101 301 1174 dilexi,
321 1100 397 1161 Esau
416 1113 512 1160 autem
534 1102 605 1162 odio
627 1101 746 1162 babui.“
785 1102 817 1161 Si
837 1103 907 1181 quid
928 1101 1037 1161 valeret
1057 1096 1246 1181 praescientia

7 1213 11 1220 ·
107 1203 141 1241 ιιι
160 1180 220 1238 boc
239 1176 361 1236 fratrum
382 1177 560 1252 discrimine,
579 1181 747 1258 importuna
759 1190 840 1239 certe
859 1179 945 1238 fieret
963 1177 1109 1258 temporis
1129 1174 1246 1235 nentio-

107 1258 223 1316 Demus
242 1253 333 1313 lacob
356 1253 444 1314 luisse
464 1253 606 1330 electum,
638 1259 705 1336 quia
730 1256 832 1315 suturis
855 1254 1010 1315 virtutibus
1036 1264 1125 1334 parta
1145 1252 1174 1313 ei
1196 1250 1247 1311 tuit

109 1330 250 1414 dignitas:
271 1350 410 1408 quorsum
432 1330 543 1391 diceret
562 1332 669 1392 Paulus
690 1332 821 1392 nondum
844 1332 929 1391 fuisse
950 1332 1069 1391 natum?
1111 1327 1247 1390 lambos:

108 1406 328 1469 inconsiderate
361 1406 490 1467 additum
520 1408 616 1481 soret,
656 1408 799 1468 nihildum
835 1406 908 1467 boni
950 1407 1070 1467 iecisse:
1123 1403 1245 1485 quiain

108 1496 253 1567 promptu
273 1484 330 1543 erit
349 1484 493 1562 exceptio,
514 1484 692 1544 nihilDenm
713 1486 815 1555 latere,
834 1496 921 1563 atque
941 1484 982 1543 ita
1002 1483 1150 1563 pietatem
1162 1476 1247 1541 lacob

109 1582 212 1623 coram
232 1561 296 1638 ipso
318 1560 405 1621 fuisse
424 1574 616 1639 praesentem.
656 1562 688 1621 Si
709 1580 799 1640 opera
820 1559 980 1621 conciliant
998 1559 1145 1639 gratiam,
1168 1574 1246 1617 suunt

107 1638 167 1700 illis
185 1635 312 1716 pretium
333 1637 439 1696 merito
465 1640 522 1697 iam
547 1650 617 1697 tunc
643 1650 779 1697 constare
804 1636 907 1697 debuit
930 1649 998 1697 ante
1024 1644 1132 1696 natum
1152 1630 1248 1705 lacot,

107 1713 234 1797 perinde
254 1714 312 1773 acsi
332 1713 516 1774 adolevisset.
560 1714 652 1794 Atqui
677 1716 707 1773 in
732 1712 913 1793 expediendo
939 1714 1021 1773 nodo
1048 1716 1152 1793 pergit
1169 1710 1247 1789 Apo·

107 1792 220 1867 stolus,
253 1790 399 1868 docetque
419 1790 609 1870 adoptionem
630 1790 735 1864 Iacob,
767 1810 829 1850 non
861 1810 894 1848 ex
920 1790 1060 1869 operibus
1085 1787 1246 1869 proiectam

109 1888 185 1939 esse,
206 1866 257 1927 sed
278 1886 311 1924 ex
330 1867 486 1926 vocatione
509 1868 573 1927 Dei.
619 1867 654 1927 ln
676 1867 815 1947 operibus
840 1866 968 1926 futurum
989 1865 1035 1925 sel
1056 1863 1245 1957 praeteritum

108 1957 226 2024 tempus
248 1963 308 2001 non
328 1942 507 2022 interponit:
535 1944 641 2003 deinde
661 1944 790 2023 praecise
811 1964 843 2003 ea
864 1943 991 2023 opponit
1009 1936 1245 2023 Der,yocationi,

108 2042 173 2081 uno
194 2019 291 2100 posito
312 2018 436 2078 alterum
456 2019 563 2079 diserte
583 2032 716 2080 evertere
735 2019 851 2081 volens:
877 2020 936 2079 acsi
956 2019 1087 2091 diceret,
1114 2016 1245 2079 conside·

109 2097 235 2159 randum
256 2114 318 2155 esse
344 2096 412 2173 quid
433 2094 501 2156 Deo
527 2095 687 2175 placuerit,
710 2118 770 2156 non
793 2095 862 2175 quid
888 2095 1041 2155 attulerint
1064 2115 1103 2155 ex
1128 2114 1161 2155 se
1184 2090 1245 2173 ipsit

10 2198 14 2205 ·
109 2174 254 2235 homines.
293 2170 449 2232 Postremo
471 2185 584 2233 certum
605 2186 648 2233 est
658 2174 801 2232 electionis
810 2187 841 2232 ct
854 2175 1000 2247 propositi
1010 2172 1148 2245 vocibus,
1167 2188 1245 2253 quar·

109 2268 228 2328 cunque
248 2248 428 2308 comminisci
450 2249 582 2310 homines
601 2249 701 2310 solent
720 2271 818 2310 causas
837 2261 917 2309 extra
937 2269 1077 2308 arcanum
1097 2248 1161 2309 Dei
1179 2266 1245 2308 coa·

110 2327 218 2399 silium,
238 2324 275 2384 ab
296 2324 349 2383 bac
370 2346 455 2385 causa
475 2327 630 2386 removeri.

189 2408 216 2466 5.
259 2400 406 2475 Quidnam
427 2403 463 2461 ad
485 2404 556 2462 haec
576 2403 759 2463 obscuranda
780 2414 961 2484 praetexent,
981 2405 1032 2483 qni
1044 2400 1191 2483 operibns
1207 2398 1245 2457 rel

108 2478 275 2561 praeteritis
296 2475 341 2536 sel
362 2477 465 2538 suturis
486 2478 582 2538 locum
603 2477 728 2558 aliquem
753 2480 784 2538 in
811 2480 957 2539 electione
977 2478 1150 2561 assignant?
1187 2476 1247 2537 flu

109 2556 190 2617 enim
211 2567 255 2615 cst
275 2574 392 2633 prorsus
413 2553 532 2615 eludere
552 2557 631 2635 quod
653 2556 806 2615 contendit
823 2557 995 2635 Apostolus,
1014 2576 1078 2614 non
1101 2576 1137 2613 ex
1156 2552 1246 2633 aliqua

110 2652 236 2715 operum
258 2632 382 2707 ratione,
401 2632 451 2690 scd
473 2653 507 2692 ex
527 2653 605 2692 mera
618 2633 677 2691 Dei
687 2634 843 2692 vocatione
863 2634 992 2712 pendere
1012 2631 1141 2692 fratrum
1151 2629 1246 2691 distri·

110 2731 196 2771 rnen:
223 2709 289 2787 quia
316 2706 394 2767 inter
417 2709 549 2768 nondum
579 2723 663 2769 natos
689 2710 878 2769 constitutum
905 2709 1000 2767 fuerit.
1046 2710 1156 2788 Neque
1183 2726 1247 2767 vero

111 2788 242 2849 latuisset
263 2786 384 2844 istorum
405 2806 437 2844 ar
459 2786 533 2861 ntia,
552 2785 576 2846 si
596 2786 665 2866 quid
686 2786 770 2845 solidi
794 2786 953 2846 habuisset:
976 2784 1028 2845 sed
1049 2787 1121 2864 qnia
1141 2784 1248 2864 optime

111 2876 237 2926 noverat
256 2862 286 2922 in
308 2862 427 2922 bomine
478 2884 543 2922 eum
569 2862 739 2941 praesidere
765 2863 836 2921 nibil
862 2862 934 2923 boni
960 2883 1061 2942 posse,
1094 2861 1153 2923 nisi
1194 2858 1248 2921 uod

112 2940 267 3004 electionis
287 2959 356 2999 suae
376 2937 522 2999 beneficio
549 2940 605 2999 iam
630 2943 710 3020 prius
730 2938 831 3019 largiri
850 2945 995 2999 statuerit:
1023 2958 1086 2997 non
1116 2882 1250 3021 conlegit

112 3019 149 3078 ad
171 3037 238 3097 prae
262 3029 390 3075 osterum
415 3015 497 3075 illum
519 3016 669 3089 ordinem,
691 3028 722 3074 ut
741 3036 831 3094 opera
853 3017 932 3075 boua
953 3036 1054 3076 causae
1073 3035 1149 3075 snae
1168 3034 1250 3097 prae-

111 3096 198 3155 ferat.
238 3040 388 3152 llabemus
407 3113 440 3152 ex
461 3092 556 3151 verbis
576 3091 727 3171 Apostoli,
751 3092 840 3152 solius
862 3093 974 3151 divinae
996 3090 1156 3153 electionis
1175 3092 1251 3153 arbi·

111 3172 173 3232 trio
195 3170 343 3229 fundatam
364 3188 426 3229 esse
446 3167 574 3227 bdelium
587 3169 725 3228 salutern:
746 3190 843 3248 neque
863 3168 944 3228 illum
965 3170 1097 3228 savorem
1111 3170 1252 3249 operibat

113 3245 282 3317 conciliari,
307 3246 357 3305 scd
379 3266 411 3303 ex
436 3248 562 3325 gratuita
574 3242 738 3304 'vocatione
757 3248 923 3325 provenire.
967 3244 1122 3307 Habemus
1143 3258 1177 3307 et
1195 3249 1253 3309 eine

113 3325 158 3384 rei
178 3322 358 3402 propositam
381 3324 462 3401 quasi
481 3318 670 3376 ὑποτύπωσιν.
707 3323 822 3381 Fratres
842 3334 910 3381 sunt
929 3324 1005 3381 Esau
1025 3334 1056 3380 et
1076 3322 1188 3400 Iacob,
1208 3325 1255 3384 iis·

116 3402 182 3461 dem
202 3397 295 3480 geniti
319 3398 497 3474 parentibus,
518 3399 622 3457 eodem
643 3398 736 3457 adbuc
757 3411 842 3457 utero
864 3398 1003 3471 conclusi,
1024 3400 1164 3460 nondum
1185 3400 1256 3461 editi

114 3481 145 3539 in
166 3476 270 3535 lucem.
310 3475 345 3532 Ιιι
367 3472 421 3533 illis
442 3476 540 3533 omnia
562 3476 657 3552 paria,
678 3475 821 3533 diversum
843 3486 940 3534 tamen
962 3474 998 3534 dc
1018 3474 1075 3533 illis
1098 3476 1161 3536 Dei
1181 3476 1256 3537 indi-

114 3556 201 3618 cium.
238 3549 373 3611 Alterum
394 3551 521 3624 assumit,
540 3553 664 3610 alterurn
684 3551 788 3611 reiicit.
834 3551 904 3611 Sola
925 3563 987 3610 erat
1007 3552 1258 3633 primogenitura,

115 3632 196 3694 cuius
216 3628 280 3686 iure
300 3627 374 3686 alter
386 3626 508 3686 alterum
529 3629 728 3707 praecederet.
767 3627 869 3705 Atqui,
888 3628 937 3688 illa
951 3649 1071 3718 quoqne
1083 3631 1258 3709 praeterita,

115 3706 226 3769 iuniori
248 3703 380 3762 defertur
399 3703 479 3782 quod
500 3717 626 3783 negatur
646 3706 756 3763 maiori.
796 3704 860 3763 lmo
882 3705 911 3763 in
935 3705 996 3763 aliis
1017 3726 1145 3795 quoque
1165 3708 1257 3767 desti·

111 3796 186 3845 nato
213 3780 336 3842 consilio
364 3781 624 3860 primogenituram
648 3781 764 3840 videtur
788 3802 903 3860 semper
929 3793 1147 3860 contempsisse
1165 3782 1258 3859 Dent,

112 3874 149 3922 ut
174 3877 292 3917 omnem
319 3856 463 3937 gloriandi
490 3858 639 3916 materiam
671 3858 750 3917 carni
781 3859 970 3936 praecideret.
1015 3858 1191 3936 Repudiato
1215 3858 1259 3921 Is·

113 3935 209 4069 maeqe
228 3936 355 3992 animum
376 3934 411 3992 ad
432 3934 512 3993 isaac
532 3934 645 3993 adiicit:
671 3936 839 4013 postposito
859 3936 1007 4008 blanassc,
1032 3933 1179 4013 prraim
1199 3958 1259 3999 ma-

135 4016 159 4074 is
200 4022 316 4070 onorat.

112 4036 134 4099 g
190 4093 219 4151 6.
260 4086 377 4160 Quodsi
398 4087 538 4165 quispiam
559 4086 739 4166 interpellet,
759 4087 795 4146 ab
815 4087 875 4147 istis
894 4086 1086 4146 inferioribus
1108 4099 1141 4149 et
1160 4090 1257 4151 minu·

113 4168 152 4228 tis
172 4162 324 4225 beneficiis
343 4184 405 4222 non
424 4164 611 4223 statuendum
632 4184 695 4223 esse
715 4163 751 4222 de
771 4185 882 4224 summa
902 4164 1015 4223 suturae
1035 4164 1134 4225 sitae:
1157 4178 1193 4227 ut
1211 4164 1259 4247 (μ’

113 4247 146 4305 ἰιι
164 4237 418 4323 primogeniturae
437 4238 582 4300 bonorem
603 4253 720 4302 evectus
741 4240 844 4315 suerit,
863 4240 930 4300 ideo
951 4251 1110 4319 reputetur
1130 4243 1163 4303 iu
1184 4242 1259 4306 coeli

115 4317 327 4381 haereditatem
336 4326 492 4397 cooptatus
503 4319 587 4396 (sunt
599 4317 676 4379 enim
690 4316 818 4398 plurimi,
835 4316 884 4397 qui
895 4337 933 4378 ne
945 4316 1038 4379 Paulo
1051 4318 1179 4399 quidem
1192 4340 1257 4402 par·

191 4604 199 4633 l
