2700 4732
507 222 583 289 lulli.
604 224 660 283 tlt.
700 223 789 285 Cdl’.
811 222 888 284 Ν·
1193 228 1252 292 Μ

189 374 220 433 6.
257 368 319 427 Iam
351 367 474 448 propius
507 388 608 426 manus
634 378 810 441 conserunt,
836 368 904 426 dum
932 390 946 427 a
970 364 1039 428 ertia
1063 370 1187 445 (utsilri
1207 369 1250 428 ri·

106 446 237 525 dentur)
260 443 419 504 sententiis
437 444 622 527 pugnant*).
667 445 730 519 Qui
754 445 790 504 ad
810 444 929 505 loannis
948 390 990 505 lu
1013 444 1129 505 tismum
1149 447 1251 507 venie-

109 523 201 597 bant,
228 519 448 583 confitebantur
467 532 584 600 peccata
605 541 670 581 sua:
697 532 727 580 et
746 520 872 581 lacobus
893 521 955 580 vult
982 467 1056 580 alter
1075 522 1157 582 alteri
1179 543 1250 602 pec-

108 610 180 661 crta
197 596 391 659 conliteamur
408 594 483 734 qlat.
503 604 538 669 5,
557 599 628 675 to).
671 596 753 658 Nihil
774 597 877 656 mirum
897 598 921 657 si
941 595 1159 658 confitebantur
1178 618 1248 678 pee-

113 684 180 739 cata
197 694 260 749 sua,
277 672 329 753 qui
348 671 415 734 vole
437 684 488 733 aot
507 673 660 752 baptisari.
699 674 818 734 Dictum
840 675 918 734 enim
938 686 1007 734 aute
1027 686 1086 749 est,
1105 675 1249 736 loannem

113 749 297 833 praedicasse
315 749 496 829 Baptismum
522 751 737 842 poenitentiae,
761 748 924 830 baptizasse
943 770 1018 829 aqua
1038 750 1067 810 in
1094 754 1250 831 poeniten·

111 828 195 897 tiam.
234 827 321 901 Quos
340 826 430 907 igitur
449 826 637 904 baptizasset:
665 827 720 886 nisi
740 828 790 907 qui
810 848 841 887 se
865 838 1036 908 peccatores
1056 828 1184 888 confessi
1202 846 1249 888 es-

110 904 199 965 seut?
236 904 399 983 Baptismus
418 902 584 984 symbolum
605 914 649 964 est
667 904 848 963 remissionis
868 914 1071 983 peccatoromr
1093 916 1123 963 et
1143 904 1193 983 qui
1212 904 1248 963 ad

112 982 175 1042 hoe
255 978 354 1039 lsolum
375 979 611 1053 admitterentur,
631 980 686 1039 nisi
707 992 887 1060 peccatores,
908 981 1000 1059 etqui
1019 1001 1050 1040 se
1071 980 1168 1041 talesa
1193 1000 1248 1040 uo-

110 1000 485 1120 seuallmconttetantor
504 1056 602 1135 itaque
629 1068 748 1137 peccata
767 1078 835 1129 sua,
859 1068 892 1115 ut
917 1058 1145 1135 baptizarentur.
1214 1076 1248 1118 ee

112 1133 179 1195 sine
198 1152 281 1192 causa
301 1133 443 1212 praecipit
469 1131 612 1206 larobus,
633 1133 735 1192 otalii
760 1132 823 1191 aliis
844 1133 1044 1192 conliteamur.
1096 1135 1204 1193 Verum
1225 1134 1249 1193 si

114 1209 382 1270 animadverterent
401 1209 481 1300 quod
503 1209 633 1287 proxime
649 1210 792 1289 sequitur,
813 1208 1023 1291 intelligerent,
1043 1231 1144 1289 parum
1166 1211 1252 1270 etiam

114 1286 175 1347 ltoc
193 1285 249 1346 sibi
266 1284 430 1365 srrl'lragarr.
456 1285 682 1360 „Confitemini,
702 1285 807 1365 inquit,
828 1285 901 1344 alter
920 1286 1003 1345 alteri
1017 1300 1134 1365 peccata
1148 1298 1253 1363 restra,

112 1373 146 1425 et
165 1372 250 1423 orate
268 1380 325 1440 pro
346 1361 502 1422 invteens‘
544 1364 674 1422 lllutuam
696 1362 924 1436 confessionem,
944 1374 974 1421 et
992 1375 1120 1422 mutuam
1140 1363 1252 1424 oratio·

110 1458 183 1499 nem
202 1438 289 1498 simul
309 1438 413 1519 iungit.
454 1438 485 1497 Si
512 1437 580 1498 solis
605 1438 773 1500 sacrificulis
799 1439 999 1499 confitendum
1031 1451 1089 1499 est:
1122 1460 1195 1521 ergo
1223 1451 1252 1499 et

109 1536 171 1599 pro
191 1514 246 1575 illis
265 1513 336 1574 solis
356 1513 509 1573 orandum.
557 1514 657 1589 Quid,
677 1517 756 1594 quod
776 1527 950 1594 sequeretur
969 1536 1002 1573 ex
1021 1516 1118 1575 uerbis
1138 1514 1253 1591 lacobi,

110 1592 196 1655 solos
214 1590 391 1669 sacrificulos
411 1591 548 1650 confiteri
568 1593 673 1670 posse?
692 1592 834 1670 siquidem
849 1591 916 1649 dum
930 1592 990 1650 vult
1010 1603 1041 1650 ut
1060 1602 1163 1651 nurtun
1179 1612 1253 1651 con·

111 1670 259 1742 liteamur,
277 1686 329 1726 eos
349 1667 427 1727 solos
447 1666 608 1746 alloquitur
618 1669 668 1746 qui
687 1668 811 1727 aliorum
824 1668 1041 1730 consessionem
1062 1669 1161 1727 audire
1182 1688 1250 1748 pos·

110 1746 184 1807 sint.
208 1741 359 1819 Ἅᾷλὴὶους,
373 1743 478 1823 inquit,
496 1758 604 1816 mutuo,
628 1747 899 1821 inuicem,vieissim,
920 1756 971 1803 aut
989 1746 1012 1804 si
1034 1742 1153 1817 malunt,
1173 1748 1248 1804 raci-

105 1842 212 1899 pvoos.
251 1818 397 1879 Confltcri
417 1831 515 1879 autem
536 1822 686 1900 reciproce
707 1832 875 1901 nequeunt,
896 1820 950 1880 nisi
971 1822 1022 1900 qui
1042 1832 1110 1881 sunt
1130 1822 1248 1880 audien-

112 1898 160 1959 dis
179 1894 416 1957 consertionibus
435 1896 546 1955 idonci.
599 1897 666 1970 Qua
712 1899 897 1975 raerogativa
917 1897 1036 1975 quando
1062 1897 1142 1959 solos
1161 1897 1252 1959 sacri-

111 1974 220 2037 ficulos
239 1972 409 2069 dignantur,
429 1993 484 2033 nos
504 1993 621 2051 quoquc
634 1919 793 2033 conltendi
814 1995 919 2031 munus
939 1974 975 2033 ad
996 1993 1047 2033 eos
1068 1974 1147 2033 solos
1168 1972 1251 2033 able-

110 2071 226 2133 gamus.
264 2051 421 2109 lacessant
439 2048 528 2130 igitur
548 2049 604 2109 hoc
624 2069 717 2129 genus
737 2062 932 2131 nugamenta,
953 2060 982 2109 et
1003 2049 1091 2129 ipsam
1113 2048 1250 2129 Apostoli

111 2138 245 2188 mentem
265 2125 452 2205 accipiamus,
472 2144 547 2205 quae
568 2125 687 2207 simplex
708 2138 801 2185 estet
822 2138 935 2204 aperta:
957 2146 1063 2205 nempe
1085 2138 1116 2185 ut
1137 2136 1251 2187 nostras

112 2202 298 2266 infirmitates
325 2201 450 2261 vicissim
475 2202 549 2260 alter
573 2203 601 2260 in
628 2202 746 2263 alterius
770 2203 864 2263 sinum
891 2202 1088 2282 deponamus,
1121 2214 1252 2261 mutuum

111 2278 285 2354 consilium,
316 2289 446 2337 mutuam
466 2278 715 2358 compassionem,
749 2292 877 2338 mutuam
898 2279 1051 2340 internos
1072 2278 1253 2339 consolatio&

111 2376 183 2417 nu
203 2355 361 2435 accepturi.
412 2354 531 2412 Deinde
561 2366 593 2414 ut
618 2355 753 2415 fraternis
774 2355 988 2415 infirmitatibus
1008 2367 1111 2415 mutuo
1133 2353 1254 2429 conscii,

110 2452 172 2517 pro
190 2430 247 2493 illis
272 2432 309 2490 ad
330 2432 491 2490 Dominum
522 2450 648 2491 oremus.
699 2432 780 2507 Quid
807 2453 879 2513 crgo
909 2445 1013 2492 cnutra
1037 2454 1093 2493 nos
1113 2430 1254 2492 lacobum

113 2512 225 2584 citant,
255 2509 306 2588 qui
336 2520 493 2587 tantopere
528 2507 743 2567 consessionem
775 2509 992 2568 misericordiae
1013 2509 1071 2567 Dei
1095 2508 1253 2591 urgemus?

113 2586 263 2651 Confiteri
276 2597 374 2644 autem
388 2585 445 2643 Dei
459 2584 685 2643 misericordiam
707 2606 795 2644 nemo
816 2597 924 2664 potest,
944 2586 1000 2645 nisi
1014 2585 1159 2645 miseriam
1173 2604 1253 2643 suam

113 2664 195 2744 prins
209 2663 370 2723 consessus.
410 2661 492 2735 Quin
515 2662 610 2741 potius
631 2660 781 2721 anathema
793 2682 855 2721 esse
875 2662 1109 2742 pronuntiamus,
1129 2662 1253 2751 quicun-

119 2758 178 2819 qne
199 2760 261 2799 nou
281 2760 313 2797 se
333 2758 433 2798 coram
453 2737 538 2809 Deo,
559 2757 658 2796 coram
684 2737 794 2819 angelis
815 2739 893 2809 eius,
914 2760 1011 2797 coram
1038 2737 1174 2810 ecclesia,
1200 2754 1252 2794 co-

120 2834 183 2876 ram
212 2816 347 2875 omnihus
379 2814 506 2892 denique
543 2813 709 2874 hominibus
745 2825 930 2892 peccatorem
970 2812 1121 2874 confessus
1153 2812 1251 2870 suerit.

119 2889 249 2969 „Omnia
269 2891 347 2950 enim
369 2889 512 2950 conclusit
532 2890 678 2948 Dominus
703 2890 756 2951 sub
782 2901 952 2971 peccatum,
977 2902 1010 2948 ut
1031 2908 1122 2949 omne
1142 2909 1175 2947 os
1196 2886 1252 2947 ob-

117 2980 260 3042 struatur,
291 2978 321 3025 et
347 2966 516 3025 humilietur
537 2967 630 3025 omnis
650 2988 717 3026 caro
739 2987 838 3026 coram
858 2966 941 3025 Deo:
973 2966 1052 3025 solus
1072 2975 1169 3025 autem
1191 2965 1252 3044 ipsc

115 3045 289 3107 iustificetur
309 3056 339 3103 et
359 3042 522 3102 exaltetur⁴⁸
542 3041 624 3122 (Gal.
643 3049 673 3118 3,
694 3048 741 3106 22.
761 3044 848 3102 Rom.
869 3049 899 3117 3,
918 3050 945 3106 9.
967 3054 997 3102 et
1016 3044 1087 3119 tu).

164 3122 220 3189 ’7.
259 3122 355 3181 Miror
378 3130 474 3179 autem
499 3141 555 3198 qua
582 3120 679 3180 fronto
699 3119 795 3179 ausint
818 3119 999 3179 contendere
1024 3118 1254 3191 confessionem,

116 3200 233 3281 dequa
254 3196 431 3277 loquuntur,
458 3198 527 3256 iuris
553 3216 616 3256 esse
641 3196 744 3255 divini:
772 3197 853 3257 cuius
874 3196 1009 3275 equidem
1030 3194 1255 3255 vetustissimum

114 3295 180 3338 esse
200 3296 283 3335 usum
304 3275 442 3333 latemur:
463 3273 512 3331 sed
534 3294 620 3351 qucm
640 3272 727 3331 facile
747 3273 882 3332 evincere
903 3293 1053 3353 possumus
1074 3272 1145 3331 olim
1167 3271 1256 3330 luisse

114 3354 254 3415 liberum.
299 3352 388 3412 Certe
409 3348 518 3409 nullam
539 3351 575 3408 de
597 3369 630 3408 ea
650 3361 751 3409 statam
772 3349 861 3409 fuisse
882 3348 976 3431 legem
997 3360 1047 3408 aut
1066 3347 1254 3408 constitutio·

114 3450 184 3491 nem
205 3427 452 3489 antelunoceutii
473 3426 553 3484 tertii
575 3439 718 3505 tempora,
738 3444 840 3485 eorum
855 3423 1106 3505 quoqueaonales
1126 3432 1255 3483 namant.

115 3506 212 3568 Certe
231 3504 256 3565 si
275 3504 321 3563 lex
346 3503 401 3562 illis
426 3503 527 3562 suisset
552 3502 715 3581 antiquior,
745 3503 843 3582 potius
873 3522 934 3561 earn
959 3502 1148 3582 arripuissent
1168 3520 1254 3577 quam

115 3581 254 3644 contenti
272 3580 477 3640 Lateranensis
497 3579 614 3639 concilii
634 3578 770 3654 decreto,
795 3581 894 3659 pueris
914 3598 1034 3657 quoque
1051 3579 1119 3659 ipsis
1145 3579 1255 3636 ridicu·

116 3660 164 3720 los
183 3676 216 3719 se
236 3658 382 3718 fecissent.
427 3657 496 3715 Non
523 3655 659 3714 dubitant
678 3656 709 3714 in
729 3655 791 3715 aliis
811 3655 898 3715 robus
919 3655 1061 3715 excudere
1080 3654 1182 3713 fictitia
1202 3651 1257 3711 de·

117 3747 209 3807 creta,
229 3753 305 3814 quae
325 3732 522 3794 vetustissimis
543 3731 674 3792 conciliis
693 3731 853 3807 ascribunt,
872 3742 905 3791 ut
924 3732 985 3812 ipsa
1004 3730 1186 3809 antiquitatis
1203 3746 1255 3787 ve·

116 3813 275 3873 sacratione
306 3809 477 3889 simplicium
506 3810 609 3868 oculos
662 3808 847 3889 erstringant.
897 3807 933 3866 Iu
959 3807 1016 3867 hoe
1040 3806 1135 3887 capite
1165 3802 1255 3864 talem

118 3888 263 3949 fallaciam
289 3886 420 3948 obiicere
445 3905 505 3944 uon
526 3885 605 3943 venit
630 3829 685 3946 illis
711 3886 741 3943 in
760 3896 899 3945 mentem.
948 3884 1051 3964 ltaque
1070 3883 1154 3964 (ipsis
1172 3880 1256 3941 testi·

117 3966 189 4044 laus)
209 3965 341 4025 nondum
369 3963 460 4041 elapsi
483 3973 552 4022 sunt
571 3962 640 4020 antri
664 3962 802 4035 trecenti,
824 3982 858 4021 ex
878 3983 939 4042 quo
958 3961 1082 4021 iniectus
1102 3958 1138 4020 ab
1158 3958 1253 4017 Iuno·

71 4052 78 4063 '
118 4042 219 4104 centio
240 4040 330 4101 tertio
350 4039 486 4118 laqueus,
512 4051 542 4096 et
567 4038 701 4118 imposita
721 4037 881 4099 confitendi
900 4036 1065 4097 necessitas.
1103 4038 1203 4116 Atque
1221 4043 1256 4094 ut

119 4120 156 4180 de
175 4130 314 4196 tempore
333 4128 462 4189 taceam,
491 4114 553 4174 sola
579 4115 737 4175 verborum
763 4114 912 4176 barbaries
933 4113 1020 4173 fidem
1040 4111 1099 4196 legi
1119 4112 1253 4194 abrogat

189 4356 218 4426 ⁸)
235 4353 296 4407 Vid.
314 4351 485 4420 dumetham
503 4351 574 4423 epist.
591 4352 632 4408 Μ.
