2700 4732
362 208 375 221 ’
482 223 561 287 um.
581 222 638 285 111.
677 220 767 287 can.
785 220 890 285 xum
1040 242 1047 255 ·
1213 224 1252 287 sa

93 368 196 433 'uude
215 369 316 446 venia,
335 368 393 431 uisi
452 370 579 432 iaDeus
598 389 653 430 nos
674 379 705 429 et
722 379 822 429 nostra
841 364 941 447 omnia
960 364 992 425 in
1013 364 1135 427 Christo
1154 363 1254 425 iutue-

110 447 184 509 tur?
223 447 409 522 Quemadmo
433 468 480 507 um
500 467 573 529 ergo
593 446 733 526 nosipsi,
752 444 852 504 ubiiu
874 443 1024 520 Christum
1043 443 1123 504 insiti
1142 461 1253 517 sumus,

109 526 184 586 ideo
205 525 274 584 iusti
292 544 466 604 apparemus
486 545 586 584 coram
605 524 692 595 Deo,
720 522 789 601 quia
809 522 870 580 eius
895 520 1065 580 innocentia
1085 531 1253 600 conteguu-
1300 544 1304 559 ·

108 612 165 663 tur
184 612 304 661 nostrae
323 601 506 737 iniquitates:
538 602 591 691 sic¹
607 619 697 691 opera
726 609 825 657 nostra
849 598 922 657 iusta
950 608 1018 656 suut
1042 608 1073 655 et
1093 588 1251 671 bibentur,

112 679 185 759 quia
204 677 342 758 quicquid
362 679 432 737 uias
451 677 513 737 vitii
533 678 562 735 in
583 699 651 757 rpsrs
671 687 725 749 est,
747 674 856 734 Christi
875 673 1003 753 puritate
1021 671 1167 751 sepultum
1188 692 1252 731 nou

110 757 154 814 im
177 765 284 814 utatur.
323 754 369 813 lta
388 756 494 813 merito
516 753 613 813 dicere
631 772 793 831 possumus,
807 750 873 810 'sola
892 749 950 810 lide
969 770 1031 809 non
1050 762 1164 809 tautum
1184 768 1251 822 nos,

111 775 175 892 aed
187 850 279 923 opera
300 832 387 890 etiam
408 841 508 890 nostra
528 830 685 889 iustificari.
735 828 797 886 Iam
822 828 846 886 si
875 827 927 886 ista
948 825 1156 905 qualiscunque
1176 844 1251 902 ope-

112 928 181 968 rum
201 907 312 966 iustitia
334 928 350 966 a
370 907 427 966 fide
448 919 478 966 et
497 907 623 988 gratuita
643 904 849 964 iustificatione
869 903 993 982 pendet,
1024 914 1055 962 et
1074 901 1110 963 ab
1132 922 1165 961 ea
1185 899 1251 961 effi·

112 986 207 1045 citur:
227 983 315 1042 debet
334 983 388 1043 sub
409 1004 442 1043 ea
462 983 586 1055 includi,
611 993 641 1040 et
658 993 799 1060 tanquam
826 978 949 1039 allectus
978 998 1082 1040 causae
1108 998 1177 1039 suae
1202 982 1252 1055 (ut

112 1059 156 1120 ita
175 1060 295 1140 loquar)
315 1059 516 1120 subordinari:
536 1070 649 1118 tantum
670 1057 753 1118 abest
773 1068 805 1115 ut
824 1057 898 1136 erigi
918 1055 1025 1116 debeat
1045 1056 1081 1115 ad
1101 1055 1181 1114 illam
1200 1053 1250 1114 vel

114 1137 320 1197 destruendam
340 1135 387 1195 vel
406 1135 628 1195 obscurandam.
671 1134 721 1193 Sic
740 1131 848 1193 Paulus
869 1144 901 1192 ut
920 1143 1103 1212 extorqueat,
1122 1131 1252 1192 beatitu-
1338 1166 1346 1181 κ

115 1213 216 1273 dinem
240 1224 372 1272 nostram
396 1212 455 1272 Dei
486 1211 701 1284 misericordia,
730 1230 791 1270 non
817 1209 958 1291 operibus
983 1222 1133 1281 constare,
1163 1218 1251 1290 urget

111 1288 238 1349 maxime
256 1287 328 1346 illud
348 1288 468 1348 Davidis
479 1288 528 1365 *):
558 1288 663 1362 „Beati
683 1307 805 1365 quorum
827 1288 963 1347 remissae
981 1298 1051 1346 sunt
1069 1285 1250 1367 iniquitates,

112 1376 167 1443 „et
186 1385 314 1444 quorum
339 1377 419 1425 tecta
439 1377 507 1424 sunt
526 1376 655 1456 peccata.
699 1365 807 1422 Beatus
827 1365 874 1424 cui
894 1385 954 1423 non
974 1364 1127 1442 imputavit
1144 1361 1252 1422 Domi-

110 1462 192 1519 „uus
211 1447 396 1520 peccatum.“
435 1442 468 1500 st
488 1463 552 1531 qurs
572 1452 676 1501 contra
688 1440 828 1500 obtrudat
847 1440 997 1500 innumera
1018 1439 1126 1523 elogia,
1144 1439 1251 1519 quibus

64 1568 67 1575 ,
108 1518 231 1582 uidetur
250 1518 402 1578 beatitudo
424 1518 564 1598 operibus
585 1517 661 1577 dari:
682 1517 777 1596 qualia
796 1529 875 1590 sunt,
894 1517 1023 1591 „Beatus
1034 1517 1077 1576 vir
1095 1517 1146 1596 qui
1165 1518 1252 1578 timet

111 1594 307 1673 „Dominum
327 1595 378 1674 qui
397 1595 552 1654 miseretur
571 1597 725 1675 pauperis,
745 1594 794 1673 qui
815 1614 876 1654 non
897 1593 1055 1654 ambulavit
1072 1595 1102 1653 in
1124 1594 1250 1654 consilio

112 1671 302 1752 „impiorum
323 1672 372 1751 qui
385 1671 491 1730 sullert
511 1672 721 1732 tentationcma
742 1671 820 1730 beati
841 1670 890 1751 qui
910 1670 1079 1730 custodiunt
1099 1670 1250 1747 iudicium,

114 1747 330 1827 ,immaculatb
360 1768 502 1827 pauperes
522 1749 641 1827 spiritu,
671 1748 774 1823 mites,
808 1759 838 1806 ct
858 1747 1081 1808 misericordes“
1101 1759 1167 1821 etc,
1186 1769 1252 1808 non

112 1824 246 1887 efficient
265 1826 420 1903 quominus
432 1845 532 1885 verum
552 1826 588 1885 sit
609 1827 688 1904 quod
708 1826 749 1884 ait
767 1823 883 1884 Paulus.
923 1824 1073 1898 Quoniam
1093 1826 1171 1883 enim
1190 1822 1252 1903 illa,
1310 1889 1324 1901 ,

110 1921 190 1984 quae
209 1901 431 1981 praedicantur,
464 1902 562 1961 omnia
586 1922 735 1981 nunquam
755 1901 795 1960 sic
816 1911 884 1961 sunt
908 1900 938 1959 iu
965 1900 1101 1973 bomine,
1128 1913 1162 1960 ut
1181 1900 1250 1969 Deo

110 1989 272 2060 propterea
291 1978 314 2037 is
334 1978 525 2056 approbetur,
545 1979 710 2050 conficitur,
730 1978 867 2037 miserum
878 1997 995 2056 semper
1006 1997 1069 2038 esse
1088 1978 1252 2056 bominem,

110 2055 170 2116 uisi
188 2076 207 2115 a
225 2054 341 2114 miseria
362 2075 416 2134 per
439 2055 552 2114 veniam
585 2067 775 2134 peccatorum
801 2055 950 2114 eximatur.
1002 2054 1154 2129 Quoniam
1176 2076 1250 2139 ergo

108 2132 250 2211 universa
270 2151 344 2210 quae
358 2133 422 2190 Scri
446 2132 516 2191 turis
528 2131 709 2192 extolluntur
727 2131 918 2206 beatitudinis
959 2151 1056 2207 encra,
1075 2132 1157 2191 irrita
1176 2146 1252 2194 cou-

111 2209 227 2280 cidu'rut,
246 2219 280 2266 ut
299 2206 405 2267 nullius
416 2154 542 2269 linctum
562 2209 707 2289 percipiat
717 2208 818 2285 bomo,
832 2207 928 2269 donec
937 2150 1160 2270 beatitudinem
1181 2230 1251 2290 pec-

110 2298 246 2348 catorum
266 2286 437 2344 remissione
457 2287 577 2365 adeptus
598 2287 703 2357 fuerit,
728 2304 803 2363 quae
824 2284 930 2344 deinde
950 2284 1005 2346 illis
1030 2284 1127 2346 locum
1149 2287 1249 2349 faciat:

110 2363 247 2455 sequitur
266 2360 340 2420 banc
361 2381 423 2420 csse
444 2382 505 2420 non
526 2363 615 2422 modo
634 2381 775 2422 summam
791 2362 1031 2442 etpraeeipuam‚
1050 2363 1102 2424 sed
1119 2365 1250 2441 unicam,

109 2443 168 2500 uisu
188 2439 267 2498 sorte
287 2437 356 2498 velis
376 2437 412 2497 ab
433 2438 488 2498 illis
510 2440 652 2512 enervari,
673 2457 750 2517 quae
768 2440 798 2497 in
812 2458 844 2498 ea
864 2438 927 2500 sola
939 2439 1113 2500 consistunt.
1152 2442 1248 2505 Multo

111 2518 169 2576 iam
190 2514 287 2575 miuus
306 2514 427 2573 rationis
441 2527 494 2591 est,
514 2538 567 2575 cur
585 2537 639 2576 nos
661 2516 839 2576 conturbare
851 2515 959 2577 debeat
977 2517 1136 2597 appellatio
1155 2519 1250 2579 iusto-

110 2615 195 2669 rum,
227 2611 302 2671 quae
331 2589 466 2650 fidelibus
495 2593 670 2671 plerumque
700 2592 850 2652 tribuitur.
901 2592 997 2654 [ustos
1023 2607 1103 2654 certe
1128 2616 1144 2655 a
1170 2597 1248 2657 vitae
1272 2614 1278 2637 '-

111 2668 305 2730 sanctimonia
325 2669 488 2746 nuncupari
510 2671 620 2728 fateor:
646 2670 696 2729 sed
723 2692 812 2749 quum
838 2669 868 2729 in
893 2672 1018 2730 iustitiae
1038 2672 1163 2731 studium
1184 2695 1248 2734 ma·
1320 2718 1322 2723 ·

134 2749 157 2807 ’s
193 2743 365 2805 incumbant
417 2766 481 2803 uam
518 2746 655 2804 iustitiam
694 2747 784 2825 ipsam
818 2747 975 2826 impleant,
1014 2748 1248 2829 qualemcunque

112 2768 196 2957 bbnpl
210 2822 362 2897 iustitiam,
393 2765 460 2880 lidei
487 2823 684 2882 iustificationi
704 2824 810 2882 cedere
837 2844 892 2901 par
919 2834 978 2900 est,
1009 2826 1088 2883 unde
1109 2824 1197 2886 babet
1216 2826 1247 2886 id

134 2922 174 2960 uo
216 2910 267 2958 est.

111 2924 132 2982 q
191 2982 239 3040 11.
278 2976 337 3035 Sed
358 2977 436 3033 enim
457 2997 522 3035 cum
543 2975 653 3034 Iacobo
686 2975 751 3055 plus
777 2975 871 3034 adbuc
895 2977 1009 3058 negotii
1030 2975 1115 3036 nobis
1135 2989 1251 3041 restare

109 3056 210 3126 aiunt,
230 3065 261 3113 ut
281 3055 330 3132 qui
352 3065 451 3131 apertu
471 3072 544 3111 voce
565 3052 650 3111 nobis
671 3064 824 3136 repugnet
863 3055 963 3114 Docet
981 3053 1059 3112 enim
1081 3065 1109 3112 et
1129 3054 1248 3130 „Abra-

111 3135 178 3193 bam
200 3151 232 3189 οι
254 3130 393 3209 operibus
414 3130 500 3189 fuisse
520 3129 723 3204 iustificatum,
755 3141 784 3187 et
804 3151 858 3190 uos
879 3149 997 3220 quoque
1018 3150 1121 3192 omnes
1146 3133 1248 3212 operi·

111 3210 166 3269 bus
186 3207 350 3280 iustificari,
372 3227 432 3265 non
453 3207 514 3265 sola
536 3207 616 3264 fidet
636 3210 684 3284 (ca
709 3213 764 3279 ,2,
783 3210 856 3284 tt).
898 3207 979 3279 Qurd
999 3207 1107 3289 igitur?
1132 3222 1249 3288 pertra-

109 3287 222 3346 bentne
242 3284 271 3341 in
294 3296 440 3342 certamen
461 3282 584 3341 Paulum
606 3304 671 3342 curn
689 3229 822 3343 latebo?
851 3283 883 3343 Si
904 3282 1045 3343 Iacobum
1066 3306 1121 3364 pro
1134 3285 1247 3349 [bristi

108 3364 245 3423 ministro
273 3360 397 3432 babent,
425 3359 466 3418 sic
492 3360 662 3436 accipienda
682 3372 726 3420 est
746 3360 806 3418 eius
832 3362 995 3434 sententia,
1026 3380 1102 3421 nea
1123 3363 1245 3425 Christo

108 3460 165 3520 per
191 3460 223 3498 os
248 3436 332 3496 Pauli
357 3435 498 3513 loquente
530 3436 687 3496 dissentiat
739 3436 865 3516 Spiritus
890 3458 944 3516 per
970 3458 1002 3498 os
1022 3437 1106 3497 Pauli
1133 3443 1246 3516 asserit,

108 3514 259 3576 Abrabam
281 3513 349 3585 fide,
368 3532 430 3570 non
451 3512 589 3591 operibus
609 3514 747 3573 iustitiam
769 3514 1073 3574 luisseconsecutumc
1090 3536 1149 3575 nos
1191 3537 1246 3576 uo-

108 3613 168 3673 que
187 3592 246 3650 fide
266 3590 405 3648 docemus
426 3609 528 3648 omnes
548 3589 610 3648 sine
624 3591 764 3724 operibus
777 3590 863 3671 Legis
884 3591 1041 3651 iustificari.
1082 3590 1164 3650 Idem
1175 3594 1245 3672 apt-

106 3672 182 3730 ritus
200 3687 255 3747 per
274 3666 413 3725 Iacobum
434 3665 538 3739 tradit,
571 3678 600 3726 et
619 3667 645 3724 A
671 3667 756 3724 rabae
782 3678 812 3725 et
831 3679 960 3726 nostram
986 3666 1123 3727 iustitiam
1144 3670 1246 3748 operi·

108 3747 176 3819 bus,
194 3764 258 3803 non
278 3743 334 3801 fide
356 3754 467 3802 tantum
480 3753 624 3801 constare.
664 3743 805 3820 Spiritum
817 3763 915 3801 secum
935 3763 995 3802 non
1017 3763 1159 3824 pugnare,
1181 3764 1245 3806 cer·

107 3837 173 3883 tum
192 3832 245 3880 est.
286 3822 373 3893 Quae
394 3820 449 3877 erit
476 3839 549 3899 ergo
576 3819 699 3878 istorum
725 3818 902 3879 concordia?
932 3819 1100 3880 adversariis
1125 3821 1244 3883 abunde

108 3911 165 3972 est,
183 3898 208 3958 si
229 3895 424 3956 convellerint
441 3917 527 3973 quarn
549 3917 602 3954 nos
623 3894 765 3955 altissimis
783 3895 931 3954 radicibus
941 3895 1096 3956 stabilitam
1110 3897 1245 3960 volumus

106 3974 178 4035 fidei
198 3973 349 4033 iustitiam:
369 3993 449 4031 suam
469 3984 565 4030 autem
579 3972 767 4030 conscientiis
779 3970 1018 4051 tranquillitatem
1035 3974 1171 4050 reddere,
1182 3996 1245 4036 uon

108 4071 235 4134 maguae
255 4067 342 4110 curae
362 4060 415 4108 est.
464 4048 552 4108 Unde
572 4048 672 4109 videas
691 4047 808 4127 quidem
835 4068 886 4108 eos
909 4048 978 4108 fidei
1002 4049 1244 4114 iustificatiouem

177 4303 206 4372 ⁴)
223 4301 300 4357 Rom.
317 4304 342 4365 4,
360 4304 383 4357 'l-
418 4301 485 4354 Psal.
501 4302 544 4365 32,
560 4302 585 4354 1.
603 4330 635 4343 -·
653 4300 721 4355 Psat.
738 4301 797 4365 112,
813 4305 841 4359 1·
874 4301 952 4360 Prot.
969 4302 1012 4370 11,
1027 4303 1071 4361 210
1104 4301 1171 4359 Pul·
1183 4304 1209 4369 1,
1218 4302 1243 4357 1.

106 4372 160 4426 lac.
179 4376 206 4437 1,
223 4374 265 4429 12.
298 4370 366 4426 Psal.
384 4371 443 4435 106,
459 4371 483 4427 3.
501 4384 527 4425 et
542 4369 601 4437 119,
617 4370 660 4433 11:
692 4368 786 4427 ttsuh.
802 4369 915 4438 Mas.
