2700 4732
486 244 561 305 ΗΒ.
582 247 635 306 tv,
675 246 762 308 CAP.
782 244 862 306 xvl.
1178 251 1240 314 affl
1259 268 1266 281 *

108 392 144 451 tis
165 390 274 450 dictum
295 400 352 450 est:
379 390 466 450 docet
486 389 546 450 illic
565 389 674 455 Pactu
693 391 771 451 lanne
789 410 852 451 esse
864 389 932 451 Deo
945 388 1130 451 ordinarium
1149 412 1238 452 voea-

107 469 194 526 tionis
214 467 348 542 modum,
367 478 402 526 ut
422 466 532 527 eleetos
551 488 619 527 snos
639 468 674 528 ad
695 466 782 527 fidem
802 466 937 543 adducat,
956 467 1023 526 dnm
1044 466 1099 528 illis
1119 470 1237 529 suscitat

108 545 181 602 lidos
203 543 349 614 doctores,
370 564 494 622 quorum
514 545 676 617 ministerio
697 556 727 603 et
747 563 838 623 opera
858 564 973 603 manum
1016 545 1132 625 orrigit..
1160 546 1236 620 Quis

108 621 176 677 iude
203 620 297 697 legem
323 622 477 711 imponere
500 620 527 678 ei
548 621 664 695 audeat,
684 621 840 700 quominus
859 640 961 680 areana
982 567 1036 680 alia
1058 623 1172 680 ratione
1191 622 1233 679 in·

108 697 204 756 lantes
224 697 343 756 Christo
364 697 491 756 inserat?
511 731 547 742 -
588 697 680 771 Quod
700 697 812 771 obiicit,
833 695 1006 777 Cornelium
1026 710 1149 777 accepto
1170 696 1237 777 Spi-

108 775 166 832 ritu
187 785 290 832 saneto
310 773 489 851 baptizatum
510 772 607 845 luisse,
627 794 712 853 qnam
732 772 787 851 per
809 794 884 832 eram
898 794 1019 855 -epuno
1040 774 1172 864 exemplo
1185 795 1237 854 go

108 849 236 908 neralem
256 849 386 931 regulam
408 849 512 924 eliciet,
532 862 613 924 patet
632 872 665 909 ex
686 794 828 910 Eunncbo
849 860 879 909 et
899 848 1102 927 Samaritanis,
1116 851 1238 943 ungui·

109 926 163 985 bus
196 927 337 985 diversum
370 924 504 985 ordinem
529 926 609 985 Deus
633 929 743 997 tenuit,
776 939 809 985 ut
829 924 1088 1004 baptismus-dona
1109 927 1238 1005 Spiritus

109 1003 306 1082 praecederet.
324 1037 363 1050 -
382 1002 502 1061 Decima
515 1004 615 1082 quinta
637 1003 712 1062 ratio
734 1003 797 1082 plus
810 1023 895 1081 quarn
908 995 1079 1081 insalsa-est,
1099 1004 1170 1062 dicit
1184 1024 1238 1063 nos

110 1080 334 1160 regeneratione
355 1079 424 1137 deos
444 1077 521 1138 beri:
549 1099 610 1138 esse
628 1092 726 1137 antem
748 1079 833 1153 deos,
852 1079 886 1138 ad
907 1098 981 1158 quos
1000 1099 1098 1139 sermo
1117 1080 1182 1138 Dei·
1195 1080 1239 1140 la·

110 1167 172 1217 etus
194 1168 235 1214 est
255 1156 315 1232 (lo.
336 1162 383 1225 10,
401 1161 448 1218 35.
471 1154 510 1213 ΙΙ.
524 1156 588 1212 Ρεῑ.
608 1162 636 1229 1,
655 1157 714 1229 ab),
756 1155 814 1214 uod
835 1174 897 1214 uon
918 1155 1062 1235 competit·
1078 1157 1109 1215 in
1130 1176 1239 1237 pueros

109 1232 244 1290 infantes.
287 1232 377 1307 Quod
400 1231 535 1291 deitatem
556 1231 671 1312 altingit
689 1176 836 1302 nudibus,
856 1252 946 1292 unum
967 1245 1011 1291 est
1030 1252 1064 1291 ex
1083 1232 1144 1292 eius
1165 1231 1238 1291 deli·

109 1308 175 1380 riis,
206 1310 285 1387 quod
310 1320 445 1368 excutere
473 1328 533 1366 non
567 1319 611 1366 est
642 1309 802 1387 praesentis
828 1307 899 1368 loci:
932 1307 1104 1368 sed-lorum
1130 1309 1238 1388 Psalmi

110 1385 172 1518 gil,
192 1387 237 1457 6.)
256 1398 397 1464 torquere
419 1384 447 1441 in
469 1397 526 1443 tam
548 1383 672 1443 alienum
693 1404 807 1449 sensum
825 1383 958 1477 perditae
978 1384 1238 1463 impudentiaee'st.

140 1462 190 1520 icit
211 1461 358 1534 Christus,
379 1464 462 1539 reges
484 1473 514 1520 et
533 1463 715 1595 magistratus
735 1481 832 1520 vocari
853 1480 867 1519 a
889 1460 1035 1539 Propheta
1057 1460 1143 1535 deos,
1173 1452 1254 1542 quia'

109 1559 212 1597 munus
233 1539 393 1596 sustineant
413 1539 547 1596 divinitus
567 1540 589 1596 si
612 1537 622 1595 i
646 1537 816 1596 iniunctum.
848 1537 906 1596 llic
926 1556 996 1595 vern
1022 1534 1123 1595 dexter
1147 1539 1238 1598 interb

110 1635 186 1692 pres,
208 1616 286 1692 quod
309 1615 344 1670 de
364 1614 481 1692 speciali
502 1614 685 1695 gubernandi
711 1614 846 1673 mandato
867 1613 901 1670 ad
924 1625 1019 1672 certos
1041 1613 1173 1691 homines
1193 1615 1239 1673 di·

110 1690 228 1769 rigitur,
249 1690 284 1748 ad
304 1691 458 1769 Evangelii
479 1691 643 1750 doctrinam
661 1688 763 1762 trahit,
795 1702 827 1747 ut
847 1690 971 1748 iulantes
991 1689 1026 1748 ab
1048 1687 1239 1749 ecclesiact-

110 1767 257 1824 terminet.
278 1801 315 1811 —-
354 1765 469 1827 Obiicit
498 1789 612 1826 rursum
645 1767 770 1824 infantes
797 1786 856 1825 non
880 1787 967 1845 posse
994 1786 1086 1825 novos
1106 1765 1239 1829 borninea

110 1845 237 1901 censeri:
258 1842 323 1920 quia
345 1866 404 1903 uon
425 1844 587 1923 gignuntur
605 1864 659 1922 per
677 1862 851 1902 sermonem.
890 1844 955 1922 Ego
976 1852 1057 1914 vero,
1077 1842 1156 1919 quod
1177 1862 1240 1901 sae·

109 1919 172 1996 pius
203 1921 259 1976 iam
291 1919 345 1978 dixi
366 1942 444 1979 nune
463 1940 582 1999 qunque
603 1922 739 1999 repeto,
757 1919 791 1976 ad
817 1937 871 1977 nos
892 1918 1109 2000 regenerandos
1129 1918 1240 1977 doetri-

111 2016 178 2053 uaru
198 2016 297 2053 semen
318 2016 380 2055 esse
400 1995 634 2075 incorruptibile,
653 1995 795 2074 siquidem
816 1995 850 2054 ad
872 2015 933 2071 eam
954 1994 1171 2084 percipiendam
1189 2017 1240 2054 su-

112 2092 176 2129 mus
202 2071 316 2130 idonei:
349 2073 399 2131 ubi
425 2094 496 2131 vero
522 2073 653 2131 nondum
680 2094 733 2151 per
753 2072 875 2131 aetatem
897 2072 981 2130 nobis
1002 2071 1077 2129 inest
1097 2071 1239 2144 docilitas,

110 2149 207 2205 Deum
234 2159 336 2206 tenere
362 2171 430 2208 suos
454 2149 647 2230 regenerandi
673 2148 787 2230 gradus.
808 2186 846 2196 —
885 2147 992 2206 Postea
1021 2147 1056 2206 ad
1088 2145 1240 2226 allegorias

111 2244 175 2284 suas
204 2225 296 2295 redit,
327 2226 405 2303 quod
432 2225 492 2284 ovis
524 2237 554 2283 et
579 2246 662 2304 capra
692 2227 719 2282 iu
740 2224 836 2360 Lege,
856 2246 916 2283 uon
938 2224 1031 2281 statim
1053 2245 1086 2283 ec
1107 2228 1239 2303 egressae.

112 2312 195 2358 erant
215 2321 248 2358 ex
268 2313 353 2360 utero
388 2301 495 2360 scierint
516 2300 631 2360 oblatae.
658 2301 686 2359 iu
711 2298 784 2361 salci
807 2304 883 2361 cium
915 2301 1020 2376 (lixod.
1042 2307 1089 2375 1⁶2,
1118 2304 1172 2376 5.).
1206 2301 1239 2358 Si

110 2379 215 2469 ligures
237 2376 292 2434 brac
313 2344 428 2436 trabere
450 2377 534 2450 libet,
565 2377 635 2435 mibi
661 2389 827 2457 promptum
860 2392 903 2437 est
929 2396 1066 2456 regerere
1090 2378 1240 2457 primoge-

110 2467 170 2512 nrta
192 2454 305 2526 omnia,
337 2453 456 2514 simulac
477 2454 590 2512 vulvam
612 2469 802 2532 aperuerant,
836 2455 921 2514 fuisse
942 2455 1006 2512 Deo
1032 2475 1110 2512 saera
1131 2454 1238 2527 (Erod.

109 2532 252 2604 13,12.):
276 2529 380 2588 deiude
402 2534 567 2609 oportuisse
587 2550 694 2611 agnum
715 2531 879 2591 anniculum
906 2531 1034 2588 mactari.
1081 2531 1167 2588 Unde
1192 2551 1239 2589 se·

109 2607 217 2684 quitur,
239 2607 319 2664 virile
341 2607 432 2666 robur
451 2607 570 2664 minime
591 2627 652 2666 esse
674 2608 908 2684 exspectandum,
929 2608 998 2684 quin
1021 2607 1116 2682 potius
1133 2619 1162 2664 et
1174 2605 1239 2665 loe-

109 2696 154 2740 tus
175 2695 306 2740 recentes
328 2696 357 2741 et
376 2683 469 2744 adhuc
490 2696 608 2742 teneros
628 2704 643 2742 a
665 2683 730 2742 lleo
753 2688 780 2741 in
802 2684 940 2742 sacrificia
964 2680 1061 2761 deligi.
1158 2683 1240 2741 (Jon-

109 2758 203 2814 tendit
223 2771 387 2836 praeterea,
407 2780 467 2818 uon
490 2780 574 2837 posse
595 2760 694 2817 venire
715 2761 749 2816 ad
772 2760 929 2828 Christum,
951 2759 1003 2817 uisi
1046 2760 1074 2815 ui
1095 2779 1109 2815 a
1128 2760 1240 2833 loanue

110 2833 219 2891 luerint
239 2835 410 2923 praeparati.
451 2835 542 2907 Quasi
570 2856 638 2893 vero
660 2856 720 2893 non
744 2835 831 2893 suerit
851 2834 1012 2912 temporale
1025 2780 1151 2892 loannis
1172 2834 1240 2891 ols-

110 2909 195 2968 eium.
235 2909 293 2966 bed
316 2923 346 2966 ut
368 2909 424 2969 boe
445 2912 587 2980 omittam,
606 2909 652 2967 illa
675 2922 754 2967 certe
776 2911 960 2989 praeparatio
981 2930 1041 2968 non
1059 2910 1113 2967 luit
1124 2911 1152 2967 in
1167 2931 1240 2987 pue-

108 2986 159 3057 ris,
180 3006 253 3063 quos
274 2985 419 3062 amplexus
441 2998 484 3044 est
503 2985 654 3060 Christus,
685 3006 718 3045 ac
745 2987 899 3045 benedixit.
940 2987 1041 3059 Quare
1062 2985 1154 3044 valeat
1174 3009 1239 3046 cum

110 3061 182 3121 falso
203 3083 256 3119 suo
277 3062 433 3140 principio.
466 3094 503 3106 «-
561 3061 715 3131 Patronus·
733 3063 849 3123 tandem
875 3063 993 3123 arcessit
1017 3063 1239 3143 'l'rismegistum

108 3151 139 3197 et
165 3137 310 3214 Sibyllas,
343 3138 421 3216 quod
449 3158 545 3198 sacrae
570 3137 734 3198 ablutiones
761 3161 819 3199 non
847 3142 1024 3199 conveniant
1050 3139 1105 3199 uisi
1126 3139 1239 3209 adultis.

108 3216 153 3272 En
175 3236 261 3293 quam
284 3214 445 3273 honorilice
466 3216 573 3273 sentiat
598 3215 633 3271 de
656 3214 770 3274 Christi.
784 3215 949 3295 Baptisuro,
981 3237 1066 3296 quem
1093 3218 1181 3297 exigit
1203 3217 1240 3285 ad

108 3292 249 3371 prolanos
271 3290 412 3349 Gentium
435 3292 516 3364 ritus,
537 3312 574 3348 ue
595 3290 681 3349 aliter
702 3292 919 3351 administretur
939 3314 1023 3372 quarn
1046 3292 1239 3372 Trismegisto

108 3367 257 3445 placuerit.
296 3367 389 3427 Nobis
410 3388 481 3427 vero
504 3367 592 3448 pluris
613 3366 669 3426 llei
691 3369 856 3444 auctoritas,
877 3369 922 3428 eui
942 3370 1031 3429 visum
1054 3382 1112 3440 est,
1141 3368 1240 3441 insan7

107 3456 151 3501 tes
184 3443 238 3502 sibi
265 3465 437 3503 consecrare
471 3465 503 3503 ac
530 3443 644 3502 initiare
665 3466 746 3503 sacro
767 3444 913 3525 symbolo,
934 3446 1013 3505 cuius
1034 3447 1166 3509 noudum
1188 3467 1241 3524 per

107 3531 232 3577 aetatem
253 3521 309 3579 viru
332 3521 480 3580 tenebant.
520 3522 582 3580 Nec
605 3521 644 3579 las
665 3539 727 3580 esse
748 3521 879 3580 ducimus
900 3542 914 3580 a
937 3520 1077 3581 Gentium
1099 3520 1239 3601 eirpiatio-

108 3595 194 3653 nibus
215 3598 350 3670 mutuari,
371 3599 449 3675 quod
472 3611 619 3657 aeternam
646 3610 675 3655 et
696 3597 893 3656 inviolabilem
915 3596 972 3658 Dei
997 3598 1122 3680 Legem,
1152 3618 1238 3677 quam

110 3672 145 3729 de
167 3671 398 3731 Circumcisione
423 3675 530 3741 sanxit,
563 3677 592 3731 in
624 3673 772 3753 llaptismo
798 3687 899 3734 nostro
927 3686 1029 3734 mutet.
1049 3710 1084 3721 -
1126 3674 1240 3732 Ultimo

106 3748 175 3806 loco
196 3749 395 3807 ratiocinatur.
435 3750 613 3809 stimantes
635 3751 720 3811 liceat
738 3750 801 3810 siue
822 3750 973 3811 intellectu
996 3751 1157 3832 baptizare,
1183 3751 1240 3811 Ba·

107 3825 245 3904 ptismnm
266 3847 280 3882 a
303 3829 399 3903 pueris
425 3826 591 3885 ludentibus
621 3827 736 3887 mimice
764 3839 793 3886 et
820 3849 873 3908 per
892 3831 988 3888 iocum
1009 3848 1095 3908 posse
1115 3828 1239 3885 admini-

106 3904 199 3959 strari.
239 3902 336 3978 Atque
358 3902 393 3958 de
414 3902 467 3961 bac
487 3922 519 3961 re
540 3925 604 3962 eum
625 3904 692 3963 Deo
713 3904 817 3983 litiget,
837 3927 869 3964 ex
891 3907 970 3965 cuius
991 3917 1149 3982 praecepto
1172 3904 1241 3969 Cir·

106 3977 244 4036 cumeisio
266 3978 427 4038 eommunis
450 3979 503 4038 luit
522 3979 703 4054 infantibus,
723 3993 790 4039 ante
813 4004 877 4040 uam
898 3980 1120 4061 intelligentiam
1141 3980 1240 4070 adepti

106 4066 212 4112 essent.
263 4054 369 4113 Fuitne
390 4055 478 4136 igitur
497 4075 542 4114 res
563 4054 689 4129 ludicra,
715 4055 759 4114 vel
781 4003 907 4117 obnoxia
927 4078 1086 4147 puerorum
1113 4058 1239 4148 ineptiis,

105 4140 139 4187 ut
159 4133 311 4207 potuerint
330 4144 457 4190 sanctam
478 4132 535 4190 Dei
554 4131 770 4192 institutionem
792 4136 942 4196 evertere?
961 4134 1021 4193 Sed
1042 4133 1113 4192 nibil
1132 4153 1239 4191 marum

107 4217 160 4279 est,
179 4207 324 4284 reprobos
344 4209 413 4267 istos
434 4231 446 4267 s
470 4210 561 4283 initus,
582 4210 662 4288 quasi
684 4208 850 4288 phrenitide
873 4212 1069 4292 agitarentur,
1099 4208 1239 4269 crassissi-

106 4302 165 4340 mas
197 4303 325 4362 quasque
354 4231 544 4345 absurditates
574 4286 605 4344 in
631 4306 764 4346 errorum
791 4309 910 4347 suorum
932 4288 1133 4348 defensionem
1154 4286 1238 4367 inge-

106 4376 187 4431 rere,
218 4361 285 4438 quia
310 4360 392 4422 Deus
416 4381 519 4422 eorum
545 4362 649 4424 fastum
670 4374 699 4423 et
720 4363 908 4442 pertinaciam
929 4362 978 4425 tali
998 4361 1144 4444 vertigine
1163 4363 1238 4421 iuste
