2700 4732
91 188 151 249 ‘m
498 180 575 242 LlB.
593 182 648 243 lV.
689 185 778 247 CAP.
798 186 825 249 1.

143 326 213 389 'aa
253 324 400 397 Quoniam
429 337 527 386 autem
557 327 720 406 phrenetici
746 329 789 388 illi
814 349 888 407 quos
913 328 972 387 disi
1000 306 1213 409 spirititibus

92 401 206 461 unicam
228 402 326 461 salutis
351 422 489 463 ancoram
515 410 629 481 cripere
654 404 791 465 ecclcsiae
818 416 979 465 conantur:
1005 406 1147 465 adversus
1163 416 1213 465 tau

91 479 276 558 pestilentem
297 480 465 557 opinionem
493 479 595 540 fortius
615 481 800 540 roborandae
819 491 887 540 suut
906 482 1121 541 conscientiae.
1157 482 1213 539 ilo-

90 554 199 614 xatiani
230 554 299 613 olim
329 554 385 613 isto
415 556 551 635 dogmate
583 557 718 617 ecclesias
752 558 945 639 exagitarunt:
977 556 1033 619 sed
1054 557 1213 617 Noratiauis

92 652 152 691 nou
172 630 292 689 miiltum
319 630 466 689 dissimiles
494 644 623 691 nostruin
651 653 768 713 qnoque
792 633 938 693 saeculum
965 632 1060 694 liabet
1106 634 1212 693 uosdam

92 728 125 767 ex
145 708 354 785 llnabaptistis‚
385 708 434 785 qui
460 708 496 767 ad
523 709 622 767 cadem
648 709 835 769 deliramenta
855 708 1042 769 relabuntur.
1084 656 1213 803 bingam

92 784 168 843 enim
189 784 356 863 regenerari
376 784 432 843 Dei
453 783 592 862 populum
617 786 645 843 in
667 786 815 863 baptismo
834 786 863 845 in
885 807 985 866 puram
1008 799 1043 845 et
1062 784 1211 867 angelicam

90 860 193 931 vitam,
215 880 289 950 quae
309 858 394 918 nullis
414 860 506 919 carnis
526 860 660 922 sordibus
682 862 807 921 vitietur.
847 860 964 935 Quodsi
984 874 1058 953 post
1079 862 1213 941 baptisma

90 935 154 1015 quis
175 936 338 1015 delinquat,
367 935 438 994 nibil
463 948 599 1014 praepter
623 937 802 996 inexorabile
821 938 879 996 Dei
902 937 1047 997 iudicium
1068 938 1112 997 illi
1136 937 1212 999 celia-

90 1024 192 1093 quunt.
231 1013 365 1071 Breviter
388 1014 536 1091 peccatori
561 1024 628 1091 post
652 1025 799 1092 acceptam
819 1011 940 1094 gratiam
965 1014 1052 1093 lapso
1072 1034 1156 1095 spem
1173 1032 1213 1073 ie·

89 1090 154 1149 niae
175 1086 282 1146 nullam
304 1088 427 1148 faciunt:
454 1088 520 1165 quia
540 1111 601 1147 non
621 1089 704 1150 aliam
723 1100 888 1170 agnoscunt
906 1102 1102 1169 peccatorum
1123 1090 1213 1151 renim

89 1165 203 1225 sionem
235 1164 289 1222 nisi
313 1186 368 1242 qiia
399 1165 522 1243 primum
553 1185 768 1245 regeneramur.
816 1165 878 1225 Etsi
904 1178 1004 1226 autem
1038 1166 1213 1228 mendacium

88 1241 199 1301 nullum
220 1239 400 1319 ascriptum
420 1240 523 1301 clarius
542 1240 698 1302 refutatur:
720 1242 785 1321 quia
805 1256 902 1299 tamen
922 1243 1082 1321 reperiunt
1101 1242 1213 1323 istiqui·

90 1318 145 1376 biis
176 1316 328 1395 imponant
357 1317 617 1407 (quemadmodum
642 1331 671 1377 et
695 1320 824 1377 Niivatus
853 1317 922 1377 olim
949 1318 1100 1398 plurimos
1124 1320 1213 1379 tibet

88 1394 280 1469 sectatores),
311 1392 439 1452 breviter
458 1394 642 1454 ostendamus
663 1406 843 1473 quantopere
869 1394 899 1452 iii
924 1416 1007 1454 suam
1040 1395 1214 1475 aliorumque

88 1470 247 1550 perniciem
267 1470 422 1528 insaniant.
462 1468 622 1547 Principio,
642 1492 729 1549 quum
743 1469 862 1529 Domini
883 1471 959 1530 iussu
973 1472 1116 1550 quotidie
1133 1470 1214 1533 saneti

87 1558 224 1626 repetant
236 1547 308 1604 lianc
321 1566 450 1623 precem:
469 1545 617 1617 „Remitte
638 1547 722 1605 uobis
733 1547 829 1605 debita
841 1552 963 1606 nostra“
982 1548 1215 1625 (titubata),

87 1644 119 1685 ae
139 1621 273 1681 nimirum
293 1622 441 1681 debitores
460 1622 646 1681 confitentur.
685 1624 789 1701 Neque
810 1622 914 1681 frustra
935 1634 1061 1701 petunt:
1081 1626 1215 1717 quiallo·

88 1700 183 1759 minus
202 1719 263 1758 non
282 1698 358 1758 aliud
378 1697 486 1777 ubique
507 1699 965 1778 petendumpraescripsit,quam
982 1701 1071 1778 quod
1090 1722 1155 1781 ipse
1171 1702 1214 1763 ila·

87 1787 169 1837 turus
189 1787 273 1835 esset.
311 1774 375 1833 lino
397 1796 485 1852 quum
506 1787 595 1834 totam
617 1776 780 1835 orationem
801 1776 964 1835 exauditum
984 1776 1024 1836 iri
1046 1778 1168 1839 al’atre
1183 1778 1215 1839 sit

87 1862 220 1923 testatus,
241 1850 314 1912 banc
335 1863 430 1909 tamen
450 1851 663 1911 absolutionem
685 1851 824 1959 peculiari
844 1852 1002 1911 etiamnum
1049 1854 1214 1915 remissione

89 1928 261 2009 obsignarit.
319 1926 400 2001 Quid
437 1926 512 1986 ultra
548 1927 694 1989 volumuss
738 1939 922 2007 peecatorum
954 1876 1213 1993 confimiouena

87 2006 208 2077 sanctis,
242 2015 272 2062 et
292 2024 354 2061 eam
374 2002 491 2082 quidem
511 2004 668 2081 assiduam,
694 2016 756 2064 tota
776 2005 835 2063 rita
854 2004 979 2082 requirit
1003 2006 1170 2081 Dominus,
1188 2020 1213 2067 et

87 2081 201 2143 veniam
221 2079 386 2170 pollicetur.
426 2078 510 2151 Quae
530 2080 648 2139 audacia
670 2094 713 2140 est
737 2093 787 2139 aut
807 2101 821 2139 a
843 2092 963 2160 peccato
984 2081 1062 2143 illos
1087 2085 1213 2153 eximere.

88 2170 153 2232 aut,
175 2157 200 2216 si
220 2156 413 2236 impegerint,
436 2177 452 2215 a
475 2157 567 2234 gratia
588 2177 704 2235 prorsus
727 2156 895 2215 excludere?
945 2156 1012 2216 lam
1035 2160 1147 2238 quibus
1163 2158 1214 2221 riti

87 2233 207 2312 (lllattb.
228 2238 276 2305 18,
294 2234 356 2309 22.)
376 2252 430 2290 iios
451 2233 619 2292 condonare
638 2234 833 2313 septuagesies
852 2232 977 2311 septies?
998 2255 1108 2296 annon
1127 2236 1213 2297 fratri·

89 2310 162 2369 bus?
187 2310 336 2383 Quorsum
349 2307 497 2386 praecepit
517 2309 571 2368 iiisi
592 2321 624 2367 ut
643 2332 720 2369 suam
738 2310 920 2367 clementiam
942 2307 1119 2371 imitemur?
1142 2312 1213 2373 (ioa-

88 2386 180 2445 donat
204 2384 294 2465 igitur
317 2406 379 2443 non
399 2384 488 2441 semel
508 2395 558 2443 aut
582 2385 640 2445 bis:
664 2386 715 2446 sed
735 2386 848 2463 quoties
869 2384 1053 2447 delictorum
1073 2390 1212 2473 agnitione

89 2460 268 2523 consternati
288 2460 323 2517 ad
345 2480 409 2517 eum
430 2460 582 2538 suspirant.

164 2542 210 2599 Ἡ.
249 2535 348 2613 Atque
367 2538 420 2610 (ιιι
435 2534 470 2592 ab
491 2535 558 2614 ipsis
579 2557 670 2614 paene
688 2535 869 2597 incunabulis
890 2536 1039 2599 ecclesiae
1059 2541 1211 2615 ordiamur)

88 2612 275 2672 Patriarcbae
304 2610 463 2670 circumcisi
489 2623 587 2683 eraut,
617 2613 645 2669 iii
672 2614 799 2672 foederis
827 2613 1092 2692 participationem
1119 2617 1211 2687 allecti,

90 2688 188 2749 edocti
208 2688 281 2746 liaud
303 2688 389 2747 dubie
411 2687 497 2765 patris
517 2686 666 2770 diligentia
687 2689 823 2748 iustitiam
844 2700 873 2747 et
892 2691 1117 2769 integritatem,
1137 2714 1211 2773 quaet

89 2768 120 2825 iii
140 2764 328 2824 fratricidium
350 2762 567 2837 conspirarunt:
587 2764 678 2824 scelus
696 2764 813 2823 eratiel
834 2765 1038 2845 perditissimis
1059 2769 1211 2831 latronibus

89 2842 317 2903 abominandum
327 2839 371 2917 ⁴).
410 2840 542 2899 Tandem
562 2842 749 2900 mansuefacti
761 2842 849 2898 liidie
868 2842 1106 2919 monitionibus,
1125 2846 1211 2907 rendi

91 2920 210 2978 derunt:
232 2918 302 2976 liaee
322 2937 440 2995 quoqne
461 2916 652 2977 intolerabilis
674 2918 727 2975 fuit
747 2916 915 2975 immanitas.
955 2918 1089 2979 Simeon
1105 2920 1211 2993 exteri,

91 2994 201 3054 nelarie
221 2994 334 3052 ultione
355 3006 384 3051 ct
405 2993 490 3072 patris
505 3014 621 3071 qnoque
641 2993 749 3051 iudicio
770 2995 901 3051 damnata
921 2993 951 3050 iii
965 2994 1143 3058 Sicbimitas
1159 3016 1211 3057 sae·

90 3072 214 3133 xieruiit.
264 3069 369 3128 [luben
394 3067 489 3127 cubile
516 3082 666 3146 pateriiiiiii
687 3070 866 3146 spurcissima
887 3067 1013 3129 libidine
1037 3074 1211 3134 contamina·

91 3148 140 3207 vit.
180 3145 265 3204 ludas
285 3146 353 3204 duin
373 3144 545 3205 scortationi
565 3144 625 3203 vult
649 3144 811 3223 indulgere,
838 3157 951 3223 praeter
977 3160 1111 3209 naturae
1132 3151 1211 3233 lege·

91 3223 127 3284 ad
148 3242 253 3279 nurum
272 3221 443 3302 ingreditur.
481 3219 571 3298 Atqui
591 3233 704 3279 tantum
724 3222 807 3281 abest
819 3222 889 3299 quiri
910 3240 1153 3303 expunganture
1168 3244 1212 3317 po·

92 3298 161 3379 pulo
186 3296 296 3369 electu,
328 3310 361 3356 ut
386 3294 485 3375 potius
503 3297 532 3354 in
558 3297 651 3373 capita
682 3298 837 3378 erigantur.
878 3297 959 3370 Quid
983 3318 1084 3376 porro
1112 3300 1212 3363 Dandi

91 3396 181 3455 quum
202 3392 317 3451 praeses
336 3385 411 3433 esset
431 3371 571 3444 iustitiae,
596 3385 705 3449 quanto
727 3395 790 3433 cum
811 3373 939 3451 flagitio,
970 3394 1031 3452 per
1056 3376 1213 3439 inuoceut'a

91 3450 236 3531 sanguinis
257 3450 443 3521 allusionem,
463 3444 535 3507 viam
556 3468 661 3506 coccae
683 3449 793 3506 libidini
814 3448 971 3527 patefecit?
1012 3452 1078 3511 Iam
1101 3474 1213 3537 regene-

92 3540 169 3591 ratus
190 3537 261 3597 erat,
281 3546 313 3584 ac
333 3526 411 3584 inter
430 3535 615 3601 regeneratos
635 3524 795 3603 insignibus
815 3526 916 3603 elegiis
936 3525 1067 3587 Domini
1089 3544 1213 3589 oreatus:

91 3602 171 3684 quod
190 3615 287 3660 tamen
303 3602 348 3659 sel
369 3602 447 3659 inter
459 3602 571 3659 Gentes
592 3599 732 3659 liorribilo
753 3614 796 3661 est
814 3601 953 3681 flagitium
974 3608 1214 3683 perpetravitael

91 3680 205 3739 veniam
225 3690 321 3737 tamen
343 3688 387 3735 est
405 3689 608 3756 consequutus.
656 3674 694 3733 lii
718 3680 770 3753 (iie
789 3677 982 3757 singularibus
1005 3682 1151 3761 exemplis
1168 3682 1212 3741 iia·

92 3756 254 3829 moremur)
275 3765 348 3832 quot
368 3754 486 3845 iiiLege
507 3766 537 3812 et
556 3750 710 3842 Prophetis
730 3774 798 3833 erga
811 3752 952 3813 israelitas
972 3768 1093 3816 exstant
1113 3758 1213 3817 didm

92 3830 311 3891 misericordiae
331 3830 548 3907 promissiones,
569 3841 655 3887 toties
675 3829 883 3906 comprobatur
900 3829 1054 3891 Dominus
1073 3852 1109 3893 se
1129 3834 1212 3914 platt-

92 3908 181 3967 bilem
202 3904 337 3964 exhibere
369 3906 469 3983 populi
492 3905 536 3981 sui
562 3904 691 3963 offensis.
743 3904 824 3977 Quid
850 3906 926 3962 eiiim
947 3906 1051 3967 Moses
1078 3907 1212 3987 promittit

93 3985 158 4044 fore
177 3983 283 4059 (Desit.
302 3988 351 4051 aa,
369 3987 429 4057 3.),
453 3980 504 4040 ubi
531 3980 655 4061 populus
675 3982 705 4038 in
731 3982 901 4059 apostasiam
924 3980 1083 4063 prolapsus
1104 3984 1212 4046 redierit

159 4232 187 4299 ⁸)
205 4228 272 4282 Gen.
287 4232 330 4292 37.
345 4228 386 4285 18-
420 4229 483 4282 ibid.
502 4230 582 4283 ΗΒ.
613 4230 698 4299 Atque
735 4249 810 4281 orro:
828 4230 893 4286 Ibid.
909 4230 953 4292 at.
969 4232 1013 4285 25.
1051 4232 1209 4297 thium

92 4298 159 4353 ibid.
174 4298 217 4361 ³8,
233 4299 274 4353 fii·
308 4298 340 4349 ll.
358 4298 429 4357 Sam.
446 4302 488 4361 11,
504 4300 528 4352 4.
547 4310 572 4349 οι
589 4298 628 4351 15.
663 4298 702 4351 lbi
723 4298 846 4361 ,1213-
