2596 4726
423 206 500 286 nts.
519 222 578 283 1v.·
611 221 701 286 can.
721 200 759 283 νζ
1110 228 1171 292 sas

43 381 175 451 ·erpetua
206 386 328 431 censura
348 385 411 430 esse
458 367 547 431 ossiti
597 364 701 429 Nullus
726 364 815 427 bodie
833 377 885 443 ‚cst
908 365 1062 428 bominum
1092 368 1168 431 ordo

43 447 123 529 uagis
143 446 260 506 infamis
279 444 362 521 luxu,
383 389 523 517 mollitie,
544 444 669 519 deliciis,
689 445 771 504 omni
792 444 918 524 denique
938 464 1050 527 genere
1068 443 1171 506 libidi-

43 546 118 583 rum:
150 523 233 582 nrrllo
266 542 298 580 ex
330 521 435 581 ordine
459 522 586 612 aptiores
614 533 664 581 aut
682 521 838 602 peritiores
858 522 953 597 omnis
979 523 1017 581 im
1042 535 1169 598 osturae,

43 600 152 673 randis,
174 598 360 679 proditionis,
380 599 520 677 perfidiae
540 600 685 681 magistri:
706 619 845 677 nusquam
865 609 977 657 tantum
1000 542 1038 659 ad
1056 619 1170 659 nocen-

42 678 103 737 lum
123 676 169 737 vel
190 675 349 751 sollertiae,
371 674 416 735 vel
437 675 581 734 audaciae.
623 675 724 734 Taceo
745 675 863 747 fastum,
883 673 1062 755 superbiam,
1084 697 1114 735 ra
1139 696 1170 735 a·

43 755 167 826 itatem,
193 752 348 813 saevitiam.
400 751 500 812 Taceo
527 751 694 811 dissolutam
720 752 748 810 in
777 751 913 812 omnibus
937 753 1013 812 ritae
1038 697 1170 834 partibus

43 830 192 892 icentiam.
232 829 349 902 Quibus
370 828 497 887 serendis
518 829 556 887 ita
580 828 715 911 fatigatus
737 840 780 888 est
799 829 934 902 mundus,
953 840 988 889 ut
1006 829 1168 891 verendum

43 928 95 968 ron
116 906 154 966 s'it
173 926 210 964 ne
231 905 299 985 quid
321 905 441 964 nimium
463 925 637 985 exaggerare
657 905 763 964 videar.
802 904 1000 981 Unnrndico,
1020 906 1100 985 quod
1122 907 1170 965 irt-
1197 934 1199 939 ·

43 983 126 1044 iciari
146 1003 183 1041 ne
203 983 257 1061 ipsi
279 982 396 1062 quidem
422 994 578 1059 poterunt,
602 982 645 1041 Er
665 980 807 1071 episcopis
829 981 890 1041 lere
909 981 1038 1055 nullum,
1064 1002 1098 1041 ex
1117 986 1172 1065 pa-

43 1061 200 1122 *ocbiarum
221 1059 375 1138 praelectis
402 1079 461 1117 non
491 1077 552 1117 esse
579 1070 767 1117 centesimum
794 1066 957 1137 quemque,
988 1061 1069 1119 cuins
1088 1058 1112 1119 si
1134 1060 1172 1120 de

43 1137 168 1197 notibus
189 1135 309 1195 serenda
328 1136 366 1194 sit
385 1134 544 1194 secundum
564 1147 679 1196 veteres
698 1134 838 1195 Canones
857 1135 1019 1210 sententia,
1050 1156 1112 1194 non
1133 1136 1173 1195 sit

43 1212 81 1273 rel
95 1212 398 1285 excommunicandus,
417 1210 463 1270 vel
484 1210 634 1269 minimum
656 1233 672 1271 a
692 1230 814 1270 munere
831 1211 1018 1272 abdicandus.
1057 1212 1173 1277 Videor

43 1290 145 1370 niqutd
166 1288 336 1347 incredibile
357 1288 465 1360 dicere,
485 1287 559 1347 adeo
580 1289 672 1366 prisca
692 1286 742 1346 illa
763 1286 925 1423 disciplina,
946 1307 1021 1367 quae
1041 1290 1173 1357 exactio-

43 1387 98 1427 ·em
119 1387 269 1426 censuram
290 1365 326 1423 de
346 1364 476 1423 moribus
504 1363 575 1423 cleri
600 1364 663 1423 sreri
684 1364 829 1444 praecipis
851 1377 894 1441 at,
921 1364 1084 1426 obsolevit:
1120 1365 1173 1426 sed

43 1443 159 1505 >mnino
180 1443 218 1501 ita
239 1463 285 1501 res
306 1441 401 1500 babet.
444 1440 523 1499 Eant
548 1461 627 1501 nunc
648 1442 698 1520 qui
723 1441 775 1501 sub
798 1440 948 1502 Romanae
967 1443 1042 1503 sedis
1063 1442 1174 1504 vexillis

43 1532 69 1581 et
88 1519 221 1598 auspiciis
242 1514 384 1590 militant,
416 1517 502 1575 etde
531 1517 705 1577 sacerdotali
724 1518 800 1599 apud
819 1538 850 1579 se
871 1519 976 1578 ordine
996 1518 1172 1601 glorientur.

43 1595 130 1657 Certe
151 1614 236 1674 quern
263 1594 389 1666 babent,
422 1614 519 1672 neque
540 1614 556 1653 a
577 1593 711 1670 Christo,
741 1615 839 1675 neque
863 1595 900 1655 ab
927 1598 988 1656 eius
1008 1596 1174 1675 Apostolis,

43 1693 137 1753 neque
158 1694 174 1731 a
194 1672 339 1744 Patribus,
361 1690 455 1749 neque
476 1670 513 1729 ab
535 1669 656 1731 ecclesia
676 1672 768 1730 veteri
788 1692 849 1732 esse
871 1684 995 1732 constat.

113 1755 163 1814 15.
203 1747 353 1808 Prodeant
373 1768 450 1806 nunc
470 1747 501 1805 in
522 1747 649 1806 medium
671 1746 837 1821 diaconi,
858 1760 888 1809 et
908 1748 956 1809 illa
982 1748 1173 1826 sanctissima,

43 1846 125 1907 quam
156 1824 266 1884 babent
298 1823 446 1884 bonorum
477 1821 738 1885 ecclesiasticorum
764 1824 932 1897 distributio
957 1825 1011 1904 (ci.
1037 1846 1101 1908 cap.
1124 1832 1175 1891 19.

43 1904 144 1980 taz).
184 1902 272 1976 Qoan
296 1922 360 1960 uam
381 1900 520 1960 diaconos
540 1921 608 1961 suos
627 1901 737 1959 adeam
756 1921 817 1961 rem
838 1902 958 1962 minime
977 1903 1033 1963 iam
1054 1912 1174 1963 creant:

43 1979 111 2040 nibil
124 1977 201 2039 enim
221 1922 299 2036 alidl
319 1976 388 2057 ipsis
407 1977 574 2060 iniungant,
594 1976 649 2036 nisi
671 1989 702 2035 ut
714 1977 880 2061 ministrent
898 1979 935 2038 ad
954 1978 1057 2053 altare,
1078 1979 1176 2040 Evan-

43 2055 147 2141 gelium
169 2057 295 2115 recitent
315 2065 364 2112 aut
387 2067 506 2130 canant,
527 2066 556 2112 ct
576 2054 675 2113 nescio
697 2076 767 2135 quas
787 2076 801 2114 a
824 2066 874 2117 ant
894 2078 933 2114 nn
958 2078 995 2115 as.
1034 2054 1114 2115 Nibil
1136 2056 1176 2115 de

43 2134 167 2195 eleemos
190 2133 247 2207 nis,
268 2129 340 2190 nibil
362 2130 398 2187 de
419 2151 487 2190 cura
508 2151 685 2210 pauperum,
706 2129 778 2204 nihil
799 2075 917 2221 defleta
936 2075 987 2192 llta
1008 2131 1175 2208 structione,

43 2232 125 2291 quam
146 2154 216 2269 edm
239 2206 391 2290 gerebant.
431 2205 477 2264 De
499 2209 557 2286 ipsa
579 2208 762 2268 institutione
782 2209 905 2290 loquor:
927 2230 992 2269 uam
1013 2209 1038 2269 si
1057 2223 1175 2290 specte·

43 2310 101 2348 mus
114 2286 194 2366 quod
216 2285 337 2360 iaciunt,
357 2304 389 2341 re
409 2282 469 2361 ipsa
490 2305 550 2342 non
571 2304 676 2343 munus
695 2285 750 2345 illis
771 2298 824 2361 est,
842 2286 894 2346 sed
913 2285 1022 2368 gradus
1035 2285 1177 2347 duntaxat

43 2365 73 2426 ad
93 2363 321 2443 presbyterium.
361 2360 427 2418 Una
449 2359 477 2417 in
498 2381 546 2435 re,
570 2361 620 2440 qui
647 2359 744 2422 locum
759 2363 882 2424 'diaconi
906 2365 935 2422 in
957 2364 1040 2423 missa
1059 2374 1177 2439 teuent,

43 2443 126 2501 inane
144 2438 331 2500 simulacrum
358 2437 535 2515 antiquitatis
556 2451 791 2528 repraesentant:
817 2440 965 2521 recipiunt
986 2441 1063 2498 enim
1089 2438 1176 2500 obla-

43 2519 135 2579 tiones
154 2526 223 2576 antc
245 2515 507 2575 consecrationem.
547 2514 570 2572 F
573 2526 615 2574 mt
635 2525 730 2575 autem
752 2517 780 2576 id
801 2517 912 2596 antiqui
933 2518 1034 2591 moris,
1053 2528 1086 2576 ut
1106 2527 1176 2576 ante
1197 2542 1202 2550 ¹

43 2592 163 2657 Coeuae
184 2591 422 2653 communionem
443 2610 474 2649 se
499 2603 602 2650 mutuo
623 2593 825 2654 oscularentur
850 2593 966 2667 fideles,
996 2606 1026 2653 et
1046 2592 1176 2652 elcemo-

43 2692 126 2750 synas
147 2671 183 2730 ad
204 2670 294 2728 altare
315 2668 475 2727 offerrent:
509 2669 546 2726 ita
566 2669 701 2749 symbolo
723 2671 817 2749 prius,
844 2671 951 2731 deinde
977 2670 1039 2750 ipsa
1061 2669 1178 2728 heneti-¹

43 2749 135 2808 centia
155 2748 303 2807 caritatem
324 2765 401 2803 suam
424 2743 619 2803 declarabant
657 2747 817 2817 Diaconus,
838 2748 887 2826 qui
910 2766 1093 2806 oeconomus
1114 2754 1178 2807 erat

43 2845 211 2907 pauperum,
232 2820 394 2898 recipiebat
415 2822 494 2899 quod
516 2820 649 2897 dabatur,
669 2834 702 2881 ut
721 2823 917 2883 distribueret.
957 2823 1044 2883 Nunc
1066 2820 1176 2881 exillis

43 2901 231 2982 eleemosynis
264 2899 356 2958 nihilo
388 2896 452 2978 plus
478 2898 614 2976 pervenit
642 2898 676 2958 ad
703 2920 862 2979 pauperes,
882 2918 967 2981 quam
989 2901 1013 2960 si
1040 2899 1069 2957 in
1095 2916 1177 2958 mare

56 2979 264 3039 roiicerentur.
303 2976 422 3034 Ludunt
443 2995 514 3056 ergo
536 2975 684 3036 ecclesiam
699 2999 763 3035 cum
784 2976 840 3037 isto
861 2974 996 3037 mendaci
1011 2976 1177 3037 diaconatu.

43 3000 131 3117 lerte
151 3057 182 3114 iu
204 3075 239 3114 eo
262 3073 316 3112 nec
337 3074 401 3111 cum
422 3051 593 3131 Apostolica
614 3055 818 3127 institutione,
843 3073 897 3112 nec
918 3054 985 3113 ‘cuin
1005 3054 1098 3114 veteri
1120 3050 1178 3111 ob-

43 3133 205 3193 servatione
225 3129 318 3191 simile
339 3131 408 3209 quip
434 3130 490 3186 iam
512 3128 629 3187 habent.
680 3129 775 3211 Ipsam
798 3151 867 3190 vero
888 3130 1038 3192 bonorur'n
1060 3130 1101 3191 dis
1125 3146 1178 3186 eu··

43 3210 184 3270 tationem
211 3207 269 3267 alio
301 3149 528 3265 transtulerunt:
563 3216 592 3263 et
621 3207 660 3266 ita
690 3219 920 3287 composuerunt
946 3219 982 3282 ut
1005 3206 1078 3267 nibil
1104 3148 1178 3299 bngi

43 3297 126 3366 queat
145 3286 238 3368 magis
260 3284 468 3343 inordinatum.
509 3282 765 3354 Quemadmodum
783 3284 860 3343 enirn
882 3284 1023 3358 latrones,
1042 3282 1178 3367 iugulatis

43 3362 220 3436 bominibus,
240 3360 376 3441 praedam
396 3359 474 3417 inter
493 3378 523 3418 se
545 3358 692 3418 dividunt:
713 3362 752 3419 ita
764 3360 811 3419 isti
826 3370 895 3439 post
911 3361 1082 3421 exstinctum
1096 3360 1179 3419 verbi

43 3438 96 3498 Dei
115 3438 227 3512 lumen,
248 3439 329 3518 quasi
348 3436 476 3528 iugulata
489 3434 621 3510 ecclesia,
643 3444 782 3516 putarunt
794 3438 956 3517 expositum
971 3448 1033 3499 tss'e
1052 3436 1178 3517 praedae

43 3534 69 3575 te
90 3515 416 3594 direptioni'qnicqurd
437 3515 465 3570 in
487 3524 602 3571 sanctos
624 3534 690 3574 usus
711 3514 835 3573 dicatum
858 3528 928 3575 erat.
975 3515 1080 3593 Itaque
1100 3513 1178 3573 facta

43 3590 194 3667 divisione,
215 3594 311 3671 rapuit
331 3591 366 3649 ad
387 3609 417 3647 se
439 3590 559 3668 quisque
581 3600 719 3668 quantum
741 3592 847 3668 potnit.
888 3661 891 3668 Ι
975 3586 978 3595 ’

113 3676 163 3734 16.
203 3668 260 3727 Hic
280 3680 360 3727 totae
381 3665 446 3725 illae
476 3677 587 3724 veteres
617 3666 760 3739 rationes,
784 3660 1083 3749 quas'erposuimus,
1114 3684 1177 3725 non

43 3756 151 3807 uncum
173 3747 377 3814 conturbatae,
396 3742 445 3802 scd
460 3762 577 3823 prorsus
591 3752 620 3800 ct
632 3756 791 3822 expunctae
806 3742 981 3804 et'inductae
1000 3752 1077 3803 sunt.
1116 3730 1179 3802 lo.

43 3822 178 3884 tissimam
200 3833 311 3899 partem
334 3819 462 3912 episcopi
477 3831 506 3878 et
522 3820 684 3899 presbyteri
705 3820 808 3880 urbani
829 3822 895 3901 (qui
916 3821 984 3881 sacti
1003 3820 1056 3879 bac
1070 3820 1180 3898 pracda'

43 3896 151 3972 livites,
171 3898 246 3958 versi
265 3912 333 3957 sunt
352 3917 380 3956 m
403 3896 586 3971 canonicos),
607 3901 684 3955 inter
702 3917 732 3957 se
753 3899 944 3978 diripuerunt.
983 3897 1182 3969 Partitiooe‘nq

43 3986 138 4038 tamen
162 3974 249 4035 luisse
268 3972 485 4034 tumultuariam
508 3993 540 4031 ex
562 3995 598 4032 eo
619 3995 653 4053 ap
677 3986 751 4049 aret,
770 3976 849 4066 quod
863 3975 906 4034 de¹
919 3973 1025 4033 finibus
1043 3972 1079 4032 ad
1100 3973 1179 4035 bunc

43 4072 129 4134 nsque
150 4053 230 4112 diem
250 4051 374 4135 litigant.
415 4049 564 4128 Quicquid
585 4051 632 4127 sit,
655 3994 706 4111 llac
724 4052 874 4113 decisione
894 4050 1044 4143 provisum
1066 4061 1120 4124 est,
1140 4056 1180 4109 ric

43 4128 146 4191 obolus
166 4151 242 4189 unns
263 4149 296 4187 ex
317 4128 453 4188 omnibus
475 4125 615 4187 ecclesiae
635 4127 722 4188 bonis
742 4128 778 4188 ad
799 4142 941 4209 pauperes
961 4128 1082 4199 rediret,
1102 4146 1180 4205 quo-

43 4226 101 4266 rum
129 4204 252 4266 dimidia
278 4204 380 4266 saltem
402 4226 434 4264 ex
458 4214 542 4294 parte
569 4203 694 4264 fuerant.
744 4205 923 4267 Nominatin'r
944 4207 1024 4269 enim
1045 4215 1177 4285 quartam

43 4296 152 4361 partem
173 4303 302 4345 canones
321 4282 377 4343 illis
397 4282 576 4342 attribuunt:
607 4281 728 4343 alteram
748 4302 819 4343 vero
861 4296 972 4361 qartam
999 4283 1068 4343 ideo
1088 4280 1179 4351 desti·

43 4372 107 4424 rant
127 4358 389 4445 episcopis3'nt‘'in
410 4357 639 4440 hospitalitatem
657 4368 691 4421 et
709 4358 765 4422 alia
785 4305 1183 4442 benlg'nltatis·olficia‘ero'-‘
