2700 4732
468 213 556 285 ,unt
575 211 633 274 111.
672 210 762 275 cte.
780 208 862 273 Xlll.
1204 216 1246 281 π

188 366 217 428 7.
255 358 370 433 Τιιιίι,
387 368 422 419 nt
440 356 627 419 nullarenrm
640 367 837 431 externarum,
854 374 931 448 quae
948 374 1004 436 pen
1020 375 1053 419 ee
1071 368 1140 420 eunt
1158 355 1246 415 eldad-2

109 458 208 515 (poppe,
237 436 382 518 religione
408 455 509 496 coram
528 434 596 494 Deo
621 444 790 494 teneamur:
822 454 901 513 quan
916 452 1067 495 can-nunc
1090 455 1246 516 usurpare,

108 532 190 575 nunc
215 515 352 574 omittere
377 512 582 572 indifferenter
607 511 702 571 liceat.
751 512 852 589 Atque
873 508 959 569 buius
989 510 1075 571 etiam
1099 512 1245 577 libertatis

109 589 245 671 cognitio
265 609 406 670 perquam
426 587 511 647 nobis
533 588 694 647 necessaria
714 597 772 646 est:
805 587 922 666 quaesi
941 585 1051 659 aberit,
1070 588 1147 649 nulla
1167 610 1245 649 con-

108 667 239 727 scientiis
259 666 365 726 nostris
386 668 482 723 lutura
503 675 546 722 est
558 663 649 741 aprica,
671 663 767 722 nullus
778 662 1018 741 superstitionum
1037 664 1111 724 finis.
1151 666 1245 726 Vide-

108 764 176 802 mur
194 741 283 803 bodie
302 741 390 822 pleris
412 761 449 799 ue
467 742 571 819 inepti,
591 740 643 819 qni
659 739 904 819 disceptationem·
920 756 1071 800 movemus
1090 741 1127 805 de
1145 741 1244 803 libero

111 840 162 879 esu
183 819 330 891 carnium,
350 762 501 876 debibcro
524 815 662 875 seriarum
681 817 863 895 vestiumque
882 836 955 892 usu,
977 828 1010 875 ct
1028 816 1192 895 similibns,·
1209 829 1246 879 ut

110 895 168 955 illis
188 896 305 973 quidem
324 894 459 967 videtur,
490 892 601 953 frivolis
620 892 720 973 nugis:
753 892 804 952 sed
824 891 900 973 plus·
914 892 976 952 iilia
994 892 1071 954 inest
1088 896 1245 973 momenti,

110 992 197 1051 quarn
216 969 305 1063 vulgo
325 971 462 1030 creditur.
506 969 580 1029 Nam
602 969 653 1028 ubi
675 968 766 1028 semel
784 987 817 1028 se
840 968 871 1028 in
897 966 921 1027 la
943 988 1031 1029 nenrn
1051 971 1246 1035 coniecerunt

110 1047 325 1120 conscientiae,
357 1048 477 1127 longum
504 1057 535 1104 et
558 1043 785 1105 inextricabilem
805 1042 935 1123 labyrint
956 1066 1005 1105 um
1029 1046 1246 1129 ingrediuntur,

111 1123 191 1183 unde
212 1144 272 1183 non
293 1122 382 1182 facilis
424 1133 504 1182 ostea
524 1122 622 1181 exitus·
635 1131 723 1200 patet.
761 1120 871 1201 Siquis
888 1121 1023 1183 dubitare
1042 1124 1187 1205 inceperit
1204 1146 1245 1188 an

111 1199 168 1260 sibi
187 1201 219 1260 in
240 1200 347 1272 linteis,
365 1144 497 1269 induciis,
515 1197 648 1271 sudariis,
667 1197 848 1271 mantilibus,
867 1197 930 1259 lino
946 1198 989 1259 uli
1008 1198 1109 1260 liceat:
1129 1220 1186 1263 nec
1204 1202 1245 1265 de

115 1276 248 1337 cannabe
267 1287 369 1368 postea
389 1295 507 1335 securus
527 1274 594 1346 erit,
612 1274 730 1333 tandem
750 1272 828 1332 etde
847 1275 943 1353 stupie'
957 1274 1244 1341 innidetilubitutioa

109 1348 1126 1491 ‘tttlu‘ttl0l0¹⁰‘tllt⁰'tlt‘‘ttlltltllltttttttdttlt
1143 1374 1246 1491 iiiqn

110 1451 231 1566 demum
251 1524 306 1565 nec
326 1496 466 1563 cibariu'm
481 1446 608 1594 pubem,
635 1522 668 1563 ac
686 1501 816 1592 vulgaria
835 1502 932 1564 edulia
951 1504 1125 1585 tranquiline
1145 1442 1247 1569 coddd

111 1583 181 1643 Deo
206 1580 356 1642 comedet:
388 1580 456 1637 duru
479 1600 509 1638 ιιι
535 1591 665 1639 mentem
688 1590 784 1652 venit,
814 1597 846 1641 se
875 1579 1030 1641 vilioribus
1053 1582 1148 1643 adbuc
1172 1584 1247 1647 cibis

112 1677 200 1741 posse
218 1678 325 1738 corpus
343 1667 515 1716 sustentare.
567 1654 600 1713 Si
620 1656 658 1748 in·
669 1654 796 1745 suaviori
815 1655 885 1716 vino
904 1655 1108 1748 ‘haesitaverin
1139 1658 1247 1722 deinde

114 1731 544 1886 ltlntsst'lttllltlllt
559 1744 755 1887 ‘tllztllll
776 1731 1248 1892 ltttgll:lnttmltrttt

113 1909 151 1950 eo
178 1889 295 1947 demurn
318 1886 432 1957 reniet,
460 1896 495 1944 ut
518 1904 607 1964 super
624 1894 816 1945 transversam
839 1884 935 1963 (quod
959 1886 1079 1964 dicitur)
1103 1886 1248 1951 festum

111 1964 251 2026 incedere
271 1963 353 2022 netas
372 1960 468 2020 ducat
506 1961 575 2019 Non
589 1961 666 2019 enim
686 1960 734 2021 bie
752 1960 816 2020 leve
836 1972 984 2023 certarnen
1003 1962 1248 2041 ineboatur‚·eed

114 2044 174 2103 boc
193 2039 423 2101 controvertitur
447 2058 484 2096 au
512 2037 555 2097 bis
580 2051 631 2096 aut
648 2036 705 2097 illis
732 2058 786 2099 uos
811 2038 854 2097 uti
873 2038 955 2100 Deus
974 2040 1061 2101 velit:
1092 2043 1174 2103 cuius
1192 2064 1248 2105 rna

112 2118 210 2178 luntas
230 2114 356 2177 consiliis
376 2115 484 2173 nostris
504 2134 537 2173 ac
557 2111 639 2173 sectis
654 2113 790 2173 omnibus
810 2115 925 2193 praeire
944 2114 1043 2175 debet.
1070 2116 1158 2179 Hinc
1171 2118 1248 2183 alie'e
1284 2122 1288 2131 '

112 2194 321 2274 desperatione
341 2193 370 2250 in
392 2189 542 2250 confusam
559 2189 729 2269 voraginem
749 2190 844 2269 abripi
864 2210 984 2253 necesse
1003 2204 1061 2253 est:
1081 2193 1155 2256 alios
1174 2214 1249 2257 cont

110 2282 228 2351 tempto
249 2268 317 2328 Deo
337 2279 367 2328 et
386 2267 502 2326 abiecto
522 2268 585 2326 eius
605 2266 727 2341 timore,
752 2268 828 2326 niam
853 2268 909 2328 sibi
935 2270 1019 2331 ruina
1042 2270 1142 2331 lacere
1155 2290 1248 2408 quant

113 2347 279 2428 expeditam
299 2364 360 2404 non
381 2343 515 2403 babeant.
555 2343 734 2421 Quicunque
746 2343 823 2402 enim
843 2343 896 2405 tali
910 2345 1095 2408 dubitatione
1114 2350 1173 2428 imp
1186 2350 1250 2411 ioiti

111 2435 198 2500 sunt,
217 2441 339 2557 qpoquo
359 2440 391 2481 se
409 2430 536 2496 vertam,
554 2430 738 2500 praesentem
756 2418 869 2501 ubique
887 2423 1084 2485 conscientiae
1099 2425 1250 2489 ostensio·

111 2521 230 2561 nemva
252 2510 315 2557 ent.
724 2518 728 2525 ·
915 2542 921 2551 ·
1045 2522 1062 2559 .·
1134 2548 1167 2563 ..
1222 2512 1229 2537 ⁸

192 2581 221 2641 8.
266 2573 359 2650 „Scio
385 2572 497 2652 (inquit
516 2571 622 2635 Paulus
640 2572 727 2634 Rom.
747 2576 979 2656 tt‚1t.)‚quts
999 2576 1071 2637 nibil
1091 2588 1249 2641 commune¹

113 2658 182 2715 est“
201 2655 270 2732 (per
282 2671 447 2723 commune,
467 2650 624 2730 profanum
635 2652 796 2729 accipiens)
815 2654 893 2727 „nisi
913 2654 964 2732 qui
983 2657 1127 2715 existimat
1138 2657 1249 2736 aliquid

114 2749 290 2802 commune,
313 2727 356 2785 illi
376 2747 532 2787 commune
552 2733 627 2786 est.“
672 2727 790 2800 Quibus
809 2728 905 2788 verbis
924 2752 970 2789 res
992 2752 1094 2792 omnes
1115 2722 1250 2795 externae

116 2806 249 2866 libertati
269 2815 386 2864 nostrae
405 2804 535 2864 subiicit:
559 2803 648 2864 modo
670 2806 731 2865 eius
754 2805 896 2864 libertatis
921 2806 999 2866 ratio
1019 2809 1121 2868 animis
1140 2810 1250 2871 nostris

117 2882 199 2962 apud
218 2881 312 2940 Deum
333 2891 459 2940 constet.
497 2881 607 2939 Verurn
627 2880 718 2958 siqua
737 2881 937 2959 superstitiosa
956 2883 1059 2960 opinio
1078 2885 1250 2965 scrupulum

114 2958 206 3020 nobis
224 2958 344 3029 iniciat,
363 2976 438 3035 quae
457 2968 557 3035 srtapte
576 2969 678 3017 natura
698 2978 771 3036 pura
791 2969 885 3031 erant,
907 2958 1250 3023 nobiscontaminant'un

115 3036 222 3111 Quare
241 3033 359 3094 subiicit
378 3032 460 3106 (ibid.
473 3035 549 3109 22.):
571 3033 700 3108 „Beatus
715 3034 765 3113 qui
786 3054 847 3094 non
866 3034 976 3113 iudicat
995 3055 1027 3096 se
1046 3036 1139 3116 ipsum
1158 3038 1189 3098 in
1210 3057 1249 3099 co

115 3110 221 3192 „quod
240 3110 356 3189 probat.
396 3109 506 3187 Atqui
527 3109 674 3183 diiudicat,
693 3110 717 3170 si
738 3110 843 3184 ederit,
863 3111 1074 3174 condemnatus
1093 3124 1150 3174 est:
1172 3135 1250 3195 quo·

115 3189 218 3265 „niam
239 3207 300 3247 non
322 3185 382 3244 edit
402 3206 435 3243 ex
455 3187 521 3244 lide.
567 3187 663 3246 Porro
684 3186 763 3266 quod
789 3208 850 3247 non
877 3199 973 3249 estex
997 3188 1071 3264 fide,
1117 3201 1250 3255 secatum

114 3270 216 3343 ‚‚cst.“
259 3264 342 3321 Inter
367 3261 531 3321 huiusmodi
557 3263 704 3343 angustias
729 3263 780 3341 qui
805 3265 904 3324 omnia
932 3211 1251 3329 secureniditomtnua

113 3338 274 3411 audendo,
305 3358 336 3399 sc
360 3339 551 3399 animosiores
571 3339 745 3413 ostendunt,
778 3360 878 3399 nonne
902 3360 934 3401 se
952 3342 1126 3403 tantundem
1145 3364 1162 3405 a
1180 3344 1250 3406 Deo

116 3416 279 3479 avertunt?
299 3415 349 3493 qui
369 3435 439 3475 vero
460 3415 557 3492 aliquo
570 3416 626 3473 Dei
645 3416 753 3474 timore
774 3418 889 3494 punitus
909 3418 1091 3492 afficiuntur,
1110 3441 1203 3511 quum
1220 3430 1252 3482 et

115 3496 174 3575 ipsi
195 3503 341 3572 cogantur
358 3492 450 3551 multa
470 3491 622 3551 admittere
634 3503 783 3551 aversante
797 3493 988 3566 conscientia,
1008 3495 1165 3555 formidine
1176 3518 1252 3557 con·

116 3582 289 3632 sternantur
308 3589 340 3628 ac
361 3567 529 3627 concidunt.
570 3568 680 3628 Omnes
700 3579 849 3647 quotquot
867 3569 940 3631 tales
959 3584 1041 3645 sunt,
1062 3572 1134 3631 nibil
1153 3573 1253 3634 douo·

115 3668 184 3707 curn
205 3645 263 3703 Dei
283 3645 430 3723 accipiunt
449 3665 513 3703 cum
533 3645 689 3725 gratiarum
709 3646 843 3720 actione,
869 3667 926 3781 qua
950 3659 1051 3706 tamen
1073 3647 1138 3708 sola
1162 3648 1251 3711 nobie

117 3722 219 3784 omnia
240 3722 269 3779 in
290 3742 372 3780 nsum
392 3731 524 3779 nostrum
542 3720 716 3780 sanctificari
734 3733 857 3780 testatur
901 3721 982 3784 aulus
1002 3725 1041 3801 (l.
1062 3722 1138 3783 Tim.
1150 3730 1180 3799 4,
1198 3728 1251 3802 5.)·.

118 3796 261 3878 Intelligo
282 3810 378 3857 autern
397 3798 554 3876 gratiarum
575 3798 721 3857 actionem
743 3798 893 3856 exanimo
920 3800 1098 3879 prolectam,
1122 3803 1173 3879 qni
1191 3801 1253 3862 Dei

119 3874 345 3935 beneficentiam
373 3886 403 3932 et
435 3873 597 3932 bonitatem
630 3873 660 3931 in
684 3873 742 3933 suis
769 3875 853 3934 donis
877 3887 1023 3955 agnoscat.
1072 3877 1147 3937 Nam
1167 3878 1253 3939 multi

117 3951 238 4040 quidem
260 3970 361 4009 eornm
375 3950 430 4007 Dei
450 3950 528 4008 bona
549 3970 610 4009 csse
630 3949 807 4032 intelligunt,
847 3951 931 4010 uibus
951 3963 1083 4027 utuntur,
1103 3965 1134 4013 et
1153 3953 1252 4017 Deum

120 4048 153 4084 ιιι
174 4027 312 4104 operibus
331 4028 390 4085 suis
411 4025 619 4095 laudant:,sed
642 4048 730 4105 quum
755 4028 810 4087 sibi
824 3972 898 4087 datu
918 4046 981 4089 csse
999 4042 1168 4108 persuasum
1188 4050 1252 4091 non

120 4101 261 4177 habeant,
282 4102 433 4182 quomodo
453 4103 559 4182 gratias
579 4103 645 4162 Deo
666 4116 786 4181 agerent
805 4116 943 4183 tanquam
963 4105 1080 4166 daturi?
1111 4106 1253 4171 Videmus

118 4179 151 4237 in
172 4200 292 4252 summa,
313 4200 452 4259 quorsum
474 4179 543 4239 baec
555 4179 656 4240 tendat
674 4180 805 4255 libertas,
823 4181 1150 4261 nempe'utllcidonis
1168 4182 1253 4245 mallo

119 4256 320 4315 conscientiae
340 4255 494 4334 scrupulo,
515 4255 595 4314 nulla
615 4257 703 4316 anirni
722 4257 944 4336 perturbatione
963 4270 1095 4334 utamur,
1113 4259 1146 4319 in
1163 4278 1254 4340 quem

118 4353 204 4394 usmn
226 4332 311 4394 nobis
331 4333 368 4392 ab
389 4334 454 4412 ipso
475 4334 540 4393 data
560 4344 644 4397 sunta
670 4354 726 4414 qua
751 4333 855 4397 fiducia
881 4344 911 4397 et
934 4354 1037 4414 pacem
1057 4354 1123 4399 cum
1143 4354 1181 4399 eo
1201 4334 1254 4401 be-
