2700 4732
101 188 161 251 118
466 124 471 141 ⁴
491 180 569 255 Uli.
587 178 645 241 111.
685 178 777 245 CbP.
794 179 859 241 XX.

105 326 241 388 nisslmos
261 335 291 386 et
310 324 508 408 ignotissimos
529 323 616 397 licet,
639 324 856 405 quantumlibet
875 324 968 405 longo
987 334 1135 383 terrarum
1153 322 1241 383 iuter·

106 404 185 465 vallo
204 424 221 465 a
240 402 327 463 nobis
347 402 441 463 dissiti
460 403 528 464 siut.
574 402 608 460 ld
628 413 724 461 autem
751 402 785 461 fi:
808 422 863 481 per
887 400 1057 481 generalem
1078 398 1159 459 illam
1177 418 1242 481 pre-

108 481 231 541 cationis
249 478 417 553 iormulam,
436 500 494 558 qua
517 498 621 539 omnes
644 478 696 538 filii
716 477 773 537 Dei
799 478 1007 551 continentur,
1039 477 1069 535 in
1092 475 1200 555 quibus
1216 484 1245 535 et

110 557 153 617 illi
173 566 251 617 suot.
289 556 357 617 lluc
377 555 489 615 relcrre
516 555 596 628 licet,
617 555 697 635 quod
719 554 825 615 Paulus
845 574 913 615 suae
933 556 1036 613 aetatis
1056 552 1161 613 fideles
1179 552 1245 612 bor-

109 646 202 705 tatur,
221 644 254 691 ut
272 650 359 726 puras
378 653 480 691 manus
501 632 611 725 ubique
636 631 744 691 tollant
763 631 872 710 absque
894 632 1092 715 contentione
1110 628 1153 707 (Ι.
1172 628 1246 689 Tin.
1272 636 1276 645 '

109 713 216 787 2,8.);
237 730 304 789 qura
324 709 471 768 dissidium
491 707 629 788 precibus
648 708 764 767 ianuam
786 706 922 767 claudere
942 707 1125 781 admonens,
1145 706 1246 766 unaoi·

111 806 172 846 mes
191 797 260 846 vota
280 807 330 845 sua
351 786 379 843 in
402 804 558 845 commone
578 783 643 843 vult
662 785 809 843 conferre.

186 868 233 926 to.
272 861 445 934 Ascribitur,
464 862 576 940 ipsum
597 880 675 931 esse
695 862 732 920 in
753 859 881 920 coelis.
906 858 948 918 Es
959 880 1017 938 quo
1033 879 1096 918 non
1115 858 1247 995 protinas

110 938 343 999 ratiocinandum
364 949 425 1008 esto
436 940 529 1016 ipsum
551 936 626 997 coeli
651 936 903 1008 circumferentia,
927 937 1006 1015 qnasi
1027 956 1119 997 cauce
1134 934 1169 995 lis
1188 933 1249 1014 qai·

112 1015 249 1088 busdam,
274 1015 417 1074 inclusum
449 1026 479 1072 et
506 1013 755 1093 circumscriptum
776 1013 899 1094 alligari.
938 1013 1092 1092 Siquidem
1114 1023 1145 1071 et
1166 1010 1249 1070 Salo-

111 1111 183 1150 mon
204 1091 372 1159 confitetur,
393 1091 494 1151 coelos
515 1090 667 1150 coelorum
693 1108 760 1149 cunr
786 1110 892 1169 capere
918 1111 977 1148 non
1005 1108 1092 1168 posse
1113 1086 1157 1167 (l.
1177 1086 1250 1169 lteg,

111 1169 234 1244 8,27.).
284 1169 323 1225 Et
354 1168 417 1247 ipse
470 1187 502 1225 er
521 1165 581 1226 Pro
606 1167 701 1225 betam
726 1167 782 1239 ait,
812 1164 929 1224 coelum
949 1186 1029 1225 suam
1053 1165 1157 1225 sedem
1179 1184 1250 1238 esee,

111 1255 219 1302 terram
240 1255 337 1303 autem
356 1188 514 1304 scabelum
535 1189 642 1321 pedirm
662 1264 782 1302 suorum
801 1243 873 1377 qles.
887 1248 935 1314 66,
955 1244 1006 1318 1.).
1048 1240 1122 1315 Quo
1140 1239 1250 1301 scilicet

111 1320 272 1402 significat,
304 1341 364 1379 uun
390 1332 469 1380 certa
499 1319 596 1410 aliqua
616 1320 740 1399 regione
760 1340 791 1377 se
823 1320 946 1389 imitari,
977 1317 1027 1377 sed
1049 1318 1181 1378 diffundi
1201 1336 1251 1396 per

113 1398 222 1456 omnia.
262 1397 372 1455 Verum
394 1397 461 1476 quia
480 1396 565 1456 aliter
583 1395 807 1455 inenarrabilem
822 1396 884 1454 eius
901 1395 1024 1476 gloriam
1045 1414 1130 1454 meus
1150 1404 1250 1454 nostra

113 1492 170 1552 pro
189 1493 240 1532 sua
253 1473 381 1533 crassitie
394 1472 552 1552 concipere
572 1494 632 1531 non
648 1483 780 1564 poterat,
801 1471 886 1531 nobis
906 1469 1085 1551 percoelum
1100 1471 1251 1551 designata

113 1560 168 1620 est,
188 1569 246 1628 quo
268 1549 341 1608 nibil
361 1551 510 1629 augustius
528 1560 579 1608 aut
598 1561 748 1607 maiestate
769 1548 883 1626 plenius
901 1546 961 1617 sul:-
976 1558 1096 1639 aspectu
1118 1562 1251 1607 nostrum

112 1625 213 1684 venire
232 1636 340 1707 potest.
379 1626 509 1700 Quando
530 1626 619 1707 igitur
639 1624 807 1703 ubicunque
826 1646 888 1683 rem
901 1645 1064 1703 quampiam
1084 1622 1252 1703 apprehen·

113 1701 188 1761 dunt
205 1723 306 1762 sensus
327 1702 434 1777 nostri,
461 1702 582 1784 albgere
602 1701 662 1761 illic
680 1701 794 1775 solent,
814 1712 893 1760 extra
913 1721 1031 1759 onmem
1052 1699 1151 1761 locum
1172 1699 1253 1760 Deos

113 1777 262 1839 statuitur:
286 1791 318 1838 ut
337 1780 405 1838 dum
426 1799 569 1858 quaerere
588 1777 722 1839 volumus
743 1778 846 1855 ipsum,
865 1799 951 1855 supra
974 1797 1093 1837 omnem
1116 1775 1252 1857 corporis

115 1867 146 1915 et
164 1856 277 1916 animae
295 1877 410 1923 sensum
422 1856 597 1916 attollamur.
634 1854 751 1912 Deinde
772 1854 825 1913 bac
846 1854 986 1932 loquendi
1007 1852 1146 1927 formula,
1167 1870 1252 1933 supra

114 1952 232 1993 omnem
257 1943 308 1993 aut
332 1932 530 2012 corruptionis
556 1943 606 1990 aut
632 1931 802 1991 mutationis
833 1929 924 1991 aleam
955 1931 1104 1990 evehitur:
1134 1931 1252 1991 demum

115 2011 283 2069 universum
304 2008 408 2069 orbem
429 2009 587 2088 complecti
608 2018 638 2066 et
657 2008 830 2082 continere,
853 2029 903 2066 sua
928 2027 965 2065 ue
989 2009 1121 2086 potentia
1149 2006 1252 2067 mode·

114 2085 174 2144 rari
192 2085 382 2167 significatur.
426 2085 527 2159 Quare
548 2085 605 2144 boc
625 2084 748 2163 perinde
769 2095 813 2143 est
832 2083 889 2143 acsi
907 2028 1003 2143 dictus
1024 2097 1101 2144 esset
1121 2084 1252 2144 infinitae

114 2162 323 2243 magnitudinis
334 2173 384 2221 aut
394 2161 589 2235 sublimitatis,
609 2159 914 2240 incomprebensibili:
926 2161 1077 2232 essentiae,
1093 2162 1252 2222 immensae

114 2240 283 2319 potentiae,
311 2250 451 2298 aeternae
469 2235 704 2297 immortalitatis.
751 2237 786 2296 ld
807 2258 877 2295 vero
898 2238 967 2296 duna
992 2237 1140 2313 audimus,
1174 2256 1253 2297 erse-

114 2314 206 2374 renda
227 2325 270 2376 eat
289 2315 373 2375 altius
393 2326 493 2375 nostra
513 2315 670 2395 cogitatio,
696 2334 785 2392 quum
807 2314 843 2372 de
862 2314 930 2373 Deo
950 2333 1047 2374 sermo
1067 2325 1128 2373 est:
1155 2331 1253 2395 neque
1283 2328 1286 2337 '

116 2392 269 2469 quicquam
289 2402 439 2451 terrenum
460 2402 509 2450 aut
529 2389 646 2451 carnale
672 2390 708 2448 de
728 2411 765 2449 eo
791 2390 985 2450 somniemus:
1012 2409 1050 2448 oe
1075 2390 1174 2470 ipsum
1200 2410 1253 2451 oo-

116 2468 183 2525 stris
206 2465 332 2527 modulis
356 2467 527 2541 metiamur,
553 2486 627 2525 neve
648 2467 708 2525 eius
727 2465 911 2526 voluntatem
931 2467 968 2526 ad
989 2478 1107 2527 nostros
1127 2467 1253 2527 aflectu

117 2542 274 2624 exigamus.
313 2542 408 2602 Simul
428 2542 566 2624 erigenda
586 2554 631 2603 est
650 2554 751 2601 nostra
771 2544 874 2602 fiducia
894 2542 923 2601 in
945 2544 1056 2635 ipsum,
1076 2544 1162 2604 cuius
1183 2564 1252 2625 pro·

116 2618 245 2679 videntia
276 2631 307 2679 et
337 2620 444 2679 virtute
476 2619 591 2679 coelum
617 2631 647 2679 et
671 2630 778 2678 terram
806 2619 962 2700 gubernari
987 2619 1192 2702 intelligimus:
1215 2652 1253 2667 -·

117 2697 236 2756 Summa
256 2696 307 2770 sit,
325 2696 379 2756 sub
400 2697 495 2756 Patris
515 2699 635 2756 nomine
655 2695 741 2755 nobis
768 2698 796 2755 in
818 2696 915 2755 medio
934 2697 1020 2756 statui
1041 2697 1139 2756 Deum
1161 2697 1254 2773 illum,

118 2773 168 2852 qui
190 2775 220 2832 iu
241 2772 370 2852 imagine
389 2795 438 2833 sua
459 2771 547 2833 uobis
569 2773 718 2853 apparuit,
750 2785 782 2832 ut
807 2785 885 2832 certa
911 2772 969 2832 srdc
996 2774 1167 2835 invocetur:
1201 2793 1254 2835 uec

118 2850 207 2910 modo
228 2850 351 2911 fiduciae
376 2854 468 2929 aptari
494 2849 633 2910 familiare
653 2849 748 2909 Patris
773 2870 901 2920 nornen,
920 2870 1020 2909 verum
1041 2851 1131 2909 etiam
1151 2852 1190 2911 ad
1210 2869 1254 2911 re·

118 2927 252 2987 tinendas
273 2939 386 2987 mentes
406 2927 519 3001 valere,
538 2948 575 2986 ue
601 2927 635 2988 ad
657 2926 761 2985 dubios
782 2926 826 2985 vel
854 2926 971 2986 fictitios
992 2927 1063 2986 deos
1082 2924 1253 2988 trahantur:

117 3003 169 3062 sed
189 3002 225 3063 ab
247 3004 402 3085 unigenito
422 3003 499 3063 Filio
525 3004 560 3063 ad
586 3004 702 3063 unicum
732 3003 904 3085 angelorum
925 3016 954 3061 et
974 3002 1114 3062 ccclesiae
1134 3003 1254 3064 Patren

119 3081 332 3141 conscendant:
354 3080 461 3141 deiude
482 3080 562 3159 quod
583 3079 687 3140 solium
708 3080 769 3138 eius
789 3080 903 3140 locatur
922 3082 953 3139 in
974 3079 1077 3154 coelis,
1098 3100 1132 3139 ex
1152 3078 1254 3141 muudi

118 3156 337 3237 gubernatione
358 3178 410 3216 nos
431 3157 673 3229 commouelierI,
700 3178 760 3217 nou
787 3157 892 3216 frustra
918 3157 952 3214 ad
979 3176 1043 3215 eum
1070 3176 1127 3217 uos
1152 3159 1254 3218 venire

120 3232 171 3311 qui
192 3234 337 3311 praesenti
358 3254 427 3292 cura
447 3245 554 3313 sponte
575 3233 712 3291 occurrit,
751 3234 835 3306 „Qui
855 3234 890 3292 ad
911 3234 1007 3292 Deum
1027 3234 1175 3293 accedunt
1194 3234 1255 3313 (in-

120 3310 206 3387 „quit
225 3308 385 3388 :lpustolus
406 3312 484 3370 llcb.
505 3318 557 3383 11,
576 3311 635 3387 6.),
656 3330 706 3369 eos
733 3312 828 3387 primo
861 3312 981 3369 credere
1008 3322 1131 3388 oportet
1154 3311 1254 3371 Deum

120 3404 219 3459 „esse:
260 3386 365 3444 deinde
396 3398 647 3446 remuneratorem
673 3387 826 3460 omnibus,
859 3388 907 3465 qui
948 3389 1040 3465 ipsum
1077 3394 1257 3465 quaerunt.“

122 3462 288 3540 Utrumque
314 3462 360 3521 ln'c
381 3462 513 3524 Christus
533 3463 614 3522 Patri
638 3484 691 3523 suo
713 3465 831 3533 asserit,
861 3476 893 3522 ut
913 3464 941 3522 iu
964 3466 1025 3542 ipso
1046 3465 1166 3523 sistatur
1187 3466 1256 3527 fider

121 3550 231 3611 nostra,
252 3536 358 3597 deiude
378 3552 410 3599 ut
430 3553 512 3599 certo
533 3540 661 3619 persuasi
682 3538 769 3600 simus
788 3540 908 3599 salutem
929 3554 1057 3600 nostram
1078 3539 1114 3599 ab
1133 3560 1174 3601 eo
1195 3562 1257 3603 ooo

121 3615 247 3696 negligi:
268 3615 335 3694 quia
354 3638 434 3675 suam
455 3616 489 3674 ad
512 3636 566 3675 uos
586 3637 678 3695 usque
698 3616 911 3692 providentiam
929 3617 1085 3676 extendere
1106 3617 1257 3700 dignatur.

122 3692 239 3764 Quibus
263 3693 434 3752 rudimentis
459 3690 564 3753 Paulus
591 3714 645 3753 nos
669 3693 705 3753 ad
737 3694 792 3751 rite
817 3694 960 3752 orandum
988 3706 1156 3773 comparat:
1193 3716 1259 3757 uam

121 3780 277 3847 antequam
297 3768 398 3828 iubeat
444 3769 580 3829 etitiones
600 3781 714 3830 nostras
734 3791 833 3829 coram
852 3770 920 3829 Deo
941 3772 1143 3842 innotescere,
1171 3792 1260 3853 prae·

122 3843 200 3904 latur
220 3845 276 3904 hoc
295 3846 386 3906 modo
406 3790 497 3919 (ihil.
510 3852 538 3919 4,
558 3849 615 3921 6.):
635 3847 703 3920 „De
723 3845 802 3907 nulla
822 3866 854 3904 re
873 3846 933 3907 sitis
953 3847 1087 3906 solliciti:
1108 3848 1260 3911 Dominus

122 3940 216 4001 prope
237 3927 309 3981 est.“
357 3922 446 3981 Unde
465 3935 603 4002 apparet,
637 3924 805 3983 dubitanter
834 3924 1025 4003 etperplexe
1051 3935 1122 3982 vota
1148 3928 1259 3987 suain

123 3998 221 4058 animo
241 3998 370 4073 volvere,
390 3999 440 4077 qui
460 3999 516 4058 boc
536 4000 632 4090 probe
652 4000 770 4058 inlisum
791 4021 852 4060 non
872 4000 982 4060 habent
1001 4000 1090 4079 (Psal.
1109 4006 1161 4075 33,
1183 4006 1259 4082 18),

122 4072 250 4134 Oculum
270 4076 328 4134 Dei
350 4095 413 4135 esse
431 4096 519 4152 super
538 4087 639 4136 iustos.

195 4156 243 4217 41.
274 4151 373 4212 Prima
384 4153 489 4232 petitio
501 4163 554 4227 est,
566 4151 974 4228 ut„sanctiliceturDci
992 4159 1159 4228 uomen,“
1176 4156 1264 4218 cuius

121 4229 278 4290 necessitas
297 4248 405 4311 magno
426 4250 493 4289 cum
513 4240 616 4290 nostro
637 4229 784 4291 dedecore
803 4231 960 4291 coniuncta
981 4241 1033 4290 est
1073 4231 1157 4306 Quid
1179 4233 1262 4295 eoin

119 4303 211 4384 mgis
235 4304 400 4388 indignum,
419 4325 505 4388 quam
524 4317 559 4371 ut
575 4306 635 4367 Dei
654 4304 779 4389 gloriam
798 4306 938 4370 obscuret
956 4308 1063 4388 partim
1088 4320 1195 4373 nostra
1206 4308 1262 4373 io·
