2700 4732
424 265 431 282 ⁸
470 194 559 285 ,nra
578 195 633 257 ιε.
675 192 763 260 car.
783 194 865 257 arv.
1186 194 1245 278 aas

111 349 177 398 rant
204 337 257 414 (de
289 336 369 420 bapt.
401 338 537 418 parvul).
596 339 672 400 Item
697 338 748 399 ubi
773 339 810 399 de
840 337 959 398 ludaeis
986 335 1029 399 sic
1056 333 1158 399 scribit
1195 333 1241 413 (io

110 414 293 492 Patren
332 415 541 490 „Sacramenta
572 437 661 496 quum
693 427 789 477 essent
813 414 949 477 omnihus
974 413 1153 488 communia,
1178 431 1242 472 uon

110 503 195 566 „erat
225 491 387 553 communis
417 493 526 574 gratia:
568 511 644 572 quae
674 493 764 554 virtus
804 504 848 553 εει
880 492 1146 551 Sacramentorum.
1190 488 1242 548 Sic

109 581 162 643 „et
197 589 273 627 nuno
304 589 460 630 commune
486 580 530 629 εει
561 569 697 629 οιιιιεὶΙειιε
730 569 873 629 lavacrum
905 566 1152 649 regenerationis:
1188 564 1240 625 sed

110 645 192 724 „ipsa
227 645 336 727 gratia,
376 666 432 736 qua
451 645 598 705 ,membra
620 645 733 729 ,carati
759 666 824 706 cum
856 665 910 705 suo
939 646 1034 724 eapite
1060 661 1239 723 regeneran-

110 733 197 797 „tur,
230 743 290 781 non
316 721 453 783 omuibus
478 734 521 781 est
541 722 734 782 communis.“
773 722 884 782 Rursus
903 719 973 780 alibi
993 721 1030 781 de
1051 719 1153 781 Coena
1173 718 1240 776 no-

109 798 182 856 mini
202 799 247 874 (in
269 799 374 858 loann.
394 797 473 857 hom.
492 801 571 874 26.):
610 800 696 874 „Nos
719 806 840 878 'quoque
864 796 1007 858 visibilem
1034 797 1130 857 cibum
1152 793 1239 853 hodie

73 926 76 930 Α
108 875 301 953 „accipimusz
332 875 383 935 sed
405 875 482 935 aliud
503 887 547 934 est
567 875 803 947 Sacramentum,
835 874 912 934 aliud
931 873 1024 933 virtus
1045 868 1238 933 Sacramenti.

109 951 212 1041 „Quid
233 963 277 1011 est
295 951 376 1043 quod
394 951 479 1071 mqlti
499 951 535 1010 de
556 951 641 1012 altari
660 951 807 1089 accipiunt
832 962 862 1011 et
892 951 1072 1010 morluotuc:
1102 960 1133 1011 st
1161 946 1239 1008 acci-

108 1027 723 1184 :hiihiiidiiohwtiisiiiihhluriiaiicihiliucsisil
737 1104 803 1183 quia
824 1104 935 1163 bonum
956 1102 1030 1162 male
1049 1101 1239 1161 malusacce-

107 1181 204 1260 „pit.“
243 1179 336 1240 Paulo
358 1193 440 1260 post:
461 1181 587 1253 ,Huius
607 1181 650 1240 rei
670 1180 902 1254 Sacramentum,
921 1181 950 1239 id
971 1191 1015 1240 est
1033 1178 1152 1238 unitatis
1172 1196 1240 1236 cor·
1314 1224 1319 1233 .

108 1258 209 1348 „poris
229 1269 259 1316 et
278 1257 427 1336 sanguinis
448 1256 574 1329 Christi,
595 1256 702 1319 alicubi
722 1257 872 1336 quotidie,
891 1254 1001 1315 alicubi
1020 1255 1106 1316 certis
1127 1254 1239 1313 dierum

107 1333 287 1407 „intervallis
307 1333 338 1391 in
359 1353 458 1393 mensa
478 1333 633 1394 Dominica
653 1343 857 1425 praeparatus:
878 1342 908 1390 et
928 1333 1018 1392 dees
1037 1330 1162 1393 sumitur
1173 1327 1239 1408 qui·

108 1409 250 1483 „busdam
271 1410 307 1469 ad
326 1410 425 1484 vitam,
444 1409 616 1489 quibusdam
636 1410 673 1469 ad
693 1410 819 1469 exitium.
857 1407 916 1469 Res
936 1428 1006 1468 vero
1024 1409 1087 1488 ipsa
1107 1405 1188 1467 cuius
1208 1414 1240 1465 ει

107 1486 349 1559 „Sacramentum
371 1498 425 1559 est,
445 1485 582 1546 omnihus
600 1485 636 1544 ad
656 1486 754 1560 vitam,
774 1483 846 1544 nulli
867 1485 902 1544 ad
922 1485 1051 1558 exitium,
1070 1482 1240 1562 quicunque

108 1563 191 1636 „eius
212 1566 356 1641 particeps
376 1561 493 1620 sueriu‘
519 1563 557 1621 Et
577 1562 727 1642 aliquanto
747 1573 815 1621 sote
835 1561 956 1621 dixerat:
972 1561 1066 1635 „Non
1094 1559 1239 1619 morietur
1290 1583 1292 1587 ¹

59 1654 68 1670 ·
108 1639 181 1715 „qui
202 1638 431 1697 manducaverit:
457 1637 507 1697 aed
529 1639 578 1717 qui
598 1639 727 1730 pertinet
746 1637 942 1704 advirtutem'
960 1637 1156 1709 sacramenti,
1175 1653 1237 1693 non
1309 1654 1312 1661 ’

107 1713 163 1788 „ad
184 1715 295 1773 visibile
314 1727 541 1774 sacramentum:
562 1737 612 1794 qur
622 1714 779 1775 manducat
798 1714 887 1788 intus,
907 1735 968 1774 non
983 1712 1071 1773 ioris:
1091 1712 1140 1791 qui
1155 1730 1239 1771 man·

108 1789 217 1862 „ducat
238 1791 338 1863 corde,
358 1802 427 1849 non'
441 1794 490 1869 qui
511 1792 616 1869 premit
636 1792 756 1851 dente.“
795 1791 852 1851 llic
878 1788 989 1869 ubique
1007 1788 1102 1864 audis,
1131 1787 1238 1848 Sacra·

107 1878 240 1926 mentum
259 1867 301 1927 sic
322 1887 337 1926 a
357 1888 407 1927 sua
425 1869 546 1928 veritate
565 1868 693 1947 separari
717 1867 893 1948 indignitate
921 1866 1078 1941 sumentis,
1105 1876 1139 1926 ut
1165 1857 1239 1930 nihil

63 2005 67 2011 ,
107 1954 226 2002 maneat
244 1956 361 2023 praeter
380 1944 495 2010 inanem
516 1955 546 2005 ει
565 1944 699 2003 ἰιιιιιίΙειιι
720 1942 851 2026 liguram.
899 1943 946 2003 th
976 1954 1074 2002 autem
1105 1962 1166 2002 non
1196 1938 1236 2000 si·

108 2038 198 2098 gnum
216 2020 341 2081 veritate
360 2040 497 2096 vacuum,
520 2020 571 2082 sed
591 2041 655 2081 rem
675 2043 740 2080 eum
760 2020 845 2101 signo
866 2019 987 2081 habeas:
1015 2018 1136 2080 verbum

108 2096 169 2155 illie
190 2095 332 2156 inclusum
353 2108 407 2169 est,
427 2097 483 2156 lide
502 2096 703 2233 apprehendas
722 2108 852 2177 oportet.
887 2097 941 2156 Sic
952 2106 1093 2175 quantum
1105 2094 1134 2154 in
1150 2039 1238 2156 Chri-

107 2173 145 2263 sti
165 2172 430 2308 eompunicatione
451 2194 505 2254 pro
527 2175 585 2235 cies
610 2193 665 2254 per
683 2173 890 2258 Sacramenta,
919 2185 1032 2236 tantum
1060 2192 1093 2231 ex
1111 2171 1169 2233 illis
1188 2190 1239 2232 ca·

129 2270 169 2309 res
190 2253 230 2308 uti
245 2249 329 2309 itatis.
479 2262 483 2274 '
1227 2249 1231 2259 ’

107 2271 126 2329 p
185 2333 231 2390 16.
270 2326 306 2386 Id
325 2324 350 2386 si
371 2335 415 2385 est
433 2326 586 2388 obscurius
610 2338 733 2408 propter
756 2325 948 2404 brevitatem,
972 2323 1110 2418 ,pluribus
1142 2323 1238 2385 verbis

109 2422 262 2482 exponam.
314 2401 461 2463 Christum
494 2403 752 2464 Sacramentorum
783 2403 913 2463 omnium
938 2415 1103 2478 materiam,
1133 2399 1179 2462 vel
1198 2400 1239 2480 psi
1338 2426 1343 2437 ·

107 2480 213 2554 mavis)
232 2479 424 2539 substantiam
445 2500 507 2540 esso
527 2481 608 2555 dico,
635 2479 752 2560 quando
771 2480 802 2539 in
823 2480 886 2560 ipso
906 2491 1008 2541 totam·
1029 2478 1138 2539 habent
1156 2498 1238 2538 suam

107 2556 294 2646 soliditatem,
314 2576 369 2615 nec
390 2557 544 2648 quicquam
566 2569 644 2616 extra
663 2560 757 2649 ipsum
778 2557 977 2647 promittunt..
1002 2555 1170 2646 Quominuq
1189 2567 1239 2644 to-

109 2633 237 2692 lerabrhs
258 2653 342 2692 error
361 2645 405 2692 est
425 2632 505 2692 Petrs
526 2633 684 2694 Lomhards
710 2633 810 2713 (Sent.
829 2632 881 2693 lsb.
900 2640 928 2697 l.
949 2633 1013 2692 dut.
1033 2636 1088 2708 1.),
1121 2654 1170 2711 qus
1186 2630 1238 2720 ds·

108 2725 189 2797 serta:¹
206 2729 237 2768 ea
258 2709 384 2768 iustitiae
404 2720 433 2767 et
452 2708 549 2770 salutis
570 2730 667 2769 causas
686 2710 767 2783 iacit,
785 2730 910 2789 quorum
930 2721 1028 2787 partes
1043 2719 1126 2806 spot:
1147 2728 1238 2771 cauata

110 2785 256 2857 omnibus,
277 2806 347 2862 quas
367 2783 422 2843 sibi
442 2786 527 2864 lingit
547 2784 673 2845 hominis
692 2787 858 2866 ingenium,
878 2783 977 2844 valere
1001 2785 1099 2858 iussss,
1128 2804 1181 2843 nos
1207 2783 1237 2843 iu

110 2860 163 2919 hac
177 2861 260 2920 unica
272 2860 398 2918 retinere
410 2861 504 2919 decet.
537 2861 799 2996 erantunrigitur
808 2874 870 2921 tum
882 2863 917 2922 ad
928 2880 1025 2921 veram
1039 2860 1149 2922 Christi
1161 2860 1241 2920 noti-

109 2938 178 2996 tiam
200 2938 229 2995 in
251 2936 337 2995 nobis
357 2937 523 3009 fovendam,
553 2937 713 2996 conlirman
735 2959 792 3008 am,
821 2940 1002 3019 augendam,
1031 2949 1093 2997 tum
1115 2938 1149 2996 sd
1170 2956 1239 2996 eum

108 3014 223 3093 plenius
244 3012 459 3091 possidendum,
481 3013 674 3092 fruendosque
695 3015 755 3073 eius
776 3014 907 3088 divitias,
937 3013 1055 3074 illorum
1075 3015 1237 3073 ministerio

109 3092 296 3162 adiuvamur,
324 3100 437 3147 tantum
468 3090 544 3168 apud
569 3110 622 3149 nos
648 3089 935 3151 efficaciaehsbent:
966 3091 994 3150 id
1015 3102 1112 3151 autem
1132 3089 1166 3150 tit
1185 3089 1239 3151 uhi
1289 3131 1292 3135 ν

111 3168 190 3248 qnod
211 3167 270 3226 illic
291 3163 428 3237 olsertur,
448 3186 514 3224 vera
535 3165 592 3224 fide
611 3166 788 3245 suscipimus.
826 3167 958 3259 Ergone,
977 3170 1102 3247 inquies,
1122 3167 1152 3226 id
1173 3166 1238 3226 elli·

110 3246 192 3303 ciunt
210 3261 260 3304 sua
282 3241 490 3322 ingratitudine
510 3241 600 3321 impii,
622 3253 655 3301 ut
674 3243 755 3302 irrita
773 3244 810 3303 sit
829 3246 887 3303 Des
906 3245 1070 3317 ordinatio,
1088 3265 1122 3303 ae
1142 3245 1170 3302 in
1192 3245 1239 3303 ni·

110 3321 200 3378 hilum
222 3320 322 3379 cedat?
351 3317 546 3395 llespondeo,
572 3339 632 3379 non
652 3318 693 3379 sic
712 3320 936 3413 intelligendum
956 3322 1035 3400 quod
1056 3321 1129 3395 dixi,
1155 3321 1238 3400 quasi

110 3397 146 3455 ab
180 3398 240 3455 eius
272 3397 320 3474 qui
352 3394 458 3471 recipit
484 3394 655 3455 conditione
680 3408 730 3456 aut
754 3397 877 3458 arbitrio
897 3401 939 3457 vis
960 3409 989 3457 et
1008 3400 1111 3458 veritas
1133 3396 1239 3459 Sacca-

110 3476 202 3530 menti
223 3473 373 3550 pendeat..
396 3473 499 3530 lllaoet
518 3472 596 3530 enim
615 3471 728 3532 firmum
749 3475 828 3553 quod
840 3475 922 3534 Deus
936 3473 1073 3548 instituit,
1093 3486 1240 3534 naturam·

111 3569 168 3627 que
188 3570 266 3607 suam
288 3548 409 3619 retinet,
440 3561 590 3627 utcunque
615 3550 727 3629 varient
747 3551 893 3610 homines:
923 3550 975 3610 sed
995 3572 1084 3630 quum
1104 3550 1182 3610 aliud
1201 3551 1240 3613 sit

112 3625 233 3696 olserre,
254 3624 329 3683 aliud
351 3625 498 3703 recipere:
531 3624 602 3684 nihil
630 3625 728 3686 obstat
747 3626 903 3704 quominus
924 3638 1126 3707 consecratum
1147 3626 1240 3688 verbo

111 3700 233 3759 Domini
252 3700 416 3778 symbolum
437 3700 475 3760 sit
493 3722 593 3761 revera
614 3703 694 3781 quod
715 3704 830 3775 dicitur,
848 3702 963 3783 :imque
982 3725 1062 3763 suam
1075 3715 1241 3780 conservet,

112 3777 191 3836 nulla
211 3788 308 3835 tamen
330 3776 397 3835 inde
418 3777 527 3837 utilitas
547 3778 590 3838 ad·
603 3777 751 3838 hominem
771 3780 924 3847 scelestum
943 3800 977 3839 ac
996 3780 1116 3860 impium
1136 3791 1250 3858 perse-t

112 3856 182 3912 niat.
221 3852 282 3912 Sed
302 3854 376 3913 hanc
396 3854 596 3932 quaestionem
608 3856 705 3935 paucis
716 3856 811 3916 verbis
824 3855 901 3927 bene
911 3856 1003 3916 solvit
1014 3855 1239 3948 Augustinus

111 3930 206 4009 (hom.
228 3929 258 3988 in
279 3929 383 3989 loann.
403 3933 479 4004 26.):
500 3930 554 4005 „Si
575 3931 729 3992 carnaliter
739 3933 864 4012 (inquit)
883 3933 999 4013 accipis,
1018 3931 1165 4013 spirituale
1177 3954 1240 3994 esse

112 4029 194 4082 „non
216 4006 334 4066 desinit:
355 4007 405 4066 sed
420 4007 482 4067 tihi
501 4029 562 4068 uon
583 4013 658 4068 est.“
697 4008 953 4084 Quemadmodum
973 4030 1043 4070 vero
1063 4009 1240 4069 Sacramen-

111 4097 173 4143 tum
195 4103 256 4142 rem
277 4104 338 4144 esse
359 4082 451 4157 nihili,
469 4084 492 4144 si
513 4106 530 4145 a
549 4086 669 4146 veritate
687 4107 739 4146 sua
757 4098 925 4166 separatur,
944 4087 1145 4167 superioribus
1169 4085 1241 4147 locis

113 4161 242 4220 ostendit
260 4158 453 4242 Augustinus:
478 4160 520 4222 sic
540 4160 609 4222 alibi
629 4161 659 4221 io
679 4162 741 4243 ipsa
761 4182 880 4242 quoque
900 4163 1120 4235 coniunctione,
1139 4163 1242 4221 distin-

113 4238 212 4297 ctione
232 4258 304 4317 opus
325 4256 388 4297 esse
407 4236 562 4314 admonet,
593 4258 632 4297 ne
658 4239 689 4299 in
714 4244 834 4299 externo
853 4239 939 4323 signo
959 4239 1045 4300 nimis
1066 4240 1243 4299 haereamus.

114 4313 181 4391 „Ut
199 4314 314 4376 literam
332 4312 417 4394 sequi
434 4313 547 4398 (iuquit
564 4314 602 4377 de
621 4314 701 4379 doct.
717 4315 818 4381 christ.
836 4315 928 4385 tina
947 4336 973 4380 c.
991 4317 1035 4396 9.)
1055 4327 1086 4378 ει
1095 4316 1177 4398 signa
1188 4335 1247 4396 pro

736 1050 751 1088 a
769 1026 927 1091 Dominica
946 1046 1092 1087 venenum
1114 1024 1169 1083 suit
1188 1023 1239 1082 lu·
1279 1079 1281 1082 ,

1178 2014 1239 2076 uod
1288 2050 1291 2055 ·

1323 140 1341 169 Κ
