2700 4732
73 150 134 256 sn
309 145 312 155 ’
436 156 576 285 muru
616 180 924 254 cacanus.
1040 189 1044 196 ·

72 348 152 393 rasse
169 325 253 389 Adue
272 329 348 390 ritae
367 327 543 410 spiraculum
561 328 701 411 (Genu,
719 333 774 409 7.).
811 329 887 392 Nam
906 329 946 392 ita
965 330 1113 392 mordicus
1132 332 1207 392 arri·

72 412 160 490 piunt
177 405 246 466 Filii
264 427 392 481 nornen,
415 419 449 467 nt
467 406 580 469 nullum
602 409 681 468 inter
704 421 820 468 naturas
840 408 995 468 discrimen
1022 409 1205 488 relinquant:

72 484 124 546 sed
149 481 272 544 conluse
296 483 457 557 blaterent,
482 484 630 545 Christum
657 485 814 544 bominem
829 505 891 544 esse
907 485 969 543 -Dei
993 485 1115 559 Filium,
1135 485 1206 564 quia

73 559 232 653 secundum
253 558 407 649 humanam
426 571 557 619 naturam
574 580 612 650 'er
630 561 697 620 Deo
719 561 833 641 genitus
854 573 906 620 est.
946 561 997 620 Sic
1016 574 1135 621 aeterna
1148 562 1205 620 Sa·

49 648 203 776 tl‘llli
220 637 629 771 tilttssutttlttlltl
640 636 1206 773 lfltltll'lll‘l2lllnlllll

72 800 219 871 spectrum
240 788 424 867 supponitur.
469 788 634 849 Crassiores
654 789 769 849 Serveti
790 788 972 870 praestigias,
997 789 1103 869 quibus
1122 809 1154 848 se
1173 800 1219 849 et.

72 864 213 946 ‘quosdam
244 864 395 924 fascinavit
425 865 473 943 (ut
503 864 560 924 boc
584 863 718 944 exemplo
742 864 884 924 admoniti
909 865 949 945 pii
975 863 1100 924 lectores
1119 884 1151 925 se
1170 866 1203 925 in

72 942 233 1004 sobrietate
251 951 281 1000 et
299 940 441 999 modestia
460 941 657 1016 contineant),
676 940 812 1000 relellcre
831 941 903 1000 utile
920 940 1037 1019 quidem
1049 952 1137 1001 esseta
1157 951 1204 1001 ta·

29 1074 33 1087 ,
72 1039 140 1079 men
160 1036 367 1095 supervacuum
389 1015 454 1098 lore
474 1017 566 1087 duco,
591 1019 656 1097 quia
681 1017 711 1076 id
732 1017 870 1151 peculiari
891 1017 968 1077 libro
991 1037 1006 1076 a
1025 1037 1073 1076 me
1094 1016 1203 1078 lactum

73 1093 171 1170 esst).
210 1092 276 1151 Huc
296 1091 504 1167 summaredit,
523 1093 630 1152 Filium
641 1092 736 1163 Dela
768 1093 855 1153 initio
875 1093 963 1151 luisse
981 1092 1075 1153 ideam
1092 1093 1203 1154 etiarn

71 1183 143 1231 tunc
162 1167 398 1260 praeordinatum
419 1167 507 1228 luisse
518 1168 678 1260 bominem,
685 1169 746 1261 ‘qui‘
758 1180 834 1229 esset
848 1168 1006 1255 essentialis
1017 1168 1074 1228 Dei
1093 1169 1203 1249 imago.

69 1243 1204 1416 ltzsstltltssl‘lltlsstdilt‘lllllllc‘lsslltltl‘tltlml'gtf

71 1399 132 1461 nita
152 1397 208 1458 lmt
230 1416 262 1454 ro
281 1394 349 1456 Deo
368 1397 522 1470 voluutas,
550 1417 625 1477 quae
646 1397 730 1457 etiam
757 1407 824 1457 actu
850 1417 882 1457 se
902 1397 1031 1456 extendit
1054 1397 1084 1457 in
1109 1421 1118 1456 r
1140 1419 1202 1459 sana

24 1538 40 1551 Ι,
71 1486 242 1534 creaturam.
283 1471 423 1551 Spiritum
443 1474 555 1533 interea
574 1475 677 1533 miscet
697 1495 762 1534 cum
782 1474 845 1553 ipso
865 1473 1021 1548 Sermone,
1041 1473 1107 1553 quia
1119 1420 1202 1535 ileus

70 1551 213 1611 invisibile
232 1548 365 1608 Verbum
389 1558 420 1607 et
439 1548 580 1628 Spiritum
599 1549 808 1628 dispensaverit
826 1550 858 1608 in
878 1569 995 1610 carnem
1016 1562 1046 1609 et
1064 1552 1214 1611 animans

68 1627 207 1706 Denique
227 1624 363 1706 ligurutin
384 1624 493 1685 Christi
514 1625 611 1685 locum
629 1628 781 1761 geniturae
800 1625 876 1705 apud
897 1646 964 1684 eum
984 1625 1113 1687 obtinet:
1147 1627 1201 1688 sed

71 1705 210 1784 quitunc
252 1722 284 1760 er
302 1700 431 1782 speciem
450 1701 611 1762 umbratilis
643 1701 809 1777 uitl'ilius,
835 1723 900 1761 enm
924 1702 1041 1762 tandem
1066 1722 1202 1784 essege·
1237 1720 1261 1775 ᾗ

68 1781 164 1841 nitum
184 1723 255 1838 dicit
274 1797 328 1858 per
338 1777 525 1852 Sermonem,
545 1778 591 1838 cui
609 1778 726 1839 seminis
746 1791 842 1857 partes
862 1779 1005 1839 attribuit
1044 1778 1133 1838 Unde
1151 1798 1194 1839 se·

69 1868 177 1937 quetur
196 1874 304 1933 porcos
326 1865 357 1914 et
375 1873 459 1914 canes
479 1874 540 1913 non
561 1855 656 1916 minus
682 1874 744 1914 esse
763 1856 821 1914 Dei
841 1855 931 1928 filios,
958 1855 1026 1934 quia
1052 1856 1086 1914 e'r
1105 1856 1201 1938 origi-

69 1932 128 1994 nali
147 1933 257 1991 semine
276 1930 358 1991 uerbi
378 1930 435 1989 Dei
455 1931 547 1990 creati
570 1943 648 1992 sunt.
692 1932 755 1991 Etsi
779 1943 876 1992 autem
897 1931 1042 1991 extribus
1063 1933 1200 1994 increatis

69 2008 230 2069 elementis·
242 2006 392 2079 Christum
412 2007 536 2081 conflat,
557 2020 590 2067 ut
608 2008 647 2067 sit
665 2009 780 2089 genitus
800 2029 834 2067 ex
854 2007 978 2067 essentia
997 2006 1055 2066 Dei
1062 2011 1080 2081 ,'
1090 2009 1133 2069 sic
1151 2020 1199 2068 ta-

68 2107 136 2146 rnen
156 2083 385 2164 primogenitum
406 2103 468 2142 esse
487 2083 572 2164 fingit
590 2084 668 2143 inter
683 2097 844 2156 creaturas,
869 2095 904 2142 ut
923 2084 1023 2144 eadem
1042 2085 1080 2144 tit
1100 2106 1200 2145 essen·

67 2161 145 2222 tialis
165 2160 296 2219 divinitas
316 2158 458 2237 lapidibus
481 2159 638 2220 secundum
664 2183 747 2221 suum
773 2162 904 2242 gradum.
952 2159 1000 2219 Ne
1018 2181 1089 2221 vero
1111 2160 1200 2221 Chri·
1276 2217 1277 2221 ,

67 2248 144 2299 stum
168 2237 304 2295 rideatur
325 2256 376 2295 sua
399 2234 518 2295 Deitate
544 2256 665 2311 eruere,
689 2241 790 2297 asserit
815 2256 933 2297 carnem
957 2238 1017 2297 eius
1040 2236 1110 2297 Deo
1134 2257 1199 2299 esse

68 2309 220 2384 ὁμοοὺσιον
239 2323 270 2369 et
289 2310 463 2370 Sermonem
484 2311 571 2372 luisse
601 2312 748 2372 hominem
774 2315 899 2386 lactum,
930 2314 1024 2374 carnis
1048 2314 1078 2372 in
1099 2314 1199 2374 Deum

67 2388 269 2448 conversione.
313 2388 359 2447 lta
383 2386 450 2446 dum
471 2387 619 2449 Christum
643 2389 864 2469 apprehendere
889 2409 949 2449 non
974 2401 1072 2468 potest
1089 2389 1197 2450 Filium

67 2462 140 2536 Dei,
160 2462 215 2522 nisi
233 2463 294 2522 eius
314 2483 380 2523 earo
402 2484 435 2522 ex
453 2463 511 2523 Dei
532 2465 655 2525 essentia
675 2466 833 2544 prodicrit,
854 2478 884 2525 et
901 2466 932 2525 io
953 2466 1087 2527 deitatem
1107 2466 1197 2525 luerit

66 2559 217 2612 conversa,
236 2550 384 2598 aeternam
404 2539 556 2600 Sermonis
576 2540 613 2621 by
636 2543 742 2602 ostasin
762 2542 869 2624 redigit
887 2542 918 2600 in
937 2540 1075 2616 nibilum,
1094 2551 1125 2599 et
1143 2541 1166 2598 F
1169 2541 1195 2599 i·

65 2614 136 2675 lium
155 2614 286 2688 Davidis‚
306 2615 355 2694 qui
376 2616 533 2695 promissus
552 2563 813 2698 luitiiedemptor,
833 2617 918 2677 nobis
936 2616 1031 2695 eripit.
1069 2617 1193 2696 Saepius

89 2691 184 2750 uidem
207 2692 262 2753 boc
282 2690 400 2771 repetit,
420 2693 551 2775 genitum
572 2693 659 2754 fuisse
671 2694 777 2754 Filium
797 2690 1038 2768 aDeo,scientia
1058 2704 1089 2752 et
1107 2711 1194 2774 prae-

67 2713 276 2829 destinatione:
306 2768 425 2829 tandcm
445 2789 515 2829 vero
540 2769 689 2831 bominem
709 2770 817 2832 lactum
838 2790 872 2829 ex
890 2768 1012 2830 materia
1031 2768 1098 2844 illa,
1117 2787 1194 2848 quae

65 2845 151 2905 initio
171 2845 247 2924 apud
267 2844 364 2904 Deum
385 2844 518 2926 fulgebat
535 2846 566 2907 in
585 2848 679 2907 tribus
698 2846 865 2921 elementis,
881 2865 956 2926 qupe
976 2845 1084 2905 deinde
1103 2866 1194 2925 appa-

65 2921 125 2981 ruit
143 2922 173 2980 in
195 2921 288 3002 prima
309 2921 374 2981 luce
393 2921 505 2997 mundi,
524 2923 553 2981 in
574 2924 652 2983 nube
673 2933 703 2982 et
721 2923 857 2984 columna
876 2922 960 3003 ignis.
998 2922 1095 2982 Porro
1128 2943 1193 2981 uam

65 2998 192 3078 turpiter
210 3017 307 3058 secum
327 2998 336 3056 i
359 3017 390 3057 se
408 2998 532 3058 subinde
558 3011 684 3081 pugnet,
709 3000 795 3061 nimis
814 2998 958 3078 prolixum
978 3009 1053 3057 esset
1072 2943 1194 3057 reierre.

64 3072 108 3131 Er
129 3075 185 3133 boc
204 3019 381 3153 compendio
401 3073 544 3157 colligent
566 3077 629 3136 sani
648 3075 785 3150 lectores,
803 3074 926 3135 versutis
946 3073 1116 3154 ambagibus
1137 3073 1197 3132 irn-

65 3150 132 3241 puri
152 3150 230 3209 canis
248 3170 331 3230 spem
350 3149 449 3210 salutis
468 3172 587 3230 prorsus
598 3151 685 3213 luisse
699 3153 877 3214 exstinetam.
915 3150 991 3209 Nam
1002 3149 1105 3209 cicaro
1117 3161 1197 3210 esset

64 3247 126 3305 rpaa
147 3225 300 3300 divinitas,
319 3226 466 3288 desineret
485 3244 547 3289 esse
572 3230 632 3288 eius
657 3242 716 3288 tem
738 3229 807 3287 lum.
850 3227 912 3286 lam
932 3242 989 3287 nee
1008 3224 1196 3304 Redemptor

63 3300 151 3362 nobis
172 3322 234 3361 esse
254 3314 362 3382 potest,
382 3303 438 3362 nisi
457 3304 506 3382 qui
526 3303 706 3364 exAbrabae
755 3303 843 3364 avidis
865 3322 902 3361 ue
921 3300 1033 3362 semine
1052 3303 1196 3383 progeni·

63 3389 121 3453 tus,
139 3398 207 3436 vere
226 3379 386 3438 secundom
406 3399 523 3439 carnem
543 3379 633 3441 bomo
649 3382 741 3442 lactus
760 3378 805 3440 sit
843 3324 885 3439 it
903 3396 1056 3459 perperam
1076 3381 1106 3436 in
1126 3397 1195 3437 ver-

63 3453 108 3514 bis
127 3454 247 3514 loannis
265 3454 387 3530 insistit,
417 3455 592 3516 Sermonem
618 3456 705 3518 luisse
729 3458 835 3517 lactum
861 3475 992 3516 carnem:
1023 3453 1091 3545 quia
1116 3453 1194 3514 sicut

60 3531 192 3592 Nestorii
212 3532 307 3591 errori
321 3543 491 3603 occurrunt,
509 3533 547 3592 ita
567 3533 688 3612 impium
707 3532 764 3594 boc
777 3541 986 3606 commentum,
998 3551 1078 3591 curus
1090 3541 1196 3590 auctor

62 3607 119 3667 luit
128 3605 285 3688 Eutyches,
304 3607 424 3668 minime
443 3609 589 3684 adiuvant,
609 3631 700 3688 quum
715 3609 919 3691 Euangelistae
933 3628 993 3668 non
1007 3606 1084 3667 aliud
1104 3606 1196 3667 fuerit

61 3684 263 3764 propositum,
288 3704 375 3764 quam
393 3703 538 3765 personae
557 3686 698 3747 unitatem
718 3705 847 3747 asserere
866 3686 897 3745 in
917 3683 1028 3746 duabus
1047 3683 1168 3744 naturis.

128 3961 157 4029 ¹⁴)
179 3960 441 4014 cicestrensem
466 3960 629 4013 orthodoxae
652 3961 713 4015 lidei
735 3981 822 4018 sacrae
840 3958 972 4016 Trinitatis
989 3961 1108 4014 adversus
1128 3977 1193 4031 pro-

59 4028 170 4096 digiosos
187 4048 288 4084 errores
305 4026 440 4082 Michaelis
457 4029 555 4083 Serreti
572 4029 688 4099 Hispani.
