2700 4732
107 220 167 285 321
498 210 576 274 tttt.
593 208 651 271 lt.
690 206 781 271 CAP.
799 208 872 269 Xll.

114 357 234 421 maxima
253 354 446 438 desperatioi·
475 354 620 416 Similiter
639 352 719 444 quod
739 374 828 414 nemo
848 352 903 434 qui
928 354 1052 417 iter-nm
1072 354 1103 418 la
1125 378 1173 421 siis
1189 368 1255 433 aaut,

113 437 150 499 ad
169 435 326 495 secundam
347 433 562 515 poenitentiam
583 432 802 504 admitteretur,
826 430 878 491 sed
899 432 1067 523 usquead
1111 455 1179 495 nem
1194 436 1256 499 vitat

115 513 272 573 eiicerctur
296 510 333 570 ab
360 510 484 571 ecclesia
511 507 567 588 (cl'.
586 507 633 567 Au
675 518 713 569 st.
733 508 817 589 epist.
835 508 917 599 tid-pe
949 510 984 569 id
1014 528 1078 573 nee
1105 510 1180 572 utile
1200 524 1256 587 αι,

115 608 172 649 nec
195 587 305 648 rationi
334 598 572 647 consentaneum.
623 527 804 663 &limoque
835 596 929 675 igitur
955 607 1042 648 sano
1073 587 1187 649 iudicio
1209 608 1255 651 cn

115 663 297 737 aestimabit,
327 662 504 723 desiderabit
523 662 571 722 liic
588 680 692 721 eorum
712 660 908 741 prudentiam.
964 661 1163 745 Quanquam
1181 664 1255 747 palli·

115 763 181 802 eum
203 741 249 800 liic
269 740 369 821 potius
389 760 502 799 morem
526 738 685 818 improbo,
716 758 802 829 quam
822 757 873 798 eos
893 757 1010 802 omnes
1031 761 1150 802 accuso
1168 742 1254 823 quies

116 819 160 879 usi
178 828 264 890 sunt,
284 836 410 896 quorum
429 814 578 875 nonnullis
599 814 779 893 displicuisse
799 826 914 874 certuin
934 826 1004 875 est:
1026 816 1085 877 sed
1106 816 1180 879 iden
1197 818 1254 879 tei·

117 893 205 966 bant,
235 894 303 971 quia
326 913 387 953 non
408 902 545 971 poterant
564 891 725 969 corrigere.
774 886 866 951 Certe
885 890 939 970 ey
975 892 1119 954 rianus
1140 892 1253 967 declara,
1285 958 1288 963 ,

116 992 203 1049 quani
224 989 285 1028 non
306 978 413 1049 sponte
432 966 597 1027 luerittam
617 966 738 1048 rigidus.
764 912 1178 1055 „Patientiafinquitlilnl-
1243 970 1253 1047 )
1284 970 1288 983 “

116 1059 170 1119 „et
196 1044 317 1106 facilitas
346 1055 376 1103 et
407 1042 570 1103 humanitas
594 1056 695 1104 nostra
721 1042 909 1103 venientibus
935 1057 1072 1124 praesto
1094 1058 1155 1109 est.

116 1142 241 1196 „omnes
272 1121 303 1180 in
332 1118 483 1179 ecclesiam
514 1119 624 1211 redigi:
657 1131 729 1199 opto
764 1137 866 1178 omnes
889 1120 1133 1185 commilitones
1158 1138 1253 1185 nesus

117 1199 215 1274 „intra
235 1186 346 1259 Cleristi
372 1208 464 1255 castra
489 1207 519 1255 et
538 1196 596 1255 Dei
620 1196 715 1255 Patris
748 1193 891 1255 domicilia
924 1196 1091 1259 concludi.
1144 1198 1254 1263 lid!

118 1273 248 1349 „oiiinia,
267 1272 357 1332 multa
377 1270 544 1333 dissimulo:
573 1272 671 1331 stuilio
700 1266 731 1331 el
752 1284 824 1332 voto
843 1271 1040 1353 colligendae
1069 1274 1254 1349 fraternitati,

117 1351 227 1427 „etiam
247 1369 322 1429 quae
342 1349 371 1409 in
392 1348 488 1408 Deum
509 1349 661 1410 commissa
680 1359 759 1421 sunt,
779 1364 838 1408 non
859 1346 951 1428 pleno
972 1348 1101 1413 iudicio
1123 1352 1254 1415 eas-‘nu

116 1425 252 1503 „delictis
270 1424 335 1505 plus
354 1446 441 1505 quum
461 1436 582 1506 oportet
606 1423 787 1485 remittendis
807 1443 901 1504 paene
925 1423 996 1505 ipse
1022 1427 1193 1509 delinquo:
1208 1448 1254 1489 sn·

115 1502 252 1583 „plector
271 1514 407 1583 prompta
428 1514 458 1562 ct
503 1501 567 1561 lena
587 1501 746 1561 dilectione
764 1522 831 1561 cuin
871 1502 1048 1565 oenitentia
1074 1516 1253 1579 revertnites

115 1589 288 1658 „peccatum
307 1600 392 1671 quum
410 1524 610 1670 satisllctione
629 1577 729 1637 liiimili
743 1589 774 1713 et¹
780 1523 904 1670 simplici
916 1579 1146 1713 coiisiitentes.“
1175 1580 1253 1663 ctrp

116 1654 627 1821 tttltttlttltlfllitat?
646 1657 1118 1821 {tt‘tattlltittiiftff
1137 1658 1252 1795 ‘il-..li

116 1820 281 1900 praeterea,
305 1829 361 1899 qua
391 1808 532 1898 facilitate
559 1829 626 1867 usus
644 1820 683 1867 sit
702 1806 882 1899 'Augustinus
911 1826 985 1943 Ὗ
1008 1808 1207 1903 Donatistae,
1226 1820 1250 1869 1

116 1884 1249 2040 tttfltlltt‘ttlttttltdlttf⁰¹t²3i123ttrititttstltff

115 1983 257 2115 valuerat,
278 2039 371 2099 coacti
389 2049 458 2097 sunt
475 2037 599 2116 proprio
618 2034 727 2097 iudicio
747 2036 852 2097 cedere
871 2048 905 2095 ut
923 2056 991 2097 eam
1011 2053 1222 2119 sequerentur.

192 2122 223 2180 9.
263 2113 521 2188 Quemadmodum
537 2126 633 2173 autem
653 2113 685 2172 in
704 2124 770 2174 toto
783 2112 922 2173 ecclesiae
936 2134 1077 2195 corpore
1101 2116 1176 2179 lianc
1184 2136 1247 2177 nat·

115 2190 242 2253 suetudo
261 2189 434 2269 requiritur,
463 2202 496 2249 ut
516 2189 676 2250 elementer
701 2210 755 2249 nec
780 2188 932 2268 usquead
956 2211 1116 2253 summunt
1136 2194 1244 2277 rigare!

115 2267 328 2328 animadvertat
352 2267 385 2326 in
409 2266 522 2347 lapsos,
551 2266 603 2327 sed
633 2265 730 2346 potius
755 2265 915 2326 secundum
943 2267 1034 2327 Pauli
1067 2290 1164 2349 praec

115 2343 172 2422 (ll.
193 2342 265 2404 Cor.
284 2348 315 2418 2,
335 2340 394 2417 8),
424 2344 576 2402 raritatem
601 2343 632 2402 iii
653 2363 705 2403 eos
728 2342 897 2403 confirmet:
929 2342 968 2405 ita
996 2364 1057 2423 pro
1085 2364 1122 2407 sc
1140 2360 1242 2427 quisque

138 2422 243 2480 rivatus
263 2419 297 2480 ad
319 2419 393 2477 linnc
413 2420 596 2479 clementiam
617 2431 647 2479 et
664 2417 875 2479 humanitatem
894 2429 1102 2500 attemperare
1121 2420 1241 2485 setrtu

146 2517 186 2557 on
206 2516 279 2578 ergo
300 2505 433 2631 Polum
454 2507 512 2569 est,
543 2494 614 2555 tales
634 2494 743 2631 quitalil
761 2495 882 2555 ecelesia
900 2507 969 2555 sunt
983 2498 1125 2589 expulsi,
1142 2516 1241 2637 5:ss

138 2594 188 2633 erc
219 2592 253 2633 ex
283 2592 445 2632 cecorum
477 2591 599 2630 numero
646 2593 682 2632 au
745 2592 774 2631 es
797 2589 878 2631 erare
931 2593 993 2633 ussi
1023 2594 1089 2635 rani

113 2596 238 2712 illesos
258 2648 375 2729 quidem
396 2649 432 2709 ab
454 2646 575 2708 ccclesia
596 2612 724 2707 iiidicare
744 2593 795 2708 lasp
805 2659 858 2721 est,
878 2594 1059 2725 etqproinde
1082 2673 1101 2712 a
1152 2654 1239 2713 lirini

113 2728 165 2789 sed
187 2748 241 2808 pro
262 2746 299 2786 co
318 2738 464 2805 tempore,
483 2745 542 2803 quo
564 2725 594 2782 in
604 2725 730 2784 divortio
742 2736 869 2784 manent.
909 2724 1030 2799 Quodsi
1050 2738 1120 2790 tuni
1140 2742 1239 2809 quoqu!

69 2820 72 2825 ’
114 2806 256 2864 maiorem
276 2803 454 2882 pervicaciae
475 2821 561 2881 quam
583 2801 750 2862 humilitatis
769 2802 894 2881 speciem
915 2801 1113 2880 praeierunt,
1145 2826 1194 2866 eos
1207 2816 1238 2865 ta·

113 2901 182 2941 nien
215 2879 324 2939 iudicio
343 2878 466 2937 Domini
493 2878 748 2952 commendemus,
775 2876 897 2937 meliora
922 2877 959 2936 de
984 2877 1023 2938 iis
1047 2880 1082 2939 iii
1106 2894 1237 2964 poster·

112 2968 264 3048 sperantes
283 2976 369 3035 quam
388 2956 518 3016 videmus
536 2957 566 3012 in
587 2974 737 3034 praesens:
757 2974 812 3014 nec
832 2965 990 3033 propterea
1007 2955 1181 3019 desinamus
1197 2972 1237 3039 pit

111 3036 147 3093 iis
166 3033 263 3093 Deum
283 3030 407 3112 precari.
454 3031 493 3089 lit
524 3032 569 3106 (ut
587 3031 678 3091 verbo
702 3050 763 3089 uno
783 3030 975 3164 complectar)
1003 3053 1068 3092 non
1100 3052 1236 3115 persons·

112 3133 121 3168 i
144 3129 214 3183 sain,
233 3128 309 3187 quae
329 3108 359 3166 in
379 3127 466 3165 manu
486 3119 574 3185 atque
594 3106 717 3167 arbitrio
736 3106 794 3165 Dei
813 3127 846 3167 so
860 3106 903 3166 ius
923 3118 976 3177 est,
996 3108 1030 3167 in
1051 3124 1185 3171 mortem
1199 3108 1237 3169 sd·

112 3131 255 3245 ideamus:
275 3184 325 3243 sed
346 3195 460 3242 tantum
481 3183 575 3263 qualia
595 3184 652 3242 sint
672 3184 811 3262 cuiusque
832 3202 920 3263 opera
941 3186 1139 3248 aestimemus
1158 3186 1237 3267 potin

112 3282 147 3321 ex
165 3260 247 3341 Lege
266 3260 398 3321 Domini.
450 3259 547 3334 Quam
574 3258 705 3340 regulam
726 3259 794 3318 duin
818 3280 848 3319 se
872 3259 979 3333 uimur,
1013 3274 1132 3324 stamus
1157 3263 1237 3345 pot'nt

112 3337 212 3398 divino
233 3335 340 3395 iudicio
362 3358 447 3416 quani
468 3349 599 3396 nostrum
621 3335 804 3426 proiecimus.
851 3280 923 3395 llus
942 3336 1087 3397 licentiae.
1109 3360 1151 3399 nc
1169 3338 1238 3401 nolit

111 3415 143 3474 in
177 3412 333 3473 iudicando
363 3434 429 3471 arro
453 3434 548 3487 emus,
580 3413 635 3471 nisi
659 3409 791 3471 volumus
815 3411 872 3471 Dei
895 3412 1037 3472 virtutem
1063 3414 1195 3477 limitare
1213 3432 1237 3474 ac

110 3488 330 3551 misericordiae
350 3489 412 3548 cius
431 3433 528 3580 legem
549 3488 661 3548 dicere:
682 3490 727 3547 cui
749 3490 862 3567 quoties
882 3489 973 3549 vuum
996 3502 1053 3565 cst,
1082 3492 1237 3572 pessimiia

110 3566 240 3647 optimos
261 3576 418 3637 mutantur,
439 3566 525 3626 alicui
545 3565 730 3638 inseruntur,
750 3564 877 3624 extranei
897 3577 1083 3655 coaptantur
1104 3570 1137 3628 in
1158 3567 1238 3629 ecele-

109 3644 191 3704 siam.
229 3641 323 3720 ldque
343 3640 488 3701 Dominus
507 3644 567 3723 agit
585 3653 618 3700 ut
641 3641 683 3701 sic
707 3642 858 3700 hominum
879 3641 1055 3733 opinionem
1077 3643 1196 3719 eludat,
1216 3653 1239 3703 et

106 3718 305 3780 temeritatem
326 3716 474 3777 retundat:
495 3738 570 3797 quae
585 3718 641 3779 nisi
650 3729 831 3793 coerceatur,
848 3716 905 3779 silii
926 3717 1081 3781 iudicandi
1101 3722 1149 3785 ins
1167 3738 1239 3802 supr!

110 3816 196 3877 quani
218 3795 303 3854 decet
322 3814 460 3872 usurpare
480 3795 577 3855 audet.
1092 3818 1101 3837 ·

184 3878 231 3936 10.
270 3871 343 3930 Naiii
363 3868 442 3949 quod
463 3870 608 3950 promittit
622 3871 764 3943 Christus,
784 3869 903 3954 ligatum
922 3871 954 3931 in
973 3871 1065 3934 coelo
1086 3872 1157 3935 sote
1171 3868 1240 3955 quud

108 3948 153 4009 sui
172 3945 203 4006 in
228 3959 307 4006 terra
339 3945 492 4028 ligaverint
517 3947 633 4026 (illatth.
650 3954 697 4021 18,
717 3950 797 4025 ld),
825 3948 934 4030 ligandi
954 3948 1014 4009 viu
1043 3950 1080 4010 ad
1108 3950 1240 4013 ecclesiae

108 4043 259 4085 censuram
285 4021 401 4082 limitat:
432 4045 488 4103 qua
520 4045 581 4082 non
607 4024 804 4084 coniiciuntur
830 4024 860 4083 in
881 4037 1057 4116 perpetuam
1078 4026 1195 4088 ruinam
1211 4044 1240 4087 at

107 4101 325 4160 damnationem
358 4099 408 4179 qui
444 4102 744 4173 excommunicantur,
781 4101 832 4161 scil
862 4114 950 4161 vitain
985 4123 1152 4183 moresque
1181 4120 1240 4165 suot

107 4176 236 4236 dainnmi
257 4176 417 4251 audientes,
437 4197 504 4236 suae
525 4178 611 4237 ctiam
631 4177 759 4254 ipsorum
781 4190 939 4257 perpetuae
961 4177 1175 4255 damnationis,
1192 4176 1240 4239 nisi

106 4251 300 4334 resipuerint,
329 4254 402 4313 certi
426 4252 510 4312 fiunt.
560 4251 711 4333 Siquidem
732 4254 788 4314 lioc
808 4252 910 4314 dissert
928 4253 967 4314 ali
988 4254 1179 4319 anathemate
1197 4276 1240 4317 ex·

106 4328 343 4405 communicatio,
362 4328 443 4409 qiio‘d
462 4327 545 4406 illud,
565 4331 698 4409 adempto
719 4330 798 4390 omni
819 4329 919 4401 venia,
938 4330 1096 4395 hominem
1116 4333 1239 4395 daniel
