<?xml version="1.0" encoding="UTF-8"?>
<!DOCTYPE html PUBLIC "-//W3C//DTD XHTML 1.0 Transitional//EN"
    "http://www.w3.org/TR/xhtml1/DTD/xhtml1-transitional.dtd">
<html xmlns="http://www.w3.org/1999/xhtml" xml:lang="en" lang="en">
 <head>
  <title>
</title>
<meta http-equiv="Content-Type" content="text/html;charset=utf-8" />
  <meta name='ocr-system' content='tesseract 3.04.00' />
  <meta name='ocr-capabilities' content='ocr_page ocr_carea ocr_par ocr_line ocrx_word'/>
</head>
<body>
  <div class='ocr_page' id='page_1' title='image "./ioanniscalvinii02tholgoog/ioanniscalvinii02tholgoog_0844.png"; bbox 0 0 2700 4732; ppageno 0'>
   <div class='ocr_carea' id='block_1_1' title="bbox 763 52 789 82">
    <p class='ocr_par' dir='ltr' id='par_1_1' title="bbox 763 52 789 82">
     <span class='ocr_line' id='line_1_1' title="bbox 763 52 789 82; baseline 0 -2"><span class='ocrx_word' id='word_1_1' title='bbox 763 52 789 82; x_wconf 67' lang='grc'><strong><em>4</em></strong></span> 
     </span>
    </p>
   </div>
   <div class='ocr_carea' id='block_1_2' title="bbox 453 195 1285 299">
    <p class='ocr_par' dir='ltr' id='par_1_2' title="bbox 453 195 1285 299">
     <span class='ocr_line' id='line_1_2' title="bbox 453 195 1285 299; baseline 0.013 -10"><span class='ocrx_word' id='word_1_2' title='bbox 453 195 862 293; x_wconf 64' lang='lat' dir='ltr'>&#39;mmmm</span> <span class='ocrx_word' id='word_1_3' title='bbox 1014 232 1285 299; x_wconf 75' lang='lat' dir='ltr'>·.m·</span> 
     </span>
    </p>
   </div>
   <div class='ocr_carea' id='block_1_3' title="bbox 102 329 1244 609">
    <p class='ocr_par' dir='ltr' id='par_1_3' title="bbox 102 329 1244 609">
     <span class='ocr_line' id='line_1_3' title="bbox 102 329 1244 456; baseline 0.003 -25"><span class='ocrx_word' id='word_1_4' title='bbox 102 341 197 432; x_wconf 23' lang='lat' dir='ltr'>&#39;Unde</span> <span class='ocrx_word' id='word_1_5' title='bbox 215 329 364 454; x_wconf 83' lang='lat' dir='ltr'>seqnitur,</span> <span class='ocrx_word' id='word_1_6' title='bbox 395 393 430 435; x_wconf 90' lang='lat' dir='ltr'>ea</span> <span class='ocrx_word' id='word_1_7' title='bbox 452 372 626 455; x_wconf 87' lang='lat' dir='ltr'>recipiendo</span> <span class='ocrx_word' id='word_1_8' title='bbox 653 372 726 434; x_wconf 86' lang='lat' dir='ltr'>nibil</span> <span class='ocrx_word' id='word_1_9' title='bbox 749 375 930 456; x_wconf 87' lang='lat' dir='ltr'>istos‘agere</span> <span class='ocrx_word' id='word_1_10' title='bbox 947 373 1026 434; x_wconf 89' lang='lat' dir='ltr'>nude</span> <span class='ocrx_word' id='word_1_11' title='bbox 1043 372 1160 435; x_wconf 86' lang='lat' dir='ltr'>laudern</span> <span class='ocrx_word' id='word_1_12' title='bbox 1179 393 1244 435; x_wconf 88' lang='lat' dir='ltr'>rne-</span> 
     </span>
     <span class='ocr_line' id='line_1_4' title="bbox 106 450 1244 587; baseline 0.005 -78"><span class='ocrx_word' id='word_1_13' title='bbox 106 462 243 521; x_wconf 86' lang='lat' dir='ltr'>reantur,</span> <span class='ocrx_word' id='word_1_14' title='bbox 273 451 327 543; x_wconf 40' lang='lat' dir='ltr'>vel·</span> <span class='ocrx_word' id='word_1_15' title='bbox 344 452 375 544; x_wconf 77' lang='lat' dir='ltr'>ip</span> <span class='ocrx_word' id='word_1_16' title='bbox 407 450 462 512; x_wconf 83' lang='lat' dir='ltr'>lanc</span> <span class='ocrx_word' id='word_1_17' title='bbox 492 451 608 533; x_wconf 86' lang='lat' dir='ltr'>actione</span> <span class='ocrx_word' id='word_1_18' title='bbox 641 455 730 587; x_wconf 58' lang='lat' dir='ltr'>(ipsae</span> <span class='ocrx_word' id='word_1_19' title='bbox 751 472 853 513; x_wconf 88' lang='lat' dir='ltr'>eorum</span> <span class='ocrx_word' id='word_1_20' title='bbox 880 461 1015 532; x_wconf 86' lang='lat' dir='ltr'>respectu</span> <span class='ocrx_word' id='word_1_21' title='bbox 1035 471 1115 513; x_wconf 85' lang='lat' dir='ltr'>mere</span> <span class='ocrx_word' id='word_1_22' title='bbox 1134 453 1244 564; x_wconf 82' lang='lat' dir='ltr'>passiva</span> 
     </span>
     <span class='ocr_line' id='line_1_5' title="bbox 107 528 709 609; baseline -0.002 -21"><span class='ocrx_word' id='word_1_23' title='bbox 107 529 166 602; x_wconf 88' lang='lat' dir='ltr'>est)</span> <span class='ocrx_word' id='word_1_24' title='bbox 187 529 298 587; x_wconf 89' lang='lat' dir='ltr'>nullum</span> <span class='ocrx_word' id='word_1_25' title='bbox 318 528 373 589; x_wconf 87' lang='lat' dir='ltr'>rllrs</span> <span class='ocrx_word' id='word_1_26' title='bbox 393 547 480 609; x_wconf 90' lang='lat' dir='ltr'>posse</span> <span class='ocrx_word' id='word_1_27' title='bbox 501 549 574 609; x_wconf 91' lang='lat' dir='ltr'>opus</span> <span class='ocrx_word' id='word_1_28' title='bbox 594 549 668 589; x_wconf 86' lang='lat' dir='ltr'>assu</span> <span class='ocrx_word' id='word_1_29' title='bbox 692 550 709 588; x_wconf 86' lang='grc' dir='ltr'>ι.</span> 
     </span>
    </p>
   </div>
   <div class='ocr_carea' id='block_1_4' title="bbox 483 813 871 922">
    <p class='ocr_par' dir='ltr' id='par_1_4' title="bbox 483 813 871 922">
     <span class='ocr_line' id='line_1_6' title="bbox 483 813 871 922; baseline 0 -3"><span class='ocrx_word' id='word_1_30' title='bbox 483 813 871 922; x_wconf 72' lang='lat' dir='ltr'>cauurxu</span> 
     </span>
    </p>
   </div>
   <div class='ocr_carea' id='block_1_5' title="bbox 488 1023 816 1122">
    <p class='ocr_par' dir='ltr' id='par_1_5' title="bbox 488 1023 816 1122">
     <span class='ocr_line' id='line_1_7' title="bbox 488 1023 816 1122; baseline 0.015 -24"><span class='ocrx_word' id='word_1_31' title='bbox 488 1023 497 1034; x_wconf 43' lang='grc'><em>“</em></span> <span class='ocrx_word' id='word_1_32' title='bbox 539 1041 593 1102; x_wconf 89' lang='lat' dir='ltr'>De</span> <span class='ocrx_word' id='word_1_33' title='bbox 619 1041 816 1122; x_wconf 88' lang='lat' dir='ltr'>Baptismo.</span> 
     </span>
    </p>
   </div>
   <div class='ocr_carea' id='block_1_6' title="bbox 108 1217 1246 1709">
    <p class='ocr_par' dir='ltr' id='par_1_6' title="bbox 108 1217 1246 1709">
     <span class='ocr_line' id='line_1_8' title="bbox 177 1217 1244 1292; baseline 0.003 -19"><span class='ocrx_word' id='word_1_34' title='bbox 177 1222 254 1274; x_wconf 87' lang='lat' dir='ltr'>Duae</span> <span class='ocrx_word' id='word_1_35' title='bbox 270 1233 329 1274; x_wconf 86' lang='lat' dir='ltr'>sunt</span> <span class='ocrx_word' id='word_1_36' title='bbox 345 1233 430 1290; x_wconf 87' lang='lat' dir='ltr'>partes</span> <span class='ocrx_word' id='word_1_37' title='bbox 447 1218 524 1272; x_wconf 84' lang='lat' dir='ltr'>huius</span> <span class='ocrx_word' id='word_1_38' title='bbox 542 1218 654 1289; x_wconf 86' lang='lat' dir='ltr'>Capitis:</span> <span class='ocrx_word' id='word_1_39' title='bbox 672 1217 703 1287; x_wconf 83' lang='lat'>1)</span> <span class='ocrx_word' id='word_1_40' title='bbox 721 1219 764 1270; x_wconf 87' lang='lat' dir='ltr'>De</span> <span class='ocrx_word' id='word_1_41' title='bbox 781 1220 884 1272; x_wconf 85' lang='lat' dir='ltr'>duobus</span> <span class='ocrx_word' id='word_1_42' title='bbox 901 1219 996 1274; x_wconf 84' lang='lat' dir='ltr'>linibus</span> <span class='ocrx_word' id='word_1_43' title='bbox 1008 1220 1135 1292; x_wconf 87' lang='lat' dir='ltr'>Baptismi</span> <span class='ocrx_word' id='word_1_44' title='bbox 1152 1222 1244 1276; x_wconf 82' lang='lat' dir='ltr'>disser-</span> 
     </span>
     <span class='ocr_line' id='line_1_9' title="bbox 110 1304 1244 1380; baseline 0.002 -21"><span class='ocrx_word' id='word_1_45' title='bbox 110 1306 188 1359; x_wconf 84' lang='lat' dir='ltr'>tatio:</span> <span class='ocrx_word' id='word_1_46' title='bbox 208 1309 241 1359; x_wconf 88' lang='lat' dir='ltr'>de</span> <span class='ocrx_word' id='word_1_47' title='bbox 257 1306 347 1376; x_wconf 89' lang='lat' dir='ltr'>priore</span> <span class='ocrx_word' id='word_1_48' title='bbox 365 1325 379 1358; x_wconf 90' lang='lat' dir='ltr'>a</span> <span class='ocrx_word' id='word_1_49' title='bbox 396 1319 456 1359; x_wconf 84' lang='lat' dir='ltr'>sect.</span> <span class='ocrx_word' id='word_1_50' title='bbox 474 1305 580 1361; x_wconf 72' lang='lat'>1-12</span> <span class='ocrx_word' id='word_1_51' title='bbox 599 1305 632 1357; x_wconf 91' lang='lat' dir='ltr'>de</span> <span class='ocrx_word' id='word_1_52' title='bbox 648 1304 806 1375; x_wconf 87' lang='lat' dir='ltr'>posteriore,</span> <span class='ocrx_word' id='word_1_53' title='bbox 821 1318 883 1360; x_wconf 85' lang='lat' dir='ltr'>sect.</span> <span class='ocrx_word' id='word_1_54' title='bbox 900 1306 941 1360; x_wconf 76' lang='lat' dir='ltr'>aa</span> <span class='ocrx_word' id='word_1_55' title='bbox 964 1333 997 1344; x_wconf 91' lang='lat'><em>-</em></span> <span class='ocrx_word' id='word_1_56' title='bbox 1031 1306 1063 1376; x_wconf 78' lang='lat'>2)</span> <span class='ocrx_word' id='word_1_57' title='bbox 1080 1308 1167 1361; x_wconf 76' lang='lat' dir='ltr'>Altera</span> <span class='ocrx_word' id='word_1_58' title='bbox 1184 1329 1244 1380; x_wconf 90' lang='lat' dir='ltr'>pars</span> 
     </span>
     <span class='ocr_line' id='line_1_10' title="bbox 111 1389 1245 1461; baseline 0.002 -19"><span class='ocrx_word' id='word_1_59' title='bbox 111 1393 144 1443; x_wconf 90' lang='lat' dir='ltr'>ad</span> <span class='ocrx_word' id='word_1_60' title='bbox 162 1405 274 1460; x_wconf 86' lang='lat' dir='ltr'>quatuor</span> <span class='ocrx_word' id='word_1_61' title='bbox 292 1390 375 1461; x_wconf 88' lang='lat' dir='ltr'>capita</span> <span class='ocrx_word' id='word_1_62' title='bbox 393 1391 483 1443; x_wconf 83' lang='lat' dir='ltr'>relerri</span> <span class='ocrx_word' id='word_1_63' title='bbox 500 1404 592 1460; x_wconf 82' lang='lat' dir='ltr'>potest.</span> <span class='ocrx_word' id='word_1_64' title='bbox 626 1389 670 1441; x_wconf 86' lang='lat' dir='ltr'>De</span> <span class='ocrx_word' id='word_1_65' title='bbox 686 1410 733 1442; x_wconf 88' lang='lat' dir='ltr'>usu</span> <span class='ocrx_word' id='word_1_66' title='bbox 752 1389 887 1459; x_wconf 89' lang='lat' dir='ltr'>Baptismi,</span> <span class='ocrx_word' id='word_1_67' title='bbox 904 1403 964 1442; x_wconf 89' lang='lat' dir='ltr'>sect.</span> <span class='ocrx_word' id='word_1_68' title='bbox 982 1389 1057 1444; x_wconf 69' lang='lat' dir='ltr'>ttes</span> <span class='ocrx_word' id='word_1_69' title='bbox 1075 1394 1116 1448; x_wconf 78' lang='lat'>15.</span> <span class='ocrx_word' id='word_1_70' title='bbox 1134 1422 1167 1434; x_wconf 93' lang='lat'><em>-</em></span> <span class='ocrx_word' id='word_1_71' title='bbox 1201 1393 1245 1446; x_wconf 85' lang='lat' dir='ltr'>De</span> 
     </span>
     <span class='ocr_line' id='line_1_11' title="bbox 109 1473 1245 1548; baseline 0.004 -22"><span class='ocrx_word' id='word_1_72' title='bbox 109 1475 220 1529; x_wconf 86' lang='lat' dir='ltr'>ministri</span> <span class='ocrx_word' id='word_1_73' title='bbox 234 1475 356 1541; x_wconf 75' lang='lat' dir='ltr'>dignitate</span> <span class='ocrx_word' id='word_1_74' title='bbox 372 1476 413 1526; x_wconf 86' lang='lat' dir='ltr'>vel</span> <span class='ocrx_word' id='word_1_75' title='bbox 429 1475 593 1540; x_wconf 70' lang='lat' dir='ltr'>indignitate,</span> <span class='ocrx_word' id='word_1_76' title='bbox 619 1489 678 1530; x_wconf 81' lang='lat' dir='ltr'>sect</span> <span class='ocrx_word' id='word_1_77' title='bbox 696 1473 815 1530; x_wconf 80' lang='lat'><strong>16-18.</strong></span> <span class='ocrx_word' id='word_1_78' title='bbox 833 1503 865 1515; x_wconf 90' lang='lat'><em>-</em></span> <span class='ocrx_word' id='word_1_79' title='bbox 904 1473 947 1526; x_wconf 86' lang='lat' dir='ltr'>De</span> <span class='ocrx_word' id='word_1_80' title='bbox 972 1475 1133 1546; x_wconf 83' lang='lat' dir='ltr'>corruptelis,</span> <span class='ocrx_word' id='word_1_81' title='bbox 1150 1477 1245 1548; x_wconf 80' lang='lat' dir='ltr'>quibus</span> 
     </span>
     <span class='ocr_line' id='line_1_12' title="bbox 109 1559 1246 1631; baseline 0.002 -18"><span class='ocrx_word' id='word_1_82' title='bbox 109 1562 161 1614; x_wconf 83' lang='lat' dir='ltr'>hoc</span> <span class='ocrx_word' id='word_1_83' title='bbox 180 1562 377 1614; x_wconf 78' lang='lat' dir='ltr'>Sacramentum</span> <span class='ocrx_word' id='word_1_84' title='bbox 395 1559 444 1612; x_wconf 82' lang='lat' dir='ltr'>snit</span> <span class='ocrx_word' id='word_1_85' title='bbox 460 1559 636 1629; x_wconf 85' lang='lat' dir='ltr'>inquinatum,</span> <span class='ocrx_word' id='word_1_86' title='bbox 659 1572 720 1614; x_wconf 77' lang='lat' dir='ltr'>sect.</span> <span class='ocrx_word' id='word_1_87' title='bbox 737 1559 778 1616; x_wconf 83' lang='lat'>19.</span> <span class='ocrx_word' id='word_1_88' title='bbox 795 1589 830 1602; x_wconf 88' lang='lat'>-</span> <span class='ocrx_word' id='word_1_89' title='bbox 868 1560 912 1612; x_wconf 76' lang='lat' dir='ltr'>Ad</span> <span class='ocrx_word' id='word_1_90' title='bbox 928 1579 995 1630; x_wconf 83' lang='lat' dir='ltr'>quos</span> <span class='ocrx_word' id='word_1_91' title='bbox 1015 1574 1113 1631; x_wconf 86' lang='lat' dir='ltr'>spectet</span> <span class='ocrx_word' id='word_1_92' title='bbox 1128 1561 1182 1615; x_wconf 77' lang='lat' dir='ltr'>eius</span> <span class='ocrx_word' id='word_1_93' title='bbox 1198 1563 1246 1615; x_wconf 83' lang='lat' dir='ltr'>ad·</span> 
     </span>
     <span class='ocr_line' id='line_1_13' title="bbox 108 1644 485 1709; baseline -0.005 -9"><span class='ocrx_word' id='word_1_94' title='bbox 108 1646 270 1709; x_wconf 63' lang='lat' dir='ltr'>mutuatio,</span> <span class='ocrx_word' id='word_1_95' title='bbox 286 1659 346 1699; x_wconf 86' lang='lat' dir='ltr'>sect.</span> <span class='ocrx_word' id='word_1_96' title='bbox 363 1644 485 1698; x_wconf 76' lang='lat'><strong>20-22</strong></span> 
     </span>
    </p>
   </div>
   <div class='ocr_carea' id='block_1_7' title="bbox 76 1810 1334 4420">
    <p class='ocr_par' dir='ltr' id='par_1_7' title="bbox 76 1810 1334 3353">
     <span class='ocr_line' id='line_1_14' title="bbox 187 1810 1247 1894; baseline 0.003 -24"><span class='ocrx_word' id='word_1_97' title='bbox 187 1819 216 1877; x_wconf 86' lang='lat'>1.</span> <span class='ocrx_word' id='word_1_98' title='bbox 257 1813 420 1891; x_wconf 76' lang='lat' dir='ltr'>Baptismus</span> <span class='ocrx_word' id='word_1_99' title='bbox 438 1810 555 1894; x_wconf 87' lang='lat' dir='ltr'>signum</span> <span class='ocrx_word' id='word_1_100' title='bbox 577 1822 621 1872; x_wconf 91' lang='lat' dir='ltr'>est</span> <span class='ocrx_word' id='word_1_101' title='bbox 640 1810 820 1886; x_wconf 74' lang='lat' dir='ltr'>initiationis,</span> <span class='ocrx_word' id='word_1_102' title='bbox 838 1830 898 1891; x_wconf 88' lang='lat' dir='ltr'>quo</span> <span class='ocrx_word' id='word_1_103' title='bbox 918 1811 948 1870; x_wconf 91' lang='lat' dir='ltr'>iu</span> <span class='ocrx_word' id='word_1_104' title='bbox 960 1810 1101 1872; x_wconf 85' lang='lat' dir='ltr'>ecclesiae</span> <span class='ocrx_word' id='word_1_105' title='bbox 1120 1823 1247 1892; x_wconf 85' lang='lat' dir='ltr'>coopta-</span> 
     </span>
     <span class='ocr_line' id='line_1_15' title="bbox 111 1886 1246 1962; baseline -0.001 -12"><span class='ocrx_word' id='word_1_106' title='bbox 111 1911 177 1951; x_wconf 90' lang='lat' dir='ltr'>mur</span> <span class='ocrx_word' id='word_1_107' title='bbox 206 1890 393 1960; x_wconf 86' lang='lat' dir='ltr'>societatem,</span> <span class='ocrx_word' id='word_1_108' title='bbox 424 1899 458 1947; x_wconf 91' lang='lat' dir='ltr'>ut</span> <span class='ocrx_word' id='word_1_109' title='bbox 489 1886 608 1949; x_wconf 88' lang='lat' dir='ltr'>Christo</span> <span class='ocrx_word' id='word_1_110' title='bbox 639 1889 733 1962; x_wconf 89' lang='lat' dir='ltr'>insiti,</span> <span class='ocrx_word' id='word_1_111' title='bbox 764 1890 841 1948; x_wconf 89' lang='lat' dir='ltr'>inter</span> <span class='ocrx_word' id='word_1_112' title='bbox 871 1888 946 1947; x_wconf 89' lang='lat' dir='ltr'>filios</span> <span class='ocrx_word' id='word_1_113' title='bbox 978 1888 1036 1947; x_wconf 85' lang='lat' dir='ltr'>Dei</span> <span class='ocrx_word' id='word_1_114' title='bbox 1065 1908 1246 1949; x_wconf 80' lang='lat' dir='ltr'>censeamur.</span> 
     </span>
     <span class='ocr_line' id='line_1_16' title="bbox 76 1960 1246 2046; baseline -0.002 -20"><span class='ocrx_word' id='word_1_115' title='bbox 76 1994 80 2000; x_wconf 58' lang='grc'><em>’</em></span> <span class='ocrx_word' id='word_1_116' title='bbox 110 1970 208 2045; x_wconf 78' lang='lat' dir='ltr'>Porro</span> <span class='ocrx_word' id='word_1_117' title='bbox 228 1967 258 2024; x_wconf 88' lang='lat' dir='ltr'>in</span> <span class='ocrx_word' id='word_1_118' title='bbox 281 1965 358 2025; x_wconf 87' lang='lat' dir='ltr'>hunc</span> <span class='ocrx_word' id='word_1_119' title='bbox 378 1964 465 2024; x_wconf 81' lang='lat' dir='ltr'>finem</span> <span class='ocrx_word' id='word_1_120' title='bbox 486 1964 571 2025; x_wconf 90' lang='lat' dir='ltr'>nobis</span> <span class='ocrx_word' id='word_1_121' title='bbox 591 1964 686 2025; x_wconf 88' lang='lat' dir='ltr'>aDeo</span> <span class='ocrx_word' id='word_1_122' title='bbox 708 1965 791 2025; x_wconf 83' lang='lat' dir='ltr'>datus</span> <span class='ocrx_word' id='word_1_123' title='bbox 811 1976 855 2024; x_wconf 88' lang='lat' dir='ltr'>est</span> <span class='ocrx_word' id='word_1_124' title='bbox 874 1960 972 2044; x_wconf 82' lang='lat' dir='ltr'>(quod</span> <span class='ocrx_word' id='word_1_125' title='bbox 989 1964 1132 2046; x_wconf 80' lang='lat' dir='ltr'>mysteriis</span> <span class='ocrx_word' id='word_1_126' title='bbox 1148 1965 1246 2025; x_wconf 89' lang='lat' dir='ltr'>omni·</span> 
     </span>
     <span class='ocr_line' id='line_1_17' title="bbox 111 2040 1247 2122; baseline -0.001 -18"><span class='ocrx_word' id='word_1_127' title='bbox 111 2045 165 2104; x_wconf 89' lang='lat' dir='ltr'>bus</span> <span class='ocrx_word' id='word_1_128' title='bbox 186 2063 341 2102; x_wconf 89' lang='lat' dir='ltr'>commune</span> <span class='ocrx_word' id='word_1_129' title='bbox 354 2062 415 2101; x_wconf 90' lang='lat' dir='ltr'>esse</span> <span class='ocrx_word' id='word_1_130' title='bbox 427 2040 540 2118; x_wconf 81' lang='lat' dir='ltr'>docui),</span> <span class='ocrx_word' id='word_1_131' title='bbox 560 2040 685 2121; x_wconf 89' lang='lat' dir='ltr'>primum</span> <span class='ocrx_word' id='word_1_132' title='bbox 707 2053 739 2101; x_wconf 90' lang='lat' dir='ltr'>ut</span> <span class='ocrx_word' id='word_1_133' title='bbox 757 2042 826 2102; x_wconf 86' lang='lat' dir='ltr'>fidei</span> <span class='ocrx_word' id='word_1_134' title='bbox 847 2054 965 2102; x_wconf 90' lang='lat' dir='ltr'>nostrae</span> <span class='ocrx_word' id='word_1_135' title='bbox 979 2042 1057 2122; x_wconf 89' lang='lat' dir='ltr'>apud</span> <span class='ocrx_word' id='word_1_136' title='bbox 1076 2061 1117 2116; x_wconf 89' lang='lat' dir='ltr'>se,</span> <span class='ocrx_word' id='word_1_137' title='bbox 1138 2041 1247 2103; x_wconf 89' lang='lat' dir='ltr'>deiude</span> 
     </span>
     <span class='ocr_line' id='line_1_18' title="bbox 111 2118 1246 2198; baseline 0 -18"><span class='ocrx_word' id='word_1_138' title='bbox 111 2135 144 2180; x_wconf 90' lang='lat' dir='ltr'>ut</span> <span class='ocrx_word' id='word_1_139' title='bbox 165 2119 345 2180; x_wconf 81' lang='lat' dir='ltr'>confessioni</span> <span class='ocrx_word' id='word_1_140' title='bbox 365 2119 442 2196; x_wconf 91' lang='lat' dir='ltr'>apud</span> <span class='ocrx_word' id='word_1_141' title='bbox 468 2118 601 2179; x_wconf 87' lang='lat' dir='ltr'>homines</span> <span class='ocrx_word' id='word_1_142' title='bbox 624 2119 756 2179; x_wconf 79' lang='lat' dir='ltr'>serviret.</span> <span class='ocrx_word' id='word_1_143' title='bbox 801 2119 963 2198; x_wconf 89' lang='lat' dir='ltr'>Utriusque</span> <span class='ocrx_word' id='word_1_144' title='bbox 987 2118 1177 2185; x_wconf 87' lang='lat' dir='ltr'>institutionis</span> <span class='ocrx_word' id='word_1_145' title='bbox 1197 2139 1246 2180; x_wconf 86' lang='lat' dir='ltr'>ra-</span> 
     </span>
     <span class='ocr_line' id='line_1_19' title="bbox 110 2194 1247 2275; baseline -0.003 -18"><span class='ocrx_word' id='word_1_146' title='bbox 110 2201 222 2258; x_wconf 88' lang='lat' dir='ltr'>tionem</span> <span class='ocrx_word' id='word_1_147' title='bbox 244 2196 348 2254; x_wconf 90' lang='lat' dir='ltr'>ordine</span> <span class='ocrx_word' id='word_1_148' title='bbox 368 2215 590 2275; x_wconf 88' lang='lat' dir='ltr'>prosequemur.</span> <span class='ocrx_word' id='word_1_149' title='bbox 633 2194 703 2254; x_wconf 89' lang='lat' dir='ltr'>Tria</span> <span class='ocrx_word' id='word_1_150' title='bbox 727 2207 823 2269; x_wconf 80' lang='lat' dir='ltr'>antem</span> <span class='ocrx_word' id='word_1_151' title='bbox 850 2196 938 2255; x_wconf 85' lang='lat' dir='ltr'>assert</span> <span class='ocrx_word' id='word_1_152' title='bbox 957 2195 1025 2255; x_wconf 83' lang='lat' dir='ltr'>fidei</span> <span class='ocrx_word' id='word_1_153' title='bbox 1049 2207 1169 2255; x_wconf 84' lang='lat' dir='ltr'>nostrae</span> <span class='ocrx_word' id='word_1_154' title='bbox 1187 2196 1247 2255; x_wconf 90' lang='lat' dir='ltr'>Ba·</span> 
     </span>
     <span class='ocr_line' id='line_1_20' title="bbox 110 2270 1246 2354; baseline -0.001 -21"><span class='ocrx_word' id='word_1_155' title='bbox 110 2275 246 2354; x_wconf 79' lang='lat' dir='ltr'>ptismus,</span> <span class='ocrx_word' id='word_1_156' title='bbox 278 2292 354 2352; x_wconf 87' lang='lat' dir='ltr'>quae</span> <span class='ocrx_word' id='word_1_157' title='bbox 383 2284 413 2330; x_wconf 90' lang='lat' dir='ltr'>et</span> <span class='ocrx_word' id='word_1_158' title='bbox 444 2272 504 2329; x_wconf 88' lang='lat' dir='ltr'>isa</span> <span class='ocrx_word' id='word_1_159' title='bbox 529 2270 673 2353; x_wconf 75' lang='lat' dir='ltr'>sigillatim</span> <span class='ocrx_word' id='word_1_160' title='bbox 694 2271 896 2351; x_wconf 84' lang='lat' dir='ltr'>pertractanda</span> <span class='ocrx_word' id='word_1_161' title='bbox 917 2283 994 2332; x_wconf 81' lang='lat' dir='ltr'>sunt</span> <span class='ocrx_word' id='word_1_162' title='bbox 1032 2272 1100 2332; x_wconf 86' lang='lat' dir='ltr'>Hoc</span> <span class='ocrx_word' id='word_1_163' title='bbox 1119 2272 1246 2352; x_wconf 91' lang='lat' dir='ltr'>primum</span> 
     </span>
     <span class='ocr_line' id='line_1_21' title="bbox 112 2347 1326 2429; baseline -0.002 -19"><span class='ocrx_word' id='word_1_164' title='bbox 112 2348 259 2429; x_wconf 89' lang='lat' dir='ltr'>estquod</span> <span class='ocrx_word' id='word_1_165' title='bbox 285 2347 413 2410; x_wconf 85' lang='lat' dir='ltr'>uobisa</span> <span class='ocrx_word' id='word_1_166' title='bbox 469 2348 569 2407; x_wconf 88' lang='lat' dir='ltr'>omino</span> <span class='ocrx_word' id='word_1_167' title='bbox 597 2349 787 2427; x_wconf 83' lang='lat' dir='ltr'>proponitur,</span> <span class='ocrx_word' id='word_1_168' title='bbox 816 2361 849 2408; x_wconf 93' lang='lat' dir='ltr'>ut</span> <span class='ocrx_word' id='word_1_169' title='bbox 875 2349 1040 2429; x_wconf 84' lang='lat' dir='ltr'>symbolum</span> <span class='ocrx_word' id='word_1_170' title='bbox 1064 2350 1102 2408; x_wconf 87' lang='lat' dir='ltr'>sit</span> <span class='ocrx_word' id='word_1_171' title='bbox 1126 2362 1245 2409; x_wconf 87' lang='lat' dir='ltr'>nostrae</span> <span class='ocrx_word' id='word_1_172' title='bbox 1319 2374 1326 2381; x_wconf 85' lang='grc'>·</span> 
     </span>
     <span class='ocr_line' id='line_1_22' title="bbox 110 2421 1246 2520; baseline 0 -34"><span class='ocrx_word' id='word_1_173' title='bbox 110 2425 292 2520; x_wconf 81' lang='lat' dir='ltr'>purgationis</span> <span class='ocrx_word' id='word_1_174' title='bbox 319 2426 601 2486; x_wconf 64' lang='lat' dir='ltr'>ac‘docmnentnm:</span> <span class='ocrx_word' id='word_1_175' title='bbox 630 2425 677 2487; x_wconf 83' lang='lat' dir='ltr'>vel</span> <span class='ocrx_word' id='word_1_176' title='bbox 703 2430 751 2502; x_wconf 89' lang='lat' dir='ltr'>(ut</span> <span class='ocrx_word' id='word_1_177' title='bbox 773 2425 875 2486; x_wconf 86' lang='lat' dir='ltr'>melius</span> <span class='ocrx_word' id='word_1_178' title='bbox 900 2424 1040 2505; x_wconf 79' lang='lat' dir='ltr'>explicem</span> <span class='ocrx_word' id='word_1_179' title='bbox 1060 2421 1139 2505; x_wconf 83' lang='lat' dir='ltr'>quod</span> <span class='ocrx_word' id='word_1_180' title='bbox 1159 2425 1246 2505; x_wconf 84' lang='lat' dir='ltr'>volo)</span> 
     </span>
     <span class='ocr_line' id='line_1_23' title="bbox 110 2501 1245 2638; baseline -0.002 -74"><span class='ocrx_word' id='word_1_181' title='bbox 110 2515 202 2565; x_wconf 89' lang='lat' dir='ltr'>mstar</span> <span class='ocrx_word' id='word_1_182' title='bbox 224 2502 331 2584; x_wconf 86' lang='lat' dir='ltr'>signati</span> <span class='ocrx_word' id='word_1_183' title='bbox 356 2502 504 2564; x_wconf 90' lang='lat' dir='ltr'>cuiusdam</span> <span class='ocrx_word' id='word_1_184' title='bbox 530 2501 709 2593; x_wconf 81' lang='lat' dir='ltr'>diplomatis,</span> <span class='ocrx_word' id='word_1_185' title='bbox 736 2523 795 2638; x_wconf 63' lang='lat' dir='ltr'>spuo</span> <span class='ocrx_word' id='word_1_186' title='bbox 821 2502 909 2589; x_wconf 72' lang='lat' dir='ltr'>nobis</span> <span class='ocrx_word' id='word_1_187' title='bbox 929 2501 1099 2576; x_wconf 84' lang='lat' dir='ltr'>confirmet,</span> <span class='ocrx_word' id='word_1_188' title='bbox 1124 2515 1245 2581; x_wconf 91' lang='lat' dir='ltr'>peccata</span> 
     </span>
     <span class='ocr_line' id='line_1_24' title="bbox 109 2578 1246 2662; baseline -0.004 -21"><span class='ocrx_word' id='word_1_189' title='bbox 109 2594 211 2641; x_wconf 86' lang='lat' dir='ltr'>nostra</span> <span class='ocrx_word' id='word_1_190' title='bbox 230 2581 329 2641; x_wconf 89' lang='lat' dir='ltr'>omnia</span> <span class='ocrx_word' id='word_1_191' title='bbox 354 2580 395 2652; x_wconf 72' lang='lat' dir='ltr'>sic</span> <span class='ocrx_word' id='word_1_192' title='bbox 416 2578 525 2654; x_wconf 88' lang='lat' dir='ltr'>deleta,</span> <span class='ocrx_word' id='word_1_193' title='bbox 557 2579 691 2656; x_wconf 67' lang='lat' dir='ltr'>inducta,</span> <span class='ocrx_word' id='word_1_194' title='bbox 724 2599 742 2638; x_wconf 94' lang='lat' dir='ltr'>o</span> <span class='ocrx_word' id='word_1_195' title='bbox 767 2580 879 2662; x_wconf 76' lang='lat' dir='ltr'>literata</span> <span class='ocrx_word' id='word_1_196' title='bbox 900 2599 978 2655; x_wconf 88' lang='lat' dir='ltr'>esse,</span> <span class='ocrx_word' id='word_1_197' title='bbox 1004 2599 1042 2638; x_wconf 86' lang='lat' dir='ltr'>ne</span> <span class='ocrx_word' id='word_1_198' title='bbox 1065 2601 1194 2658; x_wconf 88' lang='lat' dir='ltr'>unquam</span> <span class='ocrx_word' id='word_1_199' title='bbox 1214 2579 1246 2638; x_wconf 93' lang='lat' dir='ltr'>in</span> 
     </span>
     <span class='ocr_line' id='line_1_25' title="bbox 111 2655 1246 2737; baseline -0.004 -20"><span class='ocrx_word' id='word_1_200' title='bbox 111 2669 300 2737; x_wconf 87' lang='lat' dir='ltr'>conspectum</span> <span class='ocrx_word' id='word_1_201' title='bbox 331 2655 577 2726; x_wconf 80' lang='lat' dir='ltr'>suum-veniant,</span> <span class='ocrx_word' id='word_1_202' title='bbox 606 2676 644 2714; x_wconf 90' lang='lat' dir='ltr'>ne</span> <span class='ocrx_word' id='word_1_203' title='bbox 669 2668 954 2730; x_wconf 86' lang='lat' dir='ltr'>commemorentur,</span> <span class='ocrx_word' id='word_1_204' title='bbox 984 2675 1023 2714; x_wconf 86' lang='lat' dir='ltr'>ne</span> <span class='ocrx_word' id='word_1_205' title='bbox 1056 2657 1246 2735; x_wconf 84' lang='lat' dir='ltr'>imputentur.</span> 
     </span>
     <span class='ocr_line' id='line_1_26' title="bbox 110 2731 1246 2823; baseline 0.002 -34"><span class='ocrx_word' id='word_1_206' title='bbox 110 2733 183 2792; x_wconf 85' lang='lat' dir='ltr'>Vult</span> <span class='ocrx_word' id='word_1_207' title='bbox 204 2735 279 2790; x_wconf 88' lang='lat' dir='ltr'>enim</span> <span class='ocrx_word' id='word_1_208' title='bbox 301 2754 402 2792; x_wconf 84' lang='lat' dir='ltr'>omues</span> <span class='ocrx_word' id='word_1_209' title='bbox 423 2732 472 2810; x_wconf 91' lang='lat' dir='ltr'>qui</span> <span class='ocrx_word' id='word_1_210' title='bbox 492 2731 671 2791; x_wconf 87' lang='lat' dir='ltr'>crediderint</span> <span class='ocrx_word' id='word_1_211' title='bbox 697 2733 838 2810; x_wconf 80' lang='lat' dir='ltr'>baptisari</span> <span class='ocrx_word' id='word_1_212' title='bbox 863 2735 893 2791; x_wconf 89' lang='lat' dir='ltr'>iu</span> <span class='ocrx_word' id='word_1_213' title='bbox 920 2732 1120 2791; x_wconf 88' lang='lat' dir='ltr'>remissionem</span> <span class='ocrx_word' id='word_1_214' title='bbox 1142 2752 1246 2823; x_wconf 78' lang='lat' dir='ltr'>peeca-</span> 
     </span>
     <span class='ocr_line' id='line_1_27' title="bbox 109 2807 1245 2887; baseline -0.002 -20"><span class='ocrx_word' id='word_1_215' title='bbox 109 2821 218 2868; x_wconf 86' lang='lat' dir='ltr'>torum.</span> <span class='ocrx_word' id='word_1_216' title='bbox 258 2809 387 2866; x_wconf 89' lang='lat' dir='ltr'>Proinde</span> <span class='ocrx_word' id='word_1_217' title='bbox 409 2808 513 2885; x_wconf 88' lang='lat' dir='ltr'>quibus</span> <span class='ocrx_word' id='word_1_218' title='bbox 533 2809 623 2866; x_wconf 88' lang='lat' dir='ltr'>visum</span> <span class='ocrx_word' id='word_1_219' title='bbox 644 2819 688 2867; x_wconf 85' lang='lat' dir='ltr'>est</span> <span class='ocrx_word' id='word_1_220' title='bbox 707 2807 760 2884; x_wconf 82' lang='lat' dir='ltr'>(cf.</span> <span class='ocrx_word' id='word_1_221' title='bbox 781 2814 905 2887; x_wconf 77' lang='lat' dir='ltr'>cap-14·</span> <span class='ocrx_word' id='word_1_222' title='bbox 926 2811 1046 2886; x_wconf 82' lang='lat' dir='ltr'>s.13.)‚</span> <span class='ocrx_word' id='word_1_223' title='bbox 1065 2809 1245 2886; x_wconf 76' lang='lat' dir='ltr'>Baptismum</span> 
     </span>
     <span class='ocr_line' id='line_1_28' title="bbox 81 2883 1245 2965; baseline -0.003 -19"><span class='ocrx_word' id='word_1_224' title='bbox 81 2944 83 2947; x_wconf 79' lang='grc'>,</span> <span class='ocrx_word' id='word_1_225' title='bbox 111 2906 173 2944; x_wconf 92' lang='lat' dir='ltr'>non</span> <span class='ocrx_word' id='word_1_226' title='bbox 195 2883 271 2942; x_wconf 87' lang='lat' dir='ltr'>aliud</span> <span class='ocrx_word' id='word_1_227' title='bbox 292 2903 460 2961; x_wconf 87' lang='lat' dir='ltr'>essequam</span> <span class='ocrx_word' id='word_1_228' title='bbox 491 2895 628 2942; x_wconf 79' lang='lat' dir='ltr'>tesseram</span> <span class='ocrx_word' id='word_1_229' title='bbox 649 2904 682 2943; x_wconf 90' lang='lat' dir='ltr'>ac</span> <span class='ocrx_word' id='word_1_230' title='bbox 701 2896 819 2957; x_wconf 85' lang='lat' dir='ltr'>notam,</span> <span class='ocrx_word' id='word_1_231' title='bbox 840 2904 896 2963; x_wconf 87' lang='lat' dir='ltr'>qua</span> <span class='ocrx_word' id='word_1_232' title='bbox 921 2883 1095 2965; x_wconf 84' lang='lat' dir='ltr'>religionem</span> <span class='ocrx_word' id='word_1_233' title='bbox 1115 2896 1245 2944; x_wconf 89' lang='lat' dir='ltr'>nostram</span> 
     </span>
     <span class='ocr_line' id='line_1_29' title="bbox 110 2959 1247 3042; baseline -0.001 -22"><span class='ocrx_word' id='word_1_234' title='bbox 110 2962 187 3042; x_wconf 85' lang='lat' dir='ltr'>apud</span> <span class='ocrx_word' id='word_1_235' title='bbox 208 2960 341 3019; x_wconf 88' lang='lat' dir='ltr'>homines</span> <span class='ocrx_word' id='word_1_236' title='bbox 361 2959 545 3037; x_wconf 84' lang='lat' dir='ltr'>profitemur,</span> <span class='ocrx_word' id='word_1_237' title='bbox 565 2980 625 3037; x_wconf 91' lang='lat' dir='ltr'>qno</span> <span class='ocrx_word' id='word_1_238' title='bbox 645 2959 735 3018; x_wconf 91' lang='lat' dir='ltr'>modo</span> <span class='ocrx_word' id='word_1_239' title='bbox 757 2961 940 3039; x_wconf 90' lang='lat' dir='ltr'>imperatoris</span> <span class='ocrx_word' id='word_1_240' title='bbox 960 2960 1005 3020; x_wconf 92' lang='lat' dir='ltr'>sui</span> <span class='ocrx_word' id='word_1_241' title='bbox 1024 2961 1148 3039; x_wconf 87' lang='lat' dir='ltr'>insignia</span> <span class='ocrx_word' id='word_1_242' title='bbox 1161 2980 1247 3040; x_wconf 84' lang='lat' dir='ltr'>prae·</span> 
     </span>
     <span class='ocr_line' id='line_1_30' title="bbox 111 3036 1247 3116; baseline -0.002 -19"><span class='ocrx_word' id='word_1_243' title='bbox 111 3038 212 3097; x_wconf 87' lang='lat' dir='ltr'>serunt</span> <span class='ocrx_word' id='word_1_244' title='bbox 231 3038 336 3098; x_wconf 89' lang='lat' dir='ltr'>milites</span> <span class='ocrx_word' id='word_1_245' title='bbox 356 3037 386 3095; x_wconf 87' lang='lat' dir='ltr'>in</span> <span class='ocrx_word' id='word_1_246' title='bbox 405 3055 475 3094; x_wconf 88' lang='lat' dir='ltr'>snae</span> <span class='ocrx_word' id='word_1_247' title='bbox 494 3036 691 3114; x_wconf 77' lang='lat' dir='ltr'>professionis</span> <span class='ocrx_word' id='word_1_248' title='bbox 702 3048 819 3096; x_wconf 89' lang='lat' dir='ltr'>notam:</span> <span class='ocrx_word' id='word_1_249' title='bbox 845 3036 866 3095; x_wconf 92' lang='lat' dir='ltr'>ii</span> <span class='ocrx_word' id='word_1_250' title='bbox 887 3036 966 3116; x_wconf 90' lang='lat' dir='ltr'>quod</span> <span class='ocrx_word' id='word_1_251' title='bbox 987 3039 1112 3116; x_wconf 90' lang='lat' dir='ltr'>primum</span> <span class='ocrx_word' id='word_1_252' title='bbox 1133 3047 1196 3096; x_wconf 87' lang='lat' dir='ltr'>erat</span> <span class='ocrx_word' id='word_1_253' title='bbox 1214 3037 1247 3095; x_wconf 91' lang='lat' dir='ltr'>in</span> 
     </span>
     <span class='ocr_line' id='line_1_31' title="bbox 110 3112 1334 3194; baseline -0.002 -21"><span class='ocrx_word' id='word_1_254' title='bbox 110 3114 261 3194; x_wconf 86' lang='lat' dir='ltr'>Baptismo</span> <span class='ocrx_word' id='word_1_255' title='bbox 284 3134 343 3172; x_wconf 90' lang='lat' dir='ltr'>non</span> <span class='ocrx_word' id='word_1_256' title='bbox 364 3113 596 3193; x_wconf 87' lang='lat' dir='ltr'>perpenderunt.</span> <span class='ocrx_word' id='word_1_257' title='bbox 635 3112 670 3170; x_wconf 91' lang='lat' dir='ltr'>Id</span> <span class='ocrx_word' id='word_1_258' title='bbox 690 3134 761 3172; x_wconf 90' lang='lat' dir='ltr'>vero</span> <span class='ocrx_word' id='word_1_259' title='bbox 782 3125 835 3186; x_wconf 87' lang='lat' dir='ltr'>est,</span> <span class='ocrx_word' id='word_1_260' title='bbox 855 3114 935 3193; x_wconf 87' lang='lat' dir='ltr'>quod</span> <span class='ocrx_word' id='word_1_261' title='bbox 955 3135 977 3173; x_wconf 88' lang='lat' dir='ltr'>a</span> <span class='ocrx_word' id='word_1_262' title='bbox 993 3113 1078 3174; x_wconf 83' lang='lat' dir='ltr'>nobis</span> <span class='ocrx_word' id='word_1_263' title='bbox 1097 3113 1246 3193; x_wconf 89' lang='lat' dir='ltr'>accipien-</span> <span class='ocrx_word' id='word_1_264' title='bbox 1330 3113 1334 3119; x_wconf 85' lang='grc'><em>’</em></span> 
     </span>
     <span class='ocr_line' id='line_1_32' title="bbox 111 3189 1247 3271; baseline 0 -22"><span class='ocrx_word' id='word_1_265' title='bbox 111 3192 164 3251; x_wconf 93' lang='lat' dir='ltr'>dus</span> <span class='ocrx_word' id='word_1_266' title='bbox 184 3193 221 3250; x_wconf 91' lang='lat' dir='ltr'>sit</span> <span class='ocrx_word' id='word_1_267' title='bbox 241 3212 306 3250; x_wconf 89' lang='lat' dir='ltr'>cum</span> <span class='ocrx_word' id='word_1_268' title='bbox 328 3190 381 3251; x_wconf 85' lang='lat' dir='ltr'>hac</span> <span class='ocrx_word' id='word_1_269' title='bbox 401 3190 609 3269; x_wconf 88' lang='lat' dir='ltr'>promissione,</span> <span class='ocrx_word' id='word_1_270' title='bbox 639 3189 818 3270; x_wconf 83' lang='lat' dir='ltr'>Quicunque</span> <span class='ocrx_word' id='word_1_271' title='bbox 838 3190 1031 3266; x_wconf 87' lang='lat' dir='ltr'>crediderint,</span> <span class='ocrx_word' id='word_1_272' title='bbox 1055 3201 1085 3250; x_wconf 91' lang='lat' dir='ltr'>et</span> <span class='ocrx_word' id='word_1_273' title='bbox 1104 3189 1247 3271; x_wconf 83' lang='lat' dir='ltr'>baptisati</span> 
     </span>
     <span class='ocr_line' id='line_1_33' title="bbox 110 3266 837 3353; baseline 0.003 -27"><span class='ocrx_word' id='word_1_274' title='bbox 110 3268 231 3342; x_wconf 73' lang='lat' dir='ltr'>suerint,</span> <span class='ocrx_word' id='word_1_275' title='bbox 251 3268 344 3328; x_wconf 82' lang='lat' dir='ltr'>salvos</span> <span class='ocrx_word' id='word_1_276' title='bbox 365 3269 431 3327; x_wconf 84' lang='lat' dir='ltr'>lore</span> <span class='ocrx_word' id='word_1_277' title='bbox 451 3267 556 3344; x_wconf 85' lang='lat' dir='ltr'>(lllarc.</span> <span class='ocrx_word' id='word_1_278' title='bbox 568 3271 615 3335; x_wconf 81' lang='grc'>16,</span> <span class='ocrx_word' id='word_1_279' title='bbox 627 3266 698 3341; x_wconf 85' lang='lat'>16.).</span> <span class='ocrx_word' id='word_1_280' title='bbox 832 3328 837 3353; x_wconf 44' lang='grc' dir='ltr'>ί</span> 
     </span>
    </p>

    <p class='ocr_par' dir='ltr' id='par_1_8' title="bbox 95 3339 1307 4420">
     <span class='ocr_line' id='line_1_34' title="bbox 188 3339 1246 3422; baseline -0.003 -16"><span class='ocrx_word' id='word_1_281' title='bbox 188 3351 216 3406; x_wconf 81' lang='lat'>2.</span> <span class='ocrx_word' id='word_1_282' title='bbox 255 3346 290 3403; x_wconf 92' lang='lat' dir='ltr'>In</span> <span class='ocrx_word' id='word_1_283' title='bbox 312 3344 389 3405; x_wconf 89' lang='lat' dir='ltr'>hunc</span> <span class='ocrx_word' id='word_1_284' title='bbox 409 3363 524 3403; x_wconf 89' lang='lat' dir='ltr'>sensum</span> <span class='ocrx_word' id='word_1_285' title='bbox 547 3341 768 3421; x_wconf 87' lang='lat' dir='ltr'>intelligendum</span> <span class='ocrx_word' id='word_1_286' title='bbox 788 3343 869 3422; x_wconf 92' lang='lat' dir='ltr'>quod</span> <span class='ocrx_word' id='word_1_287' title='bbox 888 3339 1009 3403; x_wconf 88' lang='lat' dir='ltr'>aPaulo</span> <span class='ocrx_word' id='word_1_288' title='bbox 1028 3343 1175 3419; x_wconf 89' lang='lat' dir='ltr'>scribitur,</span> <span class='ocrx_word' id='word_1_289' title='bbox 1197 3364 1246 3404; x_wconf 86' lang='lat' dir='ltr'>ec·</span> 
     </span>
     <span class='ocr_line' id='line_1_35' title="bbox 110 3419 1245 3500; baseline 0.001 -20"><span class='ocrx_word' id='word_1_290' title='bbox 110 3419 226 3480; x_wconf 86' lang='lat' dir='ltr'>clesiam</span> <span class='ocrx_word' id='word_1_291' title='bbox 247 3441 262 3478; x_wconf 89' lang='lat' dir='ltr'>a</span> <span class='ocrx_word' id='word_1_292' title='bbox 281 3441 392 3500; x_wconf 87' lang='lat' dir='ltr'>sponso</span> <span class='ocrx_word' id='word_1_293' title='bbox 413 3420 533 3479; x_wconf 86' lang='lat' dir='ltr'>Christo</span> <span class='ocrx_word' id='word_1_294' title='bbox 553 3419 761 3478; x_wconf 89' lang='lat' dir='ltr'>sanctificatam</span> <span class='ocrx_word' id='word_1_295' title='bbox 783 3439 861 3494; x_wconf 87' lang='lat' dir='ltr'>esse,</span> <span class='ocrx_word' id='word_1_296' title='bbox 887 3431 918 3478; x_wconf 93' lang='lat' dir='ltr'>et</span> <span class='ocrx_word' id='word_1_297' title='bbox 936 3420 1102 3479; x_wconf 86' lang='lat' dir='ltr'>mundatam</span> <span class='ocrx_word' id='word_1_298' title='bbox 1129 3421 1245 3481; x_wconf 86' lang='lat' dir='ltr'>lavacro</span> 
     </span>
     <span class='ocr_line' id='line_1_36' title="bbox 111 3495 1246 3576; baseline 0.001 -20"><span class='ocrx_word' id='word_1_299' title='bbox 111 3517 204 3574; x_wconf 84' lang='lat' dir='ltr'>aquae</span> <span class='ocrx_word' id='word_1_300' title='bbox 224 3497 254 3555; x_wconf 90' lang='lat' dir='ltr'>iu</span> <span class='ocrx_word' id='word_1_301' title='bbox 275 3499 366 3557; x_wconf 86' lang='lat' dir='ltr'>verbo</span> <span class='ocrx_word' id='word_1_302' title='bbox 386 3497 462 3557; x_wconf 89' lang='lat' dir='ltr'>vitae</span> <span class='ocrx_word' id='word_1_303' title='bbox 481 3495 572 3576; x_wconf 77' lang='lat' dir='ltr'>(pr·</span> <span class='ocrx_word' id='word_1_304' title='bbox 589 3502 618 3570; x_wconf 86' lang='lat'>5,</span> <span class='ocrx_word' id='word_1_305' title='bbox 633 3498 707 3570; x_wconf 80' lang='grc'><strong>26.).</strong></span> <span class='ocrx_word' id='word_1_306' title='bbox 750 3496 790 3554; x_wconf 86' lang='lat' dir='ltr'>Et</span> <span class='ocrx_word' id='word_1_307' title='bbox 808 3495 895 3572; x_wconf 90' lang='lat' dir='ltr'>alibi,</span> <span class='ocrx_word' id='word_1_308' title='bbox 920 3498 983 3556; x_wconf 92' lang='lat' dir='ltr'>Nos</span> <span class='ocrx_word' id='word_1_309' title='bbox 1002 3498 1161 3556; x_wconf 82' lang='lat' dir='ltr'>secundum</span> <span class='ocrx_word' id='word_1_310' title='bbox 1183 3499 1246 3557; x_wconf 91' lang='lat' dir='ltr'>eius</span> 
     </span>
     <span class='ocr_line' id='line_1_37' title="bbox 111 3571 1246 3653; baseline 0.002 -23"><span class='ocrx_word' id='word_1_311' title='bbox 111 3572 339 3632; x_wconf 89' lang='lat' dir='ltr'>miscricordiam</span> <span class='ocrx_word' id='word_1_312' title='bbox 360 3574 454 3634; x_wconf 89' lang='lat' dir='ltr'>salvos</span> <span class='ocrx_word' id='word_1_313' title='bbox 475 3572 567 3632; x_wconf 79' lang='lat' dir='ltr'>iactos</span> <span class='ocrx_word' id='word_1_314' title='bbox 580 3591 643 3633; x_wconf 83' lang='lat' dir='ltr'>esse</span> <span class='ocrx_word' id='word_1_315' title='bbox 663 3593 716 3653; x_wconf 88' lang='lat' dir='ltr'>per</span> <span class='ocrx_word' id='word_1_316' title='bbox 735 3571 878 3633; x_wconf 79' lang='lat' dir='ltr'>lavacrum</span> <span class='ocrx_word' id='word_1_317' title='bbox 898 3573 1128 3653; x_wconf 78' lang='lat' dir='ltr'>regenerationis</span> <span class='ocrx_word' id='word_1_318' title='bbox 1149 3586 1178 3632; x_wconf 89' lang='lat' dir='ltr'>et</span> <span class='ocrx_word' id='word_1_319' title='bbox 1198 3593 1246 3632; x_wconf 92' lang='lat' dir='ltr'>re-</span> 
     </span>
     <span class='ocr_line' id='line_1_38' title="bbox 112 3648 1247 3728; baseline 0.004 -22"><span class='ocrx_word' id='word_1_320' title='bbox 112 3649 282 3708; x_wconf 84' lang='lat' dir='ltr'>novationis</span> <span class='ocrx_word' id='word_1_321' title='bbox 302 3650 429 3728; x_wconf 89' lang='lat' dir='ltr'>Spiritus</span> <span class='ocrx_word' id='word_1_322' title='bbox 449 3649 540 3708; x_wconf 87' lang='lat' dir='ltr'>sancti</span> <span class='ocrx_word' id='word_1_323' title='bbox 560 3648 638 3727; x_wconf 81' lang='lat' dir='ltr'>(Tit.</span> <span class='ocrx_word' id='word_1_324' title='bbox 648 3652 679 3722; x_wconf 83' lang='grc'>3,</span> <span class='ocrx_word' id='word_1_325' title='bbox 691 3649 743 3725; x_wconf 76' lang='lat'><strong>5.).</strong></span> <span class='ocrx_word' id='word_1_326' title='bbox 782 3648 821 3707; x_wconf 84' lang='lat' dir='ltr'>Et</span> <span class='ocrx_word' id='word_1_327' title='bbox 840 3670 856 3709; x_wconf 90' lang='lat' dir='ltr'>a</span> <span class='ocrx_word' id='word_1_328' title='bbox 875 3648 979 3720; x_wconf 85' lang='lat' dir='ltr'>Petro,</span> <span class='ocrx_word' id='word_1_329' title='bbox 999 3649 1080 3728; x_wconf 86' lang='lat' dir='ltr'>quod</span> <span class='ocrx_word' id='word_1_330' title='bbox 1099 3649 1247 3728; x_wconf 88' lang='lat' dir='ltr'>Baptisma</span> 
     </span>
     <span class='ocr_line' id='line_1_39' title="bbox 112 3725 1247 3807; baseline 0.002 -25"><span class='ocrx_word' id='word_1_331' title='bbox 112 3746 167 3784; x_wconf 88' lang='lat' dir='ltr'>nos</span> <span class='ocrx_word' id='word_1_332' title='bbox 187 3725 281 3785; x_wconf 88' lang='lat' dir='ltr'>salvos</span> <span class='ocrx_word' id='word_1_333' title='bbox 308 3727 377 3786; x_wconf 85' lang='lat' dir='ltr'>saeit</span> <span class='ocrx_word' id='word_1_334' title='bbox 395 3727 434 3804; x_wconf 88' lang='lat'>(1.</span> <span class='ocrx_word' id='word_1_335' title='bbox 452 3746 499 3805; x_wconf 80' lang='lat' dir='ltr'>ep.</span> <span class='ocrx_word' id='word_1_336' title='bbox 514 3732 544 3800; x_wconf 86' lang='lat'>3,</span> <span class='ocrx_word' id='word_1_337' title='bbox 560 3727 633 3802; x_wconf 73' lang='lat' dir='ltr'>tt).</span> <span class='ocrx_word' id='word_1_338' title='bbox 671 3725 741 3784; x_wconf 91' lang='lat' dir='ltr'>Non</span> <span class='ocrx_word' id='word_1_339' title='bbox 772 3725 851 3785; x_wconf 90' lang='lat' dir='ltr'>enim</span> <span class='ocrx_word' id='word_1_340' title='bbox 881 3725 1043 3807; x_wconf 83' lang='lat' dir='ltr'>siguificare</span> <span class='ocrx_word' id='word_1_341' title='bbox 1069 3727 1162 3786; x_wconf 84' lang='lat' dir='ltr'>voluit</span> <span class='ocrx_word' id='word_1_342' title='bbox 1186 3726 1247 3800; x_wconf 93' lang='lat' dir='ltr'>ille,</span> 
     </span>
     <span class='ocr_line' id='line_1_40' title="bbox 111 3800 1246 3885; baseline 0.001 -26"><span class='ocrx_word' id='word_1_343' title='bbox 111 3800 293 3860; x_wconf 88' lang='lat' dir='ltr'>ablutionem</span> <span class='ocrx_word' id='word_1_344' title='bbox 315 3814 344 3861; x_wconf 89' lang='lat' dir='ltr'>et</span> <span class='ocrx_word' id='word_1_345' title='bbox 362 3803 485 3862; x_wconf 88' lang='lat' dir='ltr'>salutem</span> <span class='ocrx_word' id='word_1_346' title='bbox 506 3814 635 3862; x_wconf 85' lang='lat' dir='ltr'>nostram</span> <span class='ocrx_word' id='word_1_347' title='bbox 654 3823 726 3882; x_wconf 90' lang='lat' dir='ltr'>aqua</span> <span class='ocrx_word' id='word_1_348' title='bbox 748 3801 865 3882; x_wconf 82' lang='lat' dir='ltr'>perfici,</span> <span class='ocrx_word' id='word_1_349' title='bbox 889 3814 939 3861; x_wconf 90' lang='lat' dir='ltr'>aut</span> <span class='ocrx_word' id='word_1_350' title='bbox 964 3823 1069 3881; x_wconf 88' lang='lat' dir='ltr'>aquam</span> <span class='ocrx_word' id='word_1_351' title='bbox 1088 3802 1246 3885; x_wconf 81' lang='lat' dir='ltr'>purgandi,</span> 
     </span>
     <span class='ocr_line' id='line_1_41' title="bbox 111 3878 1247 3960; baseline 0.003 -25"><span class='ocrx_word' id='word_1_352' title='bbox 111 3879 323 3960; x_wconf 86' lang='lat' dir='ltr'>regenerandi,</span> <span class='ocrx_word' id='word_1_353' title='bbox 348 3878 510 3938; x_wconf 88' lang='lat' dir='ltr'>renovandi</span> <span class='ocrx_word' id='word_1_354' title='bbox 529 3880 664 3938; x_wconf 82' lang='lat' dir='ltr'>virtutem</span> <span class='ocrx_word' id='word_1_355' title='bbox 685 3879 716 3936; x_wconf 89' lang='lat' dir='ltr'>in</span> <span class='ocrx_word' id='word_1_356' title='bbox 736 3900 766 3939; x_wconf 89' lang='lat' dir='ltr'>se</span> <span class='ocrx_word' id='word_1_357' title='bbox 786 3880 957 3940; x_wconf 86' lang='lat' dir='ltr'>continere:</span> <span class='ocrx_word' id='word_1_358' title='bbox 986 3899 1083 3958; x_wconf 90' lang='lat' dir='ltr'>neque</span> <span class='ocrx_word' id='word_1_359' title='bbox 1102 3880 1150 3939; x_wconf 87' lang='lat' dir='ltr'>hic</span> <span class='ocrx_word' id='word_1_360' title='bbox 1169 3879 1247 3940; x_wconf 90' lang='lat' dir='ltr'>salu-</span> 
     </span>
     <span class='ocr_line' id='line_1_42' title="bbox 110 3954 1247 4037; baseline 0.002 -24"><span class='ocrx_word' id='word_1_361' title='bbox 110 3955 149 4015; x_wconf 89' lang='lat' dir='ltr'>tis</span> <span class='ocrx_word' id='word_1_362' title='bbox 170 3978 291 4028; x_wconf 88' lang='lat' dir='ltr'>causam,</span> <span class='ocrx_word' id='word_1_363' title='bbox 311 3955 361 4014; x_wconf 89' lang='lat' dir='ltr'>sed</span> <span class='ocrx_word' id='word_1_364' title='bbox 383 3957 519 4015; x_wconf 82' lang='lat' dir='ltr'>duntaxat</span> <span class='ocrx_word' id='word_1_365' title='bbox 537 3954 635 4015; x_wconf 91' lang='lat' dir='ltr'>talium</span> <span class='ocrx_word' id='word_1_366' title='bbox 656 3954 805 4029; x_wconf 82' lang='lat' dir='ltr'>donorum</span> <span class='ocrx_word' id='word_1_367' title='bbox 822 3957 1025 4037; x_wconf 88' lang='lat' dir='ltr'>cognitionem</span> <span class='ocrx_word' id='word_1_368' title='bbox 1046 3967 1076 4015; x_wconf 90' lang='lat' dir='ltr'>et</span> <span class='ocrx_word' id='word_1_369' title='bbox 1095 3957 1247 4016; x_wconf 89' lang='lat' dir='ltr'>certitudi-</span> 
     </span>
     <span class='ocr_line' id='line_1_43' title="bbox 111 4031 1248 4112; baseline 0 -22"><span class='ocrx_word' id='word_1_370' title='bbox 111 4053 179 4090; x_wconf 90' lang='lat' dir='ltr'>nem</span> <span class='ocrx_word' id='word_1_371' title='bbox 201 4036 229 4091; x_wconf 90' lang='lat' dir='ltr'>in</span> <span class='ocrx_word' id='word_1_372' title='bbox 253 4033 308 4097; x_wconf 86' lang='lat' dir='ltr'>huc</span> <span class='ocrx_word' id='word_1_373' title='bbox 328 4032 520 4093; x_wconf 82' lang='lat' dir='ltr'>Sacramenta</span> <span class='ocrx_word' id='word_1_374' title='bbox 541 4033 670 4112; x_wconf 85' lang='lat' dir='ltr'>percipi:</span> <span class='ocrx_word' id='word_1_375' title='bbox 697 4031 777 4109; x_wconf 91' lang='lat' dir='ltr'>quod</span> <span class='ocrx_word' id='word_1_376' title='bbox 797 4033 894 4092; x_wconf 83' lang='lat' dir='ltr'>verbis</span> <span class='ocrx_word' id='word_1_377' title='bbox 914 4033 981 4111; x_wconf 92' lang='lat' dir='ltr'>ipsis</span> <span class='ocrx_word' id='word_1_378' title='bbox 1006 4032 1074 4092; x_wconf 84' lang='lat' dir='ltr'>satis</span> <span class='ocrx_word' id='word_1_379' title='bbox 1095 4032 1248 4093; x_wconf 83' lang='lat' dir='ltr'>evidenter</span> 
     </span>
     <span class='ocr_line' id='line_1_44' title="bbox 112 4108 1249 4188; baseline 0.002 -23"><span class='ocrx_word' id='word_1_380' title='bbox 112 4110 280 4188; x_wconf 78' lang='lat' dir='ltr'>explicatur.</span> <span class='ocrx_word' id='word_1_381' title='bbox 320 4110 394 4168; x_wconf 88' lang='lat' dir='ltr'>Nam</span> <span class='ocrx_word' id='word_1_382' title='bbox 406 4109 618 4168; x_wconf 83' lang='lat' dir='ltr'>verbumvitae</span> <span class='ocrx_word' id='word_1_383' title='bbox 639 4119 669 4167; x_wconf 93' lang='lat' dir='ltr'>et</span> <span class='ocrx_word' id='word_1_384' title='bbox 690 4109 864 4187; x_wconf 81' lang='lat' dir='ltr'>baptismum</span> <span class='ocrx_word' id='word_1_385' title='bbox 884 4129 978 4188; x_wconf 87' lang='lat' dir='ltr'>aquae</span> <span class='ocrx_word' id='word_1_386' title='bbox 996 4108 1081 4168; x_wconf 92' lang='lat' dir='ltr'>simul</span> <span class='ocrx_word' id='word_1_387' title='bbox 1097 4111 1249 4169; x_wconf 90' lang='lat' dir='ltr'>connectit</span> 
     </span>
     <span class='ocr_line' id='line_1_45' title="bbox 112 4182 1248 4267; baseline 0.004 -25"><span class='ocrx_word' id='word_1_388' title='bbox 112 4185 236 4245; x_wconf 83' lang='lat' dir='ltr'>Paulus:</span> <span class='ocrx_word' id='word_1_389' title='bbox 264 4186 321 4246; x_wconf 87' lang='lat' dir='ltr'>acsi</span> <span class='ocrx_word' id='word_1_390' title='bbox 341 4185 468 4260; x_wconf 82' lang='lat' dir='ltr'>diceret,</span> <span class='ocrx_word' id='word_1_391' title='bbox 497 4206 551 4265; x_wconf 91' lang='lat' dir='ltr'>per</span> <span class='ocrx_word' id='word_1_392' title='bbox 570 4182 763 4267; x_wconf 84' lang='lat' dir='ltr'>Evangelium</span> <span class='ocrx_word' id='word_1_393' title='bbox 787 4183 875 4247; x_wconf 90' lang='lat' dir='ltr'>nobis</span> <span class='ocrx_word' id='word_1_394' title='bbox 895 4197 1012 4246; x_wconf 86' lang='lat' dir='ltr'>nostrae</span> <span class='ocrx_word' id='word_1_395' title='bbox 1037 4184 1196 4246; x_wconf 86' lang='lat' dir='ltr'>ablutionis</span> <span class='ocrx_word' id='word_1_396' title='bbox 1217 4197 1248 4246; x_wconf 90' lang='lat' dir='ltr'>et</span> 
     </span>
     <span class='ocr_line' id='line_1_46' title="bbox 112 4261 1307 4340; baseline 0.006 -22"><span class='ocrx_word' id='word_1_397' title='bbox 112 4262 348 4325; x_wconf 85' lang='lat' dir='ltr'>sanctificationis</span> <span class='ocrx_word' id='word_1_398' title='bbox 367 4264 502 4322; x_wconf 87' lang='lat' dir='ltr'>nuntium</span> <span class='ocrx_word' id='word_1_399' title='bbox 523 4261 633 4339; x_wconf 80' lang='lat' dir='ltr'>afferri,</span> <span class='ocrx_word' id='word_1_400' title='bbox 675 4281 708 4340; x_wconf 84' lang='lat' dir='ltr'>er</span> <span class='ocrx_word' id='word_1_401' title='bbox 725 4262 768 4322; x_wconf 91' lang='lat' dir='ltr'>Ba</span> <span class='ocrx_word' id='word_1_402' title='bbox 789 4263 907 4324; x_wconf 88' lang='lat' dir='ltr'>tismnm</span> <span class='ocrx_word' id='word_1_403' title='bbox 925 4262 1092 4323; x_wconf 86' lang='lat' dir='ltr'>huiusmodi</span> <span class='ocrx_word' id='word_1_404' title='bbox 1111 4262 1248 4323; x_wconf 89' lang='lat' dir='ltr'>nuntium</span> <span class='ocrx_word' id='word_1_405' title='bbox 1305 4319 1307 4325; x_wconf 93' lang='lat'><em>.</em></span> 
     </span>
     <span class='ocr_line' id='line_1_47' title="bbox 95 4281 1248 4420; baseline 0.001 -24"><span class='ocrx_word' id='word_1_406' title='bbox 95 4337 271 4419; x_wconf 77' lang='lat' dir='ltr'>‘obsignari</span> <span class='ocrx_word' id='word_1_407' title='bbox 308 4340 348 4399; x_wconf 84' lang='lat' dir='ltr'>Et</span> <span class='ocrx_word' id='word_1_408' title='bbox 367 4338 467 4400; x_wconf 91' lang='lat' dir='ltr'>subdit</span> <span class='ocrx_word' id='word_1_409' title='bbox 485 4339 630 4402; x_wconf 91' lang='lat' dir='ltr'>continno</span> <span class='ocrx_word' id='word_1_410' title='bbox 664 4349 755 4415; x_wconf 84' lang='lat' dir='ltr'>etrus,</span> <span class='ocrx_word' id='word_1_411' title='bbox 770 4281 921 4420; x_wconf 70' lang='lat' dir='ltr'>iiaptisma</span> <span class='ocrx_word' id='word_1_412' title='bbox 936 4337 1012 4399; x_wconf 87' lang='lat' dir='ltr'>illud</span> <span class='ocrx_word' id='word_1_413' title='bbox 1031 4360 1093 4400; x_wconf 87' lang='lat' dir='ltr'>nnn</span> <span class='ocrx_word' id='word_1_414' title='bbox 1113 4357 1177 4401; x_wconf 88' lang='lat' dir='ltr'>esse</span> <span class='ocrx_word' id='word_1_415' title='bbox 1196 4339 1248 4398; x_wconf 78' lang='lat' dir='ltr'>de-</span> 
     </span>
    </p>
   </div>
   <div class='ocr_carea' id='block_1_8' title="bbox 0 0 1358 4732">
    <p class='ocr_par' dir='ltr' id='par_1_9' title="bbox 0 0 1358 4732">
     <span class='ocr_line' id='line_1_48' title="bbox 0 0 1358 4732; baseline 0 0"><span class='ocrx_word' id='word_1_416' title='bbox 0 0 1358 4732; x_wconf 95' lang='lat' dir='ltr'> </span> 
     </span>
    </p>
   </div>
  </div>
 </body>
</html>
