2700 4732
66 140 177 277 ιιιι
305 178 846 275 ’,ωωωπ

119 362 195 415 nunt
213 349 251 412 de
269 347 402 412 omnium
427 361 615 429 peecatorum
642 350 880 425 enumeratione:
935 351 994 412 uod
1022 360 1177 432 peccatum
1195 350 1254 411 di-

119 430 196 491 mitti
214 440 331 565 negant·
344 426 399 487 nisi
417 425 471 487 sub
492 427 676 501 conditione,
694 427 718 488 ri
737 438 837 520 votum
857 372 1018 490 conitendi
1036 428 1160 521 fifmiter
1177 446 1254 519 eon·

118 503 462 645 tfllltel‘tlattll
480 503 1256 662 :llttttittttl‘tt't„lttl'nt‘tttz

119 660 186 719 dum
208 668 261 719 est.
302 655 449 715 Omniane
469 667 587 735 peecata
607 657 804 717 enumeranda
821 657 909 718 sunt?
937 659 976 717 a:
996 656 1108 732 David,
1133 656 1184 749 qui
1202 676 1253 717 re·

119 757 183 797 cum
205 732 299 814 probe
318 736 364 807 (ut
382 733 526 810 arbitror)
550 733 706 794 meditatus
733 745 796 793 erat
815 745 1001 814 peccatorum
1023 733 1254 807 confessronem,

117 825 216 873 tamen
236 808 413 871 exclamabat
432 808 563 887 (Ρι.,19,
582 811 658 887 13.):
690 810 837 886 „Errores
858 810 920 889 quir
941 810 1106 892 intelliget?
1130 809 1178 870 Ab
1198 828 1253 870 oc·

118 888 203 950 cultis
222 887 294 947 meis
311 885 420 945 munda
439 905 498 960 me,
516 885 678 946 Domine.“
715 886 755 947 Et
773 886 844 947 alibi
863 887 985 966 (Pras,
1003 887 1061 963 5.):
1081 886 1253 965 „iniquita-

117 978 161 1025 tes
180 984 263 1024 meae
283 962 460 1023 transierunt
479 981 567 1042 cuper
586 973 673 1042 caput
692 982 803 1037 rreum,
823 975 853 1022 et
870 964 945 1023 sicut
964 983 1039 1024 onus
1058 980 1163 1045 grave,
1180 980 1253 1044 gra-

117 1054 199 1103 vatae
218 1051 286 1101 sunt
304 1038 380 1098 ultra
398 1037 473 1099 vires
493 1044 600 1098 meas.“
643 1038 787 1099 Nimirum
819 1038 1014 1120 intelligebat,
1044 1050 1152 1119 quanta
1172 1050 1253 1099 esset

118 1128 306 1200 peccatorum
327 1126 496 1175 nostrorum
515 1114 645 1195 abyssus,
664 1135 750 1194 quam
770 1116 879 1175 multae
898 1115 1039 1175 scelerum
1055 1115 1153 1191 facies,
1196 1125 1252 1177 unt

117 1193 213 1273 capita
233 1192 335 1265 ferret,
356 1202 386 1250 et
404 1211 491 1270 quam
511 1190 628 1272 longam
649 1191 767 1252 caudam
787 1192 917 1251 traheret
941 1193 1012 1252 baec
1039 1191 1139 1273 hydra.
1207 1210 1250 1251 oo

115 1266 681 1407 :senseresensere
712 1268 958 1405 'tiltlttll
985 1267 1252 1405 tssltlt‘t'ltlt

114 1422 290 1482 suffocatus:
322 1419 486 1479 inferorum
512 1432 614 1501 portae
635 1386 888 1480 circuibdederunt
908 1387 971 1495 me’,
996 1366 1164 1481 impmersum
1183 1420 1247 1481 alto

115 1511 222 1580 puteo,
252 1496 436 1556 deficientem
467 1508 498 1557 et
528 1496 734 1557 moribundum
760 1517 861 1559 manus
886 1510 935 1557 tua
962 1497 1124 1557 extrahat.“
1169 1496 1248 1573 Quis

115 1594 236 1712 quprum
256 1585 443 1652 peccatorum
463 1594 541 1665 nunc
560 1572 797 1691 supputationepr
817 1575 944 1656 cogitet,
976 1575 1025 1634 ubi
1044 1572 1186 1635 Davidem
1207 1572 1251 1635 vi·

137 1671 153 1711 e
184 1670 305 1711 suorum
325 1669 477 1709 numerum
498 1669 574 1709 unsre
593 1668 654 1708 non
696 1668 773 1709 osse.

191 1733 239 1792 17.
277 1727 341 1785 llac
361 1726 528 1785 carnificina
547 1724 612 1806 plus
623 1669 709 1805 quain
730 1724 887 1784 crudeliter
907 1726 1053 1785 diveratne
1064 1738 1134 1787 sunt
1142 1745 1250 1787 eorum

114 1802 239 1875 animae,
258 1802 307 1882 qui
327 1800 425 1881 aliquo
446 1802 504 1862 Dei
521 1822 607 1862 sensu
636 1800 847 1862 alliciebantur.
885 1802 1035 1882 Principio
1067 1822 1131 1863 sere
1158 1824 1250 1865 soca-

114 1882 189 1941 bant
206 1880 242 1939 ad
263 1876 416 1952 calculum,
436 1890 554 1960 peccata
575 1878 604 1937 in
625 1877 758 1951 brachia,
779 1880 807 1938 in
828 1899 935 1953 ranros,
956 1879 984 1937 in
1006 1878 1197 1955 ramusculos,
1217 1880 1247 1941 in

118 1956 251 2031 frondes,
271 1956 349 2021 iuxta
368 1955 489 2015 istorum
510 1952 648 2014 formulas
668 1954 863 2015 dissecabant:
881 1968 973 2015 tuma
998 1955 1165 2036 pendebant
1176 1976 1251 2037 qua·

112 2032 226 2100 litates,
252 2032 443 2110 quantitates,
467 2030 704 2104 circumstantias,
724 2043 811 2110 atque
831 1978 1040 2111 aliquantulum
1061 2032 1179 2112 quidem
1201 2052 1249 2095 rea

112 2107 302 2189 procedebat.
343 2108 403 2166 Ubi
423 2127 494 2168 vero
514 2105 631 2189 longius
651 2107 798 2188 progressi
817 2108 948 2183 fuerant,
979 2107 1094 2169 coelum
1114 2109 1250 2190 undique

114 2196 144 2245 et
164 2183 295 2263 undique
314 2195 440 2263 pontus:
473 2182 568 2243 nullu:
589 2196 705 2263 portus,
735 2182 815 2243 nulla
838 2186 938 2245 statio:
969 2206 1028 2264 quo
1048 2185 1130 2264 plura
1149 2197 1249 2247 trans-

112 2262 267 2333 miserant,
291 2260 384 2320 maior
407 2279 523 2339 semper
548 2260 702 2341 congeries
725 2260 817 2320 oculis
843 2260 1047 2342 ingerebatur:
1077 2262 1139 2320 imo
1169 2282 1249 2325 vero

113 2337 196 2399 velut
215 2336 290 2395 altae
309 2335 402 2397 moles
422 2334 629 2419 assurgebant,
647 2356 702 2396 nec
721 2359 734 2397 s
756 2356 786 2395 es
807 2336 879 2410 ulla,
899 2337 943 2396 vel
962 2337 1063 2397 saltem
1090 2350 1159 2418 post
1178 2337 1251 2401 lou·

114 2434 166 2495 gas
184 2411 332 2491 ambages,
352 2413 493 2475 evadendi
512 2412 679 2550 apparebat
718 2357 888 2473 tiaerebant
912 2414 1011 2493 itaque
1034 2415 1112 2474 inter
1130 2430 1265 2477 sacrum·

114 2501 144 2549 et
170 2510 282 2549 aarum:
316 2508 371 2548 nec
395 2489 467 2550 alius
489 2501 540 2548 tan
563 2508 608 2547 em
629 2488 721 2548 exitus
740 2489 942 2568 reperiebatur
961 2511 1046 2569 quam
1070 2489 1120 2550 des
1142 2490 1249 2557 eratin.

112 2564 160 2625 lbi
179 2564 255 2626 :aeri
275 2565 321 2625 isti
342 2564 504 2640 carnifices,
523 2577 556 2624 ut
574 2565 693 2624 vulnera
714 2564 844 2626 levarent
862 2586 936 2645 quae
953 2566 1092 2641 fecerant,
1112 2511 1249 2631 idmenta

133 2642 254 2703 uaedam
273 2640 485 2701 adhibuerunt:
507 2653 539 2701 ut
559 2641 668 2701 iaceret
686 2641 799 2701 scilicet
818 2643 940 2722 quisque
960 2644 1039 2721 quorl
1059 2643 1089 2702 iu
1108 2663 1140 2704 se
1156 2656 1247 2707 esset.
1286 2710 1289 2715 ,

111 2662 173 2779 bed
187 2738 280 2779 norae
303 2739 414 2778 rursum
435 2738 521 2778 curae
541 2717 764 2797 obstrepebant,
782 2718 842 2778 imo
864 2720 931 2780 novi
951 2720 1094 2780 cruciatus
1113 2720 1248 2783 excoria-

110 2795 184 2856 bant
203 2795 319 2855 miseras
339 2794 456 2855 animas.
493 2796 562 2855 Non
582 2796 651 2855 satis
671 2796 810 2875 temporis
830 2797 969 2876 impendi,
989 2817 1050 2855 non
1068 2798 1247 2877 iustaopera

110 2871 242 2946 incubui,
272 2871 362 2931 multa
383 2891 437 2951 per
455 2870 664 2954 negligentiam
683 2872 836 2963 praeterii,
868 2885 898 2932 et
918 2872 1028 2933 oblivio
1048 2893 1122 2952 quae
1142 2892 1177 2931 ex
1197 2874 1246 2935 itt-

110 2949 191 3009 curia
212 2948 364 3029 prouenit,
392 2968 454 3007 nnn
485 2959 530 3008 est
560 2947 739 3008 excusabilis.
791 2950 832 3007 Su
856 2948 1035 3030 gerebantur
1065 2949 1159 3009 adbuc
1189 2949 1248 3015 alia

109 3024 274 3106 pharmaca,
301 3045 376 3104 quae
402 3024 544 3085 eiusmodi
569 3023 686 3084 dolores
707 2968 924 3087 demulcebant:
954 3027 1019 3105 Age
1043 3025 1123 3108 negli
1145 3028 1248 3089 entiae

107 3112 177 3161 tuae
197 3102 425 3182 poenitentiam,
455 3100 545 3161 modo
565 3101 668 3180 supina
689 3120 749 3160 non
769 3101 820 3174 sit,
852 3102 1081 3163 condonabitur.
1158 3124 1245 3165 erum

108 3177 207 3237 omnia
227 3178 280 3238 ista
301 3177 464 3239 cicatricem
491 3177 639 3238 obducere
665 3198 725 3236 non
751 3189 886 3257 possunt:
917 3199 972 3238 nec
998 3191 1059 3239 tam
1084 3178 1150 3239 mali
1174 3190 1253 3241 sunt·

108 3252 273 3313 levamenta
294 3275 379 3333 quam
399 3273 511 3314 venena
532 3252 618 3312 melle
643 3253 747 3328 oblita,
778 3273 816 3312 ne
846 3276 896 3315 sua
926 3255 1087 3315 acerbitate
1115 3254 1251 3335 primum

164 3342 225 3389 tum
246 3329 415 3389 offendant:
445 3329 496 3390 sed
522 3329 552 3388 in
573 3329 674 3414 intima
693 3341 860 3409 penetrent,
890 3343 1045 3422 antequam
1065 3332 1245 3393 sentiantur.

106 3347 206 3488 llige:
225 3425 298 3500 ergo
317 3425 434 3486 semper
451 3405 590 3466 terribilis
612 3404 660 3466 :lla
679 3427 749 3478 vox,
781 3417 810 3464 et
833 3407 949 3467 auribus
969 3420 1103 3483 insonat,
1135 3407 1246 3469 Confi·

107 3494 172 3543 tere
193 3502 290 3543 omma
311 3494 430 3562 peccata
451 3494 515 3542 tua:
536 3502 591 3541 nec
612 3493 711 3560 potest
739 3484 846 3543 borror
876 3484 932 3542 iste
961 3486 1057 3564 pacari
1081 3485 1137 3544 nisi
1157 3496 1245 3547 certo

104 3558 221 3621 solatio.
261 3559 318 3619 Hie
337 3559 470 3641 cogitent
489 3557 625 3630 lectores,
645 3579 731 3637 quam
749 3559 890 3651 possibile
907 3561 944 3620 sit
964 3561 999 3619 ad
1019 3561 1166 3620 rationem
1187 3581 1244 3622 ro-

107 3655 175 3697 care
195 3635 286 3696 totius
305 3638 374 3695 anni
393 3647 470 3708 acta,
500 3646 531 3694 et
554 3635 622 3714 quid
649 3635 771 3715 singulis
792 3636 893 3696 diebus
911 3639 1063 3727 peccarint
1082 3637 1244 3720 colligere:

105 3712 611 3851 ttlllttzttlttltlltttttt
615 3710 1246 3853 ‘¹¹5{1ltllllllltl‘lltttltttitt

104 3886 138 3928 se
157 3866 245 3926 turba
264 3877 295 3924 et
313 3866 435 3928 varietas
454 3864 573 3947 ingerit.
611 3865 716 3944 Neque
737 3833 815 3925 e’nim
836 3867 872 3925 de
892 3868 992 3926 crassis
1012 3880 1043 3926 ct
1053 3867 1176 3947 stupidis
1187 3867 1246 3959 bp-

71 3966 80 3977 ·
126 3944 227 4004 neritis
248 3941 370 4022 loquor,
399 3941 467 4022 qui,
498 3940 593 4001 tribus
616 3940 661 4000 rel
683 3954 809 4020 quatuor
828 3944 1008 4025 gravioribus
1028 3944 1247 4018 animadversas,
1295 3992 1299 4005 .

104 3964 262 4080 defunctos
281 4039 313 4079 se
333 4030 454 4099 putant:
474 4017 524 4078 sed
545 4017 582 4076 de
601 4019 676 4078 veris
695 4018 753 4077 Dei
773 4019 944 4091 cultoribus,
965 4020 1014 4097 qui
1036 4031 1190 4099 postquam
1210 4040 1245 4081 se

104 4095 237 4157 examine
257 4108 378 4175 peracto
400 4094 486 4156 obrui
505 4093 620 4169 vident,
651 4094 764 4154 addunt
783 4096 869 4156 etiam
889 4096 960 4154 illud
981 4095 1101 4157 loannis
1147 4096 1172 4155 1.
1194 4117 1244 4178 ep.

102 4174 232 4249 &2002
267 4172 322 4247 „Si
347 4192 401 4233 cor
424 4182 557 4232 nostrum
581 4171 679 4254 arguit
698 4191 769 4244 nos,
795 4174 888 4234 maior
909 4184 951 4232 est
970 4172 1052 4232 Deus
1072 4192 1125 4233 cor
1145 4192 1162 4232 e
1183 4194 1244 4235 no-

103 4255 205 4311 stro.“
256 4248 360 4329 ltaque
390 4260 584 4329 expavescunt
612 4247 649 4307 ad
679 4247 783 4307 iudicis
814 4249 890 4309 illius
921 4260 1128 4329 conspectum,
1158 4250 1246 4313 cuius

103 4324 240 4408 cognitio
259 4346 376 4388 sensnm
393 4335 529 4388 nemum
547 4321 638 4407 longe
656 4336 784 4405 superat.
