2596 4726
417 249 492 313 LlB.
513 252 567 312 lv.
607 251 695 314 CAP.
716 251 813 313 xvn.
935 290 938 298 ·
1134 260 1194 325 403

54 416 135 474 nem,
154 407 188 458 ut
205 394 321 477 quidam
339 415 478 477 perverse
497 398 743 477 interpretantur:
763 395 815 458 sed
835 395 903 476 qula
921 395 986 460 talla
1006 385 1123 460 aPatre
1142 397 1193 459 ds·
1260 434 1269 449 ·

55 487 103 535 tus
123 473 209 534 nobis
228 471 340 547 fuerat,
366 473 512 553 talemque
532 493 595 535 sese
615 473 774 555 praestitit,
799 494 888 554 quum
909 473 1053 535 humanae
1072 487 1192 537 nostrae

55 548 242 611 mortalitatis
266 551 410 631 particeps
431 548 541 623 factus,
566 572 620 610 uos
640 549 754 610 divinae
779 570 847 610 suae
870 549 1096 612 immortulitatis
1117 572 1193 613 con·
1259 546 1262 557 ¹

55 637 151 688 sortes
171 626 256 686 fecit:
299 649 366 686 uum
388 627 417 684 in
438 626 610 686 sacrificium
630 646 662 688 se
682 625 830 698 offerens,
850 625 1088 687 maledictionem
1109 629 1139 688 in
1159 648 1192 690 se

56 714 187 763 nostram
200 648 377 774 sustulit‚·ut
396 723 447 762 sua
467 723 521 763 nos
542 703 751 765 benedictione
762 702 970 784 perfunderet:
990 725 1079 784 quum
1094 717 1193 766 morte

55 800 108 840 sua
134 790 261 838 mortem
285 779 439 861 deglutivit
469 791 498 839 et
528 778 695 840 absorbuit:
723 801 812 859 quum
838 779 870 838 in
892 800 944 840 sua
974 782 1192 843 resurrectione

56 876 174 947 carnem
194 854 269 947 banc
289 868 420 945 nostram
440 856 673 946 corruptibilem,
691 877 777 936 quam
796 854 947 933 induerat,
965 857 997 917 in
1015 856 1141 940 gloriam
1162 867 1196 919 et

55 944 314 1011 rncorruptronem
334 943 490 992 suscitavit.
1130 952 1135 961 ’

134 1014 163 1073 5.
201 1008 304 1068 Restat
323 1019 357 1067 ut
381 1007 579 1088 applicatione
604 1009 633 1068 id
660 1020 755 1069 totum
783 1008 820 1068 ad
840 1029 894 1069 uos
913 1009 1079 1090 perveniat:
1110 1009 1141 1071 id
1161 1009 1195 1072 fit

58 1106 124 1147 cum
145 1102 200 1166 per
218 1085 427 1166 Evangeliuru,
460 1097 520 1144 tum
548 1085 687 1147 illustrius
713 1107 766 1166 per
784 1107 893 1147 sacram
916 1087 1063 1162 Coenam,
1090 1087 1143 1147 ubi
1163 1099 1195 1150 et

57 1181 89 1222 se
110 1162 173 1242 ipse
193 1183 258 1221 cum
279 1161 365 1221 bonis
391 1162 449 1222 suis
469 1162 604 1222 omnibus
624 1163 710 1223 nobis
731 1162 838 1238 offert,
858 1172 889 1221 et
907 1183 961 1224 nos
982 1163 1039 1224 lide
1060 1183 1126 1224 cum
1146 1182 1194 1225 re·

58 1239 190 1318 cipimus.
229 1239 298 1297 Non
318 1257 390 1320 ergo
413 1238 481 1298 facit
499 1250 722 1312 sacramentum,
741 1251 775 1298 ut
789 1237 923 1300 Christus
942 1240 1025 1319 panis
1037 1240 1114 1300 vitae
1131 1260 1195 1302 esse

58 1314 187 1394 primum
205 1311 340 1394 incipiat:
361 1314 412 1375 sed
430 1314 497 1373 dum
517 1315 548 1373 in
567 1316 738 1376 memoriam
758 1326 890 1388 revocat,
911 1324 1015 1397 panem
1036 1318 1113 1379 vitae
1133 1335 1196 1379 esse

57 1393 185 1464 factum,
217 1411 276 1470 quo
308 1391 420 1450 assidue
439 1411 605 1466 vescamur,
625 1393 745 1470 eiusque
768 1392 850 1472 panis
869 1405 986 1484 gustum
1008 1405 1039 1453 et
1059 1412 1196 1474 saporem

56 1467 145 1553 probis
165 1466 300 1546 praebet,
320 1478 353 1526 ut
369 1467 425 1528 vim
446 1468 528 1546 panis
547 1467 624 1528 illius
643 1469 809 1541 sentiamus,
828 1470 905 1528 facrt.
943 1467 1108 1529 Pollicetur
1120 1471 1198 1530 enim

58 1543 158 1616 nobis,
178 1542 315 1623 quicquid
337 1543 407 1603 fecit
426 1556 474 1603 aut
496 1566 593 1623 passus
614 1557 658 1605 est
670 1545 815 1619 Christus,
834 1544 864 1604 id
883 1543 919 1603 ad
940 1565 995 1605 nos
1009 1545 1197 1609 vivificandos
1276 1548 1281 1552 ’

60 1620 171 1680 factum
186 1639 263 1686 esse.
302 1620 421 1679 Deinde
441 1619 515 1680 hauc
535 1621 759 1682 vivificationem
779 1633 926 1682 aeternam
948 1641 1028 1698 esse,
1055 1643 1112 1703 qua
1132 1623 1196 1685 sine

58 1696 117 1756 frne
136 1696 258 1770 alamur,
277 1697 472 1756 sustineamur
492 1708 742 1758 etcouservemur
761 1697 792 1756 iu
813 1698 879 1756 vita.
918 1697 1070 1778 Siquidem
1089 1709 1123 1757 ut
1141 1720 1196 1780 pa-

60 1774 104 1833 nis
124 1772 201 1834 vitae
227 1772 311 1831 nobis
332 1792 392 1831 non
416 1771 516 1833 fuisset
536 1772 684 1849 Christus,
709 1774 762 1833 nisi
788 1773 874 1835 nobis
898 1787 985 1834 natus
1005 1786 1036 1834 et
1061 1787 1197 1838 mortuus

60 1848 177 1926 fuisset,
207 1849 263 1908 nisi
284 1848 370 1909 nobis
391 1849 605 1911 resurrexisset:
637 1852 676 1910 ita
697 1872 775 1911 nunc
794 1851 915 1910 minime
935 1864 1039 1926 esset,
1058 1851 1196 1923 nisieiue

58 1925 232 2002 nativitatis,
264 1925 383 2002 mortis,
410 1927 633 1987 resurrectionis
666 1926 794 1987 efficacia
819 1938 849 1986 et
873 1926 984 1987 fructus
1011 1947 1057 1989 res
1077 1940 1197 1989 aeterna

58 2001 139 2061 foret
159 2023 193 2061 ac
212 2000 394 2061 immortalis.
447 2001 539 2076 Quod
564 2016 661 2063 toturn
687 2002 839 2085 eleganter
864 2003 908 2063 his
934 2004 1031 2064 verbis
1057 2005 1198 2084 expressit

59 2078 194 2141 Christus
214 2079 403 2157 (10.6‚51.):
423 2079 544 2155 „Panis,
585 2101 650 2139 uem
671 2099 727 2161 ego
750 2081 839 2154 dabo,
859 2100 927 2141 caro
947 2101 1013 2140 mea
1033 2093 1087 2155 est,
1108 2101 1197 2161 quam

59 2174 117 2249 ego
140 2154 217 2216 dabo
238 2176 293 2236 pro
315 2154 415 2214 mundi
435 2156 523 2215 vita.“
564 2102 686 2231 ‘bisibus
707 2156 781 2216 haud
803 2156 891 2216 dubie
912 2157 1017 2230 innuit,
1036 2179 1119 2218 suum
1140 2178 1198 2218 no·

58 2230 105 2294 bus
127 2252 234 2312 corpus
265 2231 334 2291 ideo
360 2252 415 2311 pro
441 2253 516 2311 pane
542 2231 673 2292 futurum
701 2234 735 2292 ad
762 2233 941 2312 spiritualem
967 2235 1081 2294 animae
1100 2234 1199 2310 vitam,

59 2309 127 2388 quia
147 2310 179 2367 in
200 2319 324 2368 mortem
346 2329 400 2386 pro
424 2309 517 2368 salute
537 2321 638 2369 nostre
657 2310 862 2389 exponendum
883 2322 960 2370 erat:
987 2311 1074 2371 nobis
1099 2322 1199 2370 autem

58 2383 183 2467 porrigi,
202 2396 235 2443 ut
254 2403 420 2458 vescamur,
441 2407 530 2464 quum
555 2385 612 2444 lide
632 2408 686 2446 nos
707 2384 776 2447 facit
796 2387 858 2446 eius
878 2386 1045 2467 participes.
1097 2385 1200 2451 Semel

59 2467 162 2542 itaque
180 2460 274 2540 ipsum
287 2460 377 2533 dedit,
397 2482 455 2540 quo
477 2462 558 2542 panis
569 2462 663 2537 lieret,
683 2485 772 2543 quum
792 2463 821 2521 in
842 2463 945 2522 mundi
965 2464 1210 2543 redemptionem

60 2536 291 2618 crucifigendum
312 2538 459 2616 exposuit:
481 2539 613 2619 quotidie
633 2540 693 2616 dat,
714 2539 765 2599 ubi
786 2539 1034 2620 participandum,
1054 2552 1199 2619 quatenus

59 2614 228 2677 crucifixum
249 2624 303 2687 est,
324 2613 474 2705 Evangelii
485 2615 576 2675 verbo
597 2617 683 2677 nobis
705 2616 813 2689 offert,
832 2615 882 2675 ubi
904 2637 967 2675 eam
989 2617 1198 2676 exhibitionem

58 2711 142 2753 sacro
155 2689 277 2751 Coenae
297 2702 436 2770 mysterio
457 2691 609 2773 obsignat,
628 2692 680 2751 ubi
700 2693 729 2752 id
750 2693 844 2771 ipsum
864 2692 941 2752 intus
962 2690 1101 2771 complet,
1117 2691 1199 2772 quod

60 2767 187 2828 exterius
207 2766 348 2848 designat.
367 2801 406 2814 -
444 2768 541 2828 Porro
568 2768 655 2827 nobis
675 2769 721 2828 hic
741 2769 799 2828 duo
821 2768 949 2828 carenda
967 2781 1036 2827 sunt
1055 2769 1140 2828 vitia:
1160 2787 1199 2828 ne

60 2857 111 2907 aot
131 2843 162 2902 in
183 2843 371 2903 extenuandis
391 2844 481 2925 signis
501 2845 600 2919 nimii,
620 2865 636 2902 a
657 2846 715 2904 suis
735 2844 881 2920 mysteriis
903 2863 935 2903 ea
956 2843 1112 2919 divellere,
1153 2844 1199 2905 ui-

59 2921 115 2982 bu's
136 2920 353 3000 quodammodo
374 2940 482 2979 annexa
499 2932 582 2996 sunt,
603 2920 702 2979 autin
722 2920 825 2979 iisdem
846 2918 1017 2980 extollendis
1037 2865 1199 2997 immodici,

60 3000 199 3079 mysteria
224 2995 341 3055 iuterim
366 2998 453 3056 etiam
477 2998 539 3076 ipsa
564 2996 699 3056 nonnihil
728 2996 887 3057 obscurare
909 2997 1070 3055 videamur.
1111 2997 1200 3058 Chri·

10 3062 13 3084 ¹
60 3085 139 3136 stum
159 3091 221 3132 esse
241 3092 347 3152 panem
367 3075 459 3148 vitae,
488 3095 547 3153 quo
572 3073 602 3132 in
623 3072 745 3134 salutem
766 3085 915 3132 aeternam
935 3073 1104 3132 nutriantur
1124 3073 1199 3133 fide·
1239 3098 1243 3105 ’

60 3150 115 3225 les,
135 3169 224 3208 nemo
246 3160 290 3208 est
308 3149 362 3208 nisi
382 3170 501 3230 prorsus
520 3150 715 3232 irreligiosus,
735 3150 784 3230 qui
805 3171 864 3210 non
886 3149 1020 3209 fateatur.
1059 3149 1120 3208 Sed
1142 3150 1200 3210 hoc

61 3247 126 3287 non
157 3225 281 3306 perinde
314 3226 393 3284 inter
419 3246 521 3286 omnes
546 3229 700 3302 convenit,
733 3227 825 3318 qualis
854 3227 892 3285 sit
916 3226 977 3286 eius
1005 3225 1201 3307 participandi

61 3303 149 3364 ratio.
190 3302 268 3362 Sunt
288 3303 383 3374 euim,
403 3306 452 3381 qui
478 3303 651 3363 manducare
674 3303 785 3365 Clrrrsti
806 3322 940 3378 carnem,
973 3315 1006 3363 et
1026 3306 1200 3384 sanguinem

61 3381 128 3440 eius'
144 3374 262 3452 bibere,
288 3400 348 3439 uno
368 3379 462 3438 verbo
483 3379 638 3455 definiunt,
658 3379 731 3439 nihil
752 3398 814 3440 esse
834 3379 929 3453 aliud,
950 3401 1037 3459 quam
1057 3379 1087 3438 in
1110 3379 1200 3440 Chri-

61 3468 138 3518 stum
159 3456 254 3536 ipsum
281 3456 410 3515 credere.
462 3455 522 3514 Sed
552 3456 622 3514 mihi
648 3459 809 3536 expressius
834 3455 971 3535 quiddam
991 3476 1024 3514 ac
1048 3454 1200 3515 sublimius

60 3524 178 3595 viditur
196 3532 322 3592 voluisse
347 3533 454 3592 docere
476 3531 609 3592 Christus
640 3532 671 3592 in
703 3532 850 3613 praeclara
879 3529 928 3591 illa
958 3532 1119 3607 concione,
1148 3530 1201 3590 nbi

61 3609 158 3671 urnis
178 3628 245 3668 suae
265 3608 521 3668 manducationem
542 3609 628 3668 nobis
638 3609 839 3669 commendat:
860 3626 967 3686 nempe
981 3626 1049 3666 vera
1068 3609 1113 3666 sui
1133 3628 1200 3687 par·

59 3685 238 3766 ticipatione
258 3705 312 3744 nos
333 3685 484 3760 vivificari,
505 3707 590 3764 quam
611 3685 806 3746 manducandi
827 3684 911 3744 etiam
933 3705 966 3743 ac
991 3682 1113 3742 bibendi
1132 3703 1200 3743 ver·

61 3762 108 3823 bis
133 3761 201 3821 ideo
223 3761 399 3842 designavit,
419 3782 473 3836 ne,
494 3784 579 3841 quam
599 3762 636 3822 ab
661 3764 726 3840 ipso
746 3761 833 3822 vitam
853 3759 1044 3840 percipimus,
1074 3758 1200 3839 simplici

62 3838 237 3921 cognitione
264 3838 377 3917 percipi
402 3839 544 3918 quispiam
574 3850 698 3918 putaret.
750 3837 1006 3913 Quemadmodum
1032 3837 1111 3895 enim
1137 3856 1201 3897 nou

62 3926 209 3996 aspectus,
228 3918 279 3974 sed
300 3934 364 3974 esus
384 3916 466 3992 panis
486 3915 605 3994 corpori
624 3915 793 3974 alimentum
813 3912 936 3987 sufficit,
956 3913 997 3971 ita
1008 3932 1077 3972 vera
1096 3934 1129 3972 ac
1148 3931 1202 3993 pe·

62 3993 141 4052 nitus
160 3992 332 4071 participem
353 3991 463 4052 Christi
483 3993 608 4053 animam
628 3991 693 4051 lieri
712 3991 861 4064 convenit,
880 4001 913 4048 ut
931 3989 1020 4068 ipsius
1038 3988 1150 4048 virtute
1168 3992 1201 4047 in

61 4067 154 4129 vitam
178 4068 358 4146 spiritualem
378 4080 541 4148 vegetetur.
584 4067 707 4128 Interim
732 4087 803 4127 vero
828 4067 903 4126 hanc
928 4085 991 4124 non
1017 4065 1101 4125 aliam
1128 4084 1201 4140 esse,

63 4165 150 4225 quam
170 4143 239 4203 fidei
259 4145 514 4204 manducationem
535 4144 671 4220 fatemur,
690 4155 723 4202 ut
742 4143 821 4203 nulla
841 4143 893 4202 alia
913 4141 991 4277 fingi·
1007 4152 1113 4221 potest.
1139 4141 1202 4198 Ve-

63 4241 129 4282 rum
149 4221 206 4281 boc
226 4222 304 4281 inter
323 4242 388 4280 mea
406 4234 438 4280 ct
457 4222 578 4282 istorum
589 4221 679 4283 verba
698 4221 830 4294 interest,
870 4218 928 4279 uod
948 4218 1006 4278 itn
1025 4217 1203 4277 manducare

64 4308 110 4359 est
121 4296 260 4358 duntaxat
273 4299 409 4358 credere:
430 4317 487 4379 ego
508 4297 656 4359 credendo
675 4296 844 4358 manducari
870 4293 967 4354 ‘bristi
986 4312 1116 4368 carnem,
1135 4293 1203 4373 quia

62 4373 122 4434 fide
141 4385 245 4436 noster
265 4371 410 4450 eflicitur,
430 4392 553 4455 eamque
572 4373 829 4437 manducationem
855 4372 982 4434 fructum
1002 4369 1204 4449 effectumque

90 4466 97 4499 r
824 4447 896 4516 to*
1056 4499 1116 4559 't
