2700 4732
502 228 577 291 ΜΒ.
598 227 654 289 ΙΙΙ.
694 226 782 289 CAP.
801 224 865 289 XV.
1203 232 1242 295 45

139 374 242 437 erinde
273 392 344 437 vero
368 372 426 435 acsi
450 372 542 433 evicta
568 369 648 433 soret
672 390 796 453 operum
824 367 1005 447 iustificatio,
1036 370 1059 433 ei
1085 369 1244 451 probatum

131 452 208 513 uerit
225 448 345 512 alicuius
364 467 426 509 esse
444 449 521 529 apud
530 448 626 507 Deum
646 448 743 530 pretii.
779 447 938 507 Enimvero
955 466 1041 527 supra
1052 446 1130 508 clare
1141 458 1241 507 osten·

117 529 230 601 dimus,
259 523 440 605 inperfecta
465 523 668 585 tantummodo
703 523 892 603 absolutaque
917 522 1005 616 Legis
1035 521 1241 583 observatione

117 604 278 665 consistere
297 622 419 682 operum
440 600 586 662 iustitiam.
625 600 712 661 Unde
731 620 762 659 se
786 600 874 674 nitur,
892 619 952 659 uon
973 598 1119 659 iustificari
1139 599 1240 678 operi-

117 680 173 741 bus
192 676 350 751 bominem,
369 676 483 755 nisiqui
502 677 537 736 ad
556 698 697 736 summum
718 622 907 756 perlectionia
925 688 1051 749 evectus,
1070 673 1174 734 nullius
1193 674 1241 733 vel

117 754 254 815 minimae
273 754 508 835 transgressionis
528 752 610 833 argui
630 763 726 832 queat,
768 750 871 811 Altera
890 751 978 831 igitur
997 762 1028 809 et
1045 761 1176 831 separata
1195 759 1241 811 est

91 838 103 859 ·“
117 828 268 913 quaestio,
301 828 460 907 Utcunque
484 827 521 887 nd
546 828 758 903 iustificandum
785 826 932 887 hominem
956 826 1075 887 minime
1094 825 1240 887 sullieiant

117 926 219 989 opera,
237 924 336 967 annon
357 916 453 965 tamen
473 904 522 963 illa
542 904 617 997 apud
637 905 732 964 Deum
745 902 873 1041 gratiam
893 900 1133 983 promereantur?

146 1032 152 1040 .
191 988 221 1047 2.
259 981 389 1041 Primum
415 980 452 1040 de
470 982 563 1039 merite
585 980 704 1039 nomine
734 980 743 1039 i
794 979 864 1039 milri
910 979 1011 1039 rael'ari
1042 998 1160 1039 necesse
1180 989 1239 1039 est:

116 1055 285 1139 quicunque
304 1058 412 1137 primns
437 1056 508 1116 illud
528 1056 664 1137 operibus
684 1056 815 1116 humanis
834 1053 868 1115 ad
888 1001 947 1113 bei
965 1054 1101 1115 iudicium
1121 1074 1240 1133 compa·

117 1134 188 1195 ratis
206 1133 326 1213 aptarit,
345 1152 410 1191 eum
432 1132 498 1191 fidei
518 1132 678 1192 sinceritati
697 1134 820 1212 pessime
834 1129 1022 1193 consuluisse.
1059 1130 1203 1222 Equidem
1221 1149 1239 1191 a

117 1207 308 1291 lngomucbiis
328 1207 422 1268 libens
436 1206 580 1281 abstineo,
598 1208 649 1268 sed
669 1230 703 1269 cu
727 1228 805 1267 erem
817 1228 881 1267 earn
900 1219 1037 1268 serratam
1058 1207 1144 1267 luisse
1163 1226 1239 1267 sem·

116 1306 170 1367 per
190 1284 266 1344 inter
285 1283 466 1344 Christianos
491 1285 646 1363 scriptores
670 1230 871 1357 sobrietatem,
900 1304 939 1343 ne
962 1304 1119 1363 usurpare,
1169 1303 1238 1343 uum

116 1359 189 1421 nibil
209 1380 282 1440 opus
301 1360 390 1433 iuret,
410 1371 542 1419 extranea
562 1358 897 1439 aScripturisvocabula
916 1359 946 1419 in
966 1360 1093 1419 animum
1112 1304 1239 1419 induxis-

115 1446 193 1511 sent,
212 1455 287 1515 quae
305 1432 427 1495 multum
447 1446 585 1516 parerent
604 1434 788 1509 offendiculi,
806 1434 916 1496 fructus
934 1435 1094 1495 minimum.
1134 1433 1239 1510 Quor-

115 1534 180 1575 sum
200 1510 289 1586 euim,
308 1511 444 1583 obsecro,
464 1532 537 1590 opus
559 1510 614 1571 luit
632 1512 729 1573 invehi
749 1532 856 1572 nomen
875 1510 986 1586 bleriti,
1004 1532 1093 1591 quum
1132 1510 1239 1570 retium

116 1590 264 1651 bonorum
284 1607 404 1667 operum
430 1587 628 1669 significanter
647 1588 704 1649 alio
725 1588 845 1649 aromirre
869 1587 939 1646 citra
959 1532 1170 1647 offendiculum
1191 1606 1239 1645 ex·

115 1664 219 1745 plicari
238 1663 354 1743 posset't'
393 1663 543 1737 Quantum
563 1674 657 1725 autem
678 1665 770 1743 ipsum
787 1662 959 1723 offensionis
978 1662 1008 1721 in
1027 1682 1059 1722 se
1079 1662 1239 1739 contineat,

115 1759 308 1833 magnorum
328 1738 408 1799 orbis
428 1738 605 1799 detrimento
625 1752 714 1820 patet,
758 1739 847 1800 Certe
870 1750 904 1797 ut
923 1749 967 1799 est
991 1736 1239 1813 fastuosissimum,

116 1815 193 1877 nibal
211 1836 297 1895 quarn
316 1812 473 1875 obscurare
492 1814 549 1873 Dei
571 1816 704 1897 gratiam,
724 1827 754 1875 et
771 1814 905 1874 lronrines
924 1835 1011 1893 prava
1029 1812 1164 1893 superbia
1184 1813 1238 1873 im-

115 1892 209 1953 buere
228 1901 333 1972 potest
381 1890 435 1952 Usi
454 1903 522 1950 sunt
539 1892 665 1970 (fateor)
695 1892 798 1969 passim
821 1890 925 1949 vetusti
950 1890 1088 1952 ecclcsiae
1111 1890 1238 1970 scripto-

115 1988 184 2044 res„
210 1980 297 2045 atque
320 1966 430 2026 utinam
449 1966 569 2027 voculae
594 1968 678 2027 unius
702 1968 793 2027 abusu
814 1966 922 2026 erroris
945 1968 1093 2027 materiam
1113 1965 1239 2047 posteris

112 2064 179 2105 non
198 2042 406 2123 praebuissent.
450 2043 624 2121 Quanquam
651 2042 799 2102 nonnullis
824 2042 956 2122 ipsiquo
979 2064 1016 2101 ue
1035 2041 1106 2103 locis
1126 2054 1237 2103 testan-

112 2131 181 2196 tur,
211 2140 296 2199 quam
322 2139 383 2178 non
407 2120 607 2209 praeiudicare
625 2122 739 2179 veritati
757 2118 913 2179 voluerint.
959 2064 1011 2179 bic
1032 2118 1107 2178 enim
1128 2116 1237 2180 alieubi

115 2196 247 2275 loquitur
265 2196 488 2277 Augustinus
511 2195 561 2285 [de
581 2196 723 2274 praedest.
741 2196 863 2275 sanct]:
893 2195 1049 2270 „Humana
1068 2194 1170 2254 merita
1190 2194 1238 2255 hic

112 2272 343 2349 „eonticescaut,
363 2290 436 2350 quae
455 2284 607 2350 perierunt
624 2291 678 2351 per
690 2271 797 2331 Adam:
817 2285 848 2331 et
865 2290 897 2330 re
920 2284 971 2331 net
986 2270 1042 2330 Dei
1061 2271 1164 2353 gratia,
1183 2290 1238 2352 per

114 2346 233 2423 „lesum
255 2344 434 2406 Christum.“
476 2346 551 2405 Item
573 2346 618 2427 [in
638 2347 712 2408 Psal.
732 2347 828 2429 139.]:
859 2290 995 2421 „bieritis
1014 2349 1072 2408 suis
1091 2346 1163 2407 nibil
1183 2346 1237 2405 tri-

112 2422 231 2499 „buunt
241 2422 346 2481 sancti:
368 2433 461 2481 toturn
481 2424 598 2484 nonnisi
615 2423 829 2485 misericordiae
848 2434 914 2483 tuae
933 2423 1075 2498 tribuent,
1095 2424 1237 2484 oneum

112 2498 195 2559 Alibi
216 2498 260 2577 [in
282 2496 357 2557 Psal.
370 2497 447 2577 s8.]:
468 2498 527 2572 „Et
546 2521 634 2577 quum
655 2500 758 2560 viderit
779 2500 867 2559 borno
887 2500 1024 2579 quicquid
1043 2499 1116 2559 boni
1138 2498 1238 2575 habet,

113 2595 197 2650 „uon
217 2594 248 2634 se
268 2572 375 2633 habere
393 2596 409 2632 a
429 2594 475 2643 sc,
498 2574 548 2633 sed
569 2596 584 2633 a
606 2575 670 2634 Deo
690 2596 760 2649 suo,
785 2576 864 2635 videt
884 2576 913 2635 id
933 2587 1027 2636 totum
1049 2574 1129 2655 quod
1147 2576 1178 2635 in
1199 2595 1237 2635 eo

112 2650 276 2725 ‚,laudatur,
297 2671 356 2708 non
377 2649 412 2708 de
431 2650 488 2709 suis
508 2651 629 2724 meritis,
647 2651 697 2710 sed
719 2651 755 2710 dc
774 2652 969 2712 misericordia
989 2653 1045 2711 Dei
1065 2656 1158 2711 esse.“
1181 2652 1236 2709 Vi-

114 2730 166 2787 des
187 2738 221 2785 ut
239 2727 372 2806 adempta
392 2726 502 2785 homiui
522 2727 598 2786 bene
618 2728 723 2807 agendi
744 2728 862 2801 virtute,
888 2726 982 2786 meriti
1002 2747 1119 2806 quoque
1140 2726 1236 2807 digui-

113 2814 207 2863 tatem
225 2812 398 2881 prosternat.
444 2802 725 2883 chrysostomus
750 2816 845 2862 auteur
866 2804 957 2881 [hom.
977 2809 1024 2868 33.
1044 2805 1074 2862 in
1096 2802 1234 2895 Genesq:

113 2880 244 2952 „Nostra
262 2878 285 2937 si
304 2899 360 2957 qua
380 2890 541 2957 sequuntur
560 2879 616 2937 Dei
640 2881 794 2970 gratuitam
814 2880 994 2937 vocationem
1015 2898 1120 2957 opera,
1147 2890 1236 2939 retri-

113 2954 220 3031 „butio
238 2966 305 3014 sunt
324 2966 353 3013 et
373 2953 518 3015 debitum:
551 2966 579 3013 at
598 2954 656 3014 Iler
674 2974 808 3029 munera,
832 2955 924 3036 gratia
944 2966 974 3015 et
994 2954 1186 3015 beneficentia
1206 2966 1237 3016 et

112 3029 298 3113 „largitionis
316 3030 517 3123 magnitud0.“
556 3030 672 3092 Omisso
693 3042 790 3090 tamen
810 3030 946 3108 nomine,
971 3051 1032 3090 rem
1052 3030 1149 3110 potius
1169 3050 1235 3091 eer-

113 3128 224 3166 namus.
290 3107 385 3169 Citarr
419 3106 535 3185 quidem
571 3118 655 3167 autea
691 3126 723 3165 ea
757 3106 945 3167 Bernardo
983 3108 1157 3167 senteutiam
1187 3106 1234 3189 [in

113 3182 228 3243 Cantic.
248 3202 333 3243 serm.
350 3182 428 3262 98.]:
449 3184 512 3256 „Ut
530 3183 565 3241 ad
585 3185 719 3243 meritum
739 3185 806 3244 satis
819 3194 863 3243 cst
884 3184 919 3243 de
938 3182 1049 3243 meritis
1068 3204 1129 3243 non
1150 3205 1235 3263 prae-

109 3259 324 3397 lilili‘ildl
335 3260 668 3395 ,tttttr‘rt‘tlattl
684 3259 990 3395 tttrilsslltl't‘l
1010 3258 1233 3397 ⁸⁰lr⁰l¹¹ltt¹l

110 3410 263 3485 „Proinde
284 3358 384 3471 nririta
406 3378 511 3471 babela
524 3432 620 3470 cures:
642 3410 748 3483 habita,
770 3412 833 3471 data
847 3412 975 3472 noveris:
994 3356 1122 3472 ’strictum
1134 3434 1232 3491 speres

109 3488 189 3563 „Dei
208 3486 450 3547 misericordiam:
481 3498 510 3545 et
530 3507 617 3547 omne
633 3487 796 3566 'periculum
817 3488 943 3562 evasisti,
967 3489 1161 3567 paupertatis,
1186 3489 1232 3547 in-

109 3562 332 3643 „gratitudinis,
363 3562 615 3643 praesumptionis.
664 3563 744 3622 Felix
763 3562 883 3624 ecelesia
903 3565 949 3623 cui
974 3586 1028 3625 nec
1048 3565 1150 3623 merita
1169 3564 1232 3623 sine

109 3639 384 3717 „praesumptione,
415 3659 470 3697 nec
495 3640 689 3719 praesumptio
713 3640 776 3699 sine
795 3640 905 3700 meritis
925 3640 1037 3701 deest.“
1085 3638 1232 3719 Etpasto

110 3726 181 3774 aute
199 3713 315 3774 abunde
335 3715 512 3788 ostenderat,
532 3736 617 3793 quem
637 3716 686 3794 pio
705 3736 789 3776 seusu
810 3726 955 3775 uteretur:
974 3716 1068 3791 „Nam
1089 3714 1126 3773 de
1144 3716 1233 3775 meri·

108 3790 170 3869 „tis
190 3790 314 3869 (inquit)
333 3790 400 3870 quid
422 3791 545 3851 sollicita
565 3791 601 3849 sit
621 3792 750 3865 ecelesia,
770 3792 815 3851 cui
836 3793 872 3851 de
888 3792 1042 3871 proposito
1053 3789 1110 3849 Dei
1119 3790 1233 3851 firmior

108 3866 321 3944 „securiorque
342 3868 449 3927 exsistit
467 3866 611 3948 gloriandi
631 3868 724 3927 ratio?
754 3868 822 3928 Non
843 3878 941 3948 potest
959 3887 989 3927 se
1009 3867 1102 3947 ipsum
1121 3886 1232 3960 negare

107 3940 227 4018 „Deusz
259 3941 344 4001 saciet
363 3943 441 4022 quod
462 3943 604 4022 promisit.
642 3944 693 4002 Sic
712 3964 772 4003 nou
799 3942 940 4023 estquod
961 3964 1095 4025 quaeras,
1124 3942 1230 4022 quibus

106 4017 241 4091 „meritis
259 4037 406 4095 speremus
425 4018 523 4077 bona?
563 4019 734 4079 Praesertim
759 4041 847 4099 quum
870 4019 984 4092 audias,
1013 4020 1084 4079 Non
1107 4031 1232 4101 propter

107 4114 194 4169 „vos,
212 4094 262 4153 sed
282 4106 406 4173 propter
424 4116 471 4153 me
491 4094 611 4171 (Ezeclr.
629 4100 679 4172 ³6,
697 4098 768 4173 Pl.)-
811 4094 927 4157 Sufficit
945 4096 982 4156 ad
1001 4096 1136 4157 meritum
1155 4096 1231 4157 scire

104 4168 208 4249 „quod
227 4190 288 4228 nou
309 4169 454 4229 sufficiant
471 4172 605 4231 merita.“

183 4249 212 4309 3.
252 4244 333 4320 Quid
353 4259 575 4327 promereantur
595 4247 691 4308 omnia
711 4268 801 4329 opera
820 4258 937 4325 nostra,
960 4245 1111 4325 Scriptura
1130 4258 1230 4309 osten·

106 4318 162 4397 dit,
180 4340 268 4401 quum
281 4320 338 4383 net
356 4334 544 4404 conspectum
558 4322 635 4385 lcrre
654 4343 739 4405 posse
758 4336 857 4407 negat,
869 4323 936 4405 quia
954 4322 1154 4387 immunditiae
1172 4323 1230 4387 sint
1275 4354 1278 4359 ·
