2596 4726
470 236 547 304 ΠΒ..
567 237 592 299 l.
631 236 721 303 CAP.
736 236 779 300 V.
1152 246 1193 312 ⁶¹1

55 382 183 446 innobir
195 382 297 458 sitam,
308 382 491 465 sapientiam,
501 381 640 447 virtutem
648 382 797 447 Dominus
805 393 932 445 exserat:
951 403 1031 446 suam
1043 383 1192 463 iustitiam,

55 461 234 533 bonitatem,
258 460 445 527 clementiam
471 479 504 520 er
526 478 543 521 a
567 478 622 521 nos
652 471 795 521 exerceat
839 460 915 521 Nem
940 460 996 521 etri
1021 461 1097 522 iuste
1116 482 1191 525 con-

55 537 188 619 queritur
207 535 304 601 David
325 536 389 614 (Ps.
407 542 459 612 92,
477 478 539 672 ἦ,
557 535 728 598 incredulos
746 535 898 617 desipere,
921 537 990 617 qnia
1013 538 1044 598 in
1069 537 1191 601 humani

54 614 169 696 generis
202 611 423 696 gubernatione
447 634 502 693 pro
518 611 595 674 unda
614 611 672 674 Dei
695 613 818 674 consilia
842 632 904 674 non
928 615 1111 696 expendunt:
1144 628 1190 678 est
1246 626 1248 628 ’

55 704 151 751 tamen
171 688 232 751 hoc
251 689 432 750 verissimum
473 691 532 751 uod
552 688 722 751 idem·alibi
738 688 802 768 (es.
822 696 883 764 su.
896 692 959 769 13)
985 690 1070 767 dicit,
1095 691 1190 753 admi·

55 766 175 829 rabilem
188 765 249 826 Dei
262 765 434 847 sapientiam
452 711 509 828 hac
528 766 558 826 io
578 777 660 846 parte
674 768 814 828 excedere
827 767 948 850 capillos
962 767 1065 848 capitis
1085 766 1190 829 nostri.

55 844 111 905 sen
131 843 205 924 qnia
224 841 283 903 boc
302 852 506 925 argumentum
526 842 647 923 posthac
670 862 726 905 suo
746 843 852 904 ordine
871 843 985 925 plenius
1006 844 1191 907 tractandum

55 920 118 998 erit,
138 939 223 979 nnnc
242 918 362 980 omitto.
383 917 452 997 (lib.
471 924 499 984 1.
518 941 544 981 c.
563 925 610 985 ts
629 941 651 980 s.
671 920 781 997 6-9.)

125 1003 178 1063 11.
219 994 313 1074 Atqui
339 1006 564 1076 quantacunque
596 995 728 1057 claritate
750 1008 781 1057 et
804 1016 835 1058 se
863 1006 894 1057 et
916 994 1083 1057 immortale
1106 1018 1191 1058 suum

54 1092 178 1155 regnum
199 1072 347 1132 Dominus
366 1072 398 1131 in
417 1091 540 1152 operum
559 1094 678 1135 suorum
697 1072 818 1154 speculo
839 1084 1054 1154 repraesentet:
1076 1073 1126 1154 qui
1145 1084 1190 1135 ta-

54 1170 118 1210 nen
139 1159 187 1210 est
212 1159 317 1209 noster
340 1159 461 1228 stupor,
492 1148 529 1209 ad
552 1160 611 1210 tam
657 1149 801 1231 erspicuas
826 1149 1049 1211 testificationes
1073 1169 1190 1229 semper

54 1225 253 1300 hebescimus,
284 1235 319 1284 ut
345 1224 410 1284 sine
439 1224 613 1304 prolectue
650 1237 731 1286 uant.
766 1226 842 1285 Nam
862 1236 1003 1306 quantum
1023 1225 1059 1287 ad
1084 1225 1189 1287 mundi

54 1303 195 1364 fabricam
220 1313 253 1362 et
284 1296 491 1382 pulcerrimum
520 1302 696 1382 positionem
728 1302 833 1363 attinet
879 1303 1111 1383 quotusquisque
1144 1314 1189 1365 est

54 1392 205 1453 nostrum,
225 1376 366 1469 quidum
385 1375 488 1438 oeulos
511 1377 557 1438 ret
576 1379 606 1438 in
627 1378 743 1439 coelum
763 1345 886 1454 attollit,
911 1377 958 1439 rel
978 1401 1032 1472 per
1050 1380 1189 1460 regiones

53 1467 148 1516 terrae
168 1456 265 1517 varias
283 1453 469 1528 circumfert,
494 1466 623 1516 mentem
648 1456 685 1515 ad
710 1456 850 1516 creatoris
867 1474 1038 1517 memoriam
1064 1456 1188 1517 reserat:

55 1554 88 1593 ae
118 1551 184 1591 noo
215 1529 325 1611 magis,
356 1529 517 1609 praeterito
537 1536 675 1609 anctore,
707 1529 738 1591 in
758 1551 881 1611 opernm
900 1543 1019 1613 aspectu
1039 1531 1192 1605 desident

54 1609 210 1685 Quantum
228 1626 302 1667 vero
321 1607 428 1666 attinet
446 1606 482 1665 ad
502 1626 536 1667 ea
556 1629 631 1689 qnae
656 1620 772 1690 praeter
790 1607 930 1670 naturalis
950 1609 1088 1670 decursus
1108 1609 1190 1669 ordi-

53 1706 118 1746 near
138 1682 279 1765 quotidie
299 1683 457 1755 eveniunt,
485 1685 718 1765 quotusquisque
736 1705 798 1745 non
817 1685 908 1767 magis
935 1697 1068 1767 reputat,
1098 1706 1189 1746 coeca

53 1763 148 1844 potius
173 1761 317 1821 fortunae
347 1759 510 1821 temeritate
534 1761 625 1821 rotari
649 1774 680 1822 et
702 1760 829 1822 volutari
859 1761 993 1823 homines
1018 1783 1104 1842 quam
1129 1762 1189 1822 Dei

105 1836 240 1899 ridentia
306 1835 442 1896 bernarii
485 1837 604 1912 Quodsi
623 1838 742 1917 quando
766 1837 885 1898 istarum
915 1857 1014 1897 rerum
1039 1837 1129 1907 ductu
1154 1858 1190 1899 ac

53 1858 256 1976 laeuone·
297 1911 356 1971 Dei
381 1912 646 1975 considerationem
666 1914 810 1997 adigimur
833 1913 929 2004 (qnod
954 1913 1090 1975 omnibus
1116 1934 1187 1974 eve-

53 1992 116 2051 nire
134 1990 336 2051 necessarium
357 1991 425 2064 est),
444 1999 542 2050 tamen
562 1990 613 2050 ubi
633 2002 745 2051 temere
757 1988 912 2051 divinitatis
932 1990 1053 2051 alicuius
1072 1992 1189 2051 sensum

56 2066 264 2148 concepimus,
284 2065 431 2147 extemplo
459 2065 495 2126 ad
527 2068 621 2128 carnis
653 2079 771 2128 nostrae
796 2065 898 2127 deliria
922 2066 968 2127 vel
993 2087 1081 2147 prava
1108 2087 1189 2127 com-

58 2156 154 2204 rnenta
176 2143 363 2218 delabimur,
392 2163 426 2203 ac
455 2164 557 2223 puram
577 2143 636 2204 Dei
666 2145 817 2205 veritatem
844 2155 941 2204 nostra
974 2143 1189 2223 corrumpimus

58 2221 192 2281 unitate.
232 2220 272 2279 In
294 2237 331 2279 eo
352 2219 469 2298 quidem
490 2221 652 2296 dissimiles,
672 2220 752 2300 quod
764 2219 886 2299 quisque
904 2219 960 2280 sibi
980 2219 1115 2299 privatim
1135 2219 1189 2297 ali·¹
1209 2286 1214 2295 ¹

58 2295 125 2378 qnid
141 2295 302 2378 peculiaris
323 2295 431 2356 erroris
450 2297 583 2358 arcessit:
609 2299 640 2357 in
666 2297 723 2358 boc
747 2306 846 2356 tamen
871 2295 1024 2369 simillimi,
1050 2295 1131 2376 quod
1151 2296 1188 2356 ad

60 2395 141 2433 onam
161 2394 271 2434 omnes
297 2370 333 2433 ab
357 2392 419 2432 uuo
441 2392 515 2434 vero
535 2374 602 2465 Deo
629 2375 664 2434 ad
691 2373 860 2511 prodigiosa
886 2384 1063 2464 nugamenta
1088 2373 1188 2432 delici-

54 2450 241 2601 ῗιᾈᾍεὲἓῗ
261 2448 785 2608 'li‘liglilr⁹¹ilil⁸r¹⁰ilimils⁰
809 2448 1188 2606 ltlttssffltrgtlt't‘.

54 2604 148 2678 Quam
170 2602 289 2685 prolixe
307 2623 389 2662 suam
415 2602 445 2662 in
466 2602 519 2664 hac
540 2617 623 2695 parte
642 2604 833 2664 stoliditatem
853 2624 886 2662 nc
906 2598 1095 2662 insulsitatem
1117 2623 1189 2681 pro-

53 2680 122 2741 titis
140 2691 211 2740 tota
227 2677 477 2772 pbilosophorum
491 2679 592 2740 natio?
623 2682 697 2740 Nam
718 2692 752 2739 ut
769 2679 831 2739 aliis
845 2700 1007 2758 parcamus,
1027 2679 1076 2757 qui
1094 2679 1188 2738 multo

53 2757 206 2818 absurdius
225 2755 391 2836 rneptiunt,
413 2754 499 2816 Plato
520 2757 598 2817 inter
617 2776 720 2817 omnes
746 2756 993 2838 religiosissimus,
1018 2767 1048 2814 et
1067 2757 1188 2814 maxime

53 2834 185 2907 sobrios,
204 2833 270 2913 ipse
290 2853 410 2922 quoque
430 2833 461 2891 in
481 2835 611 2894 rotundo
632 2856 685 2893 suo
706 2833 800 2915 globo
821 2832 1019 2897 evanescitlt).
1058 2833 1097 2890 Et
1118 2831 1189 2909 quid

54 2912 110 2971 aliis
130 2930 198 2970 nou
220 2920 364 2984 eveniret,
385 2930 474 2989 quum
493 2910 533 2970 ita
553 2911 715 2990 primores,
737 2930 861 2989 quorum
883 2920 946 2968 erat
965 2907 1085 2988 reliquls
1104 2928 1189 2988 prae-

55 2986 160 3062 lucere,
184 2984 404 3045 ballucineotur
423 2998 453 3045 ct
472 2986 654 3069 impingant?
693 2986 843 3055 Similiter,
864 2985 913 3044 ubi
935 3005 1031 3044 rerum
1053 2983 1192 3042 humana·

56 3086 110 3124 mn
131 3061 317 3146 gubernatio
340 3063 551 3141 providentiam
571 3063 752 3123 manifestius
772 3063 868 3143 arguit
887 3082 972 3140 quum
999 3074 1033 3120 ut
1050 3059 1191 3197 abnegari

57 3153 154 3221 queat,
177 3137 275 3198 nihilo
295 3150 393 3199 tanren
414 3139 482 3201 inde
501 3141 567 3221 plus
588 3140 757 3219 proficitur,
782 3159 869 3218 quam
896 3138 919 3197 si
946 3136 1102 3197 temerarias
1140 3157 1189 3195 or-

58 3229 134 3279 tnnae
154 3215 315 3277 voluntate
335 3216 528 3277 crederentur
551 3217 649 3276 omnia
668 3238 780 3276 sursum
806 3215 942 3274 deorsum
961 3213 1083 3274 versari:
1109 3224 1190 3273 tanta

59 3308 95 3355 et
110 3304 219 3355 nostra
238 3294 271 3351 io
287 3292 444 3353 vanitatem
465 3305 495 3352 et
515 3313 645 3353 errorem
668 3293 836 3372 propensio.
875 3291 921 3350 De
942 3288 1190 3351 excelleutissimis

58 3390 165 3455 semper
186 3370 315 3449 loquor,
340 3390 402 3428 non
428 3369 594 3451 vulgaribus
620 3370 693 3434 illis.
719 3389 844 3448 quornm
869 3366 899 3426 iu
926 3366 1107 3447 profananda
1132 3366 1192 3429 Dei

58 3451 173 3508 veritate
194 3449 342 3528 processit
361 3447 391 3505 in
412 3445 582 3505 immensum
603 3446 724 3507 insania.

122 3530 172 3590 12.
215 3522 298 3583 Hinc
317 3523 458 3582 immensa
477 3522 526 3583 illa
545 3543 678 3583 errorum
698 3521 849 3592 colluvies,
869 3541 926 3599 qua
946 3531 1026 3581 totus
1041 3521 1122 3581 orbis
1141 3542 1190 3581 re-

58 3600 140 3663 lertus
159 3624 196 3663 ac
217 3612 383 3680 coopertus
404 3598 468 3660 luit.
499 3599 592 3658 Suum
613 3599 690 3659 enim
701 3599 809 3677 cuique
828 3597 979 3679 ingenium
998 3597 1089 3657 instar
1107 3597 1191 3677 laby-

57 3678 137 3739 rinthi
158 3690 222 3755 est,
250 3689 285 3737 ut
309 3676 416 3736 mirum
446 3695 506 3736 nou
531 3677 568 3736 sit
592 3676 636 3738 sin
660 3677 720 3736 ulas
745 3687 849 3755 gentes
876 3675 906 3734 in
927 3675 1004 3733 varia
1025 3686 1190 3734 commenta

57 3754 183 3817 diductas
203 3773 286 3816 esse:
308 3773 408 3834 neque
429 3751 457 3811 id
478 3753 583 3826 modo,
602 3696 659 3817 sed
674 3751 797 3834 singulis
817 3772 911 3830 prope
932 3749 1099 3809 bominibus
1119 3769 1190 3830 pro-

57 3833 128 3911 prios
147 3833 241 3894 luisse
262 3831 347 3892 deos.
394 3830 468 3890 Nam
488 3841 521 3889 ut
540 3830 576 3891 ad
595 3829 738 3890 inscitiam
760 3840 790 3888 et
809 3828 946 3887 tenebras
966 3827 1080 3887 accedit
1098 3838 1192 3886 teme-

58 3908 116 3971 ritas
135 3921 167 3971 et
184 3907 316 3984 ludria,
336 3908 383 3967 vix
403 3928 477 3967 unus
497 3926 625 3986 uuquam
644 3917 779 3986 repertus
790 3916 834 3965 est
852 3904 903 3985 qui
923 3925 984 3964 non
1004 3902 1061 3964 sibi
1079 3901 1191 3962 idolum

58 3986 94 4046 sel
111 3999 266 4069 spectrum
278 3984 339 4044 llei
359 3982 428 4044 loco
450 3982 616 4044 fabricaret.
656 3982 747 4044 Certe
768 4002 829 4042 non
849 4001 932 4041 secus
952 3992 1040 4058 atque
1059 3999 1094 4039 ex
1112 3990 1192 4045 rasta

58 4062 201 4146 tnplaque
221 4061 406 4144 scaturigine
426 4064 519 4141 aquae
543 4059 705 4134 ebulliunt,
734 4059 876 4119 immensa
897 4058 1021 4117 deorum
1048 4055 1139 4117 turba
1154 4053 1192 4117 ab

115 4310 141 4373 ⁹)
157 4308 235 4379 l'lato
253 4307 285 4361 in
303 4304 440 4361 Timaeo.
461 4302 505 4358 De
522 4300 576 4360 aliia
594 4302 690 4361 eicie.
706 4304 751 4358 lib.
768 4302 788 4357 l.
807 4305 841 4358 ds
857 4315 910 4355 nat.
928 4301 1017 4367 Deor.
1030 4298 1100 4365 Plus,
1117 4300 1162 4354 lrb
1169 4301 1193 4354 1.

61 4374 86 4425 dt
101 4374 192 4431 Philon.
210 4372 326 4449 placitis.
841 4438 892 4502 μ
