2700 4732
58 126 211 217 ¹rors'
359 140 363 147 “
460 146 535 207 mn.
555 143 613 215 111,
644 94 742 205 cns.
762 144 871 207 xxsv.

104 290 253 369 „fructum
273 309 307 349 er
326 288 383 352 illis
410 288 566 365 habuistis,
596 288 627 349 in
653 287 758 369 quibus
790 310 869 351 nune
898 288 1007 351 merito
1027 286 1232 351 erubescitbi'¹

92 380 139 429 ·et
158 378 284 427 caetera.

183 450 230 509 11.
271 438 366 517 Quale
385 453 472 515 tunc,
496 441 617 517 amabo,
641 440 793 501 electionis
818 438 921 503 semen
939 442 969 501 in
990 440 1025 501 iis
1044 438 1235 521 germinabat,
1276 478 1279 495 ι

108 516 792 656 ‘tttttttlttt¹lltlt¹¹..ttt'²tlttls
817 516 1238 655 lii⁸lri²⁵¹³d²ihdih¹lii

108 622 276 733 hemindum
297 690 347 731 eos
366 672 390 731 si
410 617 491 751 tiqui
510 670 659 745 voluisset,
679 670 823 730 debuerat
841 637 1000 731 ostenddre
1019 680 1169 751 quantun
1185 667 1235 729 llei

108 748 319 809 beneficentiae
338 748 499 822 deberent,
532 767 687 827 perquam
714 748 877 807 conservati
901 759 997 807 essent
1022 764 1065 805 ne
1088 746 1123 807 in
1147 756 1236 807 unus

109 824 265 895 foeditates
284 824 518 903 prolaberentur.
564 822 615 882 Sic
635 836 665 881 ct
684 824 789 883 Petrus
815 822 963 884 debuisset
981 842 1053 885 suos
1072 820 1189 883 hortari
1204 820 1235 881 ad

108 901 332 985 gratitudinem,
362 903 400 961 ob
421 920 520 960 semen
541 899 694 959 electionis
713 911 897 980 perpetuum.
936 899 1051 960 Contra
1071 910 1174 959 antem
1190 896 1237 957 sd·

109 989 226 1051 monet,
257 976 405 1036 suffecisse
436 976 626 1056 praeteritum
655 988 770 1066 tempus
797 974 939 1035 Gentium
968 974 1147 1035 lihidinibus
1171 994 1236 1035 eon-

110 1052 285 1145 snmmandis
304 1052 344 1131 (l.
364 1052 428 1143 Pet
448 1053 555 1125 4,3.).
596 1052 731 1143 Ουῐᾶιει
751 1052 866 1111 venitur
885 1052 920 1112 ad
952 1050 1107 1132 exempla?
1148 1048 1236 1169 Qiprle

109 1140 241 1265 asts.
255 1128 561 1286 asserentis,
579 1126 1238 1285 trts‘ssss...transactas-..s

109 1282 332 1361 immergeretur
355 1282 495 1361 sanguine
514 1280 747 1360 Prophetarum?
791 1280 826 1339 ln
853 1279 968 1341 latrone
988 1280 1239 1357 (Luc.‘1.t,tt.).

109 1358 159 1436 qui
179 1356 256 1414 inter
276 1356 391 1417 ultimos
417 1357 534 1416 tandem
563 1358 681 1438 spiritus
713 1358 750 1415 de
770 1356 966 1437 resipiscentia
986 1355 1155 1438 cogitavit?
1190 1356 1240 1413 l'a-

109 1443 222 1493 cessant
242 1452 314 1513 ergo
335 1432 406 1493 haec
425 1446 606 1517 argumenta,
625 1453 700 1513 quae
720 1432 861 1513 sibiipsis
881 1432 1013 1493 homines
1034 1428 1181 1493 curiosuli
1199 1442 1238 1491 te·

110 1526 190 1567 mere
209 1507 271 1567 sine
292 1508 440 1589 Scriptura
467 1530 535 1569 exeo
559 1512 640 1569 itant.
678 1509 798 1569 Maneat
823 1520 921 1569 autem
945 1507 1033 1569 nohis
1055 1508 1143 1587 quod
1163 1506 1242 1567 hah'et

108 1582 262 1663 Scriptura
281 1586 351 1663 (les.
370 1592 423 1659 53,
443 1588 502 1663 6.),
532 1529 643 1647 gmnes
674 1586 783 1664 pariter
815 1585 912 1644 ovium
942 1584 1132 1663 perditarum
1159 1584 1241 1649 instar

109 1659 269 1735 aberrasse,
289 1681 526 1743 unumquemque
547 1660 704 1723 declinasse
724 1662 754 1720 in
775 1662 848 1721 viam
867 1682 964 1738 suam,
984 1660 1043 1719 hoc
1064 1672 1132 1733 est,
1151 1660 1241 1741 perdi·

109 1736 231 1796 tionem.
274 1738 342 1798 lloc
366 1739 539 1819 perditionis
559 1738 674 1827 gurgite
695 1759 768 1817 quos
794 1737 949 1817 aliquando
970 1757 1078 1797 cruere
1100 1736 1241 1797 Dominus

108 1812 225 1887 statuit,
245 1832 296 1873 eos
315 1816 345 1873 in
366 1837 444 1874 suam
466 1836 504 1895 op
528 1827 716 1875 ortunrtatem
737 1814 850 1873 diflert:
880 1826 992 1874 tantum
1013 1814 1240 1891 conservat,in

109 1888 318 1969 blasphemiam
338 1836 565 1952 irremissibilem
585 1912 623 1951 ne
644 1889 846 1950 devolvantur.

185 1970 232 2031 12.
273 1966 528 2039 Quemadmodum
552 1988 622 2028 suae
646 1985 715 2102 erpa
736 1965 845 2027 electos
854 1965 1017 2027 vocationis
1038 1964 1187 2043 efficacia,
1200 1984 1242 2027 n·

108 2040 198 2101 lutem
219 2042 253 2102 ad
275 2064 359 2121 quarn
381 2064 430 2104 eos
451 2057 572 2104 aeterno
600 2045 680 2103 consi
694 2043 722 2102 io
744 2044 915 2116 destinarat,
942 2042 1058 2133 perlicit
1075 2042 1182 2103 Deus:
1206 2040 1242 2103 ita

108 2138 160 2179 sua
179 2118 266 2179 habet
286 2120 422 2180 adversus
434 2119 579 2199 reprobos
599 2120 714 2194 iudicia,
734 2119 839 2199 quihus
853 2119 1005 2179 consilium
1024 2118 1064 2179 de
1084 2118 1148 2179 illis
1167 2138 1241 2181 sun

109 2205 289 2274 exsequatur.
336 2196 420 2269 Quos
446 2216 517 2277 ergo
550 2196 581 2255 in
606 2198 681 2256 vitae
708 2194 911 2255 contumeliam
937 2208 968 2256 et
993 2194 1102 2257 mortis
1130 2193 1241 2257 exitia

109 2271 232 2344 creavit,
252 2282 284 2330 ut
304 2270 362 2330 irae
381 2292 449 2332 snae
470 2293 580 2355 organa
600 2273 714 2348 forent,
735 2284 765 2331 et
783 2272 943 2331 severitatis
963 2271 1115 2350 exempla,
1135 2290 1199 2349 eoa,
1214 2280 1242 2331 d

109 2347 140 2406 in
160 2345 247 2405 finem
268 2369 348 2406 sunm
370 2349 557 2430 perveniant,
582 2370 659 2408 nunc
686 2348 823 2408 audiendi
842 2348 927 2407 verbi
952 2350 996 2408 sui
1022 2344 1241 2431 facultatepri·

109 2434 170 2481 vat:
190 2443 267 2481 nunc
289 2424 350 2482 eius
371 2426 585 2504 praedicatione
606 2425 696 2507 magis
708 2435 854 2499 eacoeent,
875 2437 904 2484 et
916 2424 1131 2503 obstupefacit.
1163 2422 1242 2485 Pria·

109 2497 148 2559 ris
168 2498 290 2558 membri
311 2521 399 2577 quum
422 2502 574 2561 innumera
592 2503 651 2561 sint
677 2500 822 2579 exempla,
848 2523 936 2559 nnnm
957 2513 1074 2573 tamen,
1101 2500 1187 2583 quod
1203 2508 1242 2563 td

107 2593 179 2655 prae
198 2573 259 2635 aliis
284 2574 395 2634 illustre
417 2597 449 2633 nc
474 2576 618 2651 notabile,
648 2576 797 2658 eligamus.
849 2578 988 2651 Qnatuor
1007 2576 1137 2637 circiter
1156 2596 1241 2637 anne·

107 2672 173 2710 rum
199 2650 287 2710 millia
313 2664 381 2711 ante
407 2653 515 2711 Christi
541 2653 695 2712 adventurn
721 2653 915 2726 effluxerunt,
943 2650 1050 2733 quibus
1075 2652 1240 2715 salutiferae

110 2727 261 2789 doctrinae
287 2728 380 2787 lucem
407 2731 518 2790 cunctis
566 2729 680 2789 entibus
701 2729 866 2789 occultavit.
916 2729 947 2788 Si
968 2728 1034 2807 quis
1055 2728 1241 2811 respondeat,

108 2804 182 2863 tanti
203 2804 337 2865 beneficii
358 2818 508 2885 compotes
530 2750 596 2866 ideo
620 2827 679 2866 non
701 2805 818 2877 secisse,
844 2808 911 2885 quin
932 2806 1072 2887 indignos
1095 2806 1239 2867 indicarit:

108 2879 201 2940 nihilo
222 2892 308 2941 erunt
328 2882 475 2961 digniores
497 2884 616 2961 posteri.
658 2883 748 2941 Cuius
768 2882 810 2939 rei
831 2895 948 2961 praeter
964 2883 1184 2961 experientiam
1202 2894 1241 2943 te·'

107 2958 158 3017 rtis
177 2956 308 3037 locuples
329 2971 371 3033 est
391 2959 547 3020 blalachias
567 2963 611 3036 (l,
631 2963 689 3035 1.),
720 2960 769 3037 qui
789 2958 1021 3018 incredulitatem
1044 2962 1154 3021 crassis
1174 2959 1242 3019 blas·

109 3034 229 3111 phemiis
250 3035 418 3114 permixtam
444 3056 621 3115 coarguens,
645 3047 798 3094 venturum
826 3047 920 3093 tamen
949 3035 1176 3114 redemptorem
1195 3032 1241 3095 de·

108 3110 231 3167 nuntiat.
272 3110 417 3193 Curergo
441 3112 482 3170 his
503 3111 699 3192 potiusquam
721 3111 775 3169 illis
796 3110 898 3170 datur?
918 3110 1021 3170 frustra
1043 3132 1076 3171 se
1099 3122 1244 3193 torqueat,

108 3186 157 3263 qni
179 3186 224 3244 bic
254 3207 365 3245 causans
391 3188 520 3267 requirat
539 3208 645 3247 arcano
668 3200 697 3246 et
728 3187 906 3246 inscrutabili
928 3188 985 3246 llei
1006 3188 1142 3247 consilio
1164 3188 1243 3249 altio·

109 3280 180 3318 rem.
219 3264 281 3321 Nec
307 3275 349 3322 est
375 3264 535 3322 timendum
560 3286 597 3322 ne
618 3263 681 3341 quis
701 3264 857 3353 Porph¹rii
884 3263 1041 3342 discipulus
1068 3264 1136 3324 Dei
1169 3264 1244 3325 insti·

108 3335 177 3395 tiam
198 3336 317 3415 impune
337 3340 469 3414 arrodat,
496 3339 587 3400 nohis
608 3361 660 3430 pro
683 3360 714 3399 ea
741 3284 817 3399 nihil
834 3340 1093 3418 respondentibus.
1149 3342 1246 3417 Quum

109 3412 185 3470 enim
206 3415 356 3474 asserimus
378 3415 472 3475 nullos
514 3418 589 3475 erire
610 3429 806 3489 immerentes,
846 3417 968 3476 ratuitae
989 3436 1053 3475 esse
1073 3416 1245 3479 beneficen-

111 3488 170 3549 tiae
190 3488 257 3564 bei,
278 3492 356 3570 quod
378 3440 511 3551 nonnulli
537 3493 713 3565 liberantur,
744 3436 859 3551 abunde
893 3515 945 3574 pro
975 3492 1157 3554 illustranda
1189 3493 1246 3553 eius

109 3565 202 3699 gloria
223 3566 409 3642 dictumest,
440 3582 471 3627 ut
503 3582 600 3629 nostra
624 3570 866 3650 tergiversatione
892 3590 1077 3650 nequaquam
1107 3569 1247 3655 indigeat.

135 3642 372 3701 raedestinationi
406 3645 494 3723 igitur
518 3667 586 3705 suae
611 3648 683 3705 viam
711 3645 779 3705 lacit
804 3668 930 3706 summus
957 3644 1006 3703 ille
1031 3646 1169 3723 arbiter,
1197 3644 1246 3707 ubi

110 3738 184 3795 quos
203 3719 292 3777 semel
313 3720 481 3799 reprobarit
507 3721 577 3781 lucis
597 3742 665 3781 suae
684 3722 948 3782 communicatione
968 3718 1112 3796 orbatos,
1141 3720 1247 3801 deserit

111 3793 141 3851 in
165 3795 315 3854 coecitate.
361 3794 487 3857 Alterius
509 3798 631 3857 membri
653 3821 716 3858 cum
739 3810 850 3857 exstant
869 3798 1038 3877 quotidiana
1056 3798 1246 3873 documenta,

110 3880 172 3928 tum
198 3870 286 3929 multa
320 3870 349 3928 in
375 3873 533 3951 scripturis
560 3875 759 3934 continentur.
808 3875 894 3952 Apud
915 3886 1032 3933 centum
1058 3876 1167 3935 eadem
1188 3876 1247 3937 fere

107 3943 233 4005 habetur
264 3949 386 4020 concio,
417 3951 521 4030 viginti
548 3972 631 4029 prom
656 3963 683 4011 ta
707 3950 774 4008 fidei
795 3951 963 4010 obedientia
983 3950 1170 4030 suscipiunt,
1200 3950 1248 4011 alii

109 4018 155 4080 vel
175 4021 280 4083 nullius
298 4024 382 4115 pensi
402 4025 520 4102 bahent,
540 4026 586 4086 vel
607 3972 718 4100 rident,
738 4027 786 4086 vel
807 4027 980 4106 explodunt,
1000 4028 1047 4085 vel
1067 4026 1246 4088 abominan-

107 4107 166 4156 tur.
203 4098 236 4157 Si
256 4121 319 4179 qors
338 4102 529 4182 respondeat,
550 4101 746 4162 diversitatem
768 4123 800 4162 ea
820 4124 922 4162 eorum
947 4102 1109 4185 provenire
1135 4102 1245 4165 malitia

110 4183 141 4230 et
158 4176 364 4253 perversitate,
394 4178 524 4238 nondum
544 4179 723 4240 satisfactum
743 4179 847 4240 luerit:
880 4178 947 4259 quia
967 4190 997 4238 et
1016 4178 1142 4240 illorum
1164 4181 1246 4263 inge·

108 4247 190 4309 nium
210 4250 310 4313 eadem
329 4252 434 4315 malitia
454 4266 659 4337 occuparetur,
678 4256 733 4316 nisi
746 4255 825 4317 Deus
844 4276 894 4317 sua
914 4253 1050 4317 bonitate
1070 4257 1245 4343 corrigeret.
