2596 4726
423 158 480 266 'sn
501 204 643 275 nuncu
665 205 855 267 unnumu.
1133 210 1135 215 ·
1170 215 1207 275 11

67 352 215 454 scriptos
238 351 411 427 terminos
434 352 532 429 nelas
558 356 600 430 sit
626 353 822 429 revellere?
850 355 898 429 sic
923 353 1014 429 enim
1036 347 1210 457 interpress

69 485 159 543 tatus
183 486 236 545 est
260 470 505 578 Hieronymus,
528 470 625 545 cuius
640 470 746 546 verba
771 472 807 546 in
832 501 914 546 suos
936 500 1089 549 canones
1113 488 1207 547 retu·

68 585 192 663 lerunt.
226 585 382 684 ‘Quodsi
397 617 530 678 eorum,
553 618 643 691 quos
668 587 871 692 intelligunt,
894 590 982 664 lixos
995 587 1118 665 volunt
1131 619 1205 666 esse

68 705 252 813 terminos:
277 734 342 780 cur
367 703 441 807 ipsi,
466 705 601 806 quoties
625 704 725 793 libet,
748 706 841 780 adeo
866 704 1009 781 licenter
1033 725 1203 809 transgre-

67 814 234 897 diuntur?
268 828 319 897 Ex
340 821 504 898 Patribus
529 838 628 897 erant
648 852 801 924 quorum
820 821 916 898 alter.
931 822 1016 898 dixit
1027 823 1065 917 ¹),
1087 829 1204 900 Deum

69 955 231 1013 nostrum
246 966 320 1013 non
332 935 436 1013 edere
448 966 561 1039 neque
584 938 717 1036 bibere,
737 940 852 1043 itaque
878 968 950 1015 non
964 940 1096 1016 habere
1113 970 1204 1045 opus

67 1053 233 1130 calicibus
246 1082 362 1158 neque
377 1053 493 1131 discis:
515 1053 601 1130 alter
618 1056 660 1151 ²),
683 1084 780 1131 sacra
800 1084 923 1131 aurum
941 1086 1012 1130 non
1027 1085 1205 1159 quaerere,

69 1202 185 1275 neque
201 1202 288 1248 auro
309 1170 456 1273 plaeere,
481 1198 571 1273 quae
592 1200 678 1247 auro
698 1202 769 1248 non
788 1190 959 1252 emuntur.
1011 1166 1205 1278 Transgre-

67 1287 213 1365 diuutur
226 1319 311 1392 ergo
337 1287 493 1376 limitem,
513 1315 623 1390 quum
638 1289 675 1362 in
695 1290 800 1365 sacris
822 1306 1005 1392 tantopere
1023 1321 1122 1382 auro,
1148 1322 1203 1368 ar-

65 1422 191 1510 gento,
216 1408 344 1497 ebore,
365 1434 551 1495 marmore,
573 1404 715 1510 lapillis,
740 1406 854 1482 sericis
879 1406 1113 1499 delectantur,
1139 1439 1204 1486 nec

65 1526 260 1600 rite·Deum
283 1523 352 1599 coli
378 1540 501 1627 putant
527 1521 592 1601 nisi
620 1525 737 1598 onmia
761 1524 927 1628 exquisito
943 1524 1131 1629 splendore
1146 1526 1203 1604 vel

65 1643 184 1745 potius
206 1643 331 1719 insano
354 1639 438 1717 luxu
451 1639 619 1718 diffluant.
669 1648 775 1717 Pater
800 1659 874 1717 erat
887 1644 946 1746 qui
961 1643 1045 1719 dixit
1057 1646 1097 1739 ³),
1119 1644 1201 1721 ideo

65 1789 104 1833 se
128 1759 238 1835 libere
263 1787 386 1836 carnes
412 1756 516 1835 edere
536 1788 609 1861 quo
638 1757 694 1835 die
717 1761 841 1835 caeteri
864 1761 1095 1850 abstinebant,
1120 1762 1202 1866 quia
1246 1856 1248 1861 Ι

67 1876 282 1953 Christianus
304 1893 401 1951 esset.
452 1884 575 1980 ltaque
592 1878 678 1951 smcs
703 1876 895 1953 transiliunt
907 1908 1017 1980 quum
1031 1879 1113 1956 diris
1127 1880 1201 1957 ani·

66 2023 161 2069 rnam
186 1994 374 2086 devovent,
400 2023 490 2097 quae
516 2025 581 2098 per
592 1993 895 2097 quadragesimam
917 2023 1057 2071 carnem
1085 2014 1202 2100 gusta-

70 2112 167 2186 verit.
189 2118 309 2189 Patres
328 2128 436 2202 eraut,
456 2140 609 2214 quorum
631 2141 721 2187 unus
739 2111 821 2186 dixit
833 2112 874 2207 4),
898 2113 1123 2206 monachum,
1141 2117 1201 2219 qui

70 2228 228 2305 manibus
249 2232 320 2306 suis
354 2257 426 2305 non
449 2227 597 2319 laboret,
622 2228 774 2305 violento
801 2247 860 2306 aut
885 2231 912 2305 si
938 2231 1048 2307 mavis
1074 2230 1201 2309 latroni

65 2346 209 2422 iudicari
222 2347 420 2451 aequalem:
446 2345 533 2420 alter
544 2346 679 2441 ⁵),lnon
704 2346 806 2423 licere
818 2348 1001 2423 monachis
1019 2378 1059 2423 ex
1087 2348 1200 2426 alieno

66 2464 194 2555 virere,
213 2465 346 2540 etiarnsi
373 2462 500 2540 assidui
522 2464 589 2539 sint
612 2464 649 2538 in
675 2464 1036 2570 contemplationibus,
1059 2467 1096 2542 in
1120 2497 1201 2544 ora·

67 2582 238 2671 tionibus,
267 2583 303 2656 in
329 2583 459 2657 studiis.
524 2589 571 2657 Et
596 2582 690 2658 hunc
714 2583 856 2657 limitem
883 2585 1084 2687 transgressi
1110 2604 1201 2676 sunt,

65 2729 175 2802 quum
191 2700 324 2775 otiosos
348 2729 389 2774 ac
414 2699 564 2775 doliares
591 2701 845 2775 monachorum
862 2718 997 2776 ventres
1022 2703 1058 2776 in
1085 2701 1200 2780 lustris

65 2848 107 2891 ac
129 2817 319 2892 fornicibus
334 2818 561 2909 collocarunt,
587 2818 646 2921 qni
672 2817 782 2893 aliena
796 2817 984 2894 substantia
1000 2821 1199 2918 saginaren-

65 2953 132 3009 tur.
158 2935 264 3010 Pater
275 2954 348 3010 erat
360 2935 419 3039 qui
437 2936 520 3011 dixit
527 2934 792 3030 ⁰)‚horrendam
805 2965 878 3010 esse
891 2936 1199 3031 abominationem,

66 3052 186 3127 videre
212 3051 384 3155 depictam
403 3054 457 3132 vel
473 3053 600 3130 Christi
619 3051 674 3127 vel
695 3052 803 3128 sancti
829 3052 930 3128 ullius
951 3054 1136 3159 imaginem
1161 3058 1198 3134 in

65 3170 344 3246 Christianorum
354 3171 499 3276 templis.
538 3177 663 3273 Neque
684 3170 719 3244 id
734 3170 886 3245 hominis
902 3171 1004 3246 unius
1017 3202 1104 3249 voce
1114 3205 1197 3279 pro-

67 3289 262 3362 nuntiatum
291 3309 352 3379 est,
370 3290 430 3366 scd
455 3290 499 3365 ab
518 3288 747 3364 ecclesiastico
770 3289 872 3362 etiam
899 3289 1056 3365 Concilio
1078 3291 1198 3370 decre·
1223 3346 1224 3350 =

66 3423 138 3480 tum
148 3407 190 3499 7),
206 3407 355 3509 nequod
371 3406 545 3496 colitur,in
558 3406 746 3510 parietibus
759 3405 975 3509 depingatur.
999 3407 1198 3490 Plurimum

65 3525 163 3598 abest
182 3524 264 3626 quin
291 3556 328 3599 se
350 3527 440 3601 intra
463 3527 529 3600 hos
549 3527 636 3600 fines
651 3525 860 3614 contineant,
886 3524 1027 3628 quando
1046 3557 1119 3603 non
1142 3559 1197 3606 re-

65 3642 224 3744 linquunt
243 3642 409 3745 angulum
428 3644 635 3746 imaginibus
650 3672 809 3718 vacuum.
839 3630 1054 3720 Alius'Pater
1072 3674 1197 3722 consu·
1232 3678 1234 3683 ·

66 3760 127 3834 luit
141 3762 182 3853 ⁸),
201 3778 239 3837 ut
255 3761 374 3835 ollicio
394 3762 614 3837 humanitatis
629 3790 710 3863 erga
724 3777 883 3836 mortuos
896 3762 931 3836 in
948 3761 1124 3865 sepultura
1137 3763 1196 3840 de·

67 3878 182 3967 suncti,
207 3880 400 3954 sineremus
416 3910 476 3955 eos
498 3881 683 3983 quiescere.
722 3885 796 3953 Hos
816 3877 939 3954 limites
957 3897 1197 3984 perrumpunt,
1229 3894 1238 3911 ³

66 4015 391 4099 quurnperpetuam
407 4015 627 4074 mortuorum
651 3995 917 4073 sollicitudinem
929 3998 1109 4073 incutiunt.
1144 4003 1197 4073 Ex

81 4138 88 4142 ·
132 4182 163 4251 1)
181 4180 286 4234 Aeetius
307 4178 334 4232 iu
357 4180 458 4237 tib.1t.
483 4202 503 4233 c.
523 4182 561 4235 16.
584 4181 646 4250 trip.
666 4179 722 4232 bist.
789 4182 821 4251 2)
839 4183 932 4235 Ambr.
955 4183 1001 4233 lib.
1016 4185 1041 4236 2.
1064 4184 1097 4234 de
1116 4179 1196 4233 officii

66 4271 119 4319 cap.
136 4254 179 4306 28
248 4250 281 4316 3)
300 4248 441 4317 Spiridion.
459 4250 517 4318 trip.
536 4250 593 4303 bist.
611 4250 655 4302 lib.
673 4250 696 4302 1.
715 4252 828 4319 cap.10.
897 4251 929 4317 4)
946 4249 1019 4333 Trip.
1037 4249 1093 4303 bist.
1110 4249 1155 4300 lib.
1171 4250 1198 4299 tt.

66 4337 119 4399 cap.
136 4321 160 4373 1.
239 4317 272 4385 ⁵)
296 4318 400 4380 bremt.
423 4319 456 4369 dc
479 4339 495 4370 o
516 4338 559 4371 ere
581 4316 702 4370 monach.
729 4338 757 4369 rs
779 4320 825 4371 .7.
901 4318 932 4385 6)
955 4317 1005 4388 Epr
1026 4316 1145 4397 b.·epist.
1164 4314 1196 4364 ab

66 4384 256 4443 flrrroorem
324 4386 355 4453 7)
369 4384 450 4441 Cone.
461 4338 549 4441 tuber
576 4405 631 4440 can.
645 4384 685 4441 36.
746 4339 1196 4453 Sbrtmbrdebbralislrbd.e7·
