2700 4732
495 216 573 280 ΠΒ.
593 217 649 279 lv.
691 212 783 284 cte.
800 214 888 279 xm.
1210 224 1270 288 tat
1319 226 1326 239 '

195 371 225 433 3.
237 441 244 455 υ
257 364 302 424 'In
322 364 417 426 altero
436 364 517 443 quod
538 362 586 425 hie
607 363 728 424 diximus
748 360 1013 439 considerandum,
1031 362 1064 422 id
1083 362 1266 440 continetur,

119 454 154 505 ut
173 454 331 502 metiamur
351 443 427 503 vires
446 452 577 512 nostras,
602 453 636 500 ut
654 441 842 508 vocationem
863 451 996 500 nostram
1016 439 1182 501 intueamur
1225 459 1266 502 ne

120 518 298 581 beneficium
319 518 475 591 libertatis,
495 519 576 596 quod
597 517 683 578 nobis
704 518 785 577 Deus
806 508 944 592 eontulit,
964 517 1153 598 negligamus.
1184 483 1262 578 itam

120 598 172 677 qui
190 608 281 656 vovet
301 596 380 675 quod
402 594 448 653 vel
469 614 529 654 non
551 606 595 654 est
614 613 684 654 suae
706 592 860 667 facultatis,
879 592 925 653 vel
946 615 1012 653 cum
1032 594 1190 655 vocatione
1209 615 1262 656 sua

118 682 248 754 pugnat,
279 671 450 731 temerarius
484 682 541 730 est:
578 681 608 729 et
634 671 684 751 qui
711 669 769 729 Dei
802 669 1043 743 beneficentiam,
1073 691 1131 750 qua
1161 690 1262 732 rerum

119 750 251 811 omnium
270 749 417 808 Dominus
437 748 636 821 constituitur,
657 747 831 822 contemnit,
851 747 991 828 ingratus.
1011 776 1014 781 ·
1032 747 1133 822 Quum
1153 748 1194 807 ita
1214 747 1262 808 lo-

119 847 208 906 quor,
229 844 290 885 non
310 824 403 884 intelli
427 845 445 883 o
467 824 623 904 quicquam
644 843 706 885 esse
725 824 818 884 sicin
838 844 926 884 manu
948 833 1048 884 nostra
1067 824 1207 905 positum,
1227 835 1262 884 ut

118 902 256 985 propriae
274 903 387 961 virtutis
406 845 513 962 fiducia
533 901 657 975 subnixi,
676 900 749 960 illud
761 900 828 973 Deo
847 901 1062 981 promittamus.
1101 900 1263 960 Verissime

119 978 198 1038 enim
218 980 248 1037 in
268 979 449 1038 Arausieano
472 976 610 1038 Concilio
636 982 714 1058 (cap.
735 978 799 1053 11.)
824 978 975 1037 decretum
1004 975 1075 1051 suit,
1106 977 1179 1037 nihil
1203 976 1262 1038 rite
1327 1002 1331 1017 ·

118 1056 188 1116 Deo
208 1056 307 1114 voveri
328 1057 383 1116 nisi
404 1053 484 1136 quod
505 1055 542 1114 de
567 1075 655 1113 manu
676 1056 739 1115 eius
764 1055 979 1135 acceperimus:
1014 1053 1134 1132 quando
1160 1053 1262 1116 omnia

118 1151 194 1212 quae
213 1131 257 1191 illi
277 1130 458 1207 offeruntur,
477 1151 557 1191 mera
577 1143 646 1191 sunt
666 1131 728 1190 eius
748 1131 834 1190 dona.
873 1130 934 1190 Sed
948 1151 1037 1210 quum
1048 1129 1107 1190 Dei
1119 1129 1279 1212 heatgnt--·
1313 1132 1319 1145 '

116 1220 179 1268 tate
204 1208 260 1268 alia
286 1209 380 1269 nobis·
399 1210 463 1269 data
490 1209 565 1282 sint,
596 1207 659 1268 eius
684 1208 832 1286 aequitate
857 1205 912 1268 alia
937 1218 1058 1297 negatas
1090 1226 1259 1269 mensnram

117 1284 243 1346 collatae
262 1285 320 1345 silsi
340 1286 463 1365 quisque
503 1286 594 1344 ratiae
618 1288 667 1363 (ut
690 1284 774 1343 iubet
793 1282 901 1343 Paulus
927 1282 1013 1344 Rom.
1025 1289 1074 1359 12,
1084 1289 1113 1349 3.
1138 1283 1163 1343 Ι.
1184 1283 1258 1346 Cor.
1317 1333 1319 1337 ,

116 1367 165 1437 12,
177 1363 243 1438 11.)
262 1363 407 1442 respiciat.
450 1304 532 1421 Niiait
553 1381 626 1442 ergo
655 1360 702 1421 hic
722 1358 801 1421 alind
820 1358 905 1433 volo,
930 1381 1017 1439 quarn
1035 1373 1108 1422 vota
1129 1380 1192 1421 esse
1211 1372 1258 1422 at·

115 1449 177 1497 tem
201 1439 307 1498 eranda
327 1439 365 1498 ad
385 1458 451 1498 eum
472 1438 603 1512 modom,
624 1457 711 1517 quem
736 1437 792 1511 titt
818 1457 868 1496 sua
889 1437 1050 1496 donatione
1070 1437 1152 1498 Deus
1171 1456 1257 1518 prae·

115 1459 234 1575 antiit:
268 1535 307 1574 ne
326 1515 350 1575 si
369 1515 446 1575 ultra
467 1515 583 1574 coneris
624 1535 690 1574 uam
711 1513 761 1573 ille
782 1513 948 1595 permittat,
977 1513 1137 1592 teipsum,
1169 1514 1256 1575 nimia

115 1590 174 1650 tibi
193 1591 372 1673 arrogando,
394 1591 577 1671 praecipites.
604 1536 742 1669 iixempli
797 1589 863 1665 atia,
885 1590 1141 1664 Quumvoverent
1160 1590 1257 1653 sicarii

114 1667 170 1742 illi,
190 1689 316 1746 quorum
346 1669 458 1727 mentio
479 1668 512 1726 fit
532 1668 609 1748 apud
630 1667 740 1727 Lucam
775 1665 1017 1743 Act.23,12.)‚
1051 1668 1083 1726 t'e
1103 1666 1176 1726 nihil
1196 1664 1256 1729 cibi

139 1755 283 1805 ustaturos
303 1745 358 1804 nisi
379 1745 477 1805 occiso
498 1744 606 1804 Paulo:
628 1744 739 1804 etiamsi
759 1765 822 1804 non
842 1742 946 1803 fuisset
963 1742 1137 1803 sceleratum
1158 1744 1258 1805 cousi-

115 1764 198 1894 fium,
218 1824 367 1881 temeritas
379 1833 477 1881 tamen
489 1821 550 1900 ipsa
561 1820 683 1880 minime
695 1831 758 1880 erat
777 1820 910 1894 l'erenda,
929 1819 1009 1898 quod
1028 1818 1157 1880 hominis
1168 1820 1256 1882 vitam

114 1907 147 1957 et
171 1910 295 1957 mortem
320 1898 501 1958 subiicerent
519 1917 588 1958 suae
610 1898 757 1976 potestati.
803 1896 854 1956 Sic
873 1895 999 1976 Iephtlaa
1018 1895 1161 1956 stultitiae
1184 1916 1256 1958 suae

114 1994 226 2056 poenas
247 1974 329 2034 dedit
348 1974 456 2053 (ludio.
477 1981 530 2050 11,
549 1977 627 2052 30.),
658 1995 748 2053 quum
773 1974 926 2055 praecipiti
947 1972 1066 2033 fervore
1085 1973 1255 2035 inconside-

63 2054 65 2059 ’
114 2062 323 2133 ratumvotum
344 2051 491 2132 concepit.
530 2051 566 2109 ln
588 2064 648 2131 quo
667 2068 779 2144 genere
797 2050 952 2132 primatum
971 2068 1096 2111 resume
1115 2050 1255 2113 audaciae'

113 2139 197 2188 tenet
217 2127 378 2188 coelibatus
390 2127 434 2204 a),
478 2127 614 2188 Sacrifici
639 2144 730 2202 suun,
749 2127 888 2188 monachi
899 2139 938 2188 ret
955 2124 1097 2189 moniales
1116 2147 1186 2188 suae
1205 2127 1253 2188 in-

112 2204 256 2265 firmitatis
277 2204 378 2279 obliti,
410 2203 570 2265 coelibatui
598 2223 631 2263 se
655 2224 741 2283 pares
761 2222 824 2264 esse
844 2202 1020 2265 confidunt²
1058 2202 1130 2280 Quo
1156 2216 1255 2267 autem

112 2281 235 2342 oraculo
257 2280 355 2342 edocti
375 2291 453 2356 sunt,
473 2291 672 2340 constaturam
687 2280 747 2359 pibi
767 2292 831 2340 tota
851 2281 908 2341 rita
929 2278 1101 2358 castitatem,
1120 2281 1150 2341 in
1172 2285 1268 2344 cuius·

111 2359 201 2417 finem
227 2378 291 2417 eam
315 2358 441 2418 vovent?
479 2356 613 2417 Audiunt
638 2357 676 2417 de
705 2356 863 2419 universali
896 2357 1046 2417 hominum
1078 2358 1256 2421 conditione

111 2435 171 2494 Dei
190 2455 292 2494 vocem
313 2434 542 2512 (Gen.2,18.):
564 2435 654 2508 „Non
675 2444 718 2495 est
738 2433 851 2494 bonum
870 2433 984 2494 homini
997 2454 1059 2495 esse
1076 2434 1164 2495 soli.“
1201 2436 1254 2496 In·

111 2511 265 2593 telligunt,
294 2523 381 2591 atque
402 2512 513 2571 utinam
534 2532 596 2571 non
615 2511 773 2586 sentirent,
801 2522 953 2592 peccatum
973 2513 1005 2572 in
1025 2511 1112 2572 nobis
1132 2531 1253 2575 manens

112 2609 175 2648 non
200 2608 302 2648 carere
331 2589 479 2648 acerrimis
512 2587 628 2648 aculeis.
679 2587 764 2647 lllam
794 2588 961 2671 generalem
981 2590 1168 2648 vocationem
1194 2611 1253 2681 qna

111 2665 217 2726 fiducia
238 2676 373 2725 excutere
394 2667 503 2725 audent
524 2667 552 2724 in
573 2675 666 2724 totam
679 2665 787 2725 vitam?
807 2686 897 2745 quum
918 2665 1029 2723 donum
1049 2665 1252 2726 continentiae

111 2746 225 2822 saepius
245 2743 275 2800 in
292 2755 404 2802 certum
425 2754 482 2800 tem
507 2765 549 2814 us,
569 2752 660 2819 prout
680 2743 887 2821 opportunitas
905 2741 1041 2819 requirit,
1061 2741 1251 2804 concedatur.
1310 2738 1315 2749 '

111 2817 149 2876 In
170 2817 221 2877 tali
241 2820 399 2911 pervicacia
420 2839 458 2877 nc
478 2765 575 2876 ficum
595 2817 796 2876 auxiliatorem
816 2827 1000 2896 exspectent:
1032 2817 1083 2877 sed
1108 2819 1251 2879 memine-

112 2895 174 2953 rint
192 2907 289 2974 potrus
310 2895 370 2954 cius
392 2895 471 2987 quod
492 2896 601 2953 dietum
623 2894 928 2969 est(Deut.6,16·):
948 2891 1133 2967 „Dominum
1153 2894 1251 2959 Deum

110 2983 193 3031 tuum
213 2993 276 3032 non
295 2972 457 3031 tentabis.“
495 2972 563 3030 Hoc
583 2990 653 3030 vero
674 2970 772 3028 Deum
792 2981 906 3031 tentare
918 2976 985 3043 ''ett,
1005 2980 1109 3031 contra
1128 2969 1251 3035 inditam

110 3048 147 3108 ab
169 3069 206 3109 eo
228 3064 358 3109 naturam
380 3048 444 3121 niti,
463 3070 496 3107 ae
538 3047 681 3107 raesentia
702 3047 763 3107 eius
784 3047 862 3108 dona
881 3056 1022 3128 spernere
1041 3047 1100 3106 acsi
1119 3047 1192 3106 nihil
1212 3050 1250 3110 ad
1280 3057 1288 3067 '

110 3147 165 3185 nos
187 3129 380 3206 pertinerent.
428 3069 534 3197 QuodP
541 3124 588 3184 isti
612 3144 673 3182 non
692 3123 782 3184 modo
804 3124 929 3199 faciunt,
953 3122 1004 3183 sed
1030 3123 1251 3187 matrimonium

110 3203 198 3262 etiam
224 3205 304 3283 quod
334 3202 488 3262 instituere
517 3221 579 3259 non
610 3199 736 3260 alienum
768 3221 818 3261 sua
843 3201 994 3260 maiestate
1020 3200 1135 3260 censuit
1157 3201 1251 3280 Deus,

111 3279 192 3358 quod
212 3281 242 3340 in
264 3281 399 3341 omnibus
421 3276 596 3338 honorabile
616 3277 827 3356 pronuntiavit,
847 3278 927 3356 quod
949 3276 1082 3338 Christus
1102 3277 1250 3344 Dominus

110 3369 214 3416 noster
232 3378 283 3418 sua
303 3357 466 3437 praesentia
486 3353 688 3427 sanctificavit,
708 3354 787 3433 quod
806 3355 903 3433 primo
923 3375 976 3414 suo
995 3353 1138 3414 miraculo
1155 3348 1249 3418 citro·

110 3435 383 3515 nestare‘dignatus
404 3445 462 3506 est,
490 3429 688 3512 pollutionem
707 3449 814 3488 vocare
839 3429 962 3489 audent:
988 3441 1102 3491 tantum
1123 3443 1158 3493 ut
1177 3454 1249 3513 qua·

109 3508 287 3587 lemcunque
312 3509 489 3569 coelibatum
522 3506 601 3566 miris
625 3504 767 3565 encomiis
797 3504 913 3566 tollant.
964 3504 1057 3579 Quasi
1081 3527 1152 3567 vero
1185 3528 1249 3571 non

109 3584 188 3645 aliud
209 3585 385 3645 coelibatum
405 3604 478 3661 esse,
498 3582 577 3644 aliud
590 3581 799 3664 virginitatem,
818 3580 999 3642 luculentum
1018 3581 1074 3663 ipsi
1084 3582 1265 3661 documen-⁴

108 3674 172 3720 turn
193 3661 355 3742 praebeant
374 3662 404 3721 in
423 3683 473 3722 sua
494 3662 565 3723 rita:
612 3678 677 3717 nam
697 3670 793 3718 tamen
814 3657 1065 3751 impudentissime
1086 3660 1249 3741 angelicam

109 3751 227 3800 vocant.
252 3739 288 3797 In
308 3737 365 3799 hoc
377 3750 456 3797 certe
469 3680 648 3818 angelisssei
668 3736 790 3794 nimium
810 3734 919 3810 inaurii,
939 3734 1044 3815 quibus
1056 3748 1249 3815 scortatores,

108 3816 275 3891 adulteros,
304 3825 334 3872 et
359 3813 468 3893 aliquid
492 3812 586 3873 multo
611 3811 694 3894 peius
719 3833 753 3872 ac
780 3810 895 3872 foedius
921 3812 1170 3909 comparanffl)
1208 3815 1250 3877 Et

177 4012 205 4078 ²⁵)
223 4012 265 4065 De
278 4027 338 4065 voto
358 4013 499 4065 coelibatus
515 4012 565 4065 vid.
576 4009 647 4064 Cale.
662 4012 695 4063 do
711 4011 826 4076 fugiend.
841 4009 924 4063 illicit.
940 4007 1026 4061 sacris.
1062 4009 1136 4072 Item,
1155 4009 1247 4061 adver-

107 4102 149 4136 sus
167 4080 295 4146 Tlreolog.
313 4081 392 4132 Paris.
425 4080 490 4132 Item
509 4082 542 4133 de
558 4081 659 4132 Necess.
677 4081 835 4133 reformanti.
853 4079 943 4130 eccles.
976 4078 1042 4130 ltem
1058 4077 1086 4129 in
1104 4076 1249 4130 Praelatio·

106 4170 169 4201 nem
187 4151 306 4231 Antidoti
324 4151 358 4202 ad
376 4149 478 4202 Concil.
496 4148 614 4202 Trident.
646 4148 725 4212 ltcm,
749 4149 778 4200 in
794 4167 854 4201 vera
871 4147 961 4201 eccles.
977 4147 1084 4198 relorm.
1102 4157 1149 4199 rat.
1181 4144 1248 4197 Item

109 4220 143 4271 de
159 4217 376 4349 {gingilriiardus
398 4288 431 4339 de
454 4284 624 4338 conversione
647 4286 681 4338 ad
701 4283 817 4338 Clericos
839 4302 895 4364 cap.
907 4280 1019 4365 293'ubi
1042 4298 1135 4364 eorum
1148 4278 1249 4344 flagitia

107 4354 226 4407 traducit.
259 4355 383 4420 „Utinam
400 4354 446 4427 qui
470 4354 606 4410 continere
620 4373 677 4406 non
692 4354 790 4418 valent,
812 4353 953 4424 sociabatur
970 4351 1034 4404 dare
1048 4366 1159 4413 memma
1175 4363 1249 4404 ven·

133 4445 226 4496 euvini
238 4446 357 4492 hratitutio
371 4449 405 4496 ll.
1006 4422 1047 4484 w
