2700 4732
89 180 149 243 346
192 122 197 141 ¹
470 176 547 240 tta.
567 178 621 239 IV.
662 178 750 241 Chl’.
770 178 859 240 1111.

91 322 198 382 attinet
215 318 363 404 sigillatim
384 323 551 401 exponere?
588 323 657 384 Hoc
677 324 848 401 conatast),
869 320 1002 384 nullam
1018 342 1088 385 esse
1104 322 1227 385 houba

92 398 228 459 ordinem
255 399 347 478 magis
373 400 454 459 omni
479 400 618 460 vitiorum
643 402 827 493 turpitudine
857 401 1086 480 inquinatum:
1116 422 1227 483 anaqam

91 478 184 554 magis
205 475 321 534 fervent
340 474 501 548 factiones,
522 477 603 549 odia,
622 478 717 536 studia
737 479 883 557 partium,
907 476 1064 537 ambitus.
1103 475 1137 537 ln
1184 480 1227 539 neb

93 552 210 631 quidem
231 551 384 627 coenobiis
426 553 510 612 odice
530 552 652 612 vivitur:
672 554 695 613 si
712 555 862 645 pudicitia
886 554 1039 613 vocanda
1060 565 1116 627 est,
1170 556 1227 615 ier-

91 640 178 689 tenus
198 629 368 707 reprimitur
386 573 480 688 lihido
502 649 539 692 ne
569 630 652 688 ialam
667 631 848 690 sitmfamis:
870 630 1038 691 decimum
1050 632 1226 712 tamenqnsl·

92 725 151 783 que
170 705 216 767 vis
236 704 363 784 reperias
375 706 462 783 'quod
483 726 544 765 nou
578 728 686 785 upanar
704 708 741 766 sit
759 709 972 807 potiusquam
997 707 1144 767 castitatis
1159 728 1226 769 stne

92 783 177 841 rium.
216 780 401 841 Atinvictu
421 782 514 861 qualis
535 781 702 864 frugalitas?
739 784 807 843 hon
829 782 925 843 aliter
944 783 1046 862 porci
1067 784 1099 843 in
1117 784 1225 849 tamn

93 858 241 939 girantur.
294 856 354 917 Sed
381 878 418 917 ne
439 871 599 937 querantur
625 880 655 918 sc
677 860 760 919 nimis
784 858 1001 919 inclementer
1022 882 1042 921 a
1063 880 1113 921 me
1130 860 1224 929 trahi.

92 956 155 994 non
175 934 297 995 ulterius
315 953 419 1014 pergo.
470 935 648 1012 Quanquam
674 935 704 995 in
726 934 769 995 his
793 936 911 1015 paucis,
934 956 1024 1028 quae
1050 938 1154 1019 attigi,
1177 934 1223 997 ἦ

93 1031 156 1073 esse
176 1013 354 1071 accusatorie
374 1012 481 1070 dictum
504 1012 643 1071 fatebitur
661 1015 828 1092 quicunque
849 1032 917 1071 rem
941 1034 1048 1105 ipsam
1069 1015 1161 1075 norit.
1183 1016 1223 1073 ds·

93 1090 237 1171 gostinus,
257 1108 345 1167 quum
366 1100 445 1147 tanta
468 1089 600 1147 castitate
620 1089 780 1148 secundum
800 1089 864 1148 eius
887 1092 1115 1151 testemonium
1133 1088 1224 1151 eradi

94 1177 163 1224 rent
182 1164 329 1236 monachi,
349 1165 481 1243 queritur
500 1177 596 1223 tamen
619 1165 727 1226 multos
746 1185 810 1225 esse
830 1186 985 1241 errones,
1008 1170 1067 1248 qui
1086 1166 1224 1228 arabanti-

94 1243 150 1301 hus
183 1253 214 1299 et
244 1241 414 1320 imposturis
437 1241 630 1319 simpliciores
650 1242 773 1320 pecunia
805 1254 1001 1323 emungant,
1038 1244 1095 1325 qui
1123 1242 1224 1323 nttqi·

93 1319 255 1396 Martyrum
277 1317 511 1376 circumferendo
532 1330 633 1407 turpes
654 1319 886 1380 nundinationes
908 1335 1102 1394 exerceant,
1123 1320 1223 1399 inops

93 1396 256 1487 Martyrum
288 1394 417 1474 reliquiis
448 1395 648 1485 qirorumhhet
677 1407 863 1456 mortuorum
901 1416 977 1457 ossa
1005 1398 1174 1458 venditent:
1215 1394 1223 1407 '

94 1471 193 1531 miultis
212 1470 352 1530 similibus
379 1471 494 1551 flagitiis
521 1471 708 1552 ignominiam
730 1472 829 1531 ordini
848 1473 996 1533 inurant.
1048 1474 1095 1534 Ut
1111 1494 1143 1535 se

93 1548 198 1609 vidisse
216 1545 355 1608 meliores
374 1549 531 1626 praedicat,
552 1569 636 1626 quam
658 1549 708 1627 qui
726 1550 757 1608 in
777 1551 974 1610 monasteriis
993 1548 1223 1631 profeceriatzb

95 1625 233 1704 deplorat
252 1624 348 1684 nullos
368 1644 399 1682 se
425 1624 587 1683 deteriores
607 1625 720 1700 vidisse,
740 1647 826 1704 quam
847 1627 903 1704 qui
930 1630 966 1687 in
991 1626 1222 1689 monasteriislt·

94 1702 231 1761 fecerint.
271 1701 353 1775 Quid
375 1701 496 1773 diceret,
516 1701 539 1759 si
560 1700 648 1761 hodie
668 1702 854 1781 conspiceret
873 1714 926 1763 tot
947 1725 990 1764 ac
1014 1718 1081 1765 tam
1101 1702 1222 1797 deplou'

94 1779 171 1839 vitiis
192 1779 337 1837 exundare
358 1792 387 1837 et
407 1777 624 1856 quodammodo
644 1798 765 1858 crepare
785 1778 886 1839 omnia
909 1778 983 1841 fere
998 1780 1221 1861 coenatnttp

94 1856 169 1916 nibil
197 1855 252 1915 uisi
278 1856 357 1935 quod
392 1854 529 1915 omnibus
554 1867 597 1914 est
622 1855 804 1915 notissimum
831 1855 913 1915 dico.
957 1859 1083 1938 Neque
1106 1852 1221 1919 anast

96 1952 199 1992 omnes
232 1932 295 1997 sine
327 1931 385 1991 ulla
416 1952 535 2022 prorsus
569 1935 743 2012 exceptione
778 1932 915 2011 pertinet
953 1932 1041 1995 baec
1074 1932 1220 2025 vituperdlt

98 2008 356 2084 Quemadmodum
383 2027 462 2066 emm
489 2028 636 2088 nunquam
662 2010 736 2069 adeo
765 2007 840 2067 bene
861 2011 1048 2073 constituta
1070 2014 1220 2072 fnitune·

95 2086 229 2146 nastcriis
254 2098 354 2145 sancte
373 2084 488 2144 vivendi
513 2086 615 2167 regula
635 2098 666 2145 et
685 2084 851 2164 disciplina,
885 2087 966 2165 quin
997 2082 1220 2165 exstarentatqn'

95 2163 156 2223 luci
176 2162 266 2244 longe
284 2162 348 2223 aliis
368 2160 533 2221 dissimiles:
562 2165 601 2222 ita
622 2183 683 2222 non
703 2161 744 2222 sic
765 2161 853 2220 hodie
875 2182 893 2221 a
914 2178 1034 2226 sancta
1061 2166 1115 2226 itta
1132 2160 1219 2243 anfi

95 2250 155 2299 tate
175 2240 337 2299 monachos
357 2238 549 2320 degenerasse
575 2240 653 2315 dico,
675 2239 745 2318 quin
765 2238 881 2317 aliquos
903 2238 937 2299 in
959 2262 1026 2303 suo
1048 2262 1143 2327 grege
1156 2242 1219 2303 bess

95 2315 191 2375 adhuc
212 2316 355 2378 habeant:
387 2316 438 2375 sed
459 2314 488 2372 hi
509 2317 609 2392 pauci,
640 2328 670 2375 et
690 2315 812 2393 dispersi
832 2315 863 2373 ia
886 2314 940 2376 illa
966 2320 1098 2400 ingenti
1116 2318 1218 2379 aaa·

95 2403 127 2452 et
146 2392 349 2470 improborum
373 2391 561 2452 multitudine
587 2392 775 2452 delitescunt:
801 2411 856 2450 nec
882 2392 1219 2461 contemnuntur-fl

94 2468 146 2528 sed
163 2472 248 2528 etiam
268 2468 435 2545 petulanter
453 2470 648 2543 incessuntur,
667 2469 813 2528 interdum
826 2468 920 2527 etiam
933 2472 1117 2533 crudeliter
1130 2482 1219 2533 tna*

95 2545 201 2604 torah
222 2543 299 2604 aliis:
320 2545 369 2623 qui
390 2548 439 2623 (ot
458 2552 502 2603 est
521 2546 550 2604 in
572 2546 754 2606 Milesiorum
774 2544 967 2629 proverbio)
989 2551 1114 2611 nemini
1130 2546 1219 2632 apale

95 2622 180 2683 bono
200 2622 297 2681 locum
318 2641 380 2681 esse
401 2621 510 2680 dehere
530 2623 665 2682 creduut.

173 2706 221 2764 16.
261 2700 342 2757 llaec
360 2698 466 2756 veteris
492 2710 522 2757 et
547 2698 682 2758 hodierni
700 2697 895 2759 monachismi
922 2696 1218 2785 comparationes&

97 2777 169 2837 cisse
191 2776 336 2867 mequod
357 2775 436 2834 volui
463 2776 596 2849 conlido,
628 2788 659 2835 ut
685 2788 838 2867 appareat,
868 2779 1054 2842 cucullatos
1082 2770 1217 2841 amand

96 2853 289 2935 professionis
314 2872 383 2912 suae
414 2852 633 2926 defensionem,
665 2873 774 2943 primae
804 2850 953 2914 ecclesiae
990 2850 1218 2939 exemplnnlrl!

96 2941 283 3008 praetexere:
309 2928 547 3007 quandoquidem
572 2929 608 2987 ab
635 2929 691 2989 illis
716 2950 778 2987 non
803 2931 902 2990 minus
928 2931 1093 2995 differunt
1113 2926 1218 3015 quand

96 3009 172 3065 auiae
194 3007 229 3066 ab
251 3006 426 3064 hominihus.
465 3005 587 3063 Interim
608 3027 669 3064 non
691 3005 850 3078 dissimulo,
871 3007 921 3066 vel
945 3010 982 3068 in
1006 3011 1073 3086 illa,
1093 3008 1219 3103 quande·

96 3084 230 3163 gostinus
251 3083 454 3154 commendat,
473 3082 568 3160 prisca
587 3081 682 3141 forma
702 3102 763 3142 esse
783 3082 924 3142 nonnihil
949 3090 1044 3177 quod
1066 3092 1137 3148 mihi
1152 3102 1219 3168 pat!

98 3159 223 3237 placcat.
261 3160 297 3218 ln
320 3158 444 3217 externis
470 3159 617 3238 flgidioris
638 3158 805 3237 disciplinae
831 3161 990 3222 exercitiis
1014 3187 1082 3225 non
1105 3166 1220 3225 fuisse}

98 3236 282 3316 perstitiosos
300 3235 448 3296 concedo:
469 3247 499 3293 at
512 3236 696 3294 immodicam
709 3235 933 3295 affectationem
951 3252 987 3299 et
1010 3248 1221 3311 καεοξηὶῶνυι

97 3314 224 3372 abfuisse
245 3312 320 3371 dico.
371 3310 508 3371 Pulcrum
532 3312 600 3386 fuit,
624 3313 764 3371 abdicatis
785 3311 1005 3391 facultatibus,
1032 3318 1123 3377 omni
1140 3328 1220 3374 terre!

99 3389 296 3449 sollicitudine
317 3409 432 3447 carcre:
454 3401 482 3446 ot
502 3388 592 3467 pluris
606 3410 620 3446 a
634 3390 700 3448 Deo
721 3390 753 3446 lit
774 3386 903 3447 familiae
922 3392 981 3470 pie
1004 3395 1158 3485 regendae
1173 3408 1221 3457 curt

100 3467 152 3527 uhi
172 3477 287 3525 sanctus
307 3465 528 3543 paterfamilias,
548 3466 628 3524 omni
650 3465 783 3539 avaritia,
803 3466 992 3543 ambitione,
1016 3471 1144 3551 ahisque
1159 3466 1221 3529 cari

100 3541 307 3624 cupiditatibus
326 3540 437 3601 solutus
451 3553 480 3598 ct
495 3541 578 3613 liber,
600 3541 655 3601 hoc
676 3542 763 3601 habet
782 3542 835 3600 sihi
854 3549 1064 3624 propositum
1086 3560 1121 3607 ut
1137 3546 1222 3607 taren

100 3620 258 3683 vocatione
279 3619 345 3678 Deo
366 3619 481 3676 serviat.
522 3618 660 3678 Pulcrum
682 3630 726 3677 est
746 3619 775 3676 in
796 3637 932 3693 secessu,
965 3624 1082 3703 procarl
1109 3623 1222 3683 homin·

100 3695 329 3768 consuetudine,
354 3693 569 3774 philosophari:
601 3708 631 3755 at
651 3695 833 3755 Christianae
852 3702 1106 3761 mansuetudinis
1125 3722 1179 3760 noa
1192 3706 1223 3766 nt

101 3776 183 3855 quasi
203 3773 273 3832 odio
295 3771 412 3830 humani
432 3771 564 3851 generis,
583 3773 613 3829 in
634 3772 780 3830 desertum
806 3782 837 3829 ct
854 3774 1064 3837 solitudinem
1086 3777 1160 3839 conl

102 3867 133 3911 ct
158 3850 244 3912 simul
274 3869 306 3908 ea
339 3847 436 3907 officia
467 3848 602 3906 deserere
633 3867 708 3927 quae
734 3848 882 3908 Dominus
916 3852 1075 3933 imprimis
1104 3875 1168 3914 man

101 3927 223 3989 Etiamsi
243 3926 345 3985 demus
364 3923 437 3983 nihil
456 3924 533 3983 aliud
554 3924 641 3984 fuisse
660 3923 729 3984 mali
750 3924 781 3982 io
801 3943 835 3984 ea
855 3919 1079 4006 professione,
1102 3930 1158 3992 boc
1173 3937 1225 3989 αὴ

171 4185 200 4252 ⁸)
218 4180 402 4235 Cf.eBernnrcl.
421 4182 455 4232 ad
473 4178 672 4232 Gulielflbhat.
706 4182 808 4244 „llliror
825 4186 901 4236 unde
921 4186 1000 4240 inter
1018 4188 1166 4245 hionaehos
1179 4196 1224 4239 td

71 4300 74 4305 ,
102 4250 301 4321 intemperantia
319 4264 366 4301 etc.
408 4247 434 4300 0
453 4249 548 4301 sanitas
566 4249 720 4310 sanitatum,
742 4251 860 4302 sednon
880 4254 998 4321 vanior,
1015 4278 1096 4329 qnam
1117 4256 1223 4313 Μ’

79 4330 82 4335 “
120 4319 148 4370 ‘h
166 4321 257 4391 paullo
275 4331 335 4387 post
352 4319 458 4381 Augmt.
475 4316 509 4368 de
526 4336 607 4387 opero
622 4317 818 4371 illouachorum
836 4319 865 4372 in
883 4322 932 4376 lin.
