<?xml version="1.0" encoding="UTF-8"?>
<!DOCTYPE html PUBLIC "-//W3C//DTD XHTML 1.0 Transitional//EN"
    "http://www.w3.org/TR/xhtml1/DTD/xhtml1-transitional.dtd">
<html xmlns="http://www.w3.org/1999/xhtml" xml:lang="en" lang="en">
 <head>
  <title>
</title>
<meta http-equiv="Content-Type" content="text/html;charset=utf-8" />
  <meta name='ocr-system' content='tesseract 3.04.00' />
  <meta name='ocr-capabilities' content='ocr_page ocr_carea ocr_par ocr_line ocrx_word'/>
</head>
<body>
  <div class='ocr_page' id='page_1' title='image "./ioanniscalvinii02tholgoog_0256.png"; bbox 0 0 2700 4732; ppageno 0'>
   <div class='ocr_carea' id='block_1_1' title="bbox 446 208 1204 285">
    <p class='ocr_par' dir='ltr' id='par_1_1' title="bbox 446 208 1204 285">
     <span class='ocr_line' id='line_1_1' title="bbox 446 208 1204 285; baseline -0.009 -13"><span class='ocrx_word' id='word_1_1' title='bbox 446 208 819 273; x_wconf 67' lang='lat' dir='ltr'><strong>mmmm</strong></span> <span class='ocrx_word' id='word_1_2' title='bbox 1144 219 1204 285; x_wconf 68' lang='lat' dir='ltr'><strong>m</strong></span> 
     </span>
    </p>
   </div>
   <div class='ocr_carea' id='block_1_2' title="bbox 89 330 1203 2034">
    <p class='ocr_par' dir='ltr' id='par_1_2' title="bbox 90 330 1201 517">
     <span class='ocr_line' id='line_1_2' title="bbox 91 330 1201 491; baseline 0 -70"><span class='ocrx_word' id='word_1_3' title='bbox 91 358 130 439; x_wconf 77' lang='lat' dir='ltr'><strong>qul</strong></span> <span class='ocrx_word' id='word_1_4' title='bbox 143 378 215 421; x_wconf 83' lang='lat' dir='ltr'><strong>runc</strong></span> <span class='ocrx_word' id='word_1_5' title='bbox 231 366 358 419; x_wconf 77' lang='lat' dir='ltr'><strong>matrem</strong></span> <span class='ocrx_word' id='word_1_6' title='bbox 376 353 591 491; x_wconf 79' lang='lat' dir='ltr'><strong>custodemqqe</strong></span> <span class='ocrx_word' id='word_1_7' title='bbox 608 330 750 417; x_wconf 71' lang='lat' dir='ltr'><strong>virtutum</strong></span> <span class='ocrx_word' id='word_1_8' title='bbox 774 353 921 431; x_wconf 83' lang='lat' dir='ltr'><strong>curulum,</strong></span> <span class='ocrx_word' id='word_1_9' title='bbox 950 374 1031 417; x_wconf 87' lang='lat' dir='ltr'><strong>nunc</strong></span> <span class='ocrx_word' id='word_1_10' title='bbox 1054 354 1201 442; x_wconf 70' lang='lat' dir='ltr'><strong>originem</strong></span> 
     </span>
     <span class='ocr_line' id='line_1_3' title="bbox 90 430 937 517; baseline -0.008 -20"><span class='ocrx_word' id='word_1_11' title='bbox 90 434 204 517; x_wconf 79' lang='lat' dir='ltr'><strong>appellat,</strong></span> <span class='ocrx_word' id='word_1_12' title='bbox 222 433 426 498; x_wconf 84' lang='lat' dir='ltr'><strong>obedientiam</strong></span> <span class='ocrx_word' id='word_1_13' title='bbox 446 451 521 511; x_wconf 88' lang='lat' dir='ltr'><strong>quae</strong></span> <span class='ocrx_word' id='word_1_14' title='bbox 570 451 608 492; x_wconf 93' lang='lat' dir='ltr'><strong>eo</strong></span> <span class='ocrx_word' id='word_1_15' title='bbox 627 443 793 511; x_wconf 75' lang='lat' dir='ltr'><strong>praestatur</strong></span> <span class='ocrx_word' id='word_1_16' title='bbox 810 430 855 508; x_wconf 69' lang='lat'><strong>²¹²).</strong></span> <span class='ocrx_word' id='word_1_17' title='bbox 925 442 937 457; x_wconf 91' lang='grc'><strong>·“</strong></span> 
     </span>
    </p>

    <p class='ocr_par' dir='ltr' id='par_1_3' title="bbox 89 506 1203 2034">
     <span class='ocr_line' id='line_1_4' title="bbox 146 506 1202 643; baseline 0.004 -74"><span class='ocrx_word' id='word_1_18' title='bbox 146 520 172 579; x_wconf 71' lang='lat' dir='ltr'><strong>tt</strong></span> <span class='ocrx_word' id='word_1_19' title='bbox 207 512 329 603; x_wconf 70' lang='lat' dir='ltr'><strong>Veron?</strong></span> <span class='ocrx_word' id='word_1_20' title='bbox 340 507 393 569; x_wconf 87' lang='lat' dir='ltr'><strong>ubi</strong></span> <span class='ocrx_word' id='word_1_21' title='bbox 411 508 474 568; x_wconf 84' lang='lat' dir='ltr'><strong>Lex</strong></span> <span class='ocrx_word' id='word_1_22' title='bbox 482 507 616 643; x_wconf 64' lang='lat' dir='ltr'><strong>5Domini</strong></span> <span class='ocrx_word' id='word_1_23' title='bbox 635 507 881 601; x_wconf 33' lang='lat' dir='ltr'><strong>explicataunqbis</strong></span> <span class='ocrx_word' id='word_1_24' title='bbox 900 506 1006 598; x_wconf 72' lang='lat' dir='ltr'><strong>luerit,</strong></span> <span class='ocrx_word' id='word_1_25' title='bbox 1023 519 1087 572; x_wconf 87' lang='lat' dir='ltr'><strong>tum</strong></span> <span class='ocrx_word' id='word_1_26' title='bbox 1105 512 1202 593; x_wconf 77' lang='lat' dir='ltr'><strong>aptius</strong></span> 
     </span>
     <span class='ocr_line' id='line_1_5' title="bbox 89 584 1203 751; baseline -0.009 -26"><span class='ocrx_word' id='word_1_27' title='bbox 89 586 458 741; x_wconf 62' lang='lat' dir='ltr'><strong>sutrensis</strong></span> <span class='ocrx_word' id='word_1_28' title='bbox 478 585 756 751; x_wconf 55' lang='lat' dir='ltr'><strong>,tetemet</strong></span> <span class='ocrx_word' id='word_1_29' title='bbox 774 584 1203 751; x_wconf 53' lang='lat' dir='ltr'><strong>:subessent</strong></span> 
     </span>
     <span class='ocr_line' id='line_1_6' title="bbox 90 736 1200 833; baseline -0.001 -30"><span class='ocrx_word' id='word_1_30' title='bbox 90 741 134 819; x_wconf 78' lang='lat' dir='ltr'><strong>pir</strong></span> <span class='ocrx_word' id='word_1_31' title='bbox 149 742 340 833; x_wconf 78' lang='lat' dir='ltr'><strong>ipgrcdimur,</strong></span> <span class='ocrx_word' id='word_1_32' title='bbox 366 738 497 828; x_wconf 33' lang='lat' dir='ltr'><strong>quaeuad</strong></span> <span class='ocrx_word' id='word_1_33' title='bbox 516 736 710 828; x_wconf 77' lang='lat' dir='ltr'><strong>universalem</strong></span> <span class='ocrx_word' id='word_1_34' title='bbox 729 738 790 798; x_wconf 88' lang='lat' dir='ltr'><strong>eius</strong></span> <span class='ocrx_word' id='word_1_35' title='bbox 810 750 944 829; x_wconf 74' lang='lat' dir='ltr'><strong>potinam</strong></span> <span class='ocrx_word' id='word_1_36' title='bbox 957 739 1090 829; x_wconf 64' lang='lat' dir='ltr'><strong>iaciunt,</strong></span> <span class='ocrx_word' id='word_1_37' title='bbox 1109 742 1200 802; x_wconf 92' lang='lat' dir='ltr'><strong>modo</strong></span> 
     </span>
     <span class='ocr_line' id='line_1_7' title="bbox 90 813 1202 1027; baseline -0.011 -74"><span class='ocrx_word' id='word_1_38' title='bbox 90 826 510 985; x_wconf 60' lang='lat' dir='ltr'><strong>uestimentum</strong></span> <span class='ocrx_word' id='word_1_39' title='bbox 525 826 585 981; x_wconf 72' lang='lat' dir='ltr'><strong>‘n</strong></span> <span class='ocrx_word' id='word_1_40' title='bbox 609 813 1202 1027; x_wconf 64' lang='lat' dir='ltr'><strong>,llienemsequte:</strong></span> 
     </span>
     <span class='ocr_line' id='line_1_8' title="bbox 91 966 1202 1126; baseline 0 -19"><span class='ocrx_word' id='word_1_41' title='bbox 91 981 158 1107; x_wconf 50' lang='lat' dir='ltr'><strong>li*</strong></span> <span class='ocrx_word' id='word_1_42' title='bbox 170 980 451 1126; x_wconf 51' lang='lat' dir='ltr'><strong>ttttttlbd</strong></span> <span class='ocrx_word' id='word_1_43' title='bbox 468 966 1202 1124; x_wconf 46' lang='lat' dir='ltr'><strong>litt„”tltttssnslttlrtttstttttt</strong></span> 
     </span>
     <span class='ocr_line' id='line_1_9' title="bbox 92 1117 1200 1203; baseline 0.003 -22"><span class='ocrx_word' id='word_1_44' title='bbox 92 1122 162 1203; x_wconf 83' lang='lat' dir='ltr'><strong>begis</strong></span> <span class='ocrx_word' id='word_1_45' title='bbox 187 1134 280 1182; x_wconf 87' lang='lat' dir='ltr'><strong>torem</strong></span> <span class='ocrx_word' id='word_1_46' title='bbox 300 1142 364 1181; x_wconf 89' lang='lat' dir='ltr'><strong>nou</strong></span> <span class='ocrx_word' id='word_1_47' title='bbox 384 1120 559 1198; x_wconf 87' lang='lat' dir='ltr'><strong>respiciunt:</strong></span> <span class='ocrx_word' id='word_1_48' title='bbox 588 1139 605 1179; x_wconf 94' lang='lat' dir='ltr'><strong>a</strong></span> <span class='ocrx_word' id='word_1_49' title='bbox 628 1117 709 1178; x_wconf 89' lang='lat' dir='ltr'><strong>cuius</strong></span> <span class='ocrx_word' id='word_1_50' title='bbox 733 1120 856 1201; x_wconf 87' lang='lat' dir='ltr'><strong>ingenio</strong></span> <span class='ocrx_word' id='word_1_51' title='bbox 876 1130 980 1180; x_wconf 83' lang='lat' dir='ltr'><strong>nature</strong></span> <span class='ocrx_word' id='word_1_52' title='bbox 1020 1142 1120 1202; x_wconf 89' lang='lat' dir='ltr'><strong>uoque</strong></span> <span class='ocrx_word' id='word_1_53' title='bbox 1138 1122 1200 1184; x_wconf 86' lang='lat' dir='ltr'><strong>Le·</strong></span> 
     </span>
     <span class='ocr_line' id='line_1_10' title="bbox 91 1142 1202 1292; baseline 0.002 -33"><span class='ocrx_word' id='word_1_54' title='bbox 91 1198 307 1289; x_wconf 41' lang='lat' dir='ltr'><strong>girafestimanda</strong></span> <span class='ocrx_word' id='word_1_55' title='bbox 326 1207 380 1288; x_wconf 68' lang='lat'>²:³¹·</span> <span class='ocrx_word' id='word_1_56' title='bbox 437 1195 470 1255; x_wconf 89' lang='lat' dir='ltr'><strong>Si</strong></span> <span class='ocrx_word' id='word_1_57' title='bbox 492 1195 557 1274; x_wconf 90' lang='lat' dir='ltr'><strong>quis</strong></span> <span class='ocrx_word' id='word_1_58' title='bbox 576 1216 626 1254; x_wconf 86' lang='lat' dir='ltr'><strong>rex</strong></span> <span class='ocrx_word' id='word_1_59' title='bbox 645 1195 748 1284; x_wconf 47' lang='lat' dir='ltr'><strong>edicto·</strong></span> <span class='ocrx_word' id='word_1_60' title='bbox 764 1194 913 1286; x_wconf 42' lang='lat' dir='ltr'><strong>scortari,</strong></span> <span class='ocrx_word' id='word_1_61' title='bbox 930 1142 1088 1289; x_wconf 69' lang='lat' dir='ltr'><strong>occidere,</strong></span> <span class='ocrx_word' id='word_1_62' title='bbox 1107 1198 1202 1292; x_wconf 73' lang='lat' dir='ltr'><strong>furari</strong></span> 
     </span>
     <span class='ocr_line' id='line_1_11' title="bbox 92 1270 1202 1437; baseline -0.001 -24"><span class='ocrx_word' id='word_1_63' title='bbox 92 1270 1202 1437; x_wconf 56' lang='lat' dir='ltr'><strong>ttl÷¹1ot2nttlmt{nnnstetinum?tillem</strong></span> 
     </span>
     <span class='ocr_line' id='line_1_12' title="bbox 93 1422 1201 1517; baseline 0.001 -30"><span class='ocrx_word' id='word_1_64' title='bbox 93 1428 253 1517; x_wconf 68' lang='lat' dir='ltr'><strong>ptqpetrarit.</strong></span> <span class='ocrx_word' id='word_1_65' title='bbox 310 1426 441 1515; x_wconf 76' lang='lat' dir='ltr'><strong>Nempe,</strong></span> <span class='ocrx_word' id='word_1_66' title='bbox 475 1425 541 1503; x_wconf 82' lang='lat' dir='ltr'><strong>quia</strong></span> <span class='ocrx_word' id='word_1_67' title='bbox 562 1422 692 1514; x_wconf 75' lang='lat' dir='ltr'><strong>mortalis</strong></span> <span class='ocrx_word' id='word_1_68' title='bbox 711 1423 901 1515; x_wconf 69' lang='lat' dir='ltr'><strong>chrslatorqs</strong></span> <span class='ocrx_word' id='word_1_69' title='bbox 920 1425 1201 1517; x_wconf 41' lang='lat' dir='ltr'><strong>providentia-non·</strong></span> 
     </span>
     <span class='ocr_line' id='line_1_13' title="bbox 93 1500 1203 1673; baseline -0.001 -33"><span class='ocrx_word' id='word_1_70' title='bbox 93 1502 531 1673; x_wconf 58' lang='lat' dir='ltr'><strong>mtssntellgttm</strong></span> <span class='ocrx_word' id='word_1_71' title='bbox 572 1500 754 1636; x_wconf 61' lang='lat' dir='ltr'><strong>stetin</strong></span> <span class='ocrx_word' id='word_1_72' title='bbox 770 1500 1203 1669; x_wconf 61' lang='lat' dir='ltr'><strong>&lt;sentientium</strong></span> 
     </span>
     <span class='ocr_line' id='line_1_14' title="bbox 94 1654 1203 1821; baseline -0.003 -27"><span class='ocrx_word' id='word_1_73' title='bbox 94 1666 338 1821; x_wconf 65' lang='lat' dir='ltr'><strong>b‘ttltfttt</strong></span> <span class='ocrx_word' id='word_1_74' title='bbox 355 1664 796 1819; x_wconf 59' lang='lat' dir='ltr'><strong>tttttltjttlttnttttt‘,</strong></span> <span class='ocrx_word' id='word_1_75' title='bbox 812 1654 1203 1809; x_wconf 58' lang='lat' dir='ltr'><strong>ttttnsslltt’tssllt&#39;tl</strong></span> 
     </span>
     <span class='ocr_line' id='line_1_15' title="bbox 95 1796 1201 1898; baseline 0.002 -31"><span class='ocrx_word' id='word_1_76' title='bbox 95 1796 383 1898; x_wconf 33' lang='lat' dir='ltr'><strong>dreni-appetentiam,</strong></span> <span class='ocrx_word' id='word_1_77' title='bbox 402 1806 503 1866; x_wconf 89' lang='lat' dir='ltr'><strong>dolum</strong></span> <span class='ocrx_word' id='word_1_78' title='bbox 523 1816 557 1895; x_wconf 73' lang='lat' dir='ltr'><strong>et</strong></span> <span class='ocrx_word' id='word_1_79' title='bbox 572 1805 710 1885; x_wconf 74' lang='lat' dir='ltr'><strong>quicquid</strong></span> <span class='ocrx_word' id='word_1_80' title='bbox 731 1804 789 1896; x_wconf 78' lang='lat' dir='ltr'><strong>tale</strong></span> <span class='ocrx_word' id='word_1_81' title='bbox 810 1816 863 1875; x_wconf 87' lang='lat' dir='ltr'><strong>cst,</strong></span> <span class='ocrx_word' id='word_1_82' title='bbox 882 1817 969 1864; x_wconf 85' lang='lat' dir='ltr'><strong>vetat.</strong></span> <span class='ocrx_word' id='word_1_83' title='bbox 1014 1806 1088 1867; x_wconf 78' lang='lat' dir='ltr'><strong>Nam</strong></span> <span class='ocrx_word' id='word_1_84' title='bbox 1110 1828 1201 1886; x_wconf 88' lang='lat' dir='ltr'><strong>quum</strong></span> 
     </span>
     <span class='ocr_line' id='line_1_16' title="bbox 94 1881 1201 2016; baseline 0.001 -73"><span class='ocrx_word' id='word_1_85' title='bbox 94 1884 280 1976; x_wconf 69' lang='lat' dir='ltr'><strong>a&#39;ttprritoalrs</strong></span> <span class='ocrx_word' id='word_1_86' title='bbox 297 1881 482 1974; x_wconf 64' lang='lat' dir='ltr'><strong>begrslstor,</strong></span> <span class='ocrx_word' id='word_1_87' title='bbox 509 1901 621 1971; x_wconf 74' lang='lat' dir='ltr'><strong>animae</strong></span> <span class='ocrx_word' id='word_1_88' title='bbox 645 1902 707 1972; x_wconf 80' lang='lat' dir='ltr'><strong>non</strong></span> <span class='ocrx_word' id='word_1_89' title='bbox 732 1902 828 1942; x_wconf 77' lang='lat' dir='ltr'><strong>minus</strong></span> <span class='ocrx_word' id='word_1_90' title='bbox 852 1886 939 2016; x_wconf 72' lang='lat' dir='ltr'><strong>quam</strong></span> <span class='ocrx_word' id='word_1_91' title='bbox 963 1882 1084 1960; x_wconf 82' lang='lat' dir='ltr'>corpori</span> <span class='ocrx_word' id='word_1_92' title='bbox 1103 1883 1201 1963; x_wconf 90' lang='lat' dir='ltr'><strong>loqui-</strong></span> 
     </span>
     <span class='ocr_line' id='line_1_17' title="bbox 94 1958 1201 2034; baseline 0.001 -15"><span class='ocrx_word' id='word_1_93' title='bbox 94 1968 135 2019; x_wconf 87' lang='lat' dir='ltr'><strong>trr.</strong></span> <span class='ocrx_word' id='word_1_94' title='bbox 163 1960 360 2021; x_wconf 83' lang='lat' dir='ltr'><strong>Homrcrdrurn</strong></span> <span class='ocrx_word' id='word_1_95' title='bbox 381 1970 479 2019; x_wconf 85' lang='lat' dir='ltr'><strong>autem</strong></span> <span class='ocrx_word' id='word_1_96' title='bbox 498 1977 626 2031; x_wconf 87' lang='lat' dir='ltr'><strong>ammae,</strong></span> <span class='ocrx_word' id='word_1_97' title='bbox 651 1977 695 2016; x_wconf 81' lang='lat' dir='ltr'><strong>nu</strong></span> <span class='ocrx_word' id='word_1_98' title='bbox 716 1969 759 2017; x_wconf 91' lang='lat' dir='ltr'><strong>est</strong></span> <span class='ocrx_word' id='word_1_99' title='bbox 778 1978 811 2016; x_wconf 79' lang='lat' dir='ltr'><strong>ac</strong></span> <span class='ocrx_word' id='word_1_100' title='bbox 832 1978 850 2017; x_wconf 95' lang='lat' dir='ltr'><strong>o</strong></span> <span class='ocrx_word' id='word_1_101' title='bbox 873 1979 946 2016; x_wconf 84' lang='lat' dir='ltr'><strong>rum:</strong></span> <span class='ocrx_word' id='word_1_102' title='bbox 980 1958 1104 2034; x_wconf 86' lang='lat' dir='ltr'><strong>lurtum,</strong></span> <span class='ocrx_word' id='word_1_103' title='bbox 1125 1959 1201 2020; x_wconf 83' lang='lat' dir='ltr'><strong>mala</strong></span> 
     </span>
    </p>
   </div>
   <div class='ocr_carea' id='block_1_3' title="bbox 94 2016 1201 2245">
    <p class='ocr_par' dir='ltr' id='par_1_4' title="bbox 94 2016 1201 2245">
     <span class='ocr_line' id='line_1_18' title="bbox 94 2016 1201 2127; baseline 0 -30"><span class='ocrx_word' id='word_1_104' title='bbox 94 2016 209 2127; x_wconf 73' lang='lat' dir='ltr'><strong>cupiditas</strong></span> <span class='ocrx_word' id='word_1_105' title='bbox 227 2049 260 2097; x_wconf 85' lang='lat' dir='ltr'><strong>et</strong></span> <span class='ocrx_word' id='word_1_106' title='bbox 277 2037 410 2098; x_wconf 78' lang='lat' dir='ltr'><strong>avaritia:</strong></span> <span class='ocrx_word' id='word_1_107' title='bbox 430 2034 590 2108; x_wconf 73' lang='lat' dir='ltr'><strong>scortatio,</strong></span> <span class='ocrx_word' id='word_1_108' title='bbox 609 2032 714 2093; x_wconf 91' lang='lat' dir='ltr'><strong>libido.</strong></span> <span class='ocrx_word' id='word_1_109' title='bbox 736 2034 831 2116; x_wconf 82' lang='lat' dir='ltr'>Leges</span> <span class='ocrx_word' id='word_1_110' title='bbox 852 2032 1091 2095; x_wconf 81' lang='lat' dir='ltr'><strong>etiambumante</strong></span> <span class='ocrx_word' id='word_1_111' title='bbox 1105 2036 1201 2114; x_wconf 90' lang='lat' dir='ltr'><strong>(dicct</strong></span> 
     </span>
     <span class='ocr_line' id='line_1_19' title="bbox 95 2110 1201 2245; baseline -0.002 -70"><span class='ocrx_word' id='word_1_112' title='bbox 95 2114 222 2245; x_wconf 70' lang='lat' dir='ltr'><strong>quipiam)</strong></span> <span class='ocrx_word' id='word_1_113' title='bbox 254 2112 377 2173; x_wconf 88' lang='lat' dir='ltr'><strong>consilia</strong></span> <span class='ocrx_word' id='word_1_114' title='bbox 403 2123 433 2171; x_wconf 88' lang='lat' dir='ltr'><strong>et</strong></span> <span class='ocrx_word' id='word_1_115' title='bbox 457 2112 622 2171; x_wconf 77' lang='lat' dir='ltr'><strong>voluntates</strong></span> <span class='ocrx_word' id='word_1_116' title='bbox 646 2121 795 2191; x_wconf 86' lang='lat' dir='ltr'><strong>spectant,</strong></span> <span class='ocrx_word' id='word_1_117' title='bbox 823 2130 884 2169; x_wconf 91' lang='lat' dir='ltr'><strong>non</strong></span> <span class='ocrx_word' id='word_1_118' title='bbox 911 2110 1050 2173; x_wconf 80' lang='lat' dir='ltr'><strong>fortuitos</strong></span> <span class='ocrx_word' id='word_1_119' title='bbox 1070 2124 1201 2178; x_wconf 80' lang='lat' dir='ltr'><strong>eventus.</strong></span> 
     </span>
    </p>
   </div>
   <div class='ocr_carea' id='block_1_4' title="bbox 92 2186 1203 4026">
    <p class='ocr_par' dir='ltr' id='par_1_5' title="bbox 96 2186 1202 3851">
     <span class='ocr_line' id='line_1_20' title="bbox 115 2186 1202 2269; baseline 0 -20"><span class='ocrx_word' id='word_1_120' title='bbox 115 2200 192 2265; x_wconf 81' lang='lat' dir='ltr'><strong>attor,</strong></span> <span class='ocrx_word' id='word_1_121' title='bbox 207 2189 259 2249; x_wconf 83' lang='lat' dir='ltr'><strong>sed</strong></span> <span class='ocrx_word' id='word_1_122' title='bbox 280 2208 356 2269; x_wconf 84' lang='lat' dir='ltr'><strong>quae</strong></span> <span class='ocrx_word' id='word_1_123' title='bbox 375 2200 454 2249; x_wconf 82' lang='lat' dir='ltr'><strong>extra</strong></span> <span class='ocrx_word' id='word_1_124' title='bbox 474 2198 663 2247; x_wconf 84' lang='lat' dir='ltr'><strong>emerserunt.</strong></span> <span class='ocrx_word' id='word_1_125' title='bbox 704 2186 775 2261; x_wconf 89' lang='lat' dir='ltr'><strong>Quo</strong></span> <span class='ocrx_word' id='word_1_126' title='bbox 794 2186 893 2247; x_wconf 76' lang='lat' dir='ltr'><strong>animo</strong></span> <span class='ocrx_word' id='word_1_127' title='bbox 912 2188 1144 2267; x_wconf 88' lang='lat' dir='ltr'><strong>unumquodque</strong></span> <span class='ocrx_word' id='word_1_128' title='bbox 1156 2187 1202 2250; x_wconf 83' lang='lat' dir='ltr'><strong>la-</strong></span> 
     </span>
     <span class='ocr_line' id='line_1_21' title="bbox 97 2262 1201 2344; baseline 0.003 -19"><span class='ocrx_word' id='word_1_129' title='bbox 97 2262 162 2333; x_wconf 74' lang='lat' dir='ltr'><strong>cinus</strong></span> <span class='ocrx_word' id='word_1_130' title='bbox 176 2266 282 2326; x_wconf 75' lang='lat' dir='ltr'><strong>editum</strong></span> <span class='ocrx_word' id='word_1_131' title='bbox 302 2266 403 2339; x_wconf 85' lang='lat' dir='ltr'><strong>luerit,</strong></span> <span class='ocrx_word' id='word_1_132' title='bbox 421 2264 601 2342; x_wconf 87' lang='lat' dir='ltr'><strong>expendunt:</strong></span> <span class='ocrx_word' id='word_1_133' title='bbox 622 2263 673 2323; x_wconf 85' lang='lat' dir='ltr'><strong>sed</strong></span> <span class='ocrx_word' id='word_1_134' title='bbox 693 2282 811 2323; x_wconf 88' lang='lat' dir='ltr'><strong>arcanas</strong></span> <span class='ocrx_word' id='word_1_135' title='bbox 830 2262 1026 2344; x_wconf 87' lang='lat' dir='ltr'><strong>cogitationes</strong></span> <span class='ocrx_word' id='word_1_136' title='bbox 1045 2286 1107 2325; x_wconf 90' lang='lat' dir='ltr'><strong>non</strong></span> <span class='ocrx_word' id='word_1_137' title='bbox 1119 2288 1201 2327; x_wconf 86' lang='lat' dir='ltr'><strong>scru-</strong></span> 
     </span>
     <span class='ocr_line' id='line_1_22' title="bbox 96 2338 1202 2418; baseline 0.005 -19"><span class='ocrx_word' id='word_1_138' title='bbox 96 2350 183 2401; x_wconf 78' lang='lat' dir='ltr'><strong>tanter.</strong></span> <span class='ocrx_word' id='word_1_139' title='bbox 213 2342 346 2404; x_wconf 82' lang='lat' dir='ltr'><strong>Proinde</strong></span> <span class='ocrx_word' id='word_1_140' title='bbox 371 2342 428 2401; x_wconf 90' lang='lat' dir='ltr'><strong>illis</strong></span> <span class='ocrx_word' id='word_1_141' title='bbox 445 2340 622 2401; x_wconf 79' lang='lat' dir='ltr'><strong>satisfactum</strong></span> <span class='ocrx_word' id='word_1_142' title='bbox 644 2340 748 2413; x_wconf 85' lang='lat' dir='ltr'><strong>luerit,</strong></span> <span class='ocrx_word' id='word_1_143' title='bbox 772 2338 825 2398; x_wconf 93' lang='lat' dir='ltr'><strong>ubi</strong></span> <span class='ocrx_word' id='word_1_144' title='bbox 844 2342 907 2418; x_wconf 90' lang='lat' dir='ltr'><strong>quis</strong></span> <span class='ocrx_word' id='word_1_145' title='bbox 926 2361 1043 2400; x_wconf 88' lang='lat' dir='ltr'><strong>manum</strong></span> <span class='ocrx_word' id='word_1_146' title='bbox 1064 2342 1202 2404; x_wconf 83' lang='lat' dir='ltr'><strong>duntaxat</strong></span> 
     </span>
     <span class='ocr_line' id='line_1_23' title="bbox 99 2416 1201 2498; baseline 0.005 -23"><span class='ocrx_word' id='word_1_147' title='bbox 99 2416 248 2480; x_wconf 70' lang='lat' dir='ltr'><strong>continurit</strong></span> <span class='ocrx_word' id='word_1_148' title='bbox 265 2440 282 2479; x_wconf 86' lang='lat' dir='ltr'><strong>a</strong></span> <span class='ocrx_word' id='word_1_149' title='bbox 302 2418 548 2498; x_wconf 80' lang='lat' dir='ltr'><strong>transgressione:</strong></span> <span class='ocrx_word' id='word_1_150' title='bbox 570 2428 673 2476; x_wconf 83' lang='lat' dir='ltr'><strong>contra</strong></span> <span class='ocrx_word' id='word_1_151' title='bbox 693 2428 800 2488; x_wconf 87' lang='lat' dir='ltr'><strong>autem,</strong></span> <span class='ocrx_word' id='word_1_152' title='bbox 820 2417 888 2494; x_wconf 90' lang='lat' dir='ltr'><strong>quia</strong></span> <span class='ocrx_word' id='word_1_153' title='bbox 907 2417 1009 2477; x_wconf 87' lang='lat' dir='ltr'><strong>animis</strong></span> <span class='ocrx_word' id='word_1_154' title='bbox 1022 2417 1201 2480; x_wconf 78' lang='lat' dir='ltr'><strong>nostrislata</strong></span> 
     </span>
     <span class='ocr_line' id='line_1_24' title="bbox 98 2492 1201 2569; baseline 0.004 -18"><span class='ocrx_word' id='word_1_155' title='bbox 98 2502 132 2551; x_wconf 81' lang='lat' dir='ltr'><strong>est</strong></span> <span class='ocrx_word' id='word_1_156' title='bbox 144 2492 193 2553; x_wconf 76' lang='lat' dir='ltr'><strong>bet</strong></span> <span class='ocrx_word' id='word_1_157' title='bbox 209 2495 354 2569; x_wconf 86' lang='lat' dir='ltr'><strong>coelestis,</strong></span> <span class='ocrx_word' id='word_1_158' title='bbox 373 2514 476 2553; x_wconf 88' lang='lat' dir='ltr'><strong>eorum</strong></span> <span class='ocrx_word' id='word_1_159' title='bbox 496 2493 638 2553; x_wconf 83' lang='lat' dir='ltr'><strong>coercitio</strong></span> <span class='ocrx_word' id='word_1_160' title='bbox 659 2492 694 2553; x_wconf 88' lang='lat' dir='ltr'><strong>ad</strong></span> <span class='ocrx_word' id='word_1_161' title='bbox 708 2493 813 2552; x_wconf 86' lang='lat' dir='ltr'><strong>iustam</strong></span> <span class='ocrx_word' id='word_1_162' title='bbox 826 2492 887 2552; x_wconf 92' lang='lat' dir='ltr'><strong>eius</strong></span> <span class='ocrx_word' id='word_1_163' title='bbox 898 2492 1135 2554; x_wconf 87' lang='lat' dir='ltr'><strong>observationem</strong></span> <span class='ocrx_word' id='word_1_164' title='bbox 1146 2496 1201 2555; x_wconf 88' lang='lat' dir='ltr'><strong>im·</strong></span> 
     </span>
     <span class='ocr_line' id='line_1_25' title="bbox 98 2568 1202 2652; baseline 0.002 -22"><span class='ocrx_word' id='word_1_165' title='bbox 98 2568 174 2647; x_wconf 71' lang='lat' dir='ltr'><strong>pinis</strong></span> <span class='ocrx_word' id='word_1_166' title='bbox 189 2570 347 2633; x_wconf 78' lang='lat' dir='ltr'><strong>necessaria</strong></span> <span class='ocrx_word' id='word_1_167' title='bbox 367 2583 420 2629; x_wconf 88' lang='lat' dir='ltr'><strong>est.</strong></span> <span class='ocrx_word' id='word_1_168' title='bbox 459 2570 499 2628; x_wconf 77' lang='lat' dir='ltr'><strong>At</strong></span> <span class='ocrx_word' id='word_1_169' title='bbox 518 2569 620 2651; x_wconf 82' lang='lat' dir='ltr'><strong>vulgus</strong></span> <span class='ocrx_word' id='word_1_170' title='bbox 641 2568 803 2645; x_wconf 89' lang='lat' dir='ltr'><strong>hominum,</strong></span> <span class='ocrx_word' id='word_1_171' title='bbox 824 2568 910 2627; x_wconf 78' lang='lat' dir='ltr'><strong>ctiam</strong></span> <span class='ocrx_word' id='word_1_172' title='bbox 931 2569 999 2627; x_wconf 84' lang='lat' dir='ltr'><strong>dum</strong></span> <span class='ocrx_word' id='word_1_173' title='bbox 1019 2570 1107 2652; x_wconf 83' lang='lat' dir='ltr'><strong>Legis</strong></span> <span class='ocrx_word' id='word_1_174' title='bbox 1126 2590 1202 2632; x_wconf 89' lang='lat' dir='ltr'><strong>con-</strong></span> 
     </span>
     <span class='ocr_line' id='line_1_26' title="bbox 97 2644 1202 2737; baseline 0.005 -34"><span class='ocrx_word' id='word_1_175' title='bbox 97 2654 210 2737; x_wconf 76' lang='lat' dir='ltr'><strong>temptum</strong></span> <span class='ocrx_word' id='word_1_176' title='bbox 230 2648 348 2709; x_wconf 77' lang='lat' dir='ltr'><strong>sortiter</strong></span> <span class='ocrx_word' id='word_1_177' title='bbox 367 2646 539 2720; x_wconf 87' lang='lat' dir='ltr'><strong>dissimulat,</strong></span> <span class='ocrx_word' id='word_1_178' title='bbox 558 2644 673 2719; x_wconf 89' lang='lat' dir='ltr'><strong>oculos,</strong></span> <span class='ocrx_word' id='word_1_179' title='bbox 695 2645 798 2724; x_wconf 84' lang='lat' dir='ltr'><strong>pedes,</strong></span> <span class='ocrx_word' id='word_1_180' title='bbox 824 2666 942 2718; x_wconf 86' lang='lat' dir='ltr'><strong>manus,</strong></span> <span class='ocrx_word' id='word_1_181' title='bbox 962 2659 992 2703; x_wconf 91' lang='lat' dir='ltr'><strong>et</strong></span> <span class='ocrx_word' id='word_1_182' title='bbox 1011 2667 1114 2707; x_wconf 89' lang='lat' dir='ltr'><strong>omues</strong></span> <span class='ocrx_word' id='word_1_183' title='bbox 1135 2669 1202 2708; x_wconf 88' lang='lat' dir='ltr'><strong>cor-</strong></span> 
     </span>
     <span class='ocr_line' id='line_1_27' title="bbox 98 2721 1200 2805; baseline 0 -22"><span class='ocrx_word' id='word_1_184' title='bbox 98 2736 269 2805; x_wconf 70' lang='lat' dir='ltr'><strong>perspectos</strong></span> <span class='ocrx_word' id='word_1_185' title='bbox 294 2726 327 2783; x_wconf 87' lang='lat' dir='ltr'><strong>in</strong></span> <span class='ocrx_word' id='word_1_186' title='bbox 351 2724 475 2802; x_wconf 85' lang='lat' dir='ltr'><strong>aliquam</strong></span> <span class='ocrx_word' id='word_1_187' title='bbox 501 2722 589 2803; x_wconf 81' lang='lat' dir='ltr'><strong>Legis</strong></span> <span class='ocrx_word' id='word_1_188' title='bbox 615 2721 849 2781; x_wconf 87' lang='lat' dir='ltr'><strong>observationem</strong></span> <span class='ocrx_word' id='word_1_189' title='bbox 877 2723 1046 2800; x_wconf 89' lang='lat' dir='ltr'><strong>componit:</strong></span> <span class='ocrx_word' id='word_1_190' title='bbox 1079 2744 1132 2782; x_wconf 88' lang='lat' dir='ltr'><strong>eor</strong></span> <span class='ocrx_word' id='word_1_191' title='bbox 1162 2724 1200 2783; x_wconf 87' lang='lat' dir='ltr'><strong>ab</strong></span> 
     </span>
     <span class='ocr_line' id='line_1_28' title="bbox 99 2797 1202 2871; baseline 0.001 -12"><span class='ocrx_word' id='word_1_192' title='bbox 99 2800 158 2859; x_wconf 74' lang='lat' dir='ltr'><strong>nni</strong></span> <span class='ocrx_word' id='word_1_193' title='bbox 173 2800 339 2859; x_wconf 88' lang='lat' dir='ltr'><strong>obedientia</strong></span> <span class='ocrx_word' id='word_1_194' title='bbox 356 2798 559 2859; x_wconf 87' lang='lat' dir='ltr'><strong>alienissimum</strong></span> <span class='ocrx_word' id='word_1_195' title='bbox 579 2798 696 2856; x_wconf 87' lang='lat' dir='ltr'><strong>interim</strong></span> <span class='ocrx_word' id='word_1_196' title='bbox 716 2799 835 2871; x_wconf 88' lang='lat' dir='ltr'><strong>retinet,</strong></span> <span class='ocrx_word' id='word_1_197' title='bbox 855 2819 888 2856; x_wconf 87' lang='lat' dir='ltr'><strong>ac</strong></span> <span class='ocrx_word' id='word_1_198' title='bbox 906 2817 938 2855; x_wconf 92' lang='lat' dir='ltr'><strong>se</strong></span> <span class='ocrx_word' id='word_1_199' title='bbox 958 2797 1129 2871; x_wconf 80' lang='lat' dir='ltr'><strong>defunctum</strong></span> <span class='ocrx_word' id='word_1_200' title='bbox 1168 2823 1202 2860; x_wconf 91' lang='lat' dir='ltr'><strong>u·</strong></span> 
     </span>
     <span class='ocr_line' id='line_1_29' title="bbox 99 2821 1201 2956; baseline 0 -21"><span class='ocrx_word' id='word_1_201' title='bbox 99 2876 278 2956; x_wconf 49' lang='lat' dir='ltr'><strong>Qtiprobe</strong></span> <span class='ocrx_word' id='word_1_202' title='bbox 299 2876 431 2934; x_wconf 87' lang='lat' dir='ltr'><strong>homiues</strong></span> <span class='ocrx_word' id='word_1_203' title='bbox 451 2875 586 2935; x_wconf 83' lang='lat' dir='ltr'><strong>celaverit</strong></span> <span class='ocrx_word' id='word_1_204' title='bbox 628 2874 686 2933; x_wconf 88' lang='lat' dir='ltr'><strong>uod</strong></span> <span class='ocrx_word' id='word_1_205' title='bbox 707 2874 784 2955; x_wconf 91' lang='lat' dir='ltr'><strong>gerit</strong></span> <span class='ocrx_word' id='word_1_206' title='bbox 798 2874 827 2932; x_wconf 96' lang='lat' dir='ltr'><strong>in</strong></span> <span class='ocrx_word' id='word_1_207' title='bbox 849 2885 1010 2952; x_wconf 91' lang='lat' dir='ltr'><strong>conspectu</strong></span> <span class='ocrx_word' id='word_1_208' title='bbox 1030 2874 1097 2932; x_wconf 86' lang='lat' dir='ltr'><strong>Dei.</strong></span> <span class='ocrx_word' id='word_1_209' title='bbox 1136 2821 1201 2935; x_wconf 83' lang='lat' dir='ltr'><strong>llu-</strong></span> 
     </span>
     <span class='ocr_line' id='line_1_30' title="bbox 102 2946 1201 3029; baseline 0.002 -20"><span class='ocrx_word' id='word_1_210' title='bbox 102 2946 243 3027; x_wconf 67' lang='lat' dir='ltr'><strong>futtnon</strong></span> <span class='ocrx_word' id='word_1_211' title='bbox 265 2952 394 3026; x_wconf 88' lang='lat' dir='ltr'><strong>occides,</strong></span> <span class='ocrx_word' id='word_1_212' title='bbox 413 2972 475 3010; x_wconf 91' lang='lat' dir='ltr'><strong>non</strong></span> <span class='ocrx_word' id='word_1_213' title='bbox 496 2950 616 3011; x_wconf 85' lang='lat' dir='ltr'><strong>moecha</strong></span> <span class='ocrx_word' id='word_1_214' title='bbox 641 2950 711 3024; x_wconf 87' lang='lat' dir='ltr'><strong>eris,</strong></span> <span class='ocrx_word' id='word_1_215' title='bbox 742 2971 803 3008; x_wconf 92' lang='lat' dir='ltr'><strong>non</strong></span> <span class='ocrx_word' id='word_1_216' title='bbox 824 2948 982 3009; x_wconf 79' lang='lat' dir='ltr'><strong>furaberis:</strong></span> <span class='ocrx_word' id='word_1_217' title='bbox 1013 2950 1143 3029; x_wconf 84' lang='lat' dir='ltr'><strong>gladium</strong></span> <span class='ocrx_word' id='word_1_218' title='bbox 1163 2952 1201 3011; x_wconf 89' lang='lat' dir='ltr'><strong>ad</strong></span> 
     </span>
     <span class='ocr_line' id='line_1_31' title="bbox 103 3024 1201 3107; baseline 0.003 -22"><span class='ocrx_word' id='word_1_219' title='bbox 103 3026 191 3088; x_wconf 83' lang='lat' dir='ltr'><strong>tttlcm</strong></span> <span class='ocrx_word' id='word_1_220' title='bbox 208 3050 266 3088; x_wconf 92' lang='lat' dir='ltr'><strong>non</strong></span> <span class='ocrx_word' id='word_1_221' title='bbox 289 3041 440 3087; x_wconf 79' lang='lat' dir='ltr'><strong>exserunt:</strong></span> <span class='ocrx_word' id='word_1_222' title='bbox 468 3048 593 3107; x_wconf 89' lang='lat' dir='ltr'><strong>corpora</strong></span> <span class='ocrx_word' id='word_1_223' title='bbox 612 3048 664 3087; x_wconf 86' lang='lat' dir='ltr'><strong>sua</strong></span> <span class='ocrx_word' id='word_1_224' title='bbox 684 3024 885 3085; x_wconf 83' lang='lat' dir='ltr'><strong>meretricibus</strong></span> <span class='ocrx_word' id='word_1_225' title='bbox 910 3046 972 3085; x_wconf 92' lang='lat' dir='ltr'><strong>uon</strong></span> <span class='ocrx_word' id='word_1_226' title='bbox 993 3027 1201 3088; x_wconf 69' lang='lat' dir='ltr'><strong>commiscente</strong></span> 
     </span>
     <span class='ocr_line' id='line_1_32' title="bbox 104 3101 1202 3166; baseline 0 -3"><span class='ocrx_word' id='word_1_227' title='bbox 104 3104 288 3166; x_wconf 62' lang='lat' dir='ltr'><strong>unctionis</strong></span> <span class='ocrx_word' id='word_1_228' title='bbox 307 3105 395 3165; x_wconf 91' lang='lat' dir='ltr'><strong>bonis</strong></span> <span class='ocrx_word' id='word_1_229' title='bbox 416 3126 476 3164; x_wconf 91' lang='lat' dir='ltr'><strong>non</strong></span> <span class='ocrx_word' id='word_1_230' title='bbox 500 3104 642 3162; x_wconf 78' lang='lat' dir='ltr'><strong>inliciunt.</strong></span> <span class='ocrx_word' id='word_1_231' title='bbox 699 3103 783 3161; x_wconf 85' lang='lat' dir='ltr'><strong>llaec</strong></span> <span class='ocrx_word' id='word_1_232' title='bbox 813 3101 913 3161; x_wconf 86' lang='lat' dir='ltr'><strong>omnia</strong></span> <span class='ocrx_word' id='word_1_233' title='bbox 942 3101 1019 3161; x_wconf 86' lang='lat' dir='ltr'><strong>bene</strong></span> <span class='ocrx_word' id='word_1_234' title='bbox 1048 3102 1202 3166; x_wconf 83' lang='lat' dir='ltr'><strong>hactenus:</strong></span> 
     </span>
     <span class='ocr_line' id='line_1_33' title="bbox 105 3174 1201 3259; baseline 0 -18"><span class='ocrx_word' id='word_1_235' title='bbox 105 3174 240 3242; x_wconf 61' lang='lat' dir='ltr'><strong>mactes</strong></span> <span class='ocrx_word' id='word_1_236' title='bbox 258 3182 330 3241; x_wconf 85' lang='lat' dir='ltr'><strong>totis</strong></span> <span class='ocrx_word' id='word_1_237' title='bbox 351 3180 452 3240; x_wconf 87' lang='lat' dir='ltr'><strong>animis</strong></span> <span class='ocrx_word' id='word_1_238' title='bbox 472 3181 593 3259; x_wconf 85' lang='lat' dir='ltr'><strong>spirant,</strong></span> <span class='ocrx_word' id='word_1_239' title='bbox 613 3179 727 3238; x_wconf 81' lang='lat' dir='ltr'><strong>servent</strong></span> <span class='ocrx_word' id='word_1_240' title='bbox 746 3178 775 3236; x_wconf 93' lang='lat' dir='ltr'><strong>in</strong></span> <span class='ocrx_word' id='word_1_241' title='bbox 796 3177 958 3251; x_wconf 83' lang='lat' dir='ltr'><strong>libidinem,</strong></span> <span class='ocrx_word' id='word_1_242' title='bbox 978 3178 1108 3237; x_wconf 91' lang='lat' dir='ltr'><strong>omnium</strong></span> <span class='ocrx_word' id='word_1_243' title='bbox 1121 3178 1201 3241; x_wconf 86' lang='lat' dir='ltr'><strong>bona</strong></span> 
     </span>
     <span class='ocr_line' id='line_1_34' title="bbox 107 3250 1202 3336; baseline 0.001 -21"><span class='ocrx_word' id='word_1_244' title='bbox 107 3250 175 3315; x_wconf 70' lang='lat' dir='ltr'><strong>tulit</strong></span> <span class='ocrx_word' id='word_1_245' title='bbox 187 3258 297 3319; x_wconf 84' lang='lat' dir='ltr'><strong>retortis</strong></span> <span class='ocrx_word' id='word_1_246' title='bbox 317 3258 477 3336; x_wconf 85' lang='lat' dir='ltr'><strong>aspiciunt,</strong></span> <span class='ocrx_word' id='word_1_247' title='bbox 508 3268 538 3315; x_wconf 92' lang='lat' dir='ltr'><strong>ct</strong></span> <span class='ocrx_word' id='word_1_248' title='bbox 564 3256 721 3336; x_wconf 86' lang='lat' dir='ltr'><strong>cupiditate</strong></span> <span class='ocrx_word' id='word_1_249' title='bbox 745 3254 896 3314; x_wconf 64' lang='lat' dir='ltr'><strong>devorent„</strong></span> <span class='ocrx_word' id='word_1_250' title='bbox 936 3254 997 3313; x_wconf 88' lang='lat' dir='ltr'><strong>lam</strong></span> <span class='ocrx_word' id='word_1_251' title='bbox 1017 3275 1088 3314; x_wconf 81' lang='lat' dir='ltr'><strong>sero</strong></span> <span class='ocrx_word' id='word_1_252' title='bbox 1109 3256 1202 3333; x_wconf 80' lang='lat' dir='ltr'><strong>deest,</strong></span> 
     </span>
     <span class='ocr_line' id='line_1_35' title="bbox 109 3328 1201 3415; baseline -0.005 -19"><span class='ocrx_word' id='word_1_253' title='bbox 109 3328 357 3415; x_wconf 62' lang='lat' dir='ltr'><strong>tplpmcipumn</strong></span> <span class='ocrx_word' id='word_1_254' title='bbox 377 3344 439 3393; x_wconf 86' lang='lat' dir='ltr'><strong>crat</strong></span> <span class='ocrx_word' id='word_1_255' title='bbox 458 3334 555 3414; x_wconf 83' lang='lat' dir='ltr'><strong>Legis.</strong></span> <span class='ocrx_word' id='word_1_256' title='bbox 616 3333 701 3391; x_wconf 88' lang='lat' dir='ltr'><strong>Unde</strong></span> <span class='ocrx_word' id='word_1_257' title='bbox 728 3352 837 3410; x_wconf 90' lang='lat' dir='ltr'><strong>quaeso</strong></span> <span class='ocrx_word' id='word_1_258' title='bbox 868 3342 926 3389; x_wconf 84' lang='lat' dir='ltr'><strong>tam</strong></span> <span class='ocrx_word' id='word_1_259' title='bbox 952 3351 1061 3391; x_wconf 86' lang='lat' dir='ltr'><strong>crassus</strong></span> <span class='ocrx_word' id='word_1_260' title='bbox 1086 3343 1201 3412; x_wconf 88' lang='lat' dir='ltr'><strong>stupor,</strong></span> 
     </span>
     <span class='ocr_line' id='line_1_36' title="bbox 106 3404 1201 3490; baseline -0.003 -19"><span class='ocrx_word' id='word_1_261' title='bbox 106 3404 223 3486; x_wconf 64' lang='lat' dir='ltr'><strong>lsslqtud</strong></span> <span class='ocrx_word' id='word_1_262' title='bbox 238 3410 349 3471; x_wconf 85' lang='lat' dir='ltr'><strong>omisso</strong></span> <span class='ocrx_word' id='word_1_263' title='bbox 369 3409 569 3490; x_wconf 87' lang='lat' dir='ltr'><strong>Legislatore,</strong></span> <span class='ocrx_word' id='word_1_264' title='bbox 599 3408 737 3469; x_wconf 85' lang='lat' dir='ltr'><strong>iustitiam</strong></span> <span class='ocrx_word' id='word_1_265' title='bbox 757 3429 810 3467; x_wconf 91' lang='lat' dir='ltr'><strong>suo</strong></span> <span class='ocrx_word' id='word_1_266' title='bbox 832 3407 921 3487; x_wconf 86' lang='lat' dir='ltr'><strong>magis</strong></span> <span class='ocrx_word' id='word_1_267' title='bbox 941 3407 1063 3487; x_wconf 89' lang='lat' dir='ltr'><strong>ingenio</strong></span> <span class='ocrx_word' id='word_1_268' title='bbox 1083 3429 1201 3468; x_wconf 89' lang='lat' dir='ltr'><strong>accom-</strong></span> 
     </span>
     <span class='ocr_line' id='line_1_37' title="bbox 104 3480 1201 3559; baseline 0 -16"><span class='ocrx_word' id='word_1_269' title='bbox 104 3480 211 3546; x_wconf 73' lang='lat' dir='ltr'><strong>uolut?</strong></span> <span class='ocrx_word' id='word_1_270' title='bbox 237 3488 294 3547; x_wconf 82' lang='lat' dir='ltr'><strong>llis</strong></span> <span class='ocrx_word' id='word_1_271' title='bbox 324 3487 444 3545; x_wconf 83' lang='lat' dir='ltr'><strong>fortiter</strong></span> <span class='ocrx_word' id='word_1_272' title='bbox 479 3483 618 3544; x_wconf 88' lang='lat' dir='ltr'><strong>reclamat</strong></span> <span class='ocrx_word' id='word_1_273' title='bbox 654 3484 760 3543; x_wconf 90' lang='lat' dir='ltr'><strong>Paulus</strong></span> <span class='ocrx_word' id='word_1_274' title='bbox 789 3483 890 3559; x_wconf 81' lang='lat' dir='ltr'><strong>(Rom.</strong></span> <span class='ocrx_word' id='word_1_275' title='bbox 911 3483 1021 3558; x_wconf 83' lang='grc'><strong>7,14.)</strong></span> <span class='ocrx_word' id='word_1_276' title='bbox 1053 3482 1201 3544; x_wconf 82' lang='lat' dir='ltr'><strong>affirmans</strong></span> 
     </span>
     <span class='ocr_line' id='line_1_38' title="bbox 103 3550 1202 3641; baseline -0.004 -18"><span class='ocrx_word' id='word_1_277' title='bbox 103 3550 184 3632; x_wconf 59' lang='lat' dir='ltr'><strong>lq„</strong></span> <span class='ocrx_word' id='word_1_278' title='bbox 197 3585 252 3623; x_wconf 82' lang='lat' dir='ltr'><strong>esse</strong></span> <span class='ocrx_word' id='word_1_279' title='bbox 268 3562 468 3638; x_wconf 74' lang='lat' dir='ltr'><strong>spiritualem:</strong></span> <span class='ocrx_word' id='word_1_280' title='bbox 498 3582 556 3639; x_wconf 93' lang='lat' dir='ltr'><strong>quo</strong></span> <span class='ocrx_word' id='word_1_281' title='bbox 577 3561 733 3641; x_wconf 87' lang='lat' dir='ltr'><strong>significat,</strong></span> <span class='ocrx_word' id='word_1_282' title='bbox 752 3580 813 3618; x_wconf 90' lang='lat' dir='ltr'><strong>non</strong></span> <span class='ocrx_word' id='word_1_283' title='bbox 833 3557 923 3618; x_wconf 90' lang='lat' dir='ltr'><strong>modo</strong></span> <span class='ocrx_word' id='word_1_284' title='bbox 943 3558 1066 3632; x_wconf 78' lang='lat' dir='ltr'><strong>animae,</strong></span> <span class='ocrx_word' id='word_1_285' title='bbox 1084 3559 1202 3635; x_wconf 82' lang='lat' dir='ltr'><strong>urentis,</strong></span> 
     </span>
     <span class='ocr_line' id='line_1_39' title="bbox 101 3633 1202 3718; baseline -0.003 -22"><span class='ocrx_word' id='word_1_286' title='bbox 101 3634 223 3701; x_wconf 77' lang='lat' dir='ltr'><strong>ulmum</strong></span> <span class='ocrx_word' id='word_1_287' title='bbox 243 3638 419 3718; x_wconf 88' lang='lat' dir='ltr'><strong>obsequium</strong></span> <span class='ocrx_word' id='word_1_288' title='bbox 440 3637 570 3717; x_wconf 82' lang='lat' dir='ltr'><strong>exigere,</strong></span> <span class='ocrx_word' id='word_1_289' title='bbox 599 3637 649 3696; x_wconf 87' lang='lat' dir='ltr'><strong>sed</strong></span> <span class='ocrx_word' id='word_1_290' title='bbox 670 3637 821 3714; x_wconf 88' lang='lat' dir='ltr'><strong>requirere</strong></span> <span class='ocrx_word' id='word_1_291' title='bbox 845 3657 881 3693; x_wconf 84' lang='lat' dir='ltr'><strong>an</strong></span> <span class='ocrx_word' id='word_1_292' title='bbox 906 3633 1007 3694; x_wconf 84' lang='lat' dir='ltr'><strong>elicnm</strong></span> <span class='ocrx_word' id='word_1_293' title='bbox 1033 3638 1202 3714; x_wconf 84' lang='lat' dir='ltr'><strong>puritatem,</strong></span> 
     </span>
     <span class='ocr_line' id='line_1_40' title="bbox 100 3655 1202 3804; baseline -0.002 -31"><span class='ocrx_word' id='word_1_294' title='bbox 100 3726 153 3804; x_wconf 67' lang='lat' dir='ltr'><strong>{tte</strong></span> <span class='ocrx_word' id='word_1_295' title='bbox 179 3716 314 3778; x_wconf 87' lang='lat' dir='ltr'><strong>omnibus</strong></span> <span class='ocrx_word' id='word_1_296' title='bbox 351 3714 446 3775; x_wconf 86' lang='lat' dir='ltr'><strong>carnis</strong></span> <span class='ocrx_word' id='word_1_297' title='bbox 481 3713 616 3774; x_wconf 87' lang='lat' dir='ltr'><strong>sordibus</strong></span> <span class='ocrx_word' id='word_1_298' title='bbox 652 3712 818 3797; x_wconf 36' lang='lat' dir='ltr'><strong>abstersis,—</strong></span> <span class='ocrx_word' id='word_1_299' title='bbox 836 3655 909 3772; x_wconf 76' lang='lat' dir='ltr'><strong>nihil</strong></span> <span class='ocrx_word' id='word_1_300' title='bbox 945 3732 1031 3790; x_wconf 84' lang='lat' dir='ltr'><strong>quarn</strong></span> <span class='ocrx_word' id='word_1_301' title='bbox 1067 3710 1202 3790; x_wconf 86' lang='lat' dir='ltr'><strong>spiritum</strong></span> 
     </span>
     <span class='ocr_line' id='line_1_41' title="bbox 97 3802 172 3851; baseline 0.08 -6"><span class='ocrx_word' id='word_1_302' title='bbox 97 3802 118 3845; x_wconf 83' lang='lat' dir='ltr'><strong>tt</strong></span> <span class='ocrx_word' id='word_1_303' title='bbox 154 3802 172 3851; x_wconf 81' lang='lat' dir='ltr'><strong>l.</strong></span> 
     </span>
    </p>

    <p class='ocr_par' dir='ltr' id='par_1_6' title="bbox 92 3808 1203 4026">
     <span class='ocr_line' id='line_1_42' title="bbox 117 3808 1203 3947; baseline -0.014 -14"><span class='ocrx_word' id='word_1_304' title='bbox 117 3808 174 3933; x_wconf 68' lang='lat' dir='ltr'><strong>Plal·</strong></span> <span class='ocrx_word' id='word_1_305' title='bbox 208 3868 298 3929; x_wconf 80' lang='lat' dir='ltr'><strong>Hunc</strong></span> <span class='ocrx_word' id='word_1_306' title='bbox 318 3888 408 3947; x_wconf 90' lang='lat' dir='ltr'><strong>quum</strong></span> <span class='ocrx_word' id='word_1_307' title='bbox 429 3885 490 3926; x_wconf 90' lang='lat' dir='ltr'><strong>esse</strong></span> <span class='ocrx_word' id='word_1_308' title='bbox 510 3864 597 3945; x_wconf 85' lang='lat' dir='ltr'><strong>Legis</strong></span> <span class='ocrx_word' id='word_1_309' title='bbox 615 3883 730 3924; x_wconf 87' lang='lat' dir='ltr'><strong>sensum</strong></span> <span class='ocrx_word' id='word_1_310' title='bbox 752 3863 882 3938; x_wconf 88' lang='lat' dir='ltr'><strong>dicimus,</strong></span> <span class='ocrx_word' id='word_1_311' title='bbox 903 3883 965 3922; x_wconf 94' lang='lat' dir='ltr'><strong>non</strong></span> <span class='ocrx_word' id='word_1_312' title='bbox 981 3879 1203 3921; x_wconf 83' lang='lat' dir='ltr'><strong>novamcxno·</strong></span> 
     </span>
     <span class='ocr_line' id='line_1_43' title="bbox 92 3930 1202 4026; baseline -0.007 -23"><span class='ocrx_word' id='word_1_313' title='bbox 92 3930 408 4026; x_wconf 72' lang='lat' dir='ltr'><strong>l&#39;uiuterpretatiouem</strong></span> <span class='ocrx_word' id='word_1_314' title='bbox 432 3942 606 4025; x_wconf 87' lang='lat' dir='ltr'><strong>ingerimus,</strong></span> <span class='ocrx_word' id='word_1_315' title='bbox 635 3941 686 4001; x_wconf 88' lang='lat' dir='ltr'><strong>sed</strong></span> <span class='ocrx_word' id='word_1_316' title='bbox 712 3941 862 4003; x_wconf 76' lang='lat' dir='ltr'><strong>Christum</strong></span> <span class='ocrx_word' id='word_1_317' title='bbox 885 3939 1035 4019; x_wconf 86' lang='lat' dir='ltr'><strong>sequimur</strong></span> <span class='ocrx_word' id='word_1_318' title='bbox 1059 3937 1202 4017; x_wconf 89' lang='lat' dir='ltr'><strong>optimum</strong></span> 
     </span>
    </p>
   </div>
   <div class='ocr_carea' id='block_1_5' title="bbox 89 4201 1205 4341">
    <p class='ocr_par' dir='ltr' id='par_1_7' title="bbox 89 4201 1205 4341">
     <span class='ocr_line' id='line_1_44' title="bbox 140 4201 1204 4275; baseline -0.008 -15"><span class='ocrx_word' id='word_1_319' title='bbox 140 4206 166 4275; x_wconf 71' lang='lat'><strong>⁸)</strong></span> <span class='ocrx_word' id='word_1_320' title='bbox 182 4206 222 4259; x_wconf 82' lang='lat' dir='ltr'><strong>ct.</strong></span> <span class='ocrx_word' id='word_1_321' title='bbox 241 4209 307 4271; x_wconf 68' lang='lat' dir='ltr'><strong>Aug.</strong></span> <span class='ocrx_word' id='word_1_322' title='bbox 325 4208 359 4258; x_wconf 82' lang='lat' dir='ltr'><strong>cle</strong></span> <span class='ocrx_word' id='word_1_323' title='bbox 376 4204 451 4258; x_wconf 80' lang='lat' dir='ltr'><strong>Cirit</strong></span> <span class='ocrx_word' id='word_1_324' title='bbox 477 4205 529 4258; x_wconf 87' lang='lat' dir='ltr'><strong>Dei</strong></span> <span class='ocrx_word' id='word_1_325' title='bbox 545 4205 592 4258; x_wconf 87' lang='lat' dir='ltr'><strong>lib.</strong></span> <span class='ocrx_word' id='word_1_326' title='bbox 609 4205 633 4256; x_wconf 82' lang='grc'><strong>4.</strong></span> <span class='ocrx_word' id='word_1_327' title='bbox 654 4225 674 4256; x_wconf 89' lang='lat' dir='ltr'><strong>c.</strong></span> <span class='ocrx_word' id='word_1_328' title='bbox 693 4205 734 4267; x_wconf 73' lang='lat'><strong>12,</strong></span> <span class='ocrx_word' id='word_1_329' title='bbox 752 4217 777 4255; x_wconf 88' lang='lat' dir='ltr'><strong>ct</strong></span> <span class='ocrx_word' id='word_1_330' title='bbox 798 4204 842 4255; x_wconf 87' lang='lat' dir='ltr'><strong>lib.</strong></span> <span class='ocrx_word' id='word_1_331' title='bbox 861 4206 901 4259; x_wconf 89' lang='lat'><strong>13.</strong></span> <span class='ocrx_word' id='word_1_332' title='bbox 919 4223 941 4254; x_wconf 89' lang='lat' dir='ltr'><strong>c.</strong></span> <span class='ocrx_word' id='word_1_333' title='bbox 958 4202 1000 4264; x_wconf 77' lang='lat'><strong>2⁰,</strong></span> <span class='ocrx_word' id='word_1_334' title='bbox 1018 4216 1043 4252; x_wconf 89' lang='lat' dir='ltr'><strong>ct</strong></span> <span class='ocrx_word' id='word_1_335' title='bbox 1059 4202 1104 4254; x_wconf 85' lang='lat' dir='ltr'><strong>lib.</strong></span> <span class='ocrx_word' id='word_1_336' title='bbox 1121 4201 1162 4257; x_wconf 81' lang='lat' dir='ltr'><strong>tt.</strong></span> <span class='ocrx_word' id='word_1_337' title='bbox 1182 4219 1204 4252; x_wconf 91' lang='lat' dir='ltr'><strong>c.</strong></span> 
     </span>
     <span class='ocr_line' id='line_1_45' title="bbox 89 4268 1205 4341; baseline 0 -20"><span class='ocrx_word' id='word_1_338' title='bbox 89 4268 262 4335; x_wconf 75' lang='lat' dir='ltr'><strong>l2ltem,lrb.</strong></span> <span class='ocrx_word' id='word_1_339' title='bbox 280 4275 405 4327; x_wconf 84' lang='lat' dir='ltr'><strong>debono</strong></span> <span class='ocrx_word' id='word_1_340' title='bbox 423 4274 560 4341; x_wconf 75' lang='lat' dir='ltr'><strong>coniugali.</strong></span> <span class='ocrx_word' id='word_1_341' title='bbox 595 4272 675 4337; x_wconf 86' lang='lat' dir='ltr'><strong>Item,</strong></span> <span class='ocrx_word' id='word_1_342' title='bbox 703 4286 794 4325; x_wconf 82' lang='lat' dir='ltr'><strong>contra</strong></span> <span class='ocrx_word' id='word_1_343' title='bbox 817 4269 976 4325; x_wconf 83' lang='lat' dir='ltr'><strong>adversarios</strong></span> <span class='ocrx_word' id='word_1_344' title='bbox 999 4269 1071 4337; x_wconf 65' lang='lat' dir='ltr'><strong>Legis</strong></span> <span class='ocrx_word' id='word_1_345' title='bbox 1097 4283 1122 4322; x_wconf 86' lang='lat' dir='ltr'><strong>ct</strong></span> <span class='ocrx_word' id='word_1_346' title='bbox 1137 4268 1205 4322; x_wconf 88' lang='lat' dir='ltr'><strong>Pro-</strong></span> 
     </span>
    </p>
   </div>
   <div class='ocr_carea' id='block_1_6' title="bbox 89 4336 902 4472">
    <p class='ocr_par' dir='ltr' id='par_1_8' title="bbox 89 4336 902 4472">
     <span class='ocr_line' id='line_1_46' title="bbox 89 4336 902 4472; baseline -0.006 -73"><span class='ocrx_word' id='word_1_347' title='bbox 89 4336 208 4408; x_wconf 69' lang='lat' dir='ltr'><strong>tltttamm</strong></span> <span class='ocrx_word' id='word_1_348' title='bbox 224 4344 270 4397; x_wconf 88' lang='lat' dir='ltr'><strong>lib.</strong></span> <span class='ocrx_word' id='word_1_349' title='bbox 287 4345 311 4399; x_wconf 74' lang='lat' dir='ltr'><strong>b</strong></span> <span class='ocrx_word' id='word_1_350' title='bbox 329 4362 386 4413; x_wconf 83' lang='lat' dir='ltr'><strong>cap.</strong></span> <span class='ocrx_word' id='word_1_351' title='bbox 403 4342 445 4397; x_wconf 76' lang='lat'><strong>14.</strong></span> <span class='ocrx_word' id='word_1_352' title='bbox 831 4408 870 4472; x_wconf 73' lang='grc'><strong>16</strong></span> <span class='ocrx_word' id='word_1_353' title='bbox 881 4403 902 4446; x_wconf 39' lang='lat' dir='ltr'>t</span> 
     </span>
    </p>
   </div>
   <div class='ocr_carea' id='block_1_7' title="bbox 0 0 1368 4732">
    <p class='ocr_par' dir='ltr' id='par_1_9' title="bbox 0 0 1368 4732">
     <span class='ocr_line' id='line_1_47' title="bbox 0 0 1368 4732; baseline 0 0"><span class='ocrx_word' id='word_1_354' title='bbox 0 0 1368 4732; x_wconf 95' lang='lat' dir='ltr'><strong> </strong></span> 
     </span>
    </p>
   </div>
  </div>
 </body>
</html>
