2700 4732
337 286 340 291 ¹
431 164 435 171 ’
491 210 569 272 mn.
589 210 648 271 ιιι.
688 210 778 273 ιιι).
798 210 877 271 ιιι
1202 211 1258 273 ιιι

121 352 214 427 Quod
235 352 388 433 aliquoties
406 374 487 415 sacra
508 355 627 415 historia
640 356 757 436 repetit,
778 376 837 434 quo
857 352 959 413 melius
978 355 1008 412 ln
1029 352 1082 413 lsta
1093 349 1255 411 mutatione

118 429 291 490 admirabile
309 431 420 513 gratiae
432 430 488 497 Dei
510 452 647 491 arcanum
668 444 774 513 pateat
815 430 897 492 Vitio
917 450 971 490 suo
992 427 1129 507 etculpa,
1149 427 1255 502 fatcor,

119 505 292 566 exciderunt
315 507 352 568 ab
375 508 537 586 adoptione
562 509 683 582 Ismael,
714 508 790 569 Esau
815 520 846 567 et
870 504 992 568 similes:
1024 505 1091 585 quia
1118 503 1254 584 apposita

118 594 183 645 eret
202 582 347 659 conditio,
367 596 398 644 ut
417 583 542 644 fideliter
561 584 695 645 colerent
714 584 773 644 Dei
793 583 909 656 loedus,¹
930 582 1011 662 quod
1051 579 1141 640 erfide
1160 578 1252 640 viola-

118 671 197 719 runt
238 659 307 719 Fuit
325 673 421 720 tamen
444 662 499 721 boc
519 662 667 742 singulare
677 661 735 720 Dei
755 660 940 732 beneficium,
960 604 1048 795 quod
1061 677 1112 717 eos
1132 655 1254 734 reliquis

116 735 256 818 gentibus
270 736 419 815 praeferre
431 739 566 819 dignatus
579 739 687 799 luerat:
706 739 782 798 sicut
794 736 900 797 dicitur
919 735 948 795 in
987 733 1076 795 salmo
1086 734 1253 811 (147,‘20.):

119 813 209 887 „Non
230 813 271 872 ita
292 813 362 873 lecit
381 813 443 875 aliis
469 815 653 888 stationibus,
669 834 734 874 nec
759 813 864 875 iudicia
891 834 942 872 sna
967 809 1163 872 manifestavit
1183 808 1254 868 eis.“

119 888 277 950 Caeterum
309 890 356 951 bie
383 891 456 952 duos
506 892 590 952 radus
615 890 761 952 notandos
781 911 843 951 esse
868 910 928 950 nou
950 900 1061 948 temere
1081 887 1153 946 diri:
1186 883 1254 964 quia

117 966 175 1025 iam
195 966 225 1023 in
245 966 335 1026 totius
354 967 450 1046 gentis
470 911 617 1028 electione
637 967 767 1028 ostendit
781 967 863 1027 Deus
873 986 904 1027 se
924 966 954 1024 in
974 985 1054 1024 mera
1073 984 1124 1023 sua
1143 961 1252 1021 libera·

117 1040 199 1101 litate
220 1041 306 1103 nullis
326 1042 441 1124 legibus
462 1045 626 1105 astrictum:
651 1044 702 1104 sed
722 1043 847 1105 liberum
870 1062 947 1117 esse,
969 1053 1001 1101 ut
1020 1039 1138 1099 minime
1158 1036 1194 1096 ab
1215 1056 1253 1099 eo

116 1117 259 1199 erigenda
277 1121 317 1178 sit
335 1141 368 1180 ae
392 1120 464 1181 ualis
482 1122 594 1202 gratiae
635 1120 751 1180 artitio:
772 1119 852 1180 cuins
873 1120 937 1178 inae
961 1118 1062 1177 ualitas
1082 1119 1171 1196 ipsam
1184 1133 1253 1173 vere

116 1212 180 1255 esse
236 1196 357 1254 atnitam
371 1142 567 1257 (demonstrat.
607 1143 679 1259 dieo
701 1195 857 1256 Malachiae
878 1140 990 1256 lsradlis
1013 1191 1252 1276 ingratitudinem

115 1213 289 1350 emplrhhmt,
320 1274 400 1352 quod
425 1295 486 1334 non
508 1286 621 1333 tantum
641 1296 675 1333 ex
699 1284 765 1333 toto
790 1292 900 1354 genere
921 1271 1048 1330 humano
1069 1268 1170 1340 electi,
1199 1266 1252 1327 sed

115 1347 204 1407 etiam
225 1366 259 1406 ex
277 1368 358 1409 saera
371 1351 460 1410 domo
481 1351 510 1409 in
533 1352 678 1430 peculium
696 1370 765 1433 eegr
804 1350 854 1423 ati,
875 1348 985 1428 perfide
1006 1359 1036 1407 et
1053 1346 1141 1426 impie
1152 1344 1251 1403 Deum

114 1433 176 1483 tam
208 1422 371 1484 beneficum
399 1428 516 1487 Patrem
540 1436 690 1507 spernant.
740 1469 763 1502 „
795 1425 990 1487 onnelrater
1016 1436 1079 1483 erat
1104 1423 1179 1481 Esau
1204 1419 1251 1480 Ia·
1340 1468 1345 1489 .

113 1498 194 1563 tob?
212 1499 324 1580 (inquit
334 1503 403 1562 Mal.
411 1506 489 1580 1,·ι.)
506 1503 601 1584 niqui
613 1502 702 1564 lacob
723 1502 819 1579 dilexi,
839 1503 914 1571 Esau
926 1514 1029 1562 antem
1040 1501 1111 1560 odio
1131 1496 1252 1557 babui.“
1336 1528 1340 1537 ·

114 1574 214 1637 Sumit
238 1578 316 1637 enim
342 1579 422 1639 lleus
477 1602 510 1639 ro
535 1580 688 1655 confesso,
717 1601 806 1659 quum
832 1591 957 1658 uterque
981 1589 1056 1638 esset
1079 1574 1252 1657 progenitus

114 1670 151 1715 ex
168 1664 273 1714 sancto
294 1667 388 1735 patre,
408 1602 585 1717 etloederis
604 1679 771 1733 successor,
790 1657 917 1736 deniqne
938 1676 1032 1717 ramus
1053 1676 1087 1715 ex
1105 1670 1184 1713 sacra
1205 1671 1251 1711 ra·

116 1728 201 1809 dicet,
229 1731 286 1789 iam
317 1731 393 1793 filios
417 1733 508 1793 lacob
540 1755 601 1793 non
634 1734 722 1794 luisse
748 1733 905 1815 vulgariter
937 1730 1111 1807 obstrictos,
1144 1726 1192 1806 qui
1218 1726 1250 1786 in

114 1802 194 1867 illam
215 1806 386 1889 dignitatem
411 1810 493 1871 asciti
521 1810 649 1872 fuerant:
680 1811 732 1870 sed
752 1832 841 1890 quum
866 1809 977 1869 reiecto
997 1807 1074 1868 Esau
1100 1805 1195 1886 primo
1218 1824 1250 1864 e·

114 1882 179 1944 nito
200 1895 284 1963 pater
303 1904 417 1962 eorum,
437 1888 487 1966 qui
507 1900 609 1948 notura
630 1899 692 1948 erat
712 1886 846 1962 inlerior,
866 1886 967 1946 haeres
987 1885 1079 1945 factus
1099 1893 1185 1953 esset,
1197 1823 1251 1941 lsi·

112 1956 245 2096 ingraqqs
264 1964 418 2045 coarguit,
441 1984 476 2024 ee
502 1967 695 2045 conqueritur
722 1963 831 2043 duplici
855 1962 907 2023 illo
934 1961 1050 2023 vinculo
1074 1980 1137 2020 non
1163 1956 1249 2019 luisse

112 2047 197 2097 reten
232 2058 255 2097 s.

91 2140 100 2157 ⁶
189 2119 218 2180 7.
258 2114 433 2195 Quanquam
457 2118 525 2177 satis
545 2118 609 2177 iam
634 2117 728 2197 liquet
746 2118 842 2177 Deum
866 2112 985 2178 occulto
1011 2112 1135 2175 consilio
1156 2109 1250 2171 libere

113 2206 190 2269 qnos
214 2188 277 2273 vult
300 2192 427 2274 eligere,
459 2192 521 2254 aliis
542 2195 669 2255 reiectis:
703 2193 834 2254 nondum
867 2205 963 2253 tamen
991 2192 1045 2253 nisi
1071 2188 1188 2249 dimidia
1215 2207 1250 2246 ex

113 2276 200 2346 parte
219 2269 348 2402 exposita
369 2281 413 2330 est
429 2272 554 2406 pratuita
574 2273 636 2331 eins
656 2271 774 2345 electio,
793 2270 889 2330 donec
908 2269 945 2329 ad
964 2268 1090 2349 singulas
1106 2284 1249 2401 personas

112 2354 234 2405 ventum
267 2345 357 2419 uerit,
376 2347 425 2426 qni
450 2369 481 2406 us
502 2348 583 2408 Dens
603 2369 665 2407 non
685 2346 775 2408 modo
795 2345 917 2407 salutem
937 2344 1044 2419 ollert,
1072 2365 1103 2404 se
1143 2342 1183 2401 ita
1204 2362 1247 2401 ar·

112 2419 212 2502 signat
229 2433 262 2480 ut
286 2442 424 2502 suspensa
444 2425 489 2483 vel
515 2425 601 2484 dubia
627 2446 688 2484 non
709 2424 746 2485 sit
771 2423 895 2484 ellectus
915 2421 1061 2484 certitudo
1072 2420 1119 2499 ll).
1157 2418 1197 2477 Hi
1216 2417 1248 2477 in

113 2498 225 2557 semine
245 2497 295 2557 illo
318 2502 403 2559 unico
426 2513 598 2570 censentur,
619 2503 700 2563 cuius
719 2501 853 2561 meminit
872 2499 980 2559 Paulus
999 2498 1101 2579 (Rom.
1119 2502 1150 2568 9,
1169 2501 1204 2561 8··
1218 2503 1248 2553 θῑ

114 2569 282 2647 Gal-Mb.
301 2579 362 2655 ss).
402 2577 474 2636 Nam
496 2579 549 2636 etsi
571 2579 691 2658 adoptio
711 2579 741 2637 in
762 2599 850 2637 manu
869 2575 1008 2637 Abrahae
1029 2574 1084 2634 luit
1104 2571 1247 2651 deposita,

113 2650 183 2729 quia
208 2663 305 2711 tamen
331 2653 415 2713 multi
444 2675 477 2712 er
510 2656 633 2746 posteris
653 2656 733 2736 qnasi
753 2654 869 2734 putrida
888 2653 1019 2713 membra
1038 2651 1143 2711 resecti
1164 2659 1247 2707 sunt:

114 2738 147 2786 ut
167 2727 267 2788 efficax
287 2741 317 2789 et
336 2750 405 2788 vere
424 2730 535 2792 stabilis
554 2734 592 2792 sit
613 2730 734 2803 electio,
762 2751 880 2792 necesse
901 2741 945 2790 est
964 2727 1121 2789 ascendere
1141 2723 1177 2784 ad
1197 2743 1247 2782 ca·

113 2815 182 2896 put,
201 2807 231 2863 in
251 2827 310 2897 quo
332 2806 440 2869 electos
461 2828 528 2868 suos
550 2808 685 2869 coelestis
703 2807 793 2867 Pater
811 2811 890 2868 inter
908 2826 939 2866 se
960 2804 1124 2887 colligavit,
1144 2812 1174 2860 et
1191 2797 1249 2890 sibi

112 2879 264 2940 insolubili
283 2904 356 2943 nero
378 2885 511 2943 devinxit.
551 2884 596 2945 Ita
616 2886 646 2943 in
667 2886 723 2946 ado
747 2885 828 2944 tione
847 2882 965 2965 generis
984 2880 1121 2940 Abrabae
1142 2877 1248 2936 enituit

112 2956 235 3037 quidem
252 2958 378 3021 liberalis
398 2962 454 3020 Dei
476 2962 574 3035 sarni,
599 2980 685 3040 quem
710 2961 773 3021 aiis
800 2961 930 3052 negavit:
961 2959 991 3017 in
1013 2954 1124 3019 Christi
1145 2966 1246 3013 minen

111 3035 252 3097 membris
272 3036 361 3118 longe
382 3040 577 3118 praestantior
597 3039 707 3098 eminet
718 3039 759 3100 ris
778 3051 905 3129 gratiae:
928 3035 994 3115 quia
1015 3030 1104 3112 capiti
1124 3051 1179 3091 suo
1199 3028 1246 3087 in·

110 3111 161 3174 titi
182 3134 329 3192 nunqnam
350 3136 365 3173 a
385 3114 477 3174 salute
498 3115 642 3174 excidunt.
688 3116 770 3176 Scite
790 3128 889 3194 itaque
908 3111 1015 3172 Paulus
1035 3130 1068 3169 er
1087 3105 1248 3168 Malachiae

110 3188 182 3248 loco
201 3190 304 3266 (Rom.
323 3199 353 3263 9,
373 3199 417 3256 13.
438 3191 507 3250 Mal.
519 3202 548 3264 1,
566 3193 621 3267 ι),
642 3212 727 3270 quern
749 3213 842 3271 nuper
861 3191 955 3263 citavi,
974 3186 1175 3257 ratiocinatur,
1193 3181 1246 3243 ubi

111 3265 211 3338 Deus,
229 3268 404 3346 interposito
425 3269 501 3327 vitae
521 3281 655 3328 aeternae
676 3280 780 3348 pacto,
809 3267 950 3348 populum
972 3265 1137 3345 qnempiam
1157 3260 1193 3321 ad
1213 3277 1246 3322 re

112 3341 231 3403 invitat:
249 3346 405 3424 specialem
418 3344 569 3404 electionis
586 3345 709 3419 modum
729 3347 758 3404 in
780 3358 862 3424 parte
874 3344 1004 3416 subesse,
1023 3352 1055 3400 ut
1068 3360 1128 3400 non
1141 3357 1244 3398 omnes

110 3420 276 3497 promiscua
289 3421 548 3504 gratiaellicaciter
561 3422 658 3515 eligat
681 3422 771 3497 Quod
785 3421 905 3481 dicitnr:
919 3419 1031 3494 „iacob
1045 3417 1165 3493 dileri,“
1175 3433 1244 3494 per·
1269 3494 1273 3501 .

111 3497 190 3558 tinet
209 3498 245 3558 ad
266 3512 354 3559 totam
375 3498 509 3558 sobolem
531 3499 727 3573 patriarchae,
752 3519 839 3577 qnam
859 3497 1010 3577 Propheta
1036 3494 1097 3553 illic
1117 3488 1246 3581 opponit

134 3576 238 3637 osteris
259 3577 344 3635 Esau.
383 3577 450 3635 Hoc
471 3588 567 3634 tamen
590 3597 650 3637 non
662 3575 770 3648 obstat,
790 3576 946 3655 quominus
965 3574 995 3631 in
1016 3591 1141 3653 persona
1160 3587 1246 3628 unius

110 3596 241 3714 bominis
261 3653 409 3749 qpecimen
430 3652 582 3711 electionis
604 3653 786 3733 propositum
800 3650 887 3712 nobis
908 3650 1006 3722 luerit,
1026 3667 1100 3728 qnae
1121 3644 1246 3706 effluere

110 3749 174 3790 non
201 3741 300 3809 potest
325 3730 394 3807 quin
418 3728 455 3789 ad
485 3741 591 3788 metam
617 3750 696 3789 snam
722 3729 882 3808 perveniat.
931 3728 994 3787 Hos
1015 3725 1122 3784 Paulus
1148 3721 1248 3785 vocari

107 3807 251 3885 reliquias
271 3828 330 3866 non
353 3806 458 3864 frustra
480 3805 616 3864 observat
635 3805 736 3882 (Rom.
755 3812 785 3879 9,
804 3811 850 3870 27.
872 3817 902 3864 et
921 3812 969 3877 11,
992 3806 1050 3880 5.):
1071 3801 1139 3880 quia
1160 3819 1247 3877 erpe-

109 3885 218 3946 rientia
239 3882 367 3943 ostendit
379 3903 412 3941 ex
429 3902 530 3963 magna
550 3881 737 3941 multitudine
749 3882 906 3962 plerosque
920 3879 1007 3940 dilabi
1019 3891 1048 3939 et
1062 3895 1248 3952 evanescere,

183 4133 212 4200 ⁸)
230 4132 272 4184 De
295 4133 541 4202 praedestinatione,
571 4131 614 4203 pia
637 4147 661 4183 ct
679 4109 827 4186 doctissima
847 4131 1003 4187 scribentem
1019 4129 1163 4182 Lntherum
1187 4124 1247 4178 ride

114 4200 196 4252 Tom.
212 4202 236 4254 1.
273 4219 310 4264 ag.
328 4202 369 4255 86.
387 4203 430 4253 lin.
448 4215 473 4253 et
495 4220 551 4271 pag.
569 4203 614 4255 87.
632 4202 677 4252 lin.
703 4200 783 4254 Tom·
801 4204 825 4254 3.
850 4200 883 4252 acl
900 4200 1021 4253 Psatn
1045 4216 1107 4249 vers.
1124 4198 1150 4252 8.
1168 4193 1247 4247 Tom.

114 4272 139 4322 5.
158 4269 185 4319 in
203 4288 224 4320 c.
243 4222 283 4325 til.
300 4269 394 4323 loann.
418 4270 494 4330 item,
522 4269 549 4322 in
575 4268 737 4339 praelatione
759 4268 786 4320 in
804 4269 882 4339 Epist
902 4269 934 4320 nd
952 4266 1029 4320 Rom.
1046 4267 1110 4318 ltcm
1127 4266 1249 4317 novenni

113 4335 253 4392 Erasmum
271 4339 394 4392 deservo
413 4336 520 4392 arbitrio
538 4355 595 4408 pag.
612 4336 671 4394 429.
687 4355 743 4408 sqq·
759 4338 818 4394 452.
835 4351 860 4392 et
876 4336 935 4394 db&
952 4334 1018 4390 ltenr
1034 4335 1064 4390 in
1079 4330 1146 4388 t’nt
1158 4326 1216 4389 13⁹.
1299 4366 1304 4387 t
