2700 4732
75 190 115 252 an
249 170 252 177 '
478 184 555 245 us.
576 184 602 247 r.
641 185 732 249 cae.
751 184 805 246 rx.
870 224 877 244 .

77 326 220 402 „seminis
238 324 283 388 tui
302 326 332 388 in
352 316 571 409 perpetuum,‘·
589 336 719 391 veterem
739 328 882 413 populum
902 340 1040 393 externae
1058 329 1217 395 doctrinae

80 405 217 486 astringit
235 405 293 464 acsi
314 404 518 467 elementarius
539 419 630 467 esset:
660 408 731 487 quin
757 408 857 487 potius
875 427 974 468 veram
1000 407 1075 468 banc
1094 420 1127 470 et
1149 408 1217 490 ple-

81 502 148 541 nam
167 480 222 542 snb
243 468 354 543 Christi
373 502 468 575 regno
487 482 671 565 felicitatem,
683 500 776 545 norae
797 482 938 545 ecclcsiae
962 483 1028 544 fore
1048 484 1153 559 docet,
1181 494 1218 553 ne

80 578 141 618 non
163 558 258 618 minus
277 578 351 618 voce
371 559 429 619 Der
449 582 535 639 quam
555 560 668 652 Spiritu
689 573 824 643 regatur:
854 560 932 621 uude
951 559 1132 642 colligimus,
1161 581 1217 622 ne-

81 634 171 695 fando
189 634 343 719 sacrilegio
365 635 461 695 divelli
482 635 517 697 ab
538 637 599 697 istis
625 637 841 714 nebulonibus,
861 656 935 717 quae
955 637 1119 698 inviolabili
1138 652 1240 699 nem·

81 711 231 791 Propheta
251 713 410 773 coniunxit.
449 714 515 774 lluc
534 712 607 773 adde
624 715 704 793 quod
718 714 825 775 Paulus
844 713 873 774 iu
892 713 1012 774 tertium
1032 734 1124 795 usquc
1144 734 1219 776 eoe-

82 786 141 847 lum
164 800 262 868 raptus
282 810 343 849 non
365 789 476 849 destitit
495 802 592 850 tamen
613 791 757 870 prolicere
777 792 807 851 in
828 789 961 851 doctrina
981 791 1069 873 Legis
1089 803 1120 851 et
1137 791 1218 853 Pro·

83 865 251 999 plretarnms
280 864 365 925 sicuti
385 879 415 925 et
435 866 643 938 Timotheum,
663 866 816 959 singularis
835 867 1031 947 praestantiae
1050 866 1219 943 doctorem,

105 954 221 1001 ortatur
250 954 284 1001 ut
311 941 435 1001 lectioni
465 943 598 1003 attendat
626 943 666 1022 (1.
687 945 764 1004 Tim.
788 951 823 1019 4,
851 946 922 1021 13).
973 945 1018 1004 Ac
1050 956 1219 1005 memoratu

83 1018 204 1097 dignum
228 1030 273 1079 est
303 1017 431 1099 elogium
457 1019 528 1078 illud
555 1042 614 1100 quo
634 1020 815 1102 scripturam
844 1031 945 1092 ornat,
974 1021 1076 1081 utilem
1096 1018 1233 1082 rasead·

84 1095 268 1166 docendum,
290 1097 487 1171 monendum,
513 1096 711 1177 arguendum,
735 1117 794 1177 quo
819 1096 944 1177 perfecti
963 1097 1122 1157 reddantur
1140 1094 1220 1159 servi

83 1170 142 1229 Dei
161 1171 218 1248 (ll.
236 1171 314 1230 Tim.
333 1177 363 1244 3,
382 1175 455 1250 fb).
508 1177 604 1247 Quam
631 1173 769 1235 diabolici
790 1172 897 1233 furoris
921 1184 980 1246 est,
1004 1172 1144 1234 caducum
1171 1170 1221 1235 sel

83 1247 472 1384 {tltllthdtllfttt
487 1250 871 1387 ”thitgit‘tlt'htl
892 1249 1134 1406 llssbttdl't‘
1147 1270 1183 1385 1¹¹
1180 1268 1223 1389 55

84 1398 181 1471 velius,
200 1421 238 1458 an
257 1400 344 1459 alium
367 1401 513 1461 hauserint
531 1402 665 1481 spiritum
686 1403 722 1461 ab
744 1423 780 1461 eo
801 1421 887 1482 quem
908 1401 1055 1481 discipulis
1073 1400 1131 1461 suis
1182 1420 1221 1461 o-

85 1475 180 1536 minus
200 1476 399 1556 promittebat.
438 1477 569 1538 Tametsi
589 1492 714 1537 extrema
735 1478 845 1538 insania
865 1490 1018 1553 vexantur,
1037 1496 1098 1536 non
1117 1489 1221 1539 tatum

86 1573 137 1610 ens
159 1565 238 1611 tanta
258 1554 402 1645 vertigine
423 1567 494 1633 puto
516 1555 623 1634 raptari
644 1567 676 1615 ut
696 1555 724 1615 id
745 1557 851 1614 iactare
871 1553 976 1614 ausint.
1018 1552 1144 1628 Qualem
1163 1574 1221 1615 au·

85 1639 144 1686 tem
168 1631 232 1688 fore
256 1632 458 1706 promittendo
479 1630 689 1692 denuntiabat?
719 1650 826 1709 nempe
846 1632 896 1722 qui
921 1650 982 1689 uon
1001 1652 1017 1690 a
1036 1650 1068 1689 se
1088 1631 1153 1711 ipso
1172 1629 1221 1693 lo·

85 1706 290 1797 gnerctur(lo·
304 1713 351 1781 16,
360 1710 435 1785 ts),
453 1708 503 1799 sed
516 1720 688 1789 suggereret
702 1727 804 1767 eorum
816 1707 919 1798 animis
935 1718 964 1796 ct
975 1704 1240 1799 instillaretgpaet

84 1802 226 1918 tthttf
240 1783 1223 1951 tstfltd‘tl'ltifh„lttdtttd‘thtssatffltdtt'l:

86 1935 239 1995 doctrinae
258 1955 350 2015 genus
371 1937 545 2016 procudere,
565 1959 625 2017 quo
645 1959 661 1997 a
682 1949 798 2016 recepta
811 1936 959 2018 Evangelii
975 1935 1109 1996 doctrina
1125 1933 1223 1995 abdu-

86 2032 195 2086 camur,
214 2014 264 2071 sed
286 2012 362 2071 illam
382 2015 482 2092 ipsam,
503 2034 577 2092 quae
590 2014 843 2096 perEvaogclinm
856 2013 1088 2087 courmendatur,
1107 2010 1223 2073 doctri-
1242 2088 1247 2095 Ι

85 2096 152 2147 nbm
174 2089 320 2148 mentibus
341 2091 447 2150 nostris
468 2090 632 2170 obsignare.
1027 2154 1030 2159 ,

162 2171 190 2227 2.
229 2166 317 2223 Unde
337 2164 422 2225 facile
443 2165 536 2224 intelli
562 2168 648 2241 imus,
676 2166 845 2258 Segipturae
866 2177 896 2224 ct
915 2164 1036 2225 lectioni
1057 2176 1087 2223 et
1106 2162 1224 2226 auscul-

85 2240 191 2300 tationi
212 2261 273 2302 esse
294 2242 422 2301 studiose
442 2188 681 2318 incumbendum,
701 2265 725 2303 ει
738 2264 823 2321 quem
845 2242 985 2321 aSpiritu
1005 2240 1062 2299 Dei
1081 2263 1164 2301 usum
1185 2260 1223 2303 ae

87 2317 213 2376 fructum
235 2318 387 2398 percipere
408 2318 479 2378 libet
499 2320 598 2397 (sicuti
619 2320 704 2379 etiam
724 2318 822 2378 laudat
841 2319 945 2378 Petrus
965 2318 1020 2395 (ll.
1041 2338 1087 2397 ep.
1106 2325 1135 2382 1.
1155 2318 1224 2396 19.)

88 2413 190 2452 cornus
210 2395 352 2468 studium,
378 2396 427 2474 qui
446 2398 550 2455 attenti
571 2396 692 2456 suntad
720 2396 923 2475 propheticam
944 2395 1124 2467 doctrinam,
1144 2412 1224 2474 quae

86 2482 186 2531 tamen
205 2472 297 2529 videri
316 2482 433 2551 poterat
457 2474 524 2533 loco
545 2474 661 2534 cessisse
685 2485 753 2551 post
772 2484 901 2531 exortans
922 2470 1073 2564 Evangelii
1092 2470 1222 2547 lucem)a

88 2559 191 2608 contra
210 2567 297 2621 vcro,
317 2549 340 2608 si
360 2549 423 2627 quis
443 2549 576 2628 spiritus,
598 2551 758 2630 praeterita
776 2549 859 2608 verbi
878 2548 935 2607 bei
954 2547 1114 2627 sapientia,
1132 2546 1224 2609 alian

87 2624 250 2682 doctrinam
263 2626 348 2685 nobis
361 2627 478 2705 ingerit,
499 2646 565 2684 eum
586 2625 691 2684 asserito
702 2626 833 2685 vanitatis
844 2647 877 2684 ac
891 2623 1036 2684 mendacii
1053 2634 1224 2703 suspectum

89 2718 150 2758 esse
171 2700 292 2760 debere.
338 2702 419 2775 Quid
441 2703 538 2763 enim?
579 2723 646 2762 uum
667 2722 698 2760 se
719 2702 808 2761 Satan
829 2702 859 2760 in
876 2701 1012 2780 angelum
1033 2699 1104 2759 lucis
1123 2713 1241 2762 trana-⁹

88 2777 212 2856 figuret,
232 2798 317 2857 quam
338 2779 544 2839 auctoritatem
558 2724 686 2838 habebit
706 2778 782 2858 apud
804 2799 857 2838 nos
878 2778 1020 2856 Spiritus,
1041 2776 1096 2836 nisi
1116 2775 1225 2839 certis-

86 2855 157 2931 sisna
190 2866 261 2912 nota
284 2855 482 2916 discernatur?
526 2856 565 2915 lit
589 2876 659 2915 sane
690 2855 843 2935 perspicue
873 2854 961 2913 nobis
986 2854 1153 2934 designatus
1176 2862 1243 2927 eat¹

87 2948 160 2989 voce
183 2931 314 2991 Domini:
348 2933 402 2991 nisi
428 2933 494 3023 quia
514 2945 621 3014 sponte
647 2933 676 2992 in
702 2950 785 2993 suum
813 2930 930 2990 esitium
957 2949 1055 2991 errare
1079 2928 1227 2991 affectant

86 3007 185 3065 miseri
207 3008 264 3082 isti,
284 3007 351 3067 dum
364 3008 506 3089 Spiritum
527 3032 543 3069 a
561 3029 593 3069 se
613 3009 681 3088 ipsis
701 3010 799 3088 potius
819 3029 904 3086 qnam
925 3007 960 3067 ab
981 3007 1044 3086 ipso
1066 3016 1225 3141 ‹punctuat-

86 3084 217 3143 Atvero
237 3084 391 3165 indignum
417 3105 480 3146 esse
506 3098 676 3159 causantur,
709 3085 850 3163 Spiritum
871 3084 944 3157 Dei,
976 3084 1073 3142 cuiau
1096 3081 1249 3145 linienda'

87 3169 155 3218 sunt
175 3160 287 3235 omnia,
313 3162 482 3241 Scripturae
501 3162 662 3222 subiacere.
702 3162 794 3236 Quasi
815 3180 884 3222 vero
904 3161 942 3220 sit
962 3159 1018 3218 hnc
1037 3158 1226 3240 ignominio-

88 3257 151 3296 sum
172 3236 294 3315 Spiritui
314 3252 430 3312 sancto,
460 3238 516 3298 sibi
543 3258 604 3298 esse
624 3238 733 3315 ubique
752 3258 852 3318 parem
874 3248 904 3295 et
928 3237 1132 3310 conformem,
1162 3234 1224 3297 sibi

87 3331 141 3391 per
160 3313 260 3373 omnia
281 3327 431 3390 constare,
458 3336 598 3394 nusquam
620 3315 740 3373 variare.
778 3314 924 3392 Equidem
949 3312 972 3371 si
992 3312 1029 3371 ad
1054 3310 1225 3388 humanam,

85 3388 132 3448 vel
153 3389 331 3469 angelicam,
352 3391 396 3449 vcl
417 3391 539 3450 alienam
561 3390 690 3470 quamvis
709 3390 839 3469 regulam
860 3390 1039 3471 exigeretur,
1059 3388 1226 3449 censendus

87 3464 148 3523 turn
169 3478 255 3540 essct,
275 3467 304 3525 in
325 3467 475 3540 ordinem,
495 3468 569 3528 adde
590 3468 674 3526 etiarn
695 3467 718 3526 si
741 3468 850 3545 placet,
873 3468 903 3525 in
922 3465 1093 3525 servitutem
1112 3462 1244 3545 redigis'

86 3542 137 3600 scd
159 3542 226 3602 durn
246 3542 302 3603 sihi
322 3544 377 3623 ipsi
397 3556 597 3635 comparatur,
627 3544 695 3601 dum
716 3543 745 3601 in
766 3563 797 3603 se
823 3543 886 3624 ipso
913 3542 1127 3613 consideratur,
1158 3541 1226 3619 quia

86 3616 154 3677 ideo
177 3618 254 3677 dicet
273 3619 396 3701 irrogari
417 3621 443 3678 ei
469 3620 624 3681 iniuriam?
662 3619 754 3709 Atqui
779 3621 818 3679 ita
843 3619 878 3679 ad
904 3638 1022 3677 examen
1054 3630 1226 3691 revocatur,

86 3695 198 3767 fateor,
226 3696 277 3754 scd
298 3714 357 3774 quo
384 3718 464 3755 suarn
489 3697 566 3775 apud
588 3716 641 3755 nos
661 3707 840 3755 maiestatem
859 3694 965 3754 sanciri
985 3693 1088 3753 voluit.
1127 3692 1226 3754 Nobis

85 3772 203 3832 abunde
224 3793 286 3832 csse
307 3772 412 3845 debet,
444 3775 618 3850 simulatque
642 3792 674 3831 se
694 3773 781 3833 nobis
800 3774 936 3831 insinuat.
977 3772 1087 3829 Verum
1109 3788 1147 3827 ne
1166 3769 1228 3839 sub

86 3848 174 3906 titulo
193 3870 248 3907 suu
270 3850 396 3908 Satanae
416 3849 533 3928 spiritus
554 3850 688 3928 obrepat,
709 3850 739 3906 in
760 3870 810 3909 sua
831 3850 958 3930 imagine
979 3868 1065 3925 quam
1087 3845 1226 3925 Scriptu-

87 3924 127 3982 ris
146 3924 309 4004 impressit,
339 3925 403 3984 vult
423 3946 438 3984 a
459 3925 546 3985 nobis
565 3925 749 4007 recognosci.
800 3925 1027 4005 scripturarum·
1039 3933 1143 3981 auctor
1163 3934 1225 3989 esta

86 4000 181 4059 sacius
203 4000 407 4081 dissimilisque
427 4021 570 4061 essenon
590 4013 698 4081 potest.
745 4000 871 4076 Qualem
892 4003 982 4082 igitur
1001 4020 1032 4059 se
1052 3998 1112 4057 illic
1131 3998 1226 4059 semel
1251 4040 1254 4047 -

53 4077 233 4167 ‘prodidit,
261 4078 326 4138 talis
358 4088 503 4156 perpetuo
534 4090 665 4149 mancat,
695 4089 822 4156 oportet.
879 4079 946 4138 Hoc
976 4074 1226 4136 contumeliosum

59 4188 61 4193 >
87 4152 219 4288 sllidnon
244 4165 303 4214 est:
330 4155 387 4216 nisi
413 4156 492 4216 forte
516 4154 711 4217 honorificum
733 4154 870 4217 ducamus
888 4175 906 4216 a
924 4173 956 4216 se
976 4154 1039 4238 ipso
1060 4150 1228 4213 desciscere

88 4240 119 4291 et
158 4249 328 4311 cgencrarc.

28 4362 87 4440 k
