2700 4732
471 124 547 237 dtu.
567 175 622 236 tlt.
663 174 752 236 CdP.
771 172 879 235 xxtv.
1187 182 1242 245 171

111 318 231 398 (Mattb.
250 324 299 395 23,
317 322 396 396 37.):
420 318 614 394 „Ierusalem
635 318 807 392 Ierusalem,
827 315 942 397 quoties
961 314 1041 376 volui
1061 288 1132 376 ιιιιιΙ
1157 337 1244 401 egare

112 396 209 478 pullos
228 409 311 471 tuos,
331 408 361 454 ct
380 395 538 456 notuisti?·‘
563 395 635 456 nihil
655 396 711 455 illis
729 395 915 476 suffragatur.
962 393 1073 454 Fateor
1092 396 1117 455 C
1142 397 1242 456 ristum

112 493 173 533 non
193 484 307 532 tanturn
328 473 359 530 in
380 490 505 550 persona
527 471 651 532 bominis
677 472 776 551 loqui,
808 472 859 531 sed
881 469 1057 605 exprobrare
1077 474 1157 605 guod
1177 492 1243 531 sae-

111 548 184 609 culis
203 549 339 608 omnibus
359 548 577 626 repudiaverint
595 570 676 607 sunm
695 549 828 627 gratiam,
867 546 907 606 Se
948 546 1075 605 definien
1097 570 1112 608 a
1133 560 1176 609 est
1195 547 1243 609 illa

110 624 171 685 net
191 625 335 698 voluntas,
355 626 392 691 de
412 645 467 703 qua
489 624 598 704 agitur:
630 644 726 702 neque
751 623 829 683 enirn
849 622 1005 683 obscunrm
1028 634 1072 682 est
1091 646 1177 705 quam
1197 646 1244 685 se-

111 700 184 761 dulo
212 700 378 760 incubuerit
401 701 481 759 Deus
506 700 541 758 ad
569 700 753 759 retinendum
783 699 864 759 illum
889 698 1047 791 populum,
1080 712 1110 759 et
1135 715 1260 792 quauta.

133 776 271 837 ervicacia
290 797 307 836 a
328 777 428 855 primis
452 776 488 835 ad
510 776 626 836 ultimos
648 777 729 857 vagis
751 774 809 835 suis
834 773 1041 855 cupiditatibus
1066 775 1157 837 dediti
1181 779 1243 839 col·

110 797 269 914 liudonem
287 853 469 931 respuerint:
495 852 546 913 sed
572 853 641 912 inde
667 873 728 913 non
747 842 879 932 sequilnr
903 851 1018 911 irritum
1039 852 1126 913 luisse
1145 856 1244 916 consi-

111 928 182 989 lium
202 927 260 988 Dei
280 927 431 988 bominum
452 928 570 987 malitia.
614 928 770 1008 Excipiunt
796 927 867 987 nihil
889 928 983 988 minius
1004 948 1066 987 esse
1086 944 1243 991 cousenta-

112 1025 201 1065 neum
219 1004 276 1065 Dei
298 1017 428 1077 naturae,
447 1027 532 1085 quarn
553 1016 585 1065 ιιι
604 1006 640 1065 sit
660 1005 765 1084 duplex
785 1005 815 1062 in
837 1024 874 1063 eo
893 1004 1036 1063 voluntas.
1076 1007 1167 1081 Quod
1184 1028 1242 1089 ego

112 1081 170 1141 illis
190 1082 340 1156 concedo,
361 1083 449 1141 modo
471 1082 563 1142 dextri
589 1083 646 1141 sint
665 1083 850 1159 interpretes.
895 1081 955 1139 Sed
982 1103 1034 1141 cur
1060 1087 1243 1149 nonconsi·

111 1157 218 1217 derant
236 1168 284 1217 tot
302 1158 484 1233 testimonia,
515 1158 564 1217 ubi
584 1158 666 1219 Dens
697 1157 837 1218 humanos
868 1156 991 1217 allectus
1015 1158 1140 1218 induens
1164 1159 1243 1222 infra

111 1254 192 1295 sunm
213 1232 389 1294 maiestatem
411 1234 582 1295 descendit?
619 1234 702 1294 Dicit
725 1255 756 1294 se
781 1234 927 1314 protensis
954 1231 1080 1294 brachiis
1101 1235 1242 1298 rebeliem

111 1307 254 1390 populum
274 1330 390 1371 vocasse
409 1310 481 1391 (les.
499 1317 553 1384 65,
572 1311 633 1389 1.),
662 1329 747 1370 mane
768 1322 798 1370 et
816 1330 883 1370 sero
909 1309 1022 1369 dedisse
1049 1331 1184 1390 operam,
1209 1326 1242 1375 ut

111 1404 179 1446 eum
199 1386 234 1446 ad
254 1406 285 1446 se
304 1387 467 1447 reduceret
506 1388 587 1448 llaec
608 1387 705 1447 omnia
726 1387 749 1446 si
768 1387 836 1445 Deo
857 1397 957 1479 aptare
977 1386 1093 1462 volent,
1115 1410 1149 1448 ac
1168 1388 1244 1472 figu·

109 1482 173 1521 ram
194 1461 360 1543 negligere,
393 1464 501 1523 multae
524 1482 721 1544 supervacuae
746 1473 954 1524 contentiones
974 1476 1141 1545 emergent,
1173 1488 1243 1546 quas

111 1558 170 1597 nna
191 1537 261 1597 baec
280 1538 388 1599 solutio
401 1560 465 1599 com
489 1539 563 1615 unit,
584 1540 663 1618 quod
684 1538 839 1598 humanum
855 1549 898 1599 est
917 1539 952 1599 ad
965 1539 1061 1598 Deum
1082 1543 1243 1603 transferri.

145 1634 288 1694 uanqnam
309 1615 417 1675 solutio
437 1560 508 1675 alibi
527 1637 542 1675 a
564 1617 648 1676 nobis
668 1615 789 1675 adducta
809 1615 926 1674 abunde
938 1616 1045 1676 sufficit
1062 1616 1136 1708 [vid.
1150 1618 1199 1679 lib.
1214 1626 1243 1685 1.

110 1711 137 1751 e.
157 1695 206 1754 18.
225 1712 248 1750 s.
266 1697 295 1755 3.
316 1704 345 1751 et
366 1691 415 1751 lib.
434 1696 462 1756 3.
484 1714 508 1753 c.
527 1698 574 1757 ⁶20.
594 1714 616 1751 s.
635 1692 715 1772 43],
742 1691 869 1770 quamvis
888 1691 1039 1769 multiplex
1057 1704 1095 1752 sit
1115 1694 1171 1753 Dei
1190 1717 1244 1757 uo·

110 1766 206 1827 luntas
227 1768 325 1846 quoad
346 1789 461 1827 sensnm
482 1781 630 1844 nostrum,
659 1789 719 1828 non
740 1782 835 1827 tamen
858 1788 922 1827 eum
944 1768 1001 1827 boc
1021 1781 1051 1827 et
1070 1768 1140 1827 illud
1162 1772 1244 1832 inse

108 1840 202 1915 velle,
219 1842 270 1903 sed
292 1865 345 1923 pro
366 1845 505 1925 sapientia
532 1866 582 1905 sua
607 1845 685 1906 varie
703 1844 858 1925 multiplici
878 1849 926 1922 (ιιι
946 1864 1008 1903 eam
1029 1845 1134 1905 Paulus
1155 1860 1245 1909 vocat

109 1917 236 1998 Epeo,
255 1920 317 1998 10.)
343 1923 484 1980 attonitos
513 1922 636 1980 reddere
660 1942 760 1981 sensus
786 1933 919 1992 nostros,
940 1921 1036 1980 donec
1061 1942 1244 2004 cognoscere

109 1994 198 2055 nubis
217 1994 333 2057 dabitur
352 1997 526 2058 mirabiliter
545 2016 610 2057 enm
630 1995 715 2070 velle,
735 1998 815 2075 quod
828 2019 907 2059 nnnc
923 1998 1037 2056 videtur
1056 2019 1119 2059 esse
1138 2000 1244 2061 volun-

110 2072 166 2132 tati
190 2070 251 2133 eius
276 2073 436 2133 adversum.
487 2073 605 2135 Cavillis
631 2075 717 2133 etiam
750 2074 869 2147 ludunt,
899 2094 987 2153 quum
1007 2074 1088 2134 Dens
1111 2077 1242 2138 omnium

108 2148 149 2208 sit
167 2161 267 2229 pater,
294 2149 432 2210 lniustum
464 2170 527 2209 esse
551 2162 583 2210 ut
603 2171 777 2228 quemquam
796 2150 923 2225 abdicet,
944 2149 997 2210 nisi
1018 2151 1067 2230 qni
1087 2172 1138 2211 sua
1158 2152 1242 2234 culpa

109 2243 238 2305 poenam
267 2225 342 2286 banc
366 2239 434 2287 aute
460 2227 549 2285 luerit
568 2228 756 2306 promeritus.
808 2226 900 2301 Quasi
919 2246 990 2286 vero
1011 2248 1072 2285 non
1093 2231 1241 2306 usquead

109 2318 219 2380 porcos
239 2313 270 2363 et
288 2322 374 2362 canes
395 2315 492 2383 pateat
505 2304 562 2362 Dei
583 2302 751 2362 liberalitas.
791 2302 907 2377 Quodsi
928 2303 964 2362 dc
985 2303 1111 2363 humano
1131 2325 1242 2385 genere

109 2376 221 2457 agitur,
249 2379 447 2458 respondeant
466 2401 519 2440 cur
537 2380 618 2439 Deus
638 2399 701 2439 sese
721 2379 882 2438 devinxerit
901 2380 952 2440 uni
976 2380 1104 2459 populo,
1128 2394 1161 2441 ut
1182 2386 1242 2445 eius

109 2464 187 2513 esset
205 2465 302 2533 patera
332 2477 384 2515 cur
415 2458 501 2516 etiarn
528 2457 661 2537 exignum
688 2456 756 2514 inde
781 2476 935 2515 numerum
982 2456 1041 2515 ua'si
1064 2456 1169 2516 llorem
1191 2460 1243 2519 de-

109 2530 262 2608 cerpserit.
301 2532 360 2591 Sed
386 2533 596 2593 conviciatores
621 2534 691 2592 istos
713 2532 836 2612 impedit
854 2552 905 2591 sua
926 2478 1118 2592 miledicendi
1139 2534 1242 2610 libido,

108 2624 149 2665 oe
168 2607 356 2667 considerent
375 2610 470 2668 Deum
502 2611 540 2669 ita
570 2608 663 2669 solem
689 2630 771 2668 suum
798 2609 961 2687 producere
985 2629 1074 2687 super
1093 2609 1189 2671 bonos
1211 2625 1241 2672 et

108 2681 202 2743 malos
221 2685 318 2762 (lllatt.
335 2693 365 2760 5,
385 2689 457 2762 45),
477 2698 510 2745 ιιι
529 2686 627 2764 paucis
648 2686 774 2765 reposita
794 2685 831 2743 sit
852 2685 1023 2756 haereditas,
1036 2686 1148 2774 'quibus
1170 2688 1240 2747 olim
1344 2735 1349 2753 .

110 2758 224 2818 dicetur
249 2761 333 2838 (ibid.
352 2769 406 2832 25,
425 2764 504 2838 34.);
535 2762 664 2835 „Venite
694 2760 841 2820 benedicti
866 2762 960 2820 Patris
986 2781 1060 2834 mer,
1093 2764 1240 2840 possidete

108 2841 256 2926 regnunt*
274 2849 330 2897 etc.
382 2838 537 2898 0biicinnt
569 2841 671 2914 etiam,
702 2839 797 2895 Deum
825 2836 895 2894 nihil
922 2837 1017 2896 odisse
1043 2856 1241 2917 eorumquae

110 2911 196 2971 fecit:
218 2914 295 2991 quod
317 2926 349 2972 ut
373 2916 427 2973 illis
448 2916 623 2990 concedam,
652 2914 763 2974 salvum
788 2925 885 2971 tamen
914 2924 1012 2972 manet
1032 2913 1112 3003 quod
1133 2914 1241 2992 doceo,

63 3054 73 3069 Ι
108 2986 255 3066 reprobos
275 2990 340 3048 Deo
363 3012 464 3051 exosos
485 3011 558 3066 esse,
579 3003 608 3050 et
629 2991 746 3069 quidem
768 2989 881 3069 optimo
902 2989 980 3049 iure:
1003 3010 1068 3081 quta
1089 2991 1150 3050 eius
1171 2991 1241 3071 Spi-

107 3065 166 3123 ritu
200 3065 330 3125 destituti
362 3067 432 3125 nihil
464 3068 598 3147 prolerre
646 3079 739 3125 neunt
784 3086 847 3124 uam
878 3064 1090 3126 maledictionis
1116 3070 1240 3129 cansam.

107 3140 231 3200 Addunt
252 3162 311 3200 non
333 3164 394 3203 esse
415 3144 568 3203 discrimen
591 3088 692 3202 ludaei
712 3154 743 3202 et
795 3141 900 3216 entilis,
920 3142 1046 3222 ideoque
1066 3142 1240 3204 indiscrimi-

108 3217 199 3276 untisu
221 3219 356 3278 omnibns
397 3222 504 3299 coponi
525 3221 583 3279 Dei
607 3221 745 3301 gratiam:
772 3238 836 3278 nem
861 3238 877 3277 e
902 3219 991 3277 modo
1015 3208 1168 3279 adliiusnt
1187 3222 1241 3298 (si-

109 3294 170 3355 cuti
190 3294 292 3355 definit
312 3243 417 3356 Paulis
437 3297 522 3356 Rom.
541 3303 570 3370 9,
580 3300 643 3373 3¹.)
664 3308 720 3354 tam
743 3316 776 3356 ex
796 3239 910 3354 ludaeis
931 3316 1015 3387 quam
1037 3315 1070 3355 ex
1091 3294 1240 3358 Gentibus

108 3372 207 3429 Deum
228 3392 280 3450 pro
300 3394 353 3432 suo
375 3374 559 3453 beneplacito
587 3392 708 3443 vocare,
740 3374 777 3431 ita
807 3384 841 3430 ut
870 3372 979 3430 nemini
1004 3373 1043 3431 sit
1073 3372 1240 3433 obstrictus.

108 3448 178 3506 Hoc
206 3448 288 3507 etiam
318 3451 406 3509 modo
432 3451 510 3529 quod
537 3470 569 3507 ex
596 3448 654 3507 alio
685 3448 752 3507 loco
779 3448 947 3508 obtendunt
977 3448 1112 3525 diluitur,
1144 3449 1239 3508 Deum

107 3521 244 3584 clausisse
263 3529 360 3584 omnia
381 3527 434 3585 sub
456 3540 587 3605 peccato,
608 3536 640 3584 ut
659 3527 788 3584 omniurn
809 3526 1240 3602 misereatur(Rom.11,32.):

107 3620 175 3659 nem
200 3603 294 3680 equia
315 3604 445 3661 oninium
466 3603 515 3681 qui
534 3603 603 3662 salvi
625 3602 707 3674 fiunt,
727 3601 847 3661 salutem
868 3602 1083 3660 misericordiae
1101 3601 1243 3660 sunevult

108 3621 228 3737 ascribi:
249 3681 378 3757 quamvis
392 3688 452 3737 non
465 3680 598 3738 omnibns
618 3680 654 3738 sit
674 3699 829 3737 commune
850 3678 906 3737 boc
921 3677 1104 3736 beneficium.
1144 3677 1240 3736 Porro

106 3750 160 3812 ubi
180 3753 271 3813 multa
291 3754 369 3814 ultro
390 3759 524 3834 citroque
544 3756 665 3814 adducta
692 3755 815 3828 tuerint,
840 3755 877 3814 sit
906 3755 976 3833 haec
997 3752 1084 3812 nobis
1104 3751 1241 3826 clausula,

107 3827 143 3888 ad
157 3840 267 3890 tantam
288 3832 517 3910 profunditatem
538 3853 602 3890 cum
618 3829 709 3890 Panlo
722 3851 754 3888 ex
777 3851 927 3890 arescere:
947 3829 1050 3908 quodsi
1071 3828 1242 3907 obstrepant

108 3905 275 3982 petulantes
303 3907 429 3989 linguae,
455 3930 513 3967 non
540 3908 681 3986 pudefieri
703 3909 731 3966 in
754 3854 806 3967 dac
832 3907 892 3965 eins
913 3905 1120 3965 exclamatione
1139 3905 1241 3983 (Rom,

105 3989 138 4054 9,
157 3984 237 4058 20.);
260 3984 310 4056 ,,0
331 3986 437 4058 bomo,
458 3996 489 4043 tu
510 3986 575 4063 quis
595 4005 624 4044 es
645 3983 694 4062 qui
715 3983 809 4064 litigas
828 4005 894 4041 curn
915 3982 1020 4043 Deo?“
1061 3982 1138 4040 Vere
1163 3983 1240 4041 enim

107 4059 290 4150 Augustinus
311 4082 444 4151 perverse
467 4061 564 4121 lacere
584 4061 750 4133 contendit,
775 4060 823 4139 qui
845 4058 969 4118 iustitiae
990 4058 1130 4153 liumantpe
1150 4058 1241 4118 modo

107 4132 234 4195 dissuant
254 4148 415 4199 metiuntur
435 4136 488 4217 [de
508 4137 650 4218 praedest.
670 4148 700 4197 et
720 4148 792 4219 grat.
813 4156 876 4215 cap.
895 4137 945 4217 2.].
