2700 4732
469 206 545 268 nn.
565 207 622 266 lll.
663 208 750 276 ΟΜ).
770 204 879 269 XXIV.
1178 210 1236 272 1oe

108 347 160 428 qui
180 348 216 407 ad
237 347 356 430 gratiam
377 350 571 430 recipiendam
592 351 753 431 paratiores
772 362 882 426 essent,
903 348 1236 431 ianuampoenitentiae

108 444 172 484 non
192 425 321 504 aperiat?
359 426 437 486 Hine
456 427 605 487 videamus
624 428 771 489 violenter
789 428 922 508 torqueri
942 426 1050 498 locum,
1069 427 1093 486 si
1104 425 1162 485 Dei
1182 445 1235 486 vo-

108 500 223 570 luntas,
249 502 328 561 euius
349 503 481 561 meminit
499 502 667 584 Propheta,
699 504 862 585 opponitur
879 516 1000 564 aeterno
1022 503 1081 562 eius
1101 502 1237 576 consilio,

131 597 170 637 uo
197 577 306 638 electos
330 578 466 638 discrevit
489 600 505 638 a
526 580 720 659 'reprobis*).
768 581 855 640 Nunc
878 581 902 640 si
920 578 1069 659 quaeritur
1091 579 1236 661 genuinus

106 598 279 733 drophetae
297 660 413 729 sensus,
432 666 544 714 tantum
564 677 645 735 spem
663 657 769 716 veniae
792 655 1028 734 resipiscentibus
1047 654 1144 715 lacere
1163 652 1252 714 vulb*

108 732 214 809 Atque¹
227 729 299 789 haec
317 751 427 790 summa
449 743 508 804 est,
537 752 598 790 non
625 752 686 792 esse
711 732 902 799 dubitandum
923 732 993 811 quin
1013 730 1094 791 Deus
1119 741 1236 809 paratus

107 805 148 865 sit
166 805 336 886 ignoscere,
354 806 473 867 simulac
493 828 648 868 conversus
668 809 757 875 scierit
775 819 921 888 peccator.
972 807 1053 900 Ergo
1074 806 1135 866 eius
1154 826 1236 865 mor·

106 891 169 941 tem
190 900 251 940 non
270 880 342 956 vult,
361 894 501 960 quatenus
520 884 582 943 vult
601 886 822 964 poenitentiam.
859 884 1044 963 Experientra
1062 890 1159 943 autem
1180 882 1235 942 do·

109 968 169 1030 eet,
188 957 227 1015 ita
247 957 321 1017 velle
341 958 510 1038 resipiscere
546 981 597 1019 uos
618 961 651 1019 ad
672 981 703 1021 se
723 960 836 1035 invitat,
855 973 889 1019 ut
907 980 968 1019 non
984 971 1086 1040 tangat
1105 958 1235 1019 omnium

108 1033 210 1095 eorda.
258 1034 363 1112 Neque
390 1047 485 1093 tamen
511 980 578 1094 ideo
605 1037 758 1096 dicendum
780 1049 824 1096 est
847 1035 990 1096 fallaciter
1014 1037 1106 1115 ipsum
1133 1056 1147 1093 a
1171 1054 1236 1093 ere:

107 1109 179 1189 quia
199 1109 252 1168 etsi
271 1130 324 1169 vox
346 1121 462 1179 externa
482 1118 594 1171 tantum
614 1112 821 1172 inexcusabiles
841 1112 940 1171 reddit
951 1111 1001 1204 qui
1023 1133 1087 1172 earn
1106 1054 1237 1185 auvliunt,

106 1203 207 1264 neque
227 1185 444 1264 obsequuntur:
465 1207 531 1246 rere
551 1201 647 1248 tamen
669 1201 805 1248 censetur
821 1191 1020 1251 testimonium
1041 1189 1148 1271 gratiae
1168 1186 1236 1261 Dei,

108 1281 172 1351 quo
197 1262 252 1321 sibi
277 1262 447 1321 reconciliat
476 1263 618 1325 homines.
666 1265 832 1324 Teneamus
858 1284 929 1345 ergo
951 1264 1118 1343 Prophetae
1138 1263 1237 1324 consi-

107 1337 191 1410 linm,
211 1358 270 1396 non
292 1336 484 1416 placerelleo
499 1353 623 1400 mortem
634 1342 812 1421 peccatoris:
832 1353 865 1400 ut
880 1340 1029 1402 confidant
1047 1341 1099 1420 pii,
1119 1338 1237 1399 simulac

108 1413 294 1504 poenitentia
313 1414 383 1473 tacti
409 1415 535 1490 luerint,
566 1416 621 1476 sibi
652 1429 780 1496 paratam
801 1437 863 1477 esse
895 1417 970 1497 apud
990 1417 1088 1475 Deum
1107 1416 1236 1476 veniam:

108 1490 190 1568 rmpii
209 1508 281 1549 vero
300 1490 427 1550 sentiant
446 1492 585 1573 duplicari
606 1493 715 1552 crimen
747 1514 845 1566 snum,
876 1493 956 1571 quod
980 1504 1078 1552 tantae
1098 1492 1155 1551 Dei
1176 1491 1236 1552 cle-

107 1566 239 1624 mentiae
260 1579 290 1625 et
309 1565 437 1627 facilitati
457 1589 518 1628 nou
543 1569 733 1648 respondent.
777 1569 984 1631 Poenitentiae
1007 1569 1098 1651 igitur
1122 1586 1238 1648 semper

106 1640 197 1702 obvia
220 1642 278 1700 Dei
306 1643 502 1704 misericordia
532 1656 681 1704 occurret:
712 1646 762 1705 sed
794 1646 976 1725 poenitentia
1008 1644 1111 1737 quibus
1142 1645 1238 1719 detur,

105 1728 168 1853 qam
193 1738 295 1778 omues
324 1718 492 1799 Prophetae
517 1742 602 1801 quam
626 1720 764 1802 Apostoli
797 1735 884 1801 atque
909 1722 972 1801 ipse
999 1720 1134 1780 bzeehiel
1160 1720 1238 1780 clare

131 1805 230 1854 orent.

184 1875 232 1934 16-
269 1870 434 1931 Adducitur
458 1871 587 1932 secundo
612 1872 696 1934 Pauli
721 1872 821 1948 loeus,
851 1872 902 1932 ubi
928 1872 1019 1932 tradit
1038 1872 1134 1930 Deum
1160 1870 1238 1931 velle

106 1952 213 2007 onlnes
231 1946 326 2009 salvos
343 1948 406 2006 fieri
426 1948 465 2027 (l.
486 1949 563 2007 Tim.
583 1955 612 2022 2,
631 1953 689 2029 4.);
710 1951 790 2009 cuius
811 1952 864 2009 etsi
884 1950 994 2009 diversa
1016 1960 1059 2008 est
1079 1968 1164 2027 quam
1185 1969 1235 2007 su·

105 2022 233 2101 perioria
253 2025 345 2100 ratio,
366 2025 474 2104 aliquid
494 2037 590 2083 tamen
613 2038 656 2086 est
676 2038 840 2086 commune.
897 2024 1092 2104 Respondes,
1110 2024 1237 2104 primum

108 2116 145 2156 ex
168 2110 306 2159 contestu
326 2099 419 2180 palam
440 2101 517 2176 fieri,
543 2102 693 2180 quomodo
721 2102 803 2161 velit:
833 2114 988 2181 utrumque
1016 2103 1093 2161 enim
1120 2099 1239 2191 copulat

105 2172 226 2250 Paulus,
246 2176 325 2255 quod
336 2177 408 2236 velit
426 2176 517 2237 salvos
536 2178 612 2252 sveri,
632 2190 662 2237 ct
681 2179 716 2237 ad
736 2180 915 2259 agnitionem
927 2177 1058 2237 veritatis
1071 2178 1237 2255 pe'rvenire.

107 2249 144 2310 Si
162 2250 219 2312 hoc
239 2265 361 2313 aeterno
380 2252 438 2311 Dei
459 2254 580 2313 consilio
602 2256 685 2313 tisrrm
708 2275 769 2319 esse
786 2255 898 2330 volunt,
918 2266 950 2314 ut
963 2253 1061 2313 salutis
1074 2254 1236 2312 doctrinam

104 2328 285 2409 percipiant:
311 2330 381 2408 quid
405 2329 460 2388 sibi
479 2329 540 2389 vult
564 2329 634 2389 illud
655 2332 745 2391 lllosis
768 2332 872 2408 (Dent.
891 2339 928 2406 4,
947 2322 1005 2407 Ἷ.)’;
1031 2326 1138 2404 „Quae
1164 2348 1236 2411 gens

109 2415 157 2463 est
174 2415 234 2464 tarn
253 2404 372 2486 inclyta,
392 2418 424 2464 ut
444 2407 478 2465 ad
500 2416 561 2464 eam
582 2410 797 2499 appropinquet
817 2408 897 2468 Deus
917 2407 991 2466 sicut
1010 2406 1046 2466 ad
1065 2404 1134 2466 te?“
1153 2420 1159 2430 ’
1175 2403 1237 2478 Qui

107 2478 219 2539 factum
252 2492 295 2540 est
330 2494 361 2540 ut
391 2482 548 2561 privaverit
575 2484 656 2543 Deus
685 2483 834 2566 Evangelii
868 2483 933 2543 luce
962 2482 1070 2543 multos
1100 2480 1238 2561 populos,

107 2577 167 2636 qna
187 2557 236 2616 alii
257 2558 445 2618 fruebantur?
492 2559 552 2632 Qui
581 2561 688 2619 facturn
709 2572 751 2619 est
771 2573 804 2619 ut
822 2580 969 2640 nunquam
990 2580 1063 2639 pura
1084 2558 1236 2617 doetrinae

106 2634 226 2713 pietatis
246 2635 376 2715 cognitio
397 2635 431 2692 ad
453 2637 592 2713 quosdam
613 2639 794 2716 pervenerit,
820 2636 866 2696 alii
886 2637 932 2696 vix
952 2635 1074 2695 obscura
1094 2634 1236 2712 quaedam

108 2710 274 2768 rudimenta
293 2711 489 2790 gustaverint?
528 2712 604 2771 llinc
625 2713 680 2771 iam
696 2713 802 2773 elicere
822 2723 989 2848 promptum
1012 2712 1077 2784 erit,
1096 2728 1236 2788 quorsum

107 2785 211 2846 tendat
229 2786 344 2846 Paulus·
384 2789 578 2866 Praeceperat
597 2789 757 2848 Timotheo
777 2789 923 2848 solennes
945 2788 974 2845 in
990 2786 1115 2846 ecclesia
1136 2803 1237 2863 preca-

107 2861 206 2921 tiones
225 2884 279 2942 pro
301 2863 417 2944 regibus
439 2875 468 2921 et
491 2863 672 2943 principibus
699 2865 869 2944 concipere:
900 2884 988 2954 quum
1013 2874 1110 2920 autem
1136 2861 1249 2925 absum,

108 2938 180 2997 dum
200 2940 333 2998 nonnihil
353 2940 468 2999 videtur
488 2942 636 3000 orationes
656 2940 692 2999 ad
712 2942 808 2999 Deum
835 2940 915 2998 fundi
936 2940 990 3030 pro
1012 2956 1122 3018 genere
1142 2935 1237 2994 homi-

105 3036 179 3074 nurn
206 3036 299 3095 prope
326 3016 479 3095 deplorato
506 3018 586 3095 (quia
611 3037 671 3075 non
697 3029 810 3075 tantum
835 3038 851 3076 a
873 3014 983 3076 Christi
1004 3032 1131 3092 corpore
1150 3011 1237 3092 alieni

105 3110 213 3154 omnes
233 3105 331 3163 erant,
361 3093 410 3151 sed
432 3093 466 3150 ad
487 3114 610 3172 regnum
631 3094 691 3152 eius
712 3113 730 3152 o
755 3094 935 3173 primcndum
955 3091 1025 3149 totis
1045 3089 1154 3149 viribus
1175 3087 1237 3146 eni·

105 3168 262 3244 tebantur)
283 3169 409 3243 subiicit,
427 3188 495 3227 ecce
520 3181 577 3227 tum
600 3169 627 3226 id
648 3112 798 3244 essellco,
819 3173 867 3249 qui
887 3167 961 3227 velit
981 3185 1082 3226 omnes
1105 3164 1237 3224 homines

107 3244 205 3315 salvos
224 3245 296 3302 fieri.
342 3247 412 3318 Quo
434 3191 516 3303 nihil
525 3245 601 3303 aliud
624 3247 758 3325 proiecto
779 3245 923 3328 significat
942 3264 1027 3323 quana
1048 3242 1121 3301 nulli
1142 3241 1238 3300 bomi-

108 3342 183 3379 num
202 3322 297 3385 ordini
316 3322 389 3379 viam
412 3321 446 3379 ad
466 3321 587 3380 salutem
611 3322 814 3399 praeclusisse:
847 3323 918 3400 quin
948 3319 1045 3399 potius
1071 3319 1236 3377 misericor-

109 3396 188 3454 diam
208 3419 286 3455 suam
306 3398 347 3456 sie
364 3396 511 3469 eslndisse,
532 3409 563 3456 ut
583 3399 694 3457 nullum
714 3401 776 3457 eius
797 3410 943 3479 expertem
964 3415 1026 3455 esse
1038 3394 1117 3454 velit.
1156 3393 1239 3452 ntiae

107 3475 271 3533 sententiae
291 3494 351 3531 non
374 3473 531 3546 declarant,
552 3474 619 3550 quid
641 3476 677 3533 de
698 3475 832 3535 omnibus
846 3473 963 3533 occulto
983 3493 1036 3532 suo
1057 3470 1239 3530 iudicioDo·

107 3551 205 3609 minus
225 3551 372 3608 statuerit:
397 3550 448 3607 sed
469 3562 595 3628 paratam
617 3551 789 3609 denuntiant
810 3551 946 3610 omnibus
968 3546 1170 3629 peccatoribus
1190 3565 1240 3603 ve·

107 3625 201 3698 niam,
226 3627 275 3705 qui
302 3625 390 3683 modo
417 3647 447 3684 se
468 3626 502 3683 ad
525 3647 587 3684 eam
613 3627 815 3706 requirendam
842 3635 1025 3687 convertunt.
1044 3654 1082 3669 -·
1121 3624 1195 3680 Nam
1215 3621 1240 3680 si

105 3703 239 3762 tenacius
260 3714 385 3783 urgeant
395 3702 474 3779 quod
489 3702 701 3793 diciturqllom.
712 3710 760 3771 11,
772 3707 844 3780 32),
863 3700 937 3762 velle
958 3699 1088 3759 misereri
1099 3699 1240 3770 omniurn,

107 3797 166 3859 ego
189 3790 291 3836 contra
313 3778 450 3857 excipiam
471 3779 550 3856 quod
577 3778 646 3837 alibi
670 3780 820 3853 scribitur,
850 3779 947 3837 Deum
975 3787 1107 3835 nostrum
1127 3793 1190 3832 esse
1209 3774 1240 3831 in

107 3853 212 3929 coelo,
232 3854 282 3912 ubi
305 3854 390 3914 saciat
410 3874 602 3935 quaecunque
626 3855 696 3916 velit
722 3855 812 3934 (Psal.
833 3862 905 3930 115,
923 3854 978 3932 3..)
1029 3851 1079 3910 Sic
1100 3869 1171 3932 ergo
1193 3869 1242 3908 ex-

111 4020 362 4031 ————-—---—

179 4115 207 4179 *l
226 4115 416 4171 Bernardus
438 4140 512 4170 serm.
531 4121 554 4172 5.
571 4119 597 4171 in
615 4118 701 4171 Natali
718 4117 843 4180 Domini,
859 4119 892 4170 de
909 4115 992 4168 verbis
1009 4112 1137 4185 Apostoli,
1155 4113 1241 4164 liene-¹

110 4180 193 4234 dictus
210 4183 295 4246 Deus,
317 4201 390 4254 puter
411 4187 646 4239 misericordiarum
670 4202 716 4238 etc.
751 4186 782 4237 ll.
801 4185 863 4238 Cor.
881 4190 911 4247 1,
927 4187 952 4239 3.
979 4184 1058 4236 citans
1079 4176 1145 4233 illud
1163 4179 1241 4232 Rom.
1280 4186 1283 4191 '

110 4249 137 4309 9,
154 4253 209 4313 111,
236 4252 316 4304 Cuius
338 4255 392 4304 vult
414 4253 563 4315 miseretur,
590 4267 615 4304 et
639 4274 716 4323 quem
738 4255 792 4305 vult
813 4253 930 4306 indurat:
954 4252 1017 4305 item
1032 4248 1243 4312 Ezech.18‚32.

110 4317 183 4369 Nolo
199 4334 311 4374 mortem
329 4324 471 4391 peccatoris
490 4338 544 4385 eto,
560 4323 629 4374 hene
646 4336 672 4375 et
686 4337 773 4377 sancte
790 4321 913 4377 conciliet
928 4320 993 4374 haee
1007 4318 1075 4373 iuter
1088 4336 1123 4371 ae·
1217 4324 1221 4331 '
