2596 4726
428 224 504 285 tm.
522 224 576 284 IV.
616 224 705 285 CAP.
724 220 804 284 xvt
1129 232 1188 297 393

58 374 184 454 primum
205 372 372 431 denuntiat:
403 381 465 429 tum
492 368 598 429 deinde
624 379 691 447 post
721 367 808 427 fidem
837 369 1024 448 promissioni
1048 372 1186 453 habitam,

57 450 230 513 sacramenti
250 447 320 507 facit
339 447 519 526 participem.
559 446 622 506 Cur
640 443 847 504 innbrahamo
866 444 953 504 iidem
973 463 1186 513 sacramentum

59 528 200 606 sequitur,
219 526 248 584 in
262 524 364 583 Isaaco
385 522 444 582 lilio
465 520 687 603 intelligentiam
708 540 825 580 omnem
844 523 1013 601 praecedit?
1033 527 1186 601 Quoniam

60 624 127 663 eum
169 604 196 660 ui
216 601 312 660 adulta
338 601 453 657 demum
479 610 573 659 aetate
596 600 627 657 iu
657 595 783 656 foederis
813 599 982 659 societatem
1009 604 1185 684 recipitura

60 701 121 759 quo
148 624 248 737 luerat
274 677 413 736 hactenus
444 675 569 747 alienus,
599 676 660 734 eius
691 672 876 734 conditiones
906 686 990 736 antea
1023 681 1188 759 perdiscere

60 776 94 815 ae
119 777 186 813 uum
206 766 263 814 est:
284 753 425 811 infantem
445 772 515 811 vero
536 772 569 810 ex
589 770 625 810 eo
645 750 843 829 progenitum,
862 771 923 810 non
940 755 1024 815 item:
1046 756 1096 849 qni
1115 757 1189 819 hae-

59 778 283 903 reditarioiure,
301 829 460 889 secundum
473 827 672 906 promissionis
689 824 853 900 formulam,
873 829 927 887 ianr
947 850 962 888 a
982 845 1081 894 matus
1100 844 1187 897 utero

59 909 91 967 in
112 908 233 967 foedere
253 907 431 965 continetur.
449 939 489 951 -
526 904 586 963 Aut
606 904 620 979 (
642 923 681 963 uo
702 922 747 960 res
767 901 869 961 clarius
888 922 923 963 ac
943 905 1057 969 brevius
1076 910 1188 972 indice·

61 988 125 1062 tur)
145 985 168 1043 si
188 982 315 1041 fidelium
341 980 442 1055 liberi,
474 981 546 1039 citra
571 924 784 1060 intdlligentiae
809 979 1028 1058 adminiculum,
1060 986 1187 1049 foederis

61 1072 130 1120 sunt
149 1060 314 1139 participes,
333 1078 395 1116 non
416 1069 459 1116 est
479 1078 530 1115 cur
550 1055 589 1114 ob
611 1056 640 1114 id
660 1076 676 1115 a
696 1056 718 1114 si
741 1076 780 1114 no
800 1068 964 1133 arceantur,
985 1061 1051 1141 quia
1071 1063 1100 1122 in
1118 1064 1189 1125 ioe-

62 1138 138 1195 deris
159 1137 194 1196 sti
217 1135 376 1194 ulationem
396 1133 491 1192 iurare
512 1152 549 1191 ne
572 1145 670 1191 ueunt.
710 1074 792 1192 liare
805 1143 885 1191 certe
905 1137 980 1194 ratio
1001 1150 1046 1198 cst
1064 1162 1116 1200 cnr
1135 1141 1189 1202 ali·

62 1214 179 1292 quoties
197 1157 279 1270 lleus
298 1212 441 1282 iusantes,
472 1210 521 1287 qui
542 1154 579 1267 nl>
600 1206 736 1270 Israelitis
763 1208 914 1285 oriuntur,
942 1213 998 1272 sibi
1021 1218 1137 1297 genitos
1159 1229 1189 1278 et

63 1302 149 1349 natos
169 1290 256 1348 fuisse
270 1301 377 1348 asserat
397 1286 519 1365 (Ezech-
533 1293 581 1360 16,
592 1292 640 1350 20.
654 1297 684 1344 et
700 1292 749 1360 23,
762 1287 833 1361 at).
872 1287 945 1348 Nam
966 1290 1091 1353 filiorum
1112 1295 1197 1367 haut,

63 1367 152 1426 dubie
172 1366 239 1426 loco
264 1366 353 1424 habet
377 1383 478 1426 eorum
504 1362 591 1435 filios,
610 1383 735 1442 quorum
759 1361 862 1422 semini
883 1366 913 1423 iu
940 1379 1052 1446 patrem
1072 1390 1103 1431 se
1123 1371 1191 1432 fore

62 1444 214 1525 pollicitus
234 1455 287 1502 est.
328 1441 388 1515 Qui
408 1461 481 1499 vero
502 1439 625 1500 infidelis
645 1452 700 1513 est,
718 1440 814 1521 impiis
834 1452 915 1501 ortus
935 1446 1115 1523 parentibus,
1134 1448 1190 1509 do·

62 1542 120 1580 nec
140 1541 194 1601 per
212 1520 298 1579 fidem
313 1520 382 1577 Deo
399 1518 528 1592 uniatur,
548 1538 563 1577 a
584 1517 929 1577 foederiscommunione
949 1532 1100 1584 extraneus
1121 1545 1191 1586 een-

62 1610 153 1658 setur.
193 1599 296 1677 ltaque
317 1594 389 1654 nihil
409 1594 514 1654 mirum
532 1594 556 1653 si
576 1614 630 1655 nec
651 1595 734 1731 signo
754 1590 961 1670 communicet,
981 1597 1061 1660 cuius
1080 1601 1191 1684 signifi.

63 1676 142 1737 catio
163 1675 191 1734 in
213 1695 249 1734 eo
271 1672 354 1734 fallar
374 1671 524 1750 inanisque
545 1670 632 1731 soret.
687 1692 705 1729 n
726 1690 788 1730 earn
809 1673 983 1735 sententiam
995 1675 1101 1737 Paulus
1118 1700 1193 1758 quo·

64 1772 123 1833 que
142 1751 258 1825 scribit,
279 1749 409 1820 Gentes,
428 1747 565 1827 quamdiu
584 1748 615 1806 in
634 1769 684 1808 sua
704 1745 868 1809 idololatria
891 1748 1042 1813 immersae
1062 1753 1193 1835 inerunt,

65 1843 145 1889 extra
165 1839 369 1889 testamentum
392 1824 478 1884 luisse
497 1824 587 1915 (Eph.
603 1831 632 1899 2,
650 1826 720 1902 11.).
760 1825 827 1884 Hoc
846 1827 1033 1904 compendio,
1052 1840 1114 1891 tota
1134 1852 1193 1909 res,

64 1907 123 1967 nisi
147 1904 433 1984 fallor,·perspicue
452 1901 580 1981 expediri
604 1915 705 1983 queat,
736 1900 799 1974 Qui
829 1901 925 1969 adulta
954 1903 1070 1965 demum
1097 1920 1195 1970 aetate

66 1983 177 2043 Christi
197 1982 283 2042 fidem
303 1979 533 2060 amplectuntur,
563 1998 630 2053 eos,
660 1999 749 2057 quum
771 1976 910 2040 lractenus
929 1980 1017 2040 alieni
1035 2003 1052 2043 a
1072 1982 1194 2047 loedere

65 2060 191 2135 inerint,
222 2079 282 2118 non
311 2077 373 2118 esse
392 2056 543 2136 Baptismo
562 2055 773 2139 insigniendos‚
797 2055 851 2116 nisi
871 2056 928 2116 lide
952 2078 985 2118 ac
1010 2060 1194 2137 poenitentia

65 2137 286 2196 intercedente:
318 2150 392 2214 quae
424 2132 533 2191 aditum
558 2133 613 2192 illis
640 2134 670 2192 in
695 2132 821 2192 foederis
840 2132 1009 2194 societatem
1029 2136 1195 2215 patefacere

66 2213 148 2274 solae
167 2223 303 2293 possunt:
323 2210 379 2289 qui
392 2227 462 2270 vero
482 2228 498 2267 a
520 2208 693 2269 Christianis
712 2208 856 2291 originem
877 2210 988 2270 ducunt
1005 2212 1143 2290 inianter,
1160 2228 1195 2277 nt

66 2291 99 2349 in
120 2290 248 2349 foederis
267 2285 488 2358 haereditatem,
507 2287 604 2346 statim
629 2307 663 2346 ac
690 2285 750 2344 nati
775 2297 858 2359 suut,
877 2305 894 2346 a
913 2287 980 2347 Deo
1001 2289 1062 2351 esci
1085 2291 1195 2366 iuntur,

66 2369 108 2427 ita
131 2367 160 2425 in
183 2365 361 2444 Baptismum
387 2362 581 2442 recipiendos.
630 2362 677 2422 Eo
708 2361 894 2423 referendum
924 2375 968 2424 est
993 2310 1082 2447 quod
1096 2378 1196 2429 narrat

67 2445 149 2503 Evan
173 2443 268 2514 eliste,
290 2440 450 2520 baptizatos
470 2438 615 2498 aloanne
635 2439 721 2498 fuisse
742 2439 791 2517 qui
811 2451 929 2521 peccata
948 2461 999 2500 sna
1019 2444 1194 2505 confiteren-

69 2533 119 2580 tur
140 2525 152 2598 (
188 2519 257 2578 atth.
274 2525 304 2593 3,
321 2518 379 2592 6.):
412 2515 490 2597 quod
511 2516 672 2594 exemplum
694 2513 908 2576 observandum
928 2515 1074 2599 hodieque
1087 2540 1197 2585 ,cense-

69 2619 142 2656 mus.
182 2598 277 2655 'furca
299 2593 418 2652 enimsi
439 2612 469 2650 se
487 2592 523 2653 ad
543 2593 722 2672 Baptismum
742 2592 863 2669 usserat,
887 2614 948 2654 non
972 2606 1085 2656 temere
1104 2617 1120 2656 a
1140 2618 1197 2660 no-

71 2673 115 2732 bis
135 2673 341 2753 intingeretur,
369 2669 425 2729 nisi
444 2668 630 2730 confessione
654 2669 766 2730 scilicet
789 2670 876 2748 edita,
901 2690 957 2751 qua
988 2672 1128 2735 ecclesiae
1150 2695 1197 2735 sa·

71 2749 205 2808 tisfaciat.

147 2830 194 2888 25.
232 2823 361 2897 Adhaec,
381 2820 490 2883 Christi
501 2820 589 2882 verba
609 2840 684 2900 quae
701 2821 821 2882 loannis
839 2824 930 2885 tertio
948 2824 1110 2902 recitantur
1127 2848 1200 2908 pro-

73 2903 187 2973 terunt,
232 2899 320 2959 uilrus
339 2910 520 2978 praesentem
539 2900 569 2957 in
589 2898 738 2978 Baptismo
763 2899 1017 2981 regenerationem
1038 2903 1201 2967 existimant

72 2978 182 3057 requiri
203 2920 262 3055 (lo.
279 2982 308 3049 3,
329 2976 388 3050 5.):
420 2975 502 3049 „Nisi
528 2974 592 3054 quis
617 2986 735 3035 renatus
765 2976 853 3036 luerit
879 2998 912 3037 er
932 2997 1005 3058 aqua
1026 2991 1057 3039 et
1077 2979 1200 3072 Spiritu,

74 3077 135 3115 noo
146 3065 255 3189 lpotest
275 3051 390 3133 ingredi
408 3051 439 3110 in
460 3070 583 3133 regnum
596 3051 685 3111 Dei.“
723 3052 768 3110 En
788 3053 955 3132 (inquiunt)
976 3065 1009 3114 nt
1026 3056 1201 3136 Baptumus,

75 3151 127 3192 ore

74 3210 153 3268 nime
174 3227 292 3286 capaces
317 3225 379 3265 esse
409 3205 476 3265 satis
507 3222 653 3285 superque
679 3216 781 3265 notum
809 3219 868 3281 est,
892 3228 952 3285 qno
971 3220 1123 3286 praetextu
1141 3209 1201 3271 Ba-

97 3286 182 3345 tismo
208 3285 372 3353 initiamus,
404 3282 454 3371 qui
473 3280 536 3342 sine
556 3283 617 3360 ipsa
642 3284 918 3362 constarernequit?
955 3284 1087 3345 Primum
1112 3285 1143 3346 in
1164 3306 1201 3348 eo

29 3384 32 3389 ·
75 3307 215 3421 lalluntur
238 3359 317 3439 quod
337 3359 477 3451 Baptismi
508 3357 689 3417 mentionem
719 3357 782 3418 fieri
816 3358 872 3421 hoe
900 3361 968 3422 loco
994 3373 1110 3442 putant,
1155 3364 1203 3426 nia

75 3458 168 3517 aquae
188 3456 296 3497 nomen
321 3436 450 3494 audiunt.
488 3434 644 3514 Postquam
666 3433 743 3495 enirn
763 3447 885 3496 naturae
910 3384 1204 3529 corruptionemqlli-

77 3515 201 3575 eudemo
226 3514 359 3593 esposuit
378 3511 527 3586 Christus,
558 3532 591 3572 ae
616 3512 729 3572 renasci
753 3524 893 3593 oportere
919 3515 1033 3575 docuit:
1065 3515 1132 3594 qnia
1151 3516 1204 3576 ille

77 3590 287 3650 renascentiam
314 3585 498 3668 corporalem
523 3588 703 3663 somniabat,
729 3589 848 3649 modum
872 3589 919 3652 lric
940 3590 1052 3651 indicat
1071 3612 1130 3672 quo
1155 3613 1204 3654 re-

76 3679 197 3749 generat
218 3687 271 3724 nos
290 3665 388 3739 Deus,
414 3683 519 3745 nempe
546 3686 598 3746 per
616 3686 718 3756 aquam
745 3677 776 3725 et
794 3666 952 3745 Spiritum:
984 3668 1064 3748 quasi
1083 3669 1206 3745 diceret,

99 3743 291 3822 erSpiritum,
311 3742 361 3821 qui
383 3742 535 3822 purgando
555 3754 584 3801 et
603 3741 754 3823 irrigando
775 3742 873 3804 fideles
891 3744 1009 3820 animas,
1027 3744 1093 3805 viee
1113 3765 1206 3826 aquae

76 3766 217 3901 lungitur.
256 3819 371 3899 Aquam
393 3838 465 3897 ergo
485 3829 515 3877 et
534 3818 675 3900 Spiritum
695 3817 865 3899 simpliciter
883 3818 995 3900 accipio
1015 3840 1071 3901 pro
1082 3821 1207 3901 Spiritu,

100 3898 129 3955 ui
149 3917 222 3974 aqua
243 3907 295 3953 cst.
347 3895 451 3973 Neque
469 3894 541 3956 haec
561 3915 636 3954 nova
658 3906 701 3954 est
720 3893 871 3976 loquutio:
903 3917 1022 3989 prorsus
1043 3899 1120 3959 enim
1141 3920 1207 3960 cum

78 3919 128 4033 illa
149 3992 223 4062 quae
243 3973 332 4031 tertio
353 3970 494 4029 Matthaei
518 3973 612 4050 capite
636 3969 762 4030 habetur
786 3986 940 4033 convenit:
972 4017 992 4048 „
1026 3974 1057 4034 ui
1075 3976 1208 4056 sequitur

78 4069 137 4123 me,
158 4049 206 4108 rlle
228 4047 339 4126 estqui
367 4046 496 4125 baptizat
522 4048 552 4106 in
572 4047 684 4127 Spiritu
704 4058 805 4109 sancto
827 4061 857 4109 et
876 4049 982 4133 ignit‘,
1039 4052 1209 4114 uemadmo·

80 4127 148 4185 dum
170 4145 241 4207 ergo
263 4124 375 4202 Spiritu
399 4134 499 4184 sancto
521 4135 551 4184 et
578 4124 639 4206 igni
662 4123 826 4215 baptizare,
852 4139 896 4187 est
915 4126 1056 4206 Spiritum
1076 4140 1208 4191 sanetum

80 4202 235 4277 conterre,
267 4201 316 4279 qui
346 4198 376 4259 in
403 4200 627 4281 regeneratione
652 4201 727 4291 ignis
747 4199 877 4261 officium
895 4214 1085 4283 naturamque
1104 4202 1208 4264 habete
1252 4238 1259 4246 ·

79 4279 121 4340 ita
141 4276 253 4341 renasci
272 4297 346 4357 aqua
366 4287 396 4336 et
415 4276 528 4357 Spiritu
546 4276 718 4337 nstitutus
737 4288 791 4353 est,
809 4298 896 4371 quam
914 4279 974 4337 rim
992 4278 1072 4339 illam
1085 4278 1211 4360 Spiritus

81 4355 224 4437 recipere,
243 4374 318 4436 quar
337 4355 369 4415 in
389 4353 484 4416 anima
502 4351 533 4415 id
552 4352 714 4435 facitquod
729 4372 805 4436 aqua
823 4374 855 4416 m
874 4372 1010 4437 corpore.
1048 4355 1121 4419 Seio
1138 4354 1212 4418 alios

177 3130 267 3190 omini
293 3130 479 3210 regeneratio
499 3139 628 3188 vocetur.
679 3128 764 3202 Quos
784 3130 873 3211 igitur
896 3132 1128 3213 regenerationis
1146 3134 1202 3194 mi·
