2700 4732
83 179 142 261 usu
464 173 540 235 ιιι.
562 175 617 235 ιιι.
657 174 745 238 ess.
765 174 805 234 ιι.

87 335 140 378 uae
158 328 257 378 tameo
276 314 344 379 illae
363 337 424 378 noo
443 331 520 380 suut.
560 319 622 379 Tot
641 318 771 380 vanitatis
793 336 920 379 recessus
940 317 1045 393 babet,
1071 328 1118 379 tot
1137 337 1221 378 men·

47 404 74 463 ‘t
86 392 163 455 dacii
181 392 302 457 latebris
321 405 413 457 scatet
432 414 485 455 cor
505 394 677 469 humanum,
707 407 766 456 tam
793 394 978 455 fraudulenta
1000 394 1148 530 bppocrisi
1167 394 1222 455 ob·

88 480 199 531 tectum
219 478 273 544 est,
292 481 326 532 ut
343 489 375 531 se
395 471 487 551 ipsum
507 489 594 553 saepe
614 470 704 531 saltas.
742 472 784 530 At
808 492 879 531 vero
894 471 949 551 qui
969 470 1020 531 tali
1044 491 1076 529 us
1094 469 1163 530 fidei
1182 470 1221 531 si-

88 544 410 682 mulacrislgloriantur,
429 545 595 629 intelligant
613 547 736 609 diabolis
756 547 849 606 uibilo
869 567 900 607 sc
919 547 1025 638 iubae
1045 557 1128 639 parte
1137 566 1222 626 prae-

19 648 26 665 ι
90 620 206 682 cellere.
252 623 345 684 riores
365 634 445 684 certe
465 622 508 683 illi
526 635 596 683 suot
614 623 706 685 multo
725 623 892 695 inferiores,
913 645 963 703 qur
980 623 1223 757 stulprdiaudiunt

89 707 122 758 et
138 696 324 782 intelligunt,
352 720 478 778 quorum
498 700 601 760 notitia
621 699 729 760 diaboli
748 699 980 760 contremiscunt
1002 702 1016 778 (
1034 720 1077 759 ac.
1093 706 1124 773 2,
1143 700 1221 778 19.):

88 772 139 835 alii
158 773 188 834 in
208 774 266 836 boc
284 795 368 856 pares
386 788 470 849 aunt,
494 774 573 855 quod
593 776 801 855 qualiscunque
821 796 937 852 seusus,
969 796 1029 856 quo
1048 787 1230 856 tanguntur,

90 851 122 911 in
141 861 287 914 terrorem
306 851 425 917 tandem
445 852 503 911 exit
523 862 554 911 ct
573 852 853 913 consternationem.
1053 889 1054 892 =

167 932 216 993 11.
254 927 325 989 Scio
345 926 516 1063 ‹pnibnsdam
537 927 641 987 durum
660 928 767 1019 videri,
781 928 851 1020 'ubi
871 926 941 988 fides
953 926 1097 1005 reprobis
1115 925 1221 989 tribui·

90 1013 155 1078 tur‚
186 1024 276 1082 quma
295 1003 401 1094 Papus
421 1023 485 1095 capa
505 1001 631 1094 lructpm
651 1003 804 1096 elec-tronus
824 1022 886 1064 esse
905 1003 1083 1094 asserat·*):
1104 1023 1155 1083 qur
1174 1016 1221 1063 ta-

89 1078 1221 1245 ttt.g.⁰d”tl².⁰.¹lt.t⁰ltt‘sttttittlitt.2tt.lllt÷⁰5ttttrtif

91 1229 200 1292 lutense
229 1231 405 1313 experientia
424 1243 522 1292 tamen
543 1231 691 1309 ostendit,
723 1231 868 1312 reprobos
888 1231 1034 1291 interdum
1053 1231 1139 1291 simili
1158 1231 1223 1292 lere
1272 1280 1277 1289 .

90 1325 179 1398 seusu
198 1317 286 1399 atque
305 1307 416 1370 electus
436 1308 525 1384 albei,
545 1320 592 1400 ιιιι
611 1327 649 1367 ne
668 1329 729 1399 suo·
742 1309 858 1388 quidem
879 1307 987 1368 indicio
1006 1307 1163 1399 quicquam
1182 1306 1221 1368 ab

91 1380 1224 1552 teristratus,{tlrestrosatutant.tu:

92 1533 371 1673 trusum
388 1536 1224 1703 esseest:‚utestererestereres

92 1685 135 1748 les
153 1689 269 1765 reddat,
288 1707 320 1749 se
338 1688 465 1750 insinuat
483 1689 513 1749 iu
533 1708 636 1749 eorum
656 1701 779 1764 mentes,
810 1700 952 1767 quatenus
971 1706 1035 1748 arne
1055 1686 1223 1767 adoptiones

92 1762 207 1842 Spiritu
226 1764 336 1847 gustari
354 1776 453 1843 potest
471 1766 532 1826 eius
552 1764 676 1826 benitas.
733 1765 767 1825 Si
787 1766 850 1844 quis
868 1763 1011 1838 obiiciat,
1041 1762 1111 1823 nihil
1131 1763 1225 1846 igitur

91 1838 215 1921 amplius
234 1852 342 1902 testare
360 1841 505 1918 fidelibus,
523 1840 603 1902 unde
622 1852 704 1901 certo
732 1840 922 1920 adoptionem
951 1860 1031 1900 suam
1051 1839 1223 1930 aestiment:

91 1916 273 1997 respondeo,
292 1918 420 1998 quamuis
439 1938 543 2002 magna
562 1918 600 1978 sit
616 1916 775 1978 similitudo
795 1929 826 1977 et
844 1915 966 1977 affinitas
986 1916 1065 1976 inter
1083 1916 1140 1975 Der
1161 1916 1223 1979 ele·
1259 1950 1262 1957 ·

91 2002 168 2082 ctos,
187 1993 286 2083 etqui
305 1993 363 2084 fide
382 1994 488 2085 caduca
507 1995 544 2054 ad
562 2006 677 2073 tempus
697 1993 860 2070 donentur,
883 1995 983 2075 vigere
1002 2005 1101 2054 umen
1120 1992 1153 2052 iu
1173 2013 1223 2054 se-

92 2065 1223 2236 ltdtfltllfttttltttt'ttill':titillat.stltttttbr

11 2273 13 2277 ,
92 2218 174 2281 Deus
192 2242 222 2281 ιιι
243 2232 415 2360 perpetuum
435 2234 607 2305 regenerat,
635 2233 669 2281 ut
693 2243 841 2357 nuncpuam
862 2222 1009 2302 dispereat
1026 2240 1128 2282 semen
1146 2222 1222 2284 ritae

92 2314 196 2357 eorum
215 2298 298 2360 cordi
321 2320 354 2359 ns
372 2297 506 2358 insitum:
526 2298 566 2359 its
585 2298 678 2359 solide
698 2299 728 2357 in
748 2300 757 2356 i
782 2299 804 2359 is
824 2297 962 2389 obsignat
972 2296 1138 2379 adoptionis
1153 2318 1223 2360 snae

40 2383 47 2386 “
92 2371 229 2465 gratiam,
254 2385 287 2432 ut
304 2374 414 2436 stabilis
433 2396 466 2435 ac
486 2387 547 2435 rata
566 2375 613 2434 sit.
650 2374 710 2434 Sed
731 2373 788 2435 hoc
812 2378 931 2434 minusne
951 2374 1060 2449 obstat,
1080 2374 1151 2453 quin
1171 2373 1221 2438 illa

91 2447 219 2508 anterior
238 2449 365 2530 Spiritus
385 2450 519 2531 operatio
539 2471 654 2511 cursum
685 2473 768 2512 suurn
799 2449 903 2512 babeat
922 2452 1009 2510 etiarn
1029 2451 1058 2511 io
1079 2450 1221 2532 reprobis.

92 2522 211 2584 Interea
223 2525 368 2587 docentur
387 2525 497 2604 fideles,
515 2526 641 2588 sollicite
661 2539 691 2588 et
711 2526 860 2587 humiliter
871 2547 903 2588 se
915 2527 994 2606 ipsos
1014 2537 1162 2603 excutere,
1181 2546 1221 2586 ne

92 2619 150 2679 pro
170 2600 239 2661 fidei
259 2602 436 2664 certitudine
456 2603 582 2684 obrepat
600 2604 693 2664 carnis
711 2604 858 2664 securitas.
897 2602 982 2662 Adde
1002 2603 1081 2682 quod
1099 2602 1220 2682 reprobi

92 2697 239 2756 nunquam
259 2699 375 2741 sensum
395 2680 505 2762 gratiae
523 2680 579 2740 uisi
599 2680 752 2740 confusum
773 2680 947 2759 percipiunt,
967 2691 999 2740 ut
1019 2679 1148 2740 umbram
1165 2700 1222 2758 pn·

91 2751 150 2813 tius
169 2754 391 2850 apprehendant
409 2777 495 2848 quarn
515 2756 639 2821 solidum
660 2777 781 2837 corpus:
802 2755 1222 2836 quiupcccatorumremirsio·

91 2847 160 2889 nem
181 2831 309 2909 Spiritus
328 2853 449 2913 propere
470 2832 499 2892 in
520 2832 590 2894 solis
611 2832 710 2894 electis
730 2832 877 2914 obsignat,
897 2845 930 2891 ut
949 2853 1011 2891 cans
1032 2832 1151 2911 speciali
1164 2831 1222 2893 fide

92 2903 122 2964 in
143 2928 225 2967 usum
244 2930 328 2970 suum
347 2908 505 3001 applicent.
562 2909 668 2969 Merito
692 2920 789 2969 tamen
815 2908 957 2968 'dicuntur
983 2928 1013 2967 re
1037 2907 1103 2967 robi
1124 2908 1224 2969 Deum

92 2982 214 3043 credere
233 2984 288 3045 sibi
307 2986 482 3067 propitium:
515 2986 582 3077 quia
602 2985 711 3047 douram
732 2984 991 3056 reconciliationis,
1013 2929 1081 3043 licet
1099 2986 1224 3045 conluse

93 3077 149 3118 uec
168 3060 237 3120 satis
256 3061 409 3135 distincte,
427 3061 601 3153 susciprunt:
626 3082 687 3121 non
709 3061 788 3141 quod
809 3061 936 3120 eiusdem
956 3060 1002 3120 vel
1022 3059 1090 3119 fidei
1109 3059 1156 3118 vel
1174 3082 1224 3122 re-

91 3136 292 3269 generationis
311 3141 466 3218 participes
486 3149 545 3198 arnt
563 3159 629 3198 cum
648 3138 714 3198 filiis
733 3138 807 3209 Dei,
826 3136 876 3198 sed
893 3138 960 3216 quia
980 3155 1135 3196 commune
1154 3158 1222 3198 cum

91 3208 148 3272 ilis
167 3210 235 3271 fidei
255 3213 429 3294 principium
449 3213 559 3274 babere
577 3215 731 3287 videntur,
761 3214 815 3274 sub
845 3215 1049 3294 integumento
1079 3212 1225 3290 hypocri-

90 3306 167 3349 seos.
207 3287 270 3349 Nec
289 3310 360 3350 vero
380 3310 458 3373 nego
479 3291 550 3370 quin
570 3290 718 3371 bucusque
738 3309 841 3350 eorum
861 3303 973 3350 mentes
992 3288 1112 3348 irradiet
1129 3288 1225 3365 Deus,

92 3374 126 3424 ut
145 3365 205 3424 eius
226 3367 348 3447 gratiam
368 3377 541 3450 agnoscant:
573 3368 625 3427 sed
650 3386 766 3428 sensum
790 3365 872 3425 illum
892 3387 908 3425 a
929 3364 1068 3446 peculiari
1088 3363 1225 3426 testimo-

92 3439 156 3512 nio,
175 3444 253 3519 quod
273 3443 369 3504 reddit
388 3444 445 3504 suis
465 3441 576 3519 electis,
594 3443 635 3504 ita
654 3443 816 3534 distinguit,
835 3454 868 3501 ut
885 3442 920 3502 ad
930 3442 1056 3503 solidum
1072 3440 1225 3517 eflectum,

60 3530 73 3581 ,“
93 3526 124 3576 et
143 3517 312 3578 fruitionem
333 3540 394 3580 non
414 3520 594 3600 perveniant.
653 3519 721 3579 Non
746 3539 825 3579 euun
845 3520 913 3580 ideo
933 3538 964 3579 se
986 3518 1147 3597 propitium
1165 3516 1225 3579 iltis

32 4392 66 4451 'aa

92 3590 288 3668 demonstrat,
319 3595 387 3674 quia
411 3616 480 3656 vere
505 3616 539 3656 ex
564 3606 661 3657 morte
680 3608 799 3675 ereptos
818 3595 849 3655 in
869 3596 1028 3656 custodiam
1047 3615 1126 3654 suam
1146 3595 1224 3654 reci-

91 3667 170 3749 piat,
193 3669 244 3729 aed
267 3682 382 3730 tantum
401 3671 459 3731 illis
479 3672 646 3735 manifestat
671 3684 854 3751 praesentem
874 3671 1110 3732 misericordiam.
1148 3671 1225 3730 Viva

91 3756 188 3807 autem
208 3745 276 3806 fidei
296 3746 392 3808 radice
411 3747 491 3809 solor
511 3748 621 3811 electos
641 3749 794 3831 dignatur,
821 3760 854 3807 ut
880 3750 912 3808 in
932 3748 1021 3806 finem
1041 3765 1133 3826 usque
1152 3765 1225 3827 per·

90 3833 234 3882 sererent.
278 3821 324 3882 lta
344 3822 464 3883 diluitur
483 3824 613 3887 obiectio
633 3823 698 3901 illa,
727 3825 753 3884 si
772 3844 841 3884 vere
859 3824 979 3905 gratiam
999 3843 1079 3882 suam
1100 3821 1225 3882 demon·

89 3907 162 3957 strat
180 3896 277 3973 Deua,
309 3897 366 3959 boc
391 3911 536 3990 perpetuo
561 3901 648 3961 fixum
675 3921 751 3962 esse:
783 3900 850 3980 quia
870 3898 942 3959 nibil
962 3900 1078 3972 obstat,
1109 3898 1226 3978 quomi-

89 3993 144 4033 nus
164 3975 311 4109 pr'pessnti
330 3987 441 4061 granas
460 3997 529 4038 suae
547 3997 649 4052 sensu,
677 3977 727 4057 qui
754 3988 855 4057 postea
876 3976 1038 4050 evanescit,
1071 3974 1153 4036 Deus
1171 3971 1226 4034 ali-

90 4069 191 4127 quosr
217 4062 317 4112 ostret.
1196 4086 1199 4091 ·

118 4296 122 4310 ·’
156 4291 183 4359 ·)
199 4293 219 4345 1.
237 4292 326 4371 Thess.
346 4300 370 4357 1.
387 4298 411 4351 3.
431 4297 454 4352 d.
473 4312 498 4350 es
514 4297 545 4351 11.
564 4295 652 4352 Thess.
669 4297 695 4359 2.
712 4298 752 4353 1&
770 4312 794 4349 es
811 4298 861 4351 Tis
880 4302 902 4354 t.
