2596 4726
109 188 169 251 aas
378 227 425 253 ,..
569 178 646 241 na.
664 181 708 243 n.
746 180 837 243 cnr.
857 132 883 241 ι.

112 346 216 389 omnes
235 324 359 387 allectus
378 324 435 385 rite
453 300 672 407 temperandos,
690 324 767 385 nibil
785 323 891 385 melina
910 344 984 393 esse,
1003 345 1088 404 quam
1098 324 1250 385 Ileiman·

111 404 185 464 datis
206 404 337 483 parendo
356 402 457 463 colere
486 403 640 463 iustitiam:
670 402 778 462 deinde
809 400 938 462 ultimam
959 400 1052 463 salicis
1075 403 1153 461 vitae
1184 423 1250 463 sne-

111 493 169 543 tam
191 500 253 540 esse
272 480 308 541 ab
328 480 394 559 ipso
414 478 506 569 diligi.
544 478 664 541 Diaboli
684 498 758 560 ergo
778 476 966 559 blasphemiis
983 478 1139 559 abreptus,
1157 500 1251 560 quan·

111 569 173 619 tum
194 558 223 616 in
243 577 275 616 se
295 568 360 615 erat
379 555 535 616 exinanivit
552 568 646 617 totam
664 556 723 617 Dei
742 554 875 637 gloriam.

188 640 216 699 5.
255 632 340 693 Sicut
358 632 516 711 spiritualis
535 632 618 692 Adae
638 633 694 693 vita
715 645 794 707 erat,
825 650 946 691 manere
972 629 1074 710 opifici
1098 651 1154 693 suo
1174 652 1250 692 eon·

111 712 242 770 lunatum
264 722 295 769 et
314 709 496 769 devinctum:
528 711 568 769 ita
592 709 732 769 alienatio
758 708 796 769 ab
822 728 859 768 eo
887 707 943 767 luit
968 708 1082 767 animae
1101 708 1251 770 interitus.

111 788 174 847 Nec
193 787 299 845 mirum
319 785 343 845 si
361 804 454 867 genus
473 806 557 845 suum
578 784 775 865 pessumdedit
792 805 844 847 sua
869 784 1049 858 delectione,
1077 785 1128 864 qui
1152 796 1251 845 totum

111 874 234 922 naturae
253 862 389 923 ordinem
430 862 551 921 ervenit
562 861 591 921 in
603 861 690 923 coelo
703 875 734 922 et
746 862 776 921 in
788 874 875 922 terra.
913 862 1137 941 „lugentiscunt
1147 881 1252 923 omnes

111 952 275 1015 creaturae,
293 940 390 1017 iuquit
424 936 517 1011 aulus,
536 938 720 1018 corruptioni
731 938 887 1011 obnoxiae,
906 959 967 997 nou
981 937 1135 999 volentes‘
1146 938 1250 1015 (Rom.

111 1021 141 1090 8,
160 1018 232 1093 bb).
271 1015 305 1075 Si
329 1036 414 1074 causa
438 1016 606 1094 quaeritur,
635 1036 697 1077 nou
722 1015 842 1076 dubium
870 1024 916 1074 est
938 1014 1009 1093 quin
1030 1026 1143 1093 partem
1162 1014 1252 1074 susti·

113 1106 203 1152 neant
223 1093 419 1171 eiuspoenac,
440 1112 526 1169 quam
546 1094 724 1170 promeritus
744 1103 788 1151 est
807 1090 908 1160 bomo,
927 1090 959 1149 in
978 1090 1060 1152 cuius
1080 1112 1163 1149 usum
1177 1111 1251 1150 con·

112 1169 190 1229 ditae
211 1166 335 1227 inerant
375 1169 476 1240 Qennn
488 1187 560 1249 ergo
579 1190 690 1228 sursum
712 1180 743 1227 et
761 1168 898 1227 deorsum
917 1186 951 1225 ex
971 1167 1032 1227 eius
1051 1166 1137 1258 culpa
1156 1166 1252 1226 fluxe·

112 1246 154 1304 rit
173 1244 353 1317 maledictio,
374 1265 447 1323 qnae
466 1257 613 1325 grassatur
633 1265 686 1323 per
705 1264 808 1304 omncs
827 1242 931 1301 mundi
951 1243 1060 1342 plagas,
1079 1241 1152 1303 mbil
1171 1263 1191 1301 a
1205 1262 1251 1303 ra·

112 1320 197 1381 tione
216 1318 355 1396 alienum,
372 1324 396 1381 si
417 1333 577 1410 propagata
597 1321 686 1381 luerit
704 1321 739 1380 ad
759 1332 852 1381 totam
879 1320 941 1379 eius
964 1320 1109 1381 souolem.
1160 1320 1252 1381 Post-

113 1418 198 1481 quam
220 1417 292 1479 ergo
312 1398 341 1455 in
363 1418 400 1457 eo
422 1398 577 1457 obliterata
597 1396 653 1457 luit
676 1396 811 1459 coelestis
832 1396 942 1477 imago,
960 1448 963 1455 .
979 1414 1041 1456 non
1060 1396 1141 1457 aolus
1160 1394 1251 1456 susti·

113 1474 179 1533 nvait
199 1472 274 1535 banc
294 1494 435 1564 poenam,
455 1486 489 1533 ut
506 1474 537 1533 in
558 1473 656 1535 locum
671 1474 845 1554 sapientiae,
864 1474 988 1547 virtutis,
1007 1472 1180 1547 sanctitatis,
1199 1482 1256 1531 ve·'

113 1551 222 1623 ritatis,
243 1552 368 1620 institiae
389 1551 510 1631 (quibus
530 1553 711 1611 ornamentis
730 1551 849 1611 vestitus
871 1548 992 1625 luerat),
1011 1549 1182 1609 teterrimae
1202 1568 1251 1609 ee·

114 1628 219 1687 darent
240 1639 350 1706 pestes,
371 1628 514 1701 coecitas,
533 1627 723 1706 impotentia,
742 1625 910 1705 impuritas,
933 1626 1064 1702 vanitas,
1090 1624 1250 1687 iniustitia:

114 1704 166 1765 set
186 1704 286 1761 iisdem
308 1724 367 1783 qun
391 1726 426 1763 ne
445 1704 568 1767 miseriis
588 1704 733 1782 implicuit
750 1724 831 1763 suam
852 1704 1025 1784 progeniem
1044 1724 1079 1763 ac
1097 1702 1250 1763 immersit.

115 1780 197 1841 llaec
217 1794 261 1840 est
281 1726 470 1841 bacrclitaria
493 1784 661 1861 corruptio,
680 1801 765 1858 quam
786 1779 943 1838 Peccatum
963 1777 1108 1860 originale
1133 1790 1251 1841 veteres

114 1869 371 1936 nuncupaverunt:
388 1857 500 1937 peccati
513 1877 586 1917 voce
596 1856 689 1917 intelli
711 1868 794 1916 entes
807 1867 926 1915 naturae
937 1868 1023 1915 antea
1036 1855 1134 1915 bonae
1144 1874 1253 1935 purae·

40 1928 58 1947 ‘
114 1953 172 2013 que
190 1934 437 2013 depravationem.
469 1937 536 2009 Qua
546 1934 583 1993 de
601 1953 633 1993 re
648 1877 738 1993 multa
759 1932 816 1992 luit
834 1931 890 1991 illis
910 1933 1103 2007 concertatio,
1123 1950 1252 2012 quum!

115 2011 264 2069 communi
285 2029 371 2069 sensu
393 2010 467 2070 nibil
487 2012 577 2093 magis
607 2010 645 2071 sit
668 2021 831 2083 remotum,
862 2030 947 2088 quam
968 2008 1009 2068 ob
1028 2009 1116 2069 unius
1135 2007 1253 2088 eulpam

114 2086 180 2145 fieri
199 2108 302 2146 ornares
321 2108 389 2147 reos
409 2099 439 2145 et
459 2089 497 2146 ita
522 2099 677 2167 peecatum
708 2086 772 2146 lieri
804 2105 970 2146 commune.
1029 2084 1117 2158 Quae
1135 2084 1254 2145 videtur

116 2161 203 2222 luisse
224 2162 299 2221 ratio
318 2162 519 2223 vetustissimis
540 2162 680 2223 ecclesiae
699 2162 884 2236 doctoribus,
910 2183 963 2220 cnr
982 2161 1109 2223 obscure
1135 2172 1253 2223 tanturn

116 2239 351 2319 perstringerent
375 2238 432 2297 boe
458 2250 558 2319 caput:
589 2239 690 2299 saltem
715 2239 811 2298 minus
837 2237 963 2297 dilucide
987 2260 1074 2317 quam
1101 2259 1155 2318 par
1179 2248 1254 2313 erat,

116 2314 303 2394 explicarent.
342 2315 447 2395 Neque
466 2327 564 2375 tamen
584 2312 655 2375 baec
674 2316 813 2375 timiditas
833 2314 952 2373 allicere
976 2315 1076 2395 potuit
1096 2316 1169 2395 quin
1187 2334 1255 2375 aur-

118 2402 204 2473 gcret
223 2390 375 2472 Pelagius,
406 2393 487 2451 cuius
516 2392 673 2469 profanum
693 2402 892 2453 commentum
914 2391 980 2465 luit,
998 2392 1093 2451 Adam
1112 2410 1167 2453 ann
1186 2402 1255 2451 tan·

117 2481 180 2527 tum
192 2467 299 2527 damno
311 2486 456 2548 peccasse,
476 2467 550 2528 nibil
568 2468 704 2530 nocuisse
723 2466 864 2548 posteris:
886 2467 937 2527 bac
956 2468 1071 2529 scilicet
1080 2466 1185 2528 astutia
1198 2466 1254 2527 Sa·

117 2557 167 2604 tan
188 2543 323 2603 morbum
348 2555 494 2624 tegeuno,
524 2544 718 2606 incurabilem
748 2544 873 2605 reddere
903 2546 1036 2605 tentavit
1096 2545 1256 2605 Caeterum

117 2642 206 2702 quum
233 2622 416 2682 evinceretur
447 2621 602 2681 manifesto
631 2620 800 2701 Scripturae
829 2622 1004 2681 testimonio
1035 2622 1257 2699 (llom.5,12.

118 2702 188 2777 sq.),
208 2710 360 2778 peccatum
380 2718 396 2756 a
421 2699 518 2788 primo
544 2698 664 2757 bomine
690 2698 838 2757 transiisse
863 2698 894 2757 in
919 2709 1010 2758 totam
1036 2697 1256 2777 posteritatem

118 2774 328 2835 cavillabantnr
346 2775 494 2835 transtisse
514 2796 569 2856 per
587 2774 797 2845 imitationem,
828 2796 888 2833 non
914 2776 1117 2857 propaginem.
1171 2773 1256 2855 Ergo

118 2853 192 2913 boni
211 2852 264 2912 viri
285 2852 314 2909 in
337 2850 393 2910 boe
413 2850 603 2912 elaborarunt
622 2855 671 2929 (ac
685 2872 754 2929 prae
768 2848 831 2911 aliis
842 2852 1023 2989 Augustinus
1034 2852 1080 2927 l⁵),
1100 2861 1134 2911 nt
1153 2861 1258 2910 osten·

119 2930 226 2987 dorent
244 2948 298 2988 nos
318 2946 380 2987 non
399 2928 488 2987 ascita
510 2928 638 3007 nequitia
658 2929 823 3009 corrumpi,
857 2947 887 2987 se
933 2927 1093 3009 ingenitam
1112 2926 1258 2987 vitiosita-

117 3016 179 3071 tem
200 3004 236 3065 ab
258 3015 345 3063 utero
365 3005 463 3064 matris
483 3005 601 3064 allerre.
653 3003 744 3079 Quod
765 3005 888 3066 inficiari
907 3025 1036 3065 summae
1055 3002 1258 3083 impudentiae

118 3084 184 3141 linit.
223 3081 283 3140 Sed
305 3080 529 3172 Pelagiauornm
549 3094 579 3142 et
600 3082 852 3144 Coelestiauorum
873 3084 1068 3142 temeritatem
1088 3102 1150 3141 non
1171 3080 1261 3139 mira·

119 3158 215 3232 bitur,
245 3158 295 3236 qui
320 3176 354 3215 ex
372 3157 449 3217 allius
468 3159 560 3217 sancti
579 3159 635 3217 viri
656 3160 852 3219 monumentis
872 3159 1062 3238 perspexerit,
1083 3178 1169 3236 quam
1192 3155 1260 3215 lue-

119 3236 181 3293 rint
199 3235 229 3293 in
250 3232 311 3292 aliis
331 3234 467 3293 omnibns
494 3235 625 3314 perditae
650 3236 757 3296 lrontis
783 3236 902 3297 bestiae.
952 3235 1043 3295 Certe
1077 3254 1138 3294 non
1163 3230 1264 3293 ambi·.

120 3332 209 3392 guum
231 3311 374 3388 estquod
394 3310 554 3371 confitetur
572 3312 681 3386 David,
701 3332 732 3371 sc
753 3314 781 3371 in
803 3313 1007 3392 iniquitatibus
1024 3311 1158 3392 genitum
1179 3321 1211 3369 et
1225 3307 1259 3368 in

120 3398 243 3466 peccato
264 3398 442 3478 conceptum
462 3407 477 3445 a
499 3399 592 3447 matre
611 3389 701 3465 (Psal.
721 3396 770 3463 51,
789 3392 841 3467 7.).
880 3391 948 3450 Νυιι
971 3389 1069 3468 arguit
1088 3386 1147 3446 illic
1167 3385 1260 3465 patris

121 3475 172 3525 aut
191 3464 290 3523 matria
310 3461 430 3522 delicta:
456 3462 524 3536 sed,
554 3486 613 3541 qno
633 3465 691 3523 Dei
718 3484 788 3557 erga
812 3488 843 3526 sc
870 3465 1032 3524 bonitatem
1052 3463 1156 3523 melius
1176 3470 1260 3523 com·

122 3539 254 3613 menelet,
275 3542 413 3631 propriae
431 3540 627 3619 perversitatis
647 3543 862 3603 consessionem
882 3543 918 3601 ab
938 3542 1000 3621 ipsa
1021 3542 1156 3623 genitura
1171 3558 1260 3618 repe·

122 3619 167 3679 tit
207 3615 308 3688 Quum
329 3616 358 3675 nl
378 3616 485 3675 llavidi
504 3618 651 3697 peculiare
671 3640 733 3677 raon
755 3620 840 3680 luisse
862 3629 993 3691 constet,
1022 3617 1156 3697 sequitur
1175 3634 1260 3679 com·

123 3712 242 3757 munern
262 3692 380 3755 bumani
400 3693 518 3773 generis
537 3707 649 3754 sortem
668 3694 722 3755 sub
744 3696 805 3755 eins
828 3694 962 3773 exemplo
988 3695 1095 3753 notari.
1135 3690 1263 3753 ·0muea

123 3791 209 3853 ergo,
228 3769 278 3847 qui
288 3769 324 3831 ab
345 3770 461 3849 impuro
481 3770 593 3827 sesninc
613 3770 825 3846 descendimus,
844 3770 956 3850 peccati
970 3770 1151 3851 contagione
1164 3768 1259 3829 nasci-

124 3868 191 3905 mur
210 3846 327 3906 int'ecti:
347 3847 406 3905 imo
427 3856 583 3925 antequam
604 3845 701 3906 lucrm
721 3849 794 3908 banc
808 3848 890 3907 'vitae
909 3847 1078 3927 aspicimus,
1109 3866 1209 3906 sumus
1228 3846 1260 3907 itt

124 3922 182 3982 llei
194 3934 354 4001 corvspectn
368 3922 480 3982 foedati
499 3934 530 3980 et
550 3922 701 4002 inquinati.
740 3924 839 4000 „Quis
859 3923 937 3982 enim
958 3924 1042 3983 daret
1060 3920 1204 3983 mundum
1223 3920 1263 3983 de

125 3999 317 4061 irumundo?“
335 4000 382 4061 Ne
392 4020 468 4062 unus
487 3998 617 4081 quidem,
637 4012 670 4065 ut
688 4011 733 4062 eat
751 4001 782 4060 in
802 3999 880 4060 libro
898 3999 964 4061 lob.
983 4004 1047 4079 (tt,
1057 4002 1110 4077 4.).

104 4282 111 4295 .
194 4246 223 4313 ’>
240 4243 280 4297 Cl.
298 4246 406 4309 August.
423 4242 504 4297 tribus
524 4243 584 4295 libr.
606 4244 639 4297 de
661 4258 791 4314 peccator.
815 4246 898 4299 merit.
916 4260 941 4298 et
958 4245 1053 4298 remiss.
1079 4264 1109 4296 ae
1135 4245 1169 4297 de
1187 4243 1263 4314 Rape

127 4317 297 4409 papvulururn
315 4326 342 4365 et
359 4312 442 4365 Semo.
461 4314 502 4365 ll.
519 4314 555 4364 ‹le
570 4313 648 4365 Verb.
667 4315 783 4383 alpostol.
