2596 4726
418 224 472 283 sn
493 224 637 287 neuun
657 224 845 287 osunrsn.
1101 293 1106 305 ,
1180 232 1201 292 s

71 400 279 474 veroquam
312 373 355 447 sit
385 402 457 448 non
488 372 599 449 modo
631 372 801 450 malitiosa
831 373 1022 462 calumnia,
1053 370 1114 448 sed
1147 374 1199 449 in·

69 490 165 592 signis
198 518 344 592 quoque
378 489 610 593 impudentia,
648 492 723 595 ipse
755 492 1013 568 consessionem
1040 508 1198 566 nostram

66 604 213 711 legendo
239 636 307 710 pro
332 625 392 684 tua
420 607 603 711 prudentia
634 610 789 687 iudicare
825 610 965 715 poteris.
1028 603 1199 687 Nonnihil

64 741 177 800 tamen
203 725 262 799 hic
291 726 394 801 etiam
420 724 608 802 dicendum
634 744 702 819 est,
726 728 823 833 quod
853 728 915 804 tibi
943 724 988 804 ad
1014 724 1198 801 lectionem

62 842 172 945 ipsam
200 840 256 918 vel
279 842 433 918 studium
454 845 751 950 attentionemque
767 847 899 937 excitet,
924 844 979 921 vel
997 859 1092 920 certe
1102 843 1197 918 riam

59 978 199 1040 sternat.
248 958 390 1049 Paulus,
414 989 523 1062 quum
547 958 593 1036 ad
615 958 698 1038 fidei
722 963 919 1067 analog'am
946 990 1088 1039 omnem
1115 988 1198 1063 pro-

59 1076 215 1179 phetiam
240 1077 430 1153 formatam
451 1107 527 1153 esse
543 1075 654 1154 voluit
673 1081 804 1168 (Rom.
819 1084 877 1171 12,
885 1079 946 1176 6.),
970 1079 1197 1155 certissimam

59 1195 227 1271 mussini
251 1194 379 1298 posuit,
400 1223 469 1298 qua
494 1195 639 1298 probari
651 1197 851 1300 Scripturas
870 1196 1110 1298 interpretatio
1136 1193 1197 1269 de·

59 1311 148 1387 hest
201 1310 258 1389 Ad
274 1313 366 1387 hanc
384 1312 501 1413 itaque
516 1311 599 1388 fidei
623 1311 781 1416 regulam
806 1315 833 1389 si
859 1331 979 1390 nostra
1006 1312 1196 1416 exigantur,

58 1430 92 1505 in
118 1428 285 1505 manibus
305 1445 355 1504 est
369 1428 522 1509 victoria.
573 1429 671 1527 Quid
696 1431 789 1505 enim
815 1429 937 1506 melius
955 1446 1059 1532 atque
1084 1426 1197 1532 aptius

59 1543 141 1621 fidei
165 1546 342 1635 convenit,
368 1574 474 1649 quam
494 1575 684 1649 agnoscere
705 1576 771 1623 nos
796 1547 894 1624 omni
918 1546 1045 1622 virtute
1070 1543 1197 1634 nudos,

58 1680 95 1739 ut
118 1669 235 1769 aDeo
259 1663 469 1740 vestiamur?
491 1664 592 1761 omni
617 1662 714 1740 hono
732 1693 874 1752 vacuos,
900 1680 948 1751 ut·
963 1661 1008 1738 ab
1031 1665 1109 1767 ipso
1130 1661 1196 1736 im·

57 1778 242 1885 pleamnr?
265 1810 331 1857 nos
356 1779 488 1885 peccati
503 1808 634 1872 servos,
655 1798 696 1858 ut
720 1781 766 1858 ah
791 1782 869 1886 ipso
892 1780 1105 1857 liberemur?
1128 1807 1195 1854 nos

57 1928 195 1989 coecos,
218 1915 259 1973 ut
284 1897 330 1974 ab
354 1898 431 2002 ipso
456 1898 712 1975 illuminemur?
736 1897 970 1989 nosclaudos,
991 1914 1031 1972 ut
1053 1897 1194 2000 abipso
1217 1978 1221 1987 ¹

57 2014 276 2120 dirigamur?
299 2044 364 2092 nos
389 2012 538 2105 debiles,
568 2032 607 2090 ut
631 2015 778 2120 abipso
804 2018 1062 2093 sustentemur?
1091 2010 1196 2089 nobis

59 2131 398 2236 omnem-gloriandi
423 2133 604 2209 materiam
619 2131 814 2223 detrahere,
839 2153 878 2211 ut
903 2133 998 2211 solus
1018 2134 1093 2238 ipse
1117 2129 1195 2235 glo-

10 2262 12 2273 '
58 2252 169 2328 riosus
182 2231 334 2326 emineat
357 2268 392 2326 et
408 2256 474 2327 noi
498 2252 533 2326 in
554 2251 634 2355 ipso
648 2249 861 2354 gloriemur?
909 2258 1005 2328 Haec
1026 2268 1130 2355 atque
1153 2246 1192 2325 id

58 2396 165 2471 genus
195 2367 329 2472 reliqua
353 2398 463 2472 quum
487 2399 506 2443 a
537 2369 638 2467 nobis
663 2368 844 2459 dicuntur,
881 2366 1192 2472 interpellant‘·'illi,

57 2486 334 2588 quiritanturque
358 2487 428 2562 hoc
458 2485 568 2562 modo
596 2486 751 2562 subverti
778 2516 924 2563 coccum
950 2480 1069 2561 nescio
1094 2479 1192 2589 quod

58 2601 175 2679 lumen
198 2621 354 2692 naturae,
377 2606 475 2680 fictas
501 2606 802 2709 praeparationes,
830 2604 977 2679 liberunt
998 2603 1192 2693 arbitrium,

58 2737 89 2795 et
111 2721 292 2796 meritoria
317 2721 433 2797 salutis
457 2739 619 2798 aeternae
640 2753 766 2825 opora,
799 2752 879 2797 cum
909 2722 979 2798 suis
1005 2721 1109 2796 etiam
1133 2748 1191 2794 su·

58 2839 395 2941 pererogatiouihus:
422 2841 503 2943 quia
526 2841 618 2916 serre
637 2870 710 2916 non
725 2856 871 2942 possunt
888 2840 1060 2942 integram
1079 2836 1191 2914 omnis

58 2956 150 3044 boni,
163 2957 308 3045 virtutis,
332 2956 488 3048 iustitiae,
512 2959 699 3061 sapientiae
713 2955 855 3033 laudem
873 2987 913 3035 ac
928 2956 1075 3061 gloriam
1095 2953 1191 3055 apud

58 3080 169 3150 Deum
182 3073 346 3149 residere.
395 3080 440 3150 At
458 3105 529 3152 non
551 3075 698 3180 legimus
710 3075 954 3180 reprehensos,
973 3076 1033 3178 qni
1043 3073 1191 3150 nimiunn

59 3223 75 3266 e
96 3194 196 3267 sonte
220 3220 333 3294 aquae
358 3191 457 3269 vivae
476 3195 671 3269 hauserint:
695 3210 818 3269 contra
838 3193 987 3295 graviter
1002 3193 1191 3294 obiurgan-

59 3326 118 3399 tur,
144 3310 206 3412 qui
232 3305 398 3384 foderunt
424 3311 488 3386 sibi
513 3329 638 3416 puteos
664 3311 853 3400 contritos,
874 3309 985 3412 etqui
1010 3309 1191 3385 continere

58 3454 181 3529 aquam
220 3454 293 3500 non
328 3426 444 3503 valent
470 3428 558 3528 (Icr.
585 3431 627 3517 2,
658 3427 742 3523 ln).
801 3434 957 3504 Rursum
991 3425 1075 3528 quid
1107 3422 1192 3501 fidei

57 3544 335 3633 convenientius,
364 3574 470 3647 quam
492 3551 609 3622 Deum
631 3545 696 3620 sihi
722 3543 878 3649 polliceri
904 3544 1095 3647 propitium
1122 3547 1191 3617 Pa-

57 3679 152 3752 trem,
177 3659 240 3736 uhi
250 3660 408 3736 Christus
434 3665 541 3739 lrater
564 3691 605 3737 ac
618 3663 829 3765 propitiator
840 3662 1062 3764 agnoscitur?
1083 3687 1190 3762 msam

56 3783 168 3857 omnia
192 3780 284 3856 laeta
312 3807 354 3853 ac
378 3807 549 3885 prospera
572 3808 692 3854 secure
719 3779 831 3854 abeo
857 3795 1066 3879 exspectare,
1092 3777 1190 3850 euius

54 3896 291 3973 inenarrabilis
316 3925 400 4000 erga
423 3926 488 3972 nos
511 3895 651 3972 dilectio
677 3925 720 3971 eo
748 3924 932 3998 progressa
955 3911 1016 3983 est,
1042 3908 1082 3967 ut-
1105 3920 1189 3995 pro-

54 4015 128 4119 prio
158 4014 249 4091 Filio
275 4043 351 4089 non
381 4015 576 4117 pepercerit
597 4014 681 4117 quin
706 4042 772 4115 pro
805 4011 907 4089 nobis
932 4010 1048 4113 ipsum
1073 4007 1190 4086 trade-

54 4133 248 4232 ret(Rom
262 4136 300 4220 8,
316 4132 406 4227 32),
431 4160 536 4234 quam
560 4132 596 4208 in
620 4147 713 4207 certa
739 4128 992 4232 exspectatione
1018 4124 1137 4201 salutis
1155 4142 1191 4201 et

56 4249 140 4325 vitae
163 4267 332 4326 aeternae
363 4250 600 4352 acquiescere,
632 4247 694 4323 uhi
721 4247 878 4322 Christus
908 4250 1055 4320 aPatre
1087 4240 1189 4318 datus

58 4367 241 4476 cogitatur,
272 4365 410 4475 inquo
442 4363 527 4449 tales
563 4364 717 4448 thesauri
750 4379 830 4445 sunt
862 4359 1077 4445 absconditi?
1125 4357 1194 4439 Hic
