2700 4732
478 232 552 294 Llll.
572 234 612 293 ll.
652 234 741 295 tiltt‘.
764 232 828 293 Vll.
1162 240 1221 303 ⁰2³7

168 382 211 442 tt.
245 376 334 439 Nunc
353 398 428 459 ergo
448 381 587 457 quoniam
608 380 667 439 rim
687 376 900 437 exhortationis
919 395 952 435 er
973 396 989 435 a
1014 376 1113 438 fideles
1133 378 1222 441 babet

67 458 70 474 '
106 452 169 525 lar,
195 474 254 515 non
281 474 359 534 quae
378 474 483 515 eorum
502 457 696 517 conscientias
719 454 926 515 maledictione
952 395 1039 535 figet,
1069 456 1120 517 sed
1145 476 1222 535 quae

106 528 249 613 pigritiam,
279 530 408 591 subinde
426 532 563 591 instando
588 534 728 603 excutiat,
757 543 788 591 et
811 531 1064 608 imperfectionem
1090 533 1221 597 vellicet:

106 606 177 667 nttt
194 606 259 669 dum
278 606 386 668 volunt
405 608 571 691 significare
591 608 665 669 hanc
684 608 721 667 ab
743 606 819 667 illius
843 606 1049 667 maledictione
1069 607 1221 671 liberatio-

106 700 174 756 tttta,
189 682 287 744 dieunt
304 680 476 767 abrogatam
496 704 559 745 esse
579 684 689 767 Legem
710 683 843 745 fidelibus
866 684 919 762 (tle
938 683 1042 744 morali
1060 686 1156 746 adbuc
1175 686 1222 748 lo·

108 778 173 893 lpus
221 780 281 821 nott
301 762 383 852 quod
410 761 532 841 amplius
559 762 616 823 illis
634 781 696 820 non
716 760 816 821 iubeat
836 761 915 839 quod
940 773 1053 821 rectum
1078 774 1138 838 est,
1168 764 1220 825 sed

144 846 230 895 ntasat
244 856 283 895 ne
299 849 339 897 sut
357 836 414 899 illis
433 838 513 917 quod
533 850 618 897 antea
638 849 710 910 erat,
730 837 786 897 boc
807 848 867 912 est,
888 856 926 895 ne
945 856 1048 897 eorum
1067 840 1222 899 consciun-

68 974 71 979 ,
110 908 157 971 tias
193 912 358 973 “tenendo
378 923 409 973 et
428 914 639 975 confundendo
669 914 841 973 damoetae
861 914 972 991 perdat.
1031 914 1070 973 Et
1088 908 1157 975 sarle
1176 916 1222 975 ta‘·

109 982 161 1046 lent
216 988 494 1071 gisabrngationem
513 1010 576 1051 non
596 990 722 1051 obscure
752 990 841 1050 ducet
867 988 983 1049 Paulus.
1040 991 1068 1048 Λ
1086 990 1222 1053 Domino

129 1082 216 1143 unque
231 1064 315 1125 lubae
333 1066 527 1157 praedicatam
547 1088 581 1126 es
599 1082 637 1126 eo
648 1078 781 1146 apparet,
800 1064 879 1143 quod
899 1067 1071 1145 opinionem
1091 1066 1170 1127 illam
1184 1068 1222 1127 de

195 1160 216 1199 a
228 1160 259 1201 se
276 1142 439 1222 dissipanda
458 1163 520 1202 non
540 1143 706 1219 refutasset,
726 1143 782 1201 nisi
795 1140 965 1203 invaluisset
986 1142 1066 1201 inter
1083 1142 1220 1205 Iudaeos.

111 1212 197 1289 Qum
214 1228 309 1277 autem
329 1239 391 1279 nun
412 1220 543 1298 potuerit
561 1232 687 1289 temere,
717 1218 781 1279 sine
800 1217 861 1277 ullo
881 1230 1032 1298 praetextu
1057 1240 1221 1301 enrcrgere,

110 1290 231 1353 ostbrte
249 1306 305 1365 est,
323 1294 361 1355 ab
381 1296 443 1355 eius
462 1295 615 1355 doctrinae
635 1294 704 1355 salsa
723 1295 968 1374 interpretatione
993 1295 1081 1355 luisse
1106 1310 1219 1357 natam:

110 1368 218 1447 qualiter
234 1372 333 1431 cuncti
353 1370 416 1431 l'ere
435 1391 551 1432 errores
570 1372 754 1432 occasionem
774 1392 790 1431 a
809 1373 934 1431 veritate
959 1392 1075 1431 sumere
1095 1393 1221 1433 consue-

99 1456 205 1511 ,rerunt
258 1446 323 1508 Nus
342 1468 414 1509 vero
434 1468 471 1507 ne
491 1448 527 1507 ad
546 1450 672 1508 eundem
691 1448 885 1529 impingamus
912 1446 1056 1527 lapidem,
1085 1462 1222 1509 accurate

111 1518 310 1605 OEstinguamus,
328 1524 399 1603 quid
418 1523 449 1583 in
470 1524 551 1605 Lege
569 1526 607 1585 sit
620 1525 805 1603 abrogatum,
824 1524 893 1603 qnid
914 1526 1028 1583 limium
1047 1526 1141 1584 adbuc
1161 1546 1223 1583 ma-

112 1608 171 1657 stat.
206 1598 307 1674 Quum
328 1610 450 1661 testatur
467 1600 612 1691 Dominus
631 1600 751 1681 (blattb.
770 1608 800 1675 5,
819 1602 898 1677 η),
921 1620 953 1659 se
974 1624 1034 1659 non
1054 1602 1167 1661 venisse
1185 1601 1222 1661 ad

112 1668 144 1731 ι’
160 1674 544 1813 ‘'lilla''ltat-‘Ltl
564 1678 1106 1813 ‚pppnawpprpprpmp,
1126 1678 1222 1812 pap.

115 1822 191 1887 tlte
208 1827 391 1890 observantia
417 1782 504 1911 Ligts·
528 1778 690 1911 perpsbum
717 1774 878 1890 advenimi
889 1776 1063 1889 ¹iletrsiitriin
1088 1776 1124 1889 iii
1146 1778 1221 1891 'satis

114 1902 253 1965 naiman.
290 1906 331 1965 Et
350 1908 473 1967 merito:
500 1908 618 1986 quando
636 1908 666 1967 iu
688 1907 765 1965 bunc
784 1908 872 1965 finem
893 1906 990 1986 potius
1009 1907 1089 1965 venit
1109 1918 1141 1967 ut
1160 1906 1222 1965 eius

115 1981 369 2061 migrationibus
393 1984 569 2043 mederetur.
598 1984 700 2043 lllanet
716 1984 808 2063 igitur
827 2002 881 2063 pet·
900 1984 1050 2043 Christum
1072 1983 1222 2045 inviolabi-

115 2048 223 2143 litegb
240 2058 386 2131 doctrina,
405 2078 479 2139 quae
492 2080 546 2119 nos
557 2060 703 2134 docendo,
717 2060 916 2131 admonendo,
936 2058 1133 2141 obiurgando,
1153 2080 1222 2119 cur-

118 2138 227 2211 agusto,
244 2136 279 2194 ad
300 2154 390 2195 omne
410 2158 485 2216 opus
504 2137 616 2196 bonnm
637 2138 745 2197 formet
761 2156 797 2196 'nc
816 2148 978 2217 comparet.

180 2218 219 2275 lb
251 2210 430 2285 Quaerere
451 2214 487 2273 de
505 2213 700 2293 abrogatione
718 2214 760 2272 Le
783 2212 806 2271 is
826 2214 998 2272 dicuntura
1019 2211 1129 2285 Paulo,
1160 2234 1222 2274 non

123 2278 158 2371 tl·
166 2282 361 2349 intitutionem
380 2290 471 2369 ipsam
491 2290 649 2369 pertinere,
667 2292 720 2351 sed
731 2233 826 2350 seium
842 2290 878 2347 arl
892 2290 1137 2371 constringendae
1148 2312 1222 2351 con-

126 2362 231 2451 surptus
245 2365 390 2447 rigorem,
398 2378 533 2502 ‘ponstap
589 2368 659 2501 Νιὲιι
681 2367 757 2425 enim
777 2366 872 2501 sepum
893 2367 982 2426 clucet
1000 2367 1077 2439 Lea,
1096 2368 1147 2427 setl
1165 2370 1222 2427 ius-

86 2473 90 2479 ·
231 2444 271 2501 esi
295 2443 318 2501 it
358 2462 396 2501 uo
437 2454 563 2505 manat.
647 2444 740 2502 inon
769 2444 939 2502 cribratur
986 2444 1022 2502 'm
1070 2443 1094 2501 ai
1136 2467 1153 2501 n
1191 2444 1199 2459 '

104 2452 268 2601 'mbo
294 2464 355 2579 rcitbl
374 2532 517 2593 cessetur,
544 2519 757 2580 maledictionis
777 2521 887 2579 fulmen
908 2464 1044 2599 str'inigitiJ
1093 2466 1223 2581 sstpcart:

123 2596 187 2651 lttse
200 2594 264 2655 diris
281 2593 443 2674 Apostolus
467 2594 549 2673 (Gal.
569 2602 599 2670 3,
619 2599 696 2674 lb),
728 2596 901 2675 omnes‘qui
935 2610 1002 2656 sum
1030 2599 1222 2676 exoperibus

123 2660 202 2747 figit,
226 2690 284 2731 esse
305 2673 493 2733 exsecrationi
512 2672 672 2746 obnoxios,
702 2676 768 2751 quia
789 2675 930 2751 scriptum
952 2676 1005 2745 sit,
1030 2674 1222 2733 Exsecrabilis

127 2745 205 2821 usis,
220 2748 267 2840 qui
288 2770 359 2840 non,
369 2748 499 2840 complet
509 2751 605 2810 omnia
625 2752 729 2827 (Dent.
741 2758 790 2822 27,
802 2754 877 2828 ω).
898 2750 958 2809 Eos
972 2762 1069 2809 autem
1084 2750 1138 2809 sub
1149 2770 1222 2829 ope-

80 2925 89 2932 --
130 2814 507 2982 {ttettfflntzgt
523 2826 1144 2984 liiiiiiiinbiii“¹⁰'iiivi¹¹⁵.¹i{,⁵i⁰liii
1162 2840 1222 2960 ii'

67 2925 81 3046 i
146 2966 275 3037 'tistulis
295 2990 436 3057 oportere
456 2983 559 3054 docet,
590 2981 645 3039 nisi
674 2981 806 3040 volumus
836 2982 890 3040 sub
917 2980 971 3039 illis
991 2982 1097 3038 misere
1117 2979 1222 3058 perire.

78 3073 85 3105 ·-
187 3053 278 3129 quibus
297 3056 439 3115 uinculis?
463 3055 538 3116 illius
557 3068 688 3116 austerae
709 3069 740 3116 et
758 3058 883 3117 inlestae
904 3056 1071 3128 exactionis,
1092 3076 1167 3133 quae
1187 3074 1223 3113 ex

132 3138 213 3211 ..lm
228 3128 289 3191 iure
308 3130 382 3189 nibil
402 3134 539 3205 remittit,
570 3150 626 3192 nee
649 3136 909 3215 transgressionem
936 3134 1023 3191 ullam
1047 3133 1222 3223 impunitam

82 3271 86 3286 Ι
133 3200 192 3261 'ffl-
232 3208 277 3268 Ab
298 3208 364 3281 bac,
384 3209 520 3287 inquam,
539 3209 746 3269 maledictione
770 3223 803 3269 ut
823 3231 878 3270 nos
899 3211 1057 3269 redimeret
1076 3209 1222 3284 Lbristus,

133 3270 321 3365 lttltsestprn
341 3284 428 3344 nubis
453 3285 630 3344 maledictio.
687 3288 835 3367 Scriptum
860 3298 905 3345 est
929 3288 1022 3357 enim,
1051 3285 1223 3345 illaletlietus

127 3354 257 3443 miqui
275 3361 387 3497 pendet
406 3360 436 3420 iu
456 3363 538 3455 liguo
558 3362 662 3439 (Dent.
682 3370 730 3437 bl,
748 3372 795 3428 23.
816 3365 852 3424 cs.
875 3362 940 3422 Gal.
960 3368 990 3438 3,
1012 3369 1057 3427 ‘ld
1079 3376 1108 3422 tl
1123 3372 1152 3434 sla
1168 3364 1222 3437 ¹l·)·

134 3420 211 3507 capo
256 3438 274 3496 ι.

131 3456 284 3599 ⁸⁰¹5¹t'iiitb
306 3514 388 3593 Lege
408 3528 492 3575 erant
511 3515 683 3575 redimeret:
703 3518 753 3577 sed
775 3518 878 3576 eodem
898 3536 994 3576 sensu.
1016 3516 1123 3574 Subdit
1142 3516 1221 3573 enim

128 3592 243 3663 muno,
263 3592 336 3665 Quo
357 3596 401 3651 ins
420 3590 546 3651 filiorum
565 3593 725 3670 adoptione
743 3595 950 3673 reciperemus.
977 3593 1057 3665 Quid
1071 3594 1144 3651 istuc
1159 3590 1224 3649 est?

125 3672 288 3745 lfperpetua
309 3666 450 3727 servitute
469 3688 686 3748 premeremur,
717 3690 792 3748 quae
814 3669 1007 3729 conscientias
1034 3680 1146 3726 nostras
1170 3686 1223 3724 an·

123 3746 202 3801 lttltte
217 3744 319 3803 mortis
339 3764 520 3822 compressas
539 3756 663 3803 teneret.
702 3746 824 3805 Interim
838 3758 938 3805 manet
957 3744 1026 3803 illud
1047 3762 1163 3821 semper
1174 3742 1222 3800 in-

122 3824 280 3891 tltttttstnm,
301 3840 334 3879 ex
354 3821 397 3879 Le
420 3821 442 3879 is
461 3822 637 3880 auctoritate
657 3822 728 3879 nibil
750 3823 915 3893 decessisse,
935 3823 1005 3899 quin
1027 3820 1127 3879 eadem
1146 3838 1223 3878 sem·

120 3898 354 3961 llltveueratiune
374 3840 601 3975 obedientiaque
621 3898 712 3975 ipsam
731 3900 836 3978 suscipi
857 3920 872 3959 a
893 3899 979 3957 nobis
999 3896 1165 3957 conveniat.
1205 3926 1209 3939 ·

172 3976 214 4036 tt
250 3973 317 4033 Alia
336 3976 571 4033 ceremoniarum
589 3978 677 4050 ratio,
699 3995 773 4053 quae
793 3996 854 4035 non
874 3975 996 4047 ellectu,
1014 3972 1065 4031 sed
1085 3994 1139 4029 usu
1157 3969 1224 4035 solo

117 4034 211 4125 {tenor
228 4050 398 4131 abrogatae.
457 4050 550 4124 Quod
570 4064 666 4109 autem
687 4051 742 4110 iltis
762 4052 848 4110 linem
869 4052 994 4109 adventu
1014 4068 1067 4108 suo
1089 4047 1224 4107 (ilrristus

67 4166 71 4181 .
116 4127 245 4199 upuutr,
265 4128 343 4187 adeo
363 4126 436 4185 nibil
456 4148 555 4186 earum
575 4129 720 4187 sanctitati
741 4128 873 4207 derogat,
893 4137 924 4185 ut
945 4146 1008 4184 eum
1029 4124 1121 4202 magis·
1141 4143 1223 4181 com-

67 4205 69 4233 ⁵
115 4200 209 4261 uertet
227 4224 260 4261 ac
280 4204 416 4265 illustret.
463 4205 539 4263 Nam
563 4204 649 4263 sicuti
673 4206 764 4261 veteri
786 4226 823 4283 po
847 4202 895 4261 ulo
916 4204 1003 4260 inane
1024 4199 1226 4281 praebuissent

114 4278 298 4353 spectaculum,
320 4281 374 4338 nisi
398 4282 501 4340 mortis
522 4293 552 4339 et
575 4281 797 4339 resurrectionis
819 4227 929 4341 iilo-isti
949 4276 1039 4336 virtus
1060 4267 1118 4335 illic
1137 4296 1224 4334 ιιιοιι-

110 4358 178 4417 ttmta
195 4367 285 4419 esset:
305 4355 344 4417 ita
364 4359 420 4419 uisi
439 4370 612 4429 cessassent,
633 4358 801 4419 discernere
820 4356 909 4417 bodie
927 4375 988 4416 non
1002 4354 1115 4429 liceret,
1134 4372 1225 4433 quur·

289 3458 335 3495 ern
355 3451 489 3518 sequenti
509 3440 607 3513 tradit,
627 3438 776 3500 Cbristurn
796 3439 869 3520 Legi
892 3440 978 3500 luisse
996 3440 1170 3514 subiectum,
1189 3450 1224 3499 ut
