2700 4732
473 176 643 267 emm
680 200 843 269 mem
1184 200 1246 271 ste
1338 258 1346 279 ,

85 344 247 417 'montem
265 348 368 442 sion,
380 358 412 409 et
431 346 576 412 ciritstem
594 347 808 426 Belsinum,
826 345 991 409 ‚Ierusalem
1008 342 1167 410 coelestem
1185 354 1243 409 ete.

108 428 209 503 Quod
227 439 327 489 autem
347 447 378 486 ro
397 424 553 500 sententia,
563 443 694 506 qnameu
713 425 797 506 epist.
817 423 853 485 sd
868 424 955 485 Rom.
974 422 1155 500 adduximus,
1174 421 1244 482 bre·

109 509 192 569 viter
208 505 304 587 tangit
322 500 447 577 Paulus,
474 500 564 562 fusius
584 501 717 581 explanat
735 502 772 561 ad
792 499 913 562 Galatas
932 503 983 580 (l,
1000 503 1075 580 22),
1096 521 1185 580 quum
1205 497 1244 559 ed

110 581 287 665 allegorism
303 579 399 670 trahit
417 580 490 668 duos
501 578 636 669 Abrabae
655 577 743 668 filios,
761 577 792 637 in
813 577 891 639 hunc
910 578 1042 669 modum,
1062 575 1153 652 Quod
1164 577 1244 657 Ager

110 653 827 813 §.¹55itt:‘lgit‘tt'.{¹.t2.¹s.¹¹l.¹.l.3t‘l‚
842 651 1243 811 tt‘d‘rtdllttgzttfls

113 811 211 888 Quod
230 807 472 890 quemadmodum
492 826 591 867 semen
612 807 693 888 Agar
710 826 823 867 servunt
844 806 987 883 nascitur,
1017 804 1099 886 qnod
1118 806 1153 864 ad
1174 805 1244 864 bae-

111 886 270 949 ruditatem
281 906 341 944 uun
365 905 431 943 uem
444 884 608 963 perveniet:
628 885 718 944 Serae
737 883 872 959 liberum,
893 884 939 945 cui
959 880 1246 944 baereditasdebee·

96 975 181 1035 ,trarr
208 965 247 1022 ita
293 980 326 1020 er
388 979 455 1040 gem
475 958 643 1020 addicamur
661 959 694 1019 in
715 959 900 1036 seruitutem,
925 980 981 1040 per
997 958 1091 1020 solum
1111 958 1247 1038 Essnge·

113 1038 189 1099 lium
207 1037 239 1098 in
258 1035 279 1096 lr
302 1048 423 1097 ertatem
444 1054 660 1116 regeneremur.
699 1036 766 1096 Huc
784 1046 880 1095 autem
906 1055 1018 1096 summe
1037 1034 1128 1107 redit,
1154 1034 1247 1094 Vetus

115 1108 340 1176 Testamentum
391 1132 511 1172 svorem
540 1132 575 1171 ac
605 1111 831 1193 trepidationem
861 1112 1015 1175 incussisse
1044 1110 1247 1171 conscientiis:

115 1189 350 1253 Noribenebeio
363 1134 435 1264 deri,
455 1187 537 1247 utin
557 1187 696 1248 laetitiam
715 1187 876 1248 solvantur.
914 1186 991 1247 Illud
1010 1185 1082 1323 ingo
1101 1184 1248 1248 servitutis

117 1266 315 1329 conscientias
338 1266 468 1325 astrictas
492 1263 639 1323 tenuisse:
671 1264 754 1328 huius
780 1263 955 1324 liberalitate
985 1264 1016 1324 in
1053 1262 1248 1325 rberslitstem

87 1342 293 1405 manumitti.
332 1340 448 1416 Quodsi
467 1359 501 1398 er
521 1339 633 1419 populo
650 1339 812 1400 Israelitico
831 1339 924 1402 sancti
936 1340 1038 1400 Patres
1057 1339 1249 1416 obiiciuntor,
1319 1342 1323 1349 “

114 1438 303 1501 quosqam
323 1418 428 1477 eodem
447 1416 515 1474 fidei
535 1415 648 1495 Spiritu
671 1415 825 1476 nobiscnm
845 1417 994 1496 praeditos
1014 1415 1102 1477 tonse
1121 1426 1251 1499 constet,

115 1495 253 1574 sequitur
264 1493 393 1553 eiusdem
414 1505 444 1551 et
462 1492 606 1552 libertatis
626 1505 656 1552 et
675 1491 803 1551 laetitiae
822 1492 911 1553 fuisse
930 1492 1103 1573 participess
1124 1510 1249 1572 respon·

116 1570 223 1645 demus
242 1581 378 1631 neutrum
398 1590 413 1628 e
432 1570 513 1649 Lege
534 1567 634 1628 luisses
659 1567 710 1629 sed
730 1588 819 1648 quum
845 1588 877 1629 se
899 1588 954 1648 per
973 1568 1085 1650 Legem
1105 1581 1135 1628 et
1153 1566 1251 1629 servili

116 1645 293 1709 conditione
305 1644 407 1726 premi,
427 1656 457 1705 et
468 1645 665 1705 conscientiae
683 1644 887 1723 inquietudine
907 1645 1021 1726 fatigari
1039 1645 1194 1720 sentirent,
1212 1643 1251 1705 ad

116 1723 277 1813 Evangelii
300 1721 458 1782 subsidium
483 1721 662 1801 confugisse:
692 1721 820 1801 ideoque
845 1719 1020 1800 peculiarem
1044 1721 1126 1781 Nori
1147 1721 1252 1780 Teste·

117 1810 216 1859 ments
234 1796 360 1859 fructum
382 1797 479 1871 luisse,
498 1798 577 1875 quod
598 1808 714 1876 praeter
734 1817 918 1857 communem
934 1796 1050 1857 Veteris
1069 1795 1253 1858 Testamenti

118 1873 220 1957 legem
239 1873 298 1935 illis
316 1873 398 1933 malis
411 1873 535 1952 exempti
555 1872 683 1932 luerunt
721 1872 838 1931 Deinde
858 1871 1030 1953 negabimus
1049 1875 1089 1934 ita
1107 1872 1253 1935 libertatis

119 1963 153 2011 et
171 1952 334 2013 securitatis
352 1949 456 2029 spiritu
477 1948 562 2010 luisse
582 1949 724 2022 donatos,
754 1959 788 2008 ut
812 1969 880 2008 non
894 1950 1005 2029 experti
1024 1948 1084 2010 sint
1103 1949 1199 2028 alique
1218 1967 1254 2009 ex

104 2039 206 2104 ‚parte
227 2038 257 2086 et
275 2027 410 2086 timorem
431 2025 538 2106 aLege
558 2037 589 2085 et
606 2025 785 2085 servitutem.
824 2025 984 2104 Utcunque
995 2026 1072 2107 en’pn
1091 2026 1153 2099 illa,
1167 2045 1254 2106 quam

118 2123 179 2185 per
202 2103 360 2184 Evangelii
383 2101 512 2237 gratiam
535 2101 682 2192 assequuti
712 2112 811 2175 eraut,
841 2101 1044 2188 praerogative
1074 2101 1254 2177 fruerentur,

120 2190 211 2241 eraut
228 2191 327 2239 umen
347 2179 381 2239 iis
404 2200 449 2237 cm
470 2178 707 2240 observatronum
728 2176 847 2239 vinculis
867 2188 898 2236 et
916 2178 1055 2240 oneribus
1076 2200 1141 2239 cum
1160 2178 1211 2238 vul
1233 2199 1253 2242 ο

121 2255 255 2318 obnoxii
296 2256 396 2330 Quum
418 2273 490 2334 crgo
510 2257 545 2315 ed
567 2276 613 2315 eas
633 2255 814 2314 ceremonias
832 2253 957 2315 sollicite
977 2254 1172 2316 observandas
1191 2196 1255 2317 ali·

122 2343 277 2413 gerentur,
296 2352 370 2421 quse
382 2334 580 2414 paedagogiae
590 2331 721 2392 servituti
740 2329 840 2391 similis
848 2329 979 2411 symbola
1000 2343 1095 2406 erant,
1115 2330 1256 2395 etchiro·
1314 2336 1325 2369 ’-

125 2407 247 2489 graplte,
268 2409 371 2487 quibus
391 2428 421 2468 se
441 2409 630 2544 peccatireos
642 2407 813 2480 faterentur,
832 2405 868 2466 ab
883 2407 1065 2489 obligatione
1085 2429 1146 2468 non
1158 2408 1256 2471 solse-

125 2494 209 2543 rent:
228 2484 290 2545 iure
311 2505 380 2563 pree
401 2506 439 2543 no
465 2486 487 2544 is
497 2485 551 2545 sub
563 2484 706 2544 servitutis
717 2505 750 2544 ac
769 2483 1086 2546 timorisTestsmento
1108 2485 1196 2546 luisse
1210 2486 1255 2548 di-

125 2572 253 2632 cuntur,
279 2560 347 2619 dum
368 2562 524 2640 respicitur
543 2559 704 2620 communis
728 2559 777 2621 ille
797 2560 991 2642 dispensatio,
1021 2583 1078 2642 qua
1097 2574 1169 2623 tunc
1188 2584 1255 2624 cum

125 2634 294 2698 lsraetirico
315 2636 426 2717 populo
447 2638 590 2697 Dominus
610 2636 724 2716 egebat.

203 2720 250 2778 10.
290 2715 364 2773 Tres
386 2734 455 2790 quas
475 2715 652 2794 posteriores
672 2714 821 2773 retulimus
840 2714 925 2792 (sect.
939 2719 967 2777 4.
987 2720 1015 2779 7.
1034 2717 1086 2790 9.),
1105 2736 1169 2776 eom
1192 2737 1256 2777 sra-

121 2789 226 2850 tiones
249 2801 317 2849 sunt
335 2790 422 2868 Legis
448 2802 478 2850 et
497 2789 662 2871 Evangelii:
692 2811 782 2868 quare
806 2789 837 2849 iu
862 2788 918 2848 illis
937 2790 997 2849 Les
1019 2791 1133 2852 Veteris
1154 2793 1162 2812 '
1184 2805 1258 2854 esta·

120 2865 231 2940 menti,
250 2867 438 2946 Evangelium
472 2868 548 2926 Novi
568 2867 835 2948 nominesignutur.
873 2865 969 2925 Prima
989 2864 1072 2928 latius
1093 2870 1258 2928 extenditur

121 2947 212 3021 <sect
231 2946 289 3021 1.):
314 2943 537 3023 comprehendit
562 2944 637 3001 enim
662 2944 715 3002 sub
736 2963 766 3002 se
787 2954 818 3001 et
837 2962 912 3021 quae
938 2953 1007 3002 aute
1026 2943 1136 3024 Legem
1162 2945 1258 3005 editae

124 3031 197 3081 sunt
217 3019 433 3100 promissiones.
474 3019 565 3092 Quod
585 3032 680 3078 sutem
701 3021 775 3100 ipsas
794 3018 848 3077 sub
867 3019 980 3079 Veteris
1000 3021 1187 3080 Testamenti*
1201 3041 1257 3082 no·

124 3095 209 3187 mine
239 3096 398 3186 censendas
428 3097 608 3185 Augustinus
635 3096 751 3184 negavit
783 3094 833 3174 [ad
857 3094 991 3155 Bonilac.
1011 3095 1112 3162 litus
1138 3118 1163 3156 c.
1181 3097 1258 3192 ,stl’

124 3183 352 3309 stimulis?
369 3171 1150 3327 tsstslm‘tltld‘ltitti?ttssldtttmtts
1165 3196 1258 3312 tlt:

126 3327 354 3386 Testamentum
375 3347 390 3384 a
409 3324 500 3384 verbo
528 3325 636 3404 gratiae
657 3337 687 3384 et
711 3324 928 3385 misericordiae
948 3324 1130 3386 discernitur.
1175 3326 1258 3389 Istud

126 3400 548 3538 lt⁰tttttlllttmttl3t
568 3400 1259 3559 ¹tlt,.⁸⁰.}‘.¹tt.l.⁵.l.tf.‘²⁵¹².t;.2lilll,llll

128 3558 182 3634 qui
202 3553 259 3612 lide
280 3573 333 3632 per
354 3553 540 3612 dilectionem
562 3566 703 3632 operante
723 3521 901 3614 obedierunl
918 3555 1069 3615 mandatis.
1115 3556 1209 3635 quue
1228 3523 1260 3617 id

127 3629 703 3768 {tt{22:5³{tillitltsstsstlt’
721 3630 1261 3785 ..tt‘ttllitnttlttllttltl‘

128 3804 210 3844 rem:
242 3749 403 3862 pcr’quem
424 3803 485 3839 non
506 3782 676 3841 dubitarunt
691 3750 731 3842 ’et
752 3729 894 3863 Spiritum
913 3783 968 3843 sibi
987 3785 1197 3858 administrari,
1227 3797 1262 3847 ttt

129 3859 360 3932 benelacerent,
392 3869 421 3916 et
440 3859 569 3938 ignosci,
601 3859 715 3936 quoties
736 3870 901 3933 peccarent.
951 3859 987 3920 Id
1006 3860 1084 3920 enim
1104 3862 1198 3941 ipsum
1218 3873 1264 3922 est

130 3935 214 4016 quod
234 3954 363 3994 asserere
389 3934 536 3997 inanimo
558 3935 630 4008 luit,
664 3936 792 3996 eiusdem
817 3936 970 3998 nobiscum
996 3937 1212 3998 benedictionis
1231 3939 1263 3999 in

130 4025 282 4072 aeternnm
303 4012 426 4070 salutern
447 4024 597 4070 consortes
618 4013 706 4071 luisse
724 4033 826 4073 omnes
846 4024 972 4089 sanctos,
993 4036 1066 4093 quos
1086 4014 1122 4074 ab
1143 4014 1263 4075 exordio

131 4088 236 4147 mundi
258 4086 444 4166 peculiariter
463 4108 478 4146 a
497 4088 565 4146 Deo
590 4089 714 4148 selectos
734 4091 886 4168 Scriptura
911 4103 1129 4161 commemoret.
1181 4091 1265 4152 Inter
1314 4151 1324 4161 ,

132 4176 266 4223 nostram
286 4184 358 4243 crgo
380 4162 504 4224 ceillius
525 4165 712 4242 partitionem
733 4165 790 4224 hoc
810 4165 956 4240 interest,
993 4167 1052 4226 uod
1076 4177 1175 4228 nostre
1201 4169 1265 4246 (se-
1331 4227 1339 4241 ,

132 4241 263 4300 cundum
282 4239 359 4310 illam
372 4239 482 4300 Christi
500 4242 674 4300 sententiam
694 4240 957 4378 (blattb.11‚13.p‚
972 4187 1036 4302 Lex
1054 4255 1085 4304 et
1103 4243 1266 4324 ppoplretae

132 4336 228 4398 usque
249 4315 287 4376 ad
305 4315 464 4393 loannem,
485 4336 518 4376 ex
536 4336 574 4377 eo
593 4338 717 4400 reguum
736 4317 795 4379 Dei
819 4337 929 4402 evange
941 4320 1050 4401 inatus)
1062 4319 1153 4383 'inter
1169 4320 1270 4385 Evam.
