2700 4732
117 200 177 263 Μ
522 194 599 257 LlB.
618 194 660 255 11.
697 192 790 301 DAP.
809 195 847 255 V.

117 354 178 403 tam
192 340 353 402 essevitam
373 351 404 399 et
423 352 561 415 mortem,
581 339 745 399 honum-et
765 338 888 417 malum:
909 339 1107 420 quodeunque
1119 338 1249 403 voluerit

119 421 147 480 ei
172 418 270 478 datum
297 418 343 477 iri.
382 417 471 491 Esto,
490 418 637 496 acceperit
664 417 753 477 homo
784 438 801 477 a
826 438 876 477 sua
907 417 1056 477 creatione
1088 415 1249 479 facultatem

119 492 322 575 adipiscendae
348 495 424 555 vitae
450 506 500 552 aut
525 493 740 571 mortius-quid
767 493 791 553 si
817 513 851 551 ex
877 493 1001 553 aduerso
1027 496 1249 587 respondeamus

117 572 299 654 perdidisse?
319 570 409 631 Certe
419 571 529 629 animus
540 590 600 628 non
614 582 657 628 est
668 569 871 629 contradicere
883 569 1037 630 Salomoni
1050 570 1249 647 (hoel-‘hm

116 649 170 730 ¹qui
191 648 292 707 asserit
319 647 465 706 hominem
492 658 603 705 rectum
631 647 667 706 ah
700 646 785 705 initio
812 658 941 705 creatum
969 666 1047 721 esse,
1080 648 1249 726 ipsumsilti

119 723 256 788 ascivisse
276 724 380 783 multas
400 724 634 781 adinventiones:
665 742 765 781 verum
786 723 853 801 quia
880 723 969 781 homo
996 722 1207 804 degenerando
1227 736 1249 783 et

120 803 164 864 sui
185 813 215 860 et
235 800 382 860 honorum
403 801 534 859 onmium
555 798 736 881 naufragium
759 798 845 869 ferit,
871 798 1009 878 quicquid
1035 801 1150 879 primae
1175 820 1249 861 crea·

119 878 196 940 tioni
214 877 370 947 tribuitur,
403 896 463 934 non
515 876 628 935 rotinus
657 876 789 952 sequitur
814 876 844 934 in
869 876 999 936 vitiatam
1023 878 1249 957 aerlegenereu

120 968 254 1015 naturam
276 964 454 1031 competere.
492 896 575 1033 lingo
597 974 657 1012 non
679 952 736 1011 illis
758 952 858 1026 rrrndo,
877 952 928 1011 sed
949 951 1003 1030 ipsi
1022 952 1249 1031 quoqueliccle

120 1031 237 1091 siastico
257 1030 440 1108 (quicunque
461 1030 577 1087 undem
597 1030 649 1103 sit)
669 1029 845 1107 respondeo.
889 1028 922 1087 Si
943 1028 1089 1087 hominem
1111 1030 1153 1089 vis
1173 1030 1249 1091 insti·

121 1121 216 1179 tuere,
236 1118 268 1165 ut
280 1106 356 1185 apud
376 1125 408 1164 se
427 1105 520 1185 ipsum
532 1105 725 1184 acquirendae
742 1103 840 1163 salutis
854 1104 1020 1162 facultatem
1031 1118 1162 1185 quaerat,
1183 1118 1247 1165 tant

121 1206 183 1245 non
205 1194 248 1243 est
268 1182 353 1241 nohis
366 1193 415 1240 tua
433 1181 598 1255 auctoritas,
618 1193 650 1239 ut
665 1180 714 1239 rel
734 1182 844 1239 minimi
864 1181 1033 1271 praeiudicii
1054 1182 1192 1243 adversus
1211 1184 1249 1243 in·

122 1261 284 1320 dubitatum
310 1258 367 1316 Dei
398 1259 519 1317 verhum
545 1258 637 1318 vicem
669 1257 818 1317 obtineat:
848 1279 893 1317 sin
923 1256 1133 1338 malignitatem
1162 1260 1249 1319 caruit

123 1339 258 1396 duntaxat
278 1355 418 1393 coercere
442 1335 556 1407 studes,
587 1353 663 1414 quae
687 1354 738 1393 sua
765 1332 839 1392 mala
865 1334 896 1393 in
915 1333 1013 1393 Deum
1039 1332 1249 1395 transferendo

120 1434 224 1473 vanam
255 1412 459 1470 defensionem
491 1423 607 1500 captare
636 1411 727 1487 solet:
760 1410 888 1487 ideoque
912 1411 1073 1500 respondes
1098 1411 1249 1472 rectitudi-

122 1511 190 1549 nem
212 1489 323 1548 homini
342 1488 460 1547 inditam
488 1487 584 1560 furasse,
604 1507 663 1565 quo
689 1488 783 1576 ipsum
804 1487 884 1545 exitii
910 1487 965 1546 sihi
986 1508 1099 1547 eausam
1121 1508 1187 1547 esse
1206 1508 1249 1569 ap

122 1576 232 1657 pareat,
254 1565 382 1623 libenter
400 1565 540 1623 assentio:
560 1564 650 1622 modo
671 1563 740 1622 mihi
761 1584 873 1622 rursum
894 1575 990 1622 tecum
1014 1563 1070 1622 hoe
1090 1566 1249 1625 conveniat

122 1645 157 1703 sis
177 1642 365 1715 ornamentis,
376 1641 480 1719 quihus
499 1661 565 1698 eum
576 1640 723 1699 Dominus
742 1639 828 1699 initio
848 1639 993 1713 induerat,
1012 1661 1092 1699 nune
1110 1662 1162 1701 sua
1174 1640 1249 1721 eulpa

123 1739 186 1779 esse
205 1719 375 1798 spoliatum:
396 1729 485 1797 atque
504 1717 544 1777 ita
564 1717 674 1797 pariter
695 1716 836 1776 fateamur
855 1717 970 1777 medico
990 1738 1069 1777 nune
1089 1731 1166 1797 optas
1186 1736 1249 1779 eree

42 1826 45 1831 “
123 1816 186 1857 non
207 1808 346 1875 palrollos

200 1880 248 1937 19.
287 1868 367 1931 Nihil
387 1880 485 1930 umen
512 1868 692 1949 frequentius
711 1870 742 1928 in
768 1889 821 1929 ore
847 1868 958 1928 hahent
977 1890 1065 1948 quam
1086 1868 1249 1948 parahelatt

124 1948 235 2010 Christi
257 1947 441 2021 deviatum,
472 1968 559 2026 quem
585 1948 753 2005 semivivum
784 1946 912 2005 latrones
938 1947 969 2005 in
994 1946 1038 2006 via
1066 1948 1249 2025 proiecerun

122 2027 210 2105 (Luc.
230 2031 278 2095 10,
296 2026 368 2099 32).
407 2022 469 2082 Sub
486 2023 605 2082 viatoris
626 2023 709 2082 huius
729 2036 811 2102 tvpo,
832 2023 1024 2081 calamitatem
1043 2034 1249 2101 repraesenter

146 2102 241 2161 eneris
262 2099 390 2174 humani,
410 2102 471 2158 scio
484 2099 710 2180 vrrlgatissimum
724 2092 784 2159 esse
798 2098 933 2159 omnihus
951 2118 1044 2189 paene
1054 2098 1249 2190 scriptoribus

121 2122 198 2239 lade
218 2189 420 2257 argumentum
434 2187 553 2234 sumunt
572 2176 665 2234 nostri
685 2176 849 2249 adversarii,
870 2196 930 2233 non
950 2188 990 2234 sta
1012 2188 1126 2254 peccati
1144 2197 1179 2237 ac
1198 2174 1249 2235 die¹

123 2255 186 2315 holi
212 2253 366 2312 latrocinio
387 2252 549 2311 mutilatum
570 2271 631 2310 esse
653 2249 816 2322 hominem,
836 2252 907 2331 quin
932 2252 1104 2330 superstites
1134 2252 1249 2313 retineat

123 2332 273 2392 honorum
293 2333 425 2462 ppiorum
446 2328 595 2406 reliquias:
616 2328 853 2407 quandoquidem
866 2328 973 2387 dieitur
991 2328 1111 2387 relictus
1131 2348 1195 2391 esee
1211 2346 1249 2401 ee:

123 2408 253 2468 mivivus.
323 2404 353 2463 hi
374 2406 452 2464 enim
473 2417 517 2464 est
536 2404 607 2462 illud
619 2404 693 2462 vitae
713 2405 874 2476 dimidium,
894 2405 1065 2464 nisi·rectae
1084 2417 1116 2465 et
1135 2402 1249 2465 ratio&

124 2496 156 2544 et
174 2480 331 2541 voluntatis
350 2482 449 2559 portio
470 2480 566 2571 aliqua
586 2480 737 2540 maneret?
763 2481 902 2553 Primum,
922 2480 945 2539 si
967 2481 1058 2541 nolim
1079 2479 1249 2543 locumdatt

124 2561 253 2641 ipsorum
274 2557 450 2635 allegoriae,
481 2557 550 2636 quid
571 2557 697 2616 ohsecro
719 2556 823 2616 facturi
842 2557 928 2616 sunt?
960 2579 1026 2617 nam
1053 2570 1173 2637 praeter

123 2656 242 2697 manum
267 2634 405 2694 orationis
430 2634 552 2694 Domini
585 2653 701 2693 sensum
733 2654 749 2693 a
776 2634 905 2714 patribus
932 2634 1130 2715 excogitatum
1160 2632 1249 2707 fuum

124 2710 199 2773 nihil
220 2710 341 2771 duhium
361 2722 414 2770 est.
463 2709 633 2792 hllegoriae
665 2709 741 2769 ultra
769 2710 930 2790 procedere
957 2731 1019 2770 non
1040 2712 1153 2771 dehent
1172 2728 1249 2792 qun

123 2800 315 2871 praeeuntem
337 2787 445 2847 hahent
460 2788 630 2866 Scripturae
650 2786 796 2868 regulam:
817 2798 930 2847 tantum
950 2786 1033 2847 ahest
1051 2800 1084 2846 ut
1105 2784 1249 2849 fundando

124 2865 192 2925 ullis
218 2864 362 2945 dogmatis
386 2884 440 2943 per
464 2884 496 2924 se
525 2864 678 2922 sufficiant.
727 2865 832 2941 Neque
858 2863 963 2922 desunt
993 2864 1122 2924 rationes
1153 2862 1249 2945 quih!

124 2945 244 3023 possim,
264 2942 287 2999 si
308 2941 423 3013 lubeat,
442 2952 539 2999 totum
560 2940 615 2999 hoc
636 2952 833 2999 commentum
853 2938 1036 2999 convellere:
1062 2948 1161 3033 neque
1179 2938 1249 3001 eni!

45 3040 48 3045 ·
125 3018 274 3079 dimidiam
295 3015 406 3077 homini
425 3018 515 3076 vitam
536 3015 675 3095 relinquit
687 3017 744 3075 Dei
756 3016 886 3087 verhuns,
906 3017 957 3075 sed
977 3016 1094 3095 penitus
1114 3016 1249 3077 antedi!

126 3096 214 3155 docet
254 3107 372 3152 uantum
393 3092 428 3152 ad
450 3092 552 3153 heatae
572 3092 647 3153 vitae
667 3096 819 3152 rationem.
862 3095 931 3152 Non
951 3093 1104 3153 semivivos
1123 3092 1249 3155 dicittb'

125 3182 211 3231 natos
233 3115 343 3229 ¹faulus
367 3171 408 3250 (E
432 3169 490 3229 hes.
510 3178 545 3243 2,
565 3175 593 3233 5.
612 3174 661 3233 30.
682 3176 716 3237 5,
735 3172 813 3245 lh),
845 3169 914 3228 dum
939 3168 1074 3248 loquitur
1097 3168 1135 3229 de
1158 3180 1249 3233 nost!

125 3246 346 3325 redemptione:
367 3190 428 3306 secl
433 3268 521 3324 quum
542 3247 648 3304 mortui
670 3265 807 3319 essemus,
826 3248 988 3306 suscitatos.
1013 3246 1082 3306 Non
1102 3242 1249 3313 semiviri¹

125 3323 264 3383 inclamat
283 3323 318 3381 ad
338 3321 539 3401 recipiendam
551 3321 660 3382 Christi
680 3321 936 3399 illuminationem,
955 3322 1006 3382 aed
1027 3322 1249 3385 dormientes*

126 3400 271 3479 sepultos:
292 3418 349 3459 nec
367 3419 450 3457 secus
469 3398 616 3458 Dominus
636 3399 698 3477 ipse
718 3398 777 3473 (lo.
792 3405 821 3471 5,
840 3401 914 3473 25.),
935 3399 1004 3458 dum
1023 3399 1128 3459 horam
1147 3399 1249 3463 reni*

126 3477 177 3546 ait,
196 3497 253 3555 qua
272 3476 383 3535 mortui
402 3476 437 3534 ad
457 3495 561 3535 vocem
581 3496 661 3533 suam
682 3487 843 3555 resurgant.
890 3475 955 3548 Qua
982 3477 1083 3536 l'ronte
1103 3468 1249 3551 lererndt¹

126 3552 270 3612 lusionem
290 3563 337 3613 tot
355 3550 439 3611 claris
459 3551 611 3611 sententiis
631 3552 840 3641 opponerent?
878 3551 987 3611 Valeat’
1000 3564 1099 3612 tamen
1119 3544 1249 3633 allegm’t

126 3629 199 3690 haee
224 3648 278 3719 pro
306 3640 389 3689 certo
415 3628 603 3687 testimonio:
636 3627 708 3707 quad
736 3639 834 3687 tamen
864 3649 881 3688 a
912 3629 998 3689 nohis
1023 3614 1249 3709 extorquehonlh

127 3706 288 3765 semivivus
314 3716 358 3763 est
383 3703 487 3764 homo:
522 3704 611 3763 hehet
636 3704 728 3783 igitur
753 3703 861 3783 aliquid
886 3704 1009 3765 salvum:
1045 3724 1153 3786 nempe
1172 3702 1249 3771 heu]

127 3794 255 3843 mentem
276 3780 486 3861 intelligentiae
498 3801 643 3861 capacem,
663 3781 773 3839 etiamsi
792 3781 827 3839 ad
845 3783 1003 3842 coelestem
1021 3782 1198 3863 spiritualem
1234 3778 1249 3855 ,¹

18 3862 22 3871 “
126 3859 298 3937 sapientiam
326 3878 385 3915 non
413 3868 561 3935 penetret:
595 3857 681 3916 hahet
713 3857 887 3917 nonnullum
913 3859 1072 3919 honestatis
1106 3858 1245 3935 iudicioli

128 3934 218 3993 habet
236 3933 361 4013 aliquem
387 3933 544 3993 divinitatis
574 3953 705 4007 sensum,
740 3946 888 4013 utcunque
912 3955 1010 3994 verant
1028 3934 1087 3993 Dei
1115 3930 1249 4013 rational,¹

125 4022 390 4087 nonnas-equatur.
440 4009 500 4067 Sed
521 4031 580 4088 quo
606 4010 659 4069 ista
680 4011 835 4069 recislunt't'
867 4024 946 4069 certe
967 4032 1027 4070 non
1053 4000 1249 4087 efficiunt&

126 4084 213 4147 nohis
234 4085 303 4144 illud
314 4086 481 4167 Augustini,
501 4086 705 4145 communibus
717 4089 804 4145 etiam
816 4086 979 4145 scholarum
995 4087 1142 4168 suffragiis
1153 4100 1249 4169 apptk.

127 4165 242 4233 hatum,
262 4162 404 4223 adimatur
422 4162 476 4240 (cf.
496 4184 573 4241 supr.
595 4184 656 4241 rap.
676 4168 703 4225 2.
725 4186 746 4221 s.
767 4166 844 4239 ¹12),
876 4165 1020 4243 Adempta
1052 4185 1115 4223 esse
1148 4152 1249 4227 horain'.

126 4252 195 4321 post
219 4239 328 4319 lapsum
353 4241 479 4321 gratuita
503 4238 596 4313 hona,
617 4240 694 4297 unde
723 4237 799 4298 salus
825 4240 985 4317 dependet:
1019 4238 1162 4301 naturalia
1187 4248 1249 4317 tet?

127 4330 267 4395 corrupta
292 4314 464 4396 pollutaque
488 4336 560 4377 esse.
611 4318 679 4376 Stet
708 4334 781 4397 ergo
806 4316 893 4378 nohis
921 4316 1043 4379 indubia
1066 4318 1123 4379 ista
1145 4316 1249 4387 vuius.
