2596 4726
454 184 534 246 um.
551 185 579 247 1.
619 185 708 250 car.
728 185 813 248 xm.
1145 195 1204 256 ιιι

65 337 115 399 est,
133 324 197 388 lure
217 348 280 389 non
300 328 473 389 censebitur
492 328 620 409 Spiritus
637 330 718 391 Fuit:
744 322 820 392 'uod
840 342 940 392 tamen
959 331 1106 394 refellitur
1115 330 1204 395 Pauli

66 404 253 479 testimonio,
278 406 328 466 ulti
349 427 536 467 communem
559 406 679 468 Christo
701 420 731 468 et
777 411 831 469 atri
852 409 930 468 iacit.
968 409 1090 470 Adhaec
1109 409 1134 471 si
1154 430 1204 469 ex-

100 481 200 562 ngitur
221 502 237 541 e
258 483 406 543 Trinitate
425 483 521 543 Patris
540 503 677 563 persona,
695 484 728 544 in
749 506 809 564 quo
830 508 847 547 a
866 486 943 546 Filio
963 499 994 547 et
1011 486 1125 568 Spiritu
1145 485 1203 546 dii·

76 571 145 631 eret,
165 559 222 617 uisi
234 560 303 639 quia
323 559 405 621 solus
425 572 469 618 est
488 560 550 639 ipse
562 560 664 620 Deus?
692 562 716 620 F
718 572 836 621 atentnr
847 562 998 639 Christum
1019 563 1204 638 esselleum,

64 645 209 694 ettamen
235 637 362 697 aPatre
387 635 518 696 disicere.
569 636 703 697 Vicissim
737 650 836 698 noum
862 639 987 718 aliquam
1017 638 1204 701 discretionis

65 730 124 770 esse
148 724 290 793 oportet,
314 733 352 772 ne
379 712 468 772 Pater
493 713 530 771 sit
549 712 649 772 Filius.
673 779 675 784 .
699 714 762 788 Qui
788 715 817 773 iu
845 716 968 775 essentia
989 735 1054 775 eam
1073 727 1203 797 ponunt,

62 787 215 849 manifeste
234 790 265 850 iu
292 789 414 850 nihilum
436 788 574 871 redigunt
597 810 694 849 veram
716 790 828 851 Christi
851 793 1006 852 deitatem:
1039 811 1115 871 quae
1139 795 1203 852 sine

64 865 189 925 essentia
210 886 355 927 essenon
376 866 490 947 potest,
517 865 685 945 etquidem
708 866 829 946 totali).
878 869 949 927 Non
976 866 1096 929 diiieret
1121 881 1203 929 certe

62 940 186 1002 Patere
208 944 299 1017 Filio,
318 944 374 1003 nisi
395 943 547 1036 proprium
568 942 679 1035 aliquid
700 943 807 1004 habeat
826 945 857 1004 in
877 966 908 1006 se
949 946 1008 1005 uod
1021 937 1098 1006 Filio
1120 966 1204 1006 com-

62 1038 151 1077 mune
169 1041 235 1080 non
256 1019 303 1081 sit.
343 1021 425 1095 Quid
447 1021 501 1078 iam
529 1032 680 1100 reperreut
702 1021 734 1080 in
755 1042 815 1101 quo
836 1042 902 1082 eum
928 968 1131 1106 distinguant?
1169 1022 1204 1084 Si

61 1097 91 1155 in
111 1098 240 1158 essentia
262 1110 307 1158 est
326 1097 477 1173 discretio,
497 1096 713 1178 respondeant,
732 1118 832 1159 aunon
855 1121 922 1159 cum
939 1099 1014 1159 Fnto
1036 1119 1098 1159 eam
1120 1121 1204 1159 eom-

60 1174 266 1235 municaeerit.
304 1176 372 1235 Hoc
391 1193 461 1233 vero
482 1194 544 1233 nou
569 1174 668 1254 potuit
689 1195 751 1236 esse
772 1196 805 1235 ex
830 1188 929 1257 parte:
956 1176 1025 1309 spoia
1050 1175 1204 1236 dimidium

61 1248 209 1311 fabricare
228 1252 326 1311 Deum
347 1250 428 1312 nefas
448 1261 532 1310 esset.
561 1250 656 1310 nude
677 1251 757 1330 quod
779 1251 835 1312 hoc
855 1252 946 1313 modo
979 1265 1131 1314 acerareut
1144 1252 1204 1313 Dei

59 1330 229 1387 essentiam.
268 1328 370 1389 Restat
390 1339 422 1387 ut
441 1339 503 1387 tota
524 1327 605 1386 etin
624 1327 750 1388 solidum
765 1328 859 1388 Patris
879 1341 909 1388 et
925 1328 993 1389 Filii
1010 1329 1050 1389 sit
1068 1350 1204 1390 commu-

59 1402 116 1463 nis.
157 1404 278 1479 Quodsi
297 1424 399 1465 verum
419 1415 479 1477 est,
506 1404 563 1463 iam
583 1425 654 1464 saue
674 1405 772 1485 quoad
792 1404 884 1486 ipsam
904 1405 984 1467 nulla
1005 1406 1064 1466 erit
1082 1405 1205 1466 alteriue

59 1478 96 1539 ab
117 1478 216 1541 altero
236 1481 385 1542 discretio.
422 1481 456 1542 Si
476 1481 621 1559 excipiant
641 1482 759 1543 Patrem
778 1482 965 1542 essentiando
986 1501 1106 1542 manere
1125 1480 1204 1541 nilsi-

60 1554 191 1618 lominus
217 1559 336 1619 unicum
361 1557 476 1634 Deum,
495 1578 586 1639 penes
612 1579 699 1637 quem
726 1559 763 1619 sit
795 1559 935 1619 essentia:
968 1556 1104 1621 Christus
1128 1578 1202 1641 ergo

59 1632 236 1713 figurativus
257 1636 315 1695 erit
332 1635 429 1711 Deus,
455 1655 488 1694 ae
507 1635 607 1716 specie
625 1646 740 1695 tantum
759 1635 806 1695 vel
825 1636 964 1711 nomine,
990 1656 1052 1696 non
1071 1636 1204 1715 reipsa:

60 1711 128 1789 quia
148 1711 218 1772 Deo
239 1710 314 1771 nihil
337 1712 429 1805 magis
456 1712 607 1792 proprium
632 1732 719 1792 quam
738 1732 820 1791 esse,
849 1712 927 1775 iuxta
946 1710 1034 1789 illud,
1066 1709 1129 1785 Qui
1149 1720 1206 1789 est,

60 1788 139 1847 misit
157 1808 208 1849 rue
227 1789 264 1848 ad
284 1809 337 1850 vos
355 1787 463 1867 (huod.
482 1794 512 1861 3,
532 1789 603 1866 14).
914 1806 920 1819 ·

136 1872 188 1930 ‘ll-
232 1864 349 1926 Falsum
375 1864 494 1961 quidem
518 1885 581 1929 esse
605 1866 687 1946 quod
712 1878 845 1942 sumunt,
869 1867 987 1960 quoties
1011 1862 1145 1927 absolute
1157 1864 1205 1925 4,

60 1938 119 2000 Ilei
138 1945 254 2003 mentio
274 1940 495 2022 inscriptura,
515 1944 633 2003 nonnisi
653 1944 771 2004 Patrem
791 1943 932 2025 intelligi,
958 1962 992 2003 ex
1011 1939 1111 2003 multis
1130 1940 1204 2009 loeis

62 2016 202 2079 refellere
221 2030 392 2101 promptum
414 2026 470 2078 est':
491 2019 570 2079 etin
591 2018 647 2080 illis
667 2021 736 2113 ipsis
756 2042 831 2113 puos
852 2041 907 2113 pro
927 2040 959 2081 se
979 2020 1086 2094 citant,
1106 2018 1204 2099 turpi·

61 2104 111 2154 ter
129 2096 262 2176 produnt
280 2117 360 2158 suam
383 2095 620 2177 incogitantiam,
640 2118 708 2176 qma
727 2096 786 2159 illae
806 2097 872 2157 Filii
893 2116 1003 2157 nomeu
1028 2094 1204 2177 apponitur:

54 2172 145 2252 ,uude
162 2185 288 2255 apparet
305 2171 428 2234 relative
448 2174 540 2252 accipi
560 2174 618 2233 Dei
638 2194 764 2249 nomeu,
784 2174 912 2254 ideoque
932 2173 1039 2233 restriu
1062 2175 1069 2189 ⁸
1090 2172 1126 2233 ad
1146 2170 1204 2230 Pa·

67 2248 120 2307 tris
138 2269 303 2331 personam.
337 2249 383 2310 Ae
407 2268 511 2309 eorum
523 2251 654 2313 obiectio
674 2271 737 2311 uno
756 2251 849 2312 verbo
871 2251 1001 2310 diluitur.
1068 2250 1102 2310 isi
1121 2248 1203 2309 solus

68 2323 170 2403 Pater,
189 2328 344 2408 inquiunt,
363 2346 451 2387 verus
472 2338 547 2388 esset
565 2327 662 2403 Deus,
681 2351 750 2390 suus
768 2330 832 2409 ipse
852 2328 942 2388 Pater
961 2338 1046 2388 esset.
1096 2326 1204 2404 Neque

66 2403 141 2462 enirn
161 2404 323 2466 absurdum
343 2416 397 2479 est,
416 2416 541 2485 propter
560 2405 681 2498 gradum
702 2417 733 2465 et
751 2405 887 2466 ordinem
900 2405 997 2463 Deum
1016 2400 1205 2484 peculiariter

64 2481 178 2555 vocari,
201 2481 254 2562 qui
279 2501 343 2541 nou
363 2478 456 2541 solum
482 2496 585 2562 genuut
610 2502 643 2541 ex
667 2502 699 2543 se
723 2502 804 2542 suam
828 2480 1019 2562 sapientiam,
1049 2480 1100 2542 sed
1120 2479 1204 2563 Deus

65 2557 151 2616 etiam
170 2571 216 2617 est
235 2559 425 2631 lllediatoris,
456 2558 541 2618 sicuti
566 2559 680 2638 plenius
703 2579 757 2619 suo
784 2558 852 2618 loco
873 2558 1020 2617 disseram.
1065 2556 1147 2616 Nam
1168 2575 1204 2613 ex

65 2654 122 2712 quo
143 2635 348 2696 manifestatus
368 2645 412 2694 est
437 2635 467 2693 in
492 2656 580 2694 carne
602 2635 750 2708 Christus,
774 2634 865 2695 Filius
885 2634 943 2693 Dei
970 2644 1108 2707 vocatur,
1141 2652 1203 2692 uon

64 2720 177 2770 tantum
210 2724 356 2792 quatenus
391 2723 459 2770 ante
498 2710 612 2771 saecula
648 2712 765 2793 genitus
797 2731 831 2770 ex
859 2711 949 2771 Patre
978 2710 1035 2769 fuit
1066 2721 1205 2769 aeternus

65 2786 187 2862 Sermo,
215 2787 268 2849 sed
289 2788 357 2867 quia
376 2788 547 2848 Mediatoris
567 2789 695 2879 suscepit
712 2808 870 2867 personam
891 2800 921 2847 et
940 2807 1062 2859 munus,
1082 2798 1114 2845 ut
1133 2784 1203 2844 Deo

65 2883 116 2923 nos
135 2865 346 2946 coniungeret.
385 2864 424 2923 Et
443 2866 583 2944 quoniam
603 2866 710 2925 Filium
730 2885 747 2924 a
766 2865 824 2923 Dei
851 2863 967 2924 honore
988 2875 1046 2922 tam
1067 2862 1206 2922 audacter

67 2941 234 3016 excludunt,
253 2945 329 3001 scire
348 2940 446 3013 velim,
467 2962 555 3020 quum
577 2941 752 3021 pronuntiat
770 2939 882 3000 nullum
903 2937 1097 2999 essebonum
1119 2955 1206 3018 praem
1265 2949 1268 2953 ’

66 3026 111 3076 ter.
127 3040 224 3077 unum
241 3018 357 3093 Deum,
382 3038 418 3076 an
438 3037 469 3077 se
491 3016 623 3077 bonitate
643 3018 747 3099 privet
790 3017 859 3076 Non
887 3017 997 3096 loquor
1022 3014 1059 3073 de
1077 3014 1206 3073 humana

68 3098 123 3153 eius
145 3109 271 3170 natura,
295 3115 332 3153 ne
353 3094 431 3154 iorte
452 3095 610 3175 excipiant,
631 3092 771 3173 quicquid
791 3093 822 3152 in
843 3113 877 3153 ea
897 3093 971 3152 boni
991 3092 1064 3164 luit,
1084 3110 1117 3149 ex
1136 3110 1206 3173 gra-

68 3171 139 3231 tuito
164 3172 250 3233 dono
277 3168 408 3231 fluxisse:
439 3189 548 3262 quaero
580 3192 617 3230 au
645 3171 751 3230 Sermo
785 3182 922 3229 aeternus
948 3168 1008 3227 Dei
1039 3166 1135 3226 bonus
1166 3166 1206 3226 sit

70 3266 169 3308 necne.
212 3246 245 3307 Si
266 3258 388 3327 negent,
407 3259 474 3307 satus
495 3249 629 3307 convicta
650 3257 769 3305 tenetur
788 3266 893 3305 eorum
913 3246 1061 3325 impietas:
1083 3243 1205 3302 latendo

68 3325 195 3409 seipsos
216 3323 358 3405 iugulant.
411 3324 502 3396 Quod
528 3336 624 3384 autem
651 3324 746 3401 primo
771 3322 878 3381 intuitu
899 3322 1015 3381 videtur
1035 3319 1169 3380 Christus
1189 3340 1206 3378 a

69 3420 95 3459 se
125 3420 284 3461 removere
310 3420 418 3460 nomeu
446 3399 523 3458 Boni
544 3399 661 3477 (llatth.
683 3403 834 3473 19,17.)‚
865 3400 1043 3458 senteutiam
1075 3408 1206 3456 nostram

68 3480 154 3559 magis
180 3477 355 3538 coufirmat:
386 3496 492 3554 nempe
519 3498 607 3556 quum
635 3476 678 3536 siu
702 3474 783 3534 ulare
808 3478 845 3535 sit
871 3475 955 3534 unius
977 3474 1034 3532 Dei
1063 3471 1206 3553 elogium,

68 3570 211 3633 quatenus
231 3574 266 3613 ex
283 3553 398 3631 vulgari
417 3571 501 3611 more
520 3552 660 3612 salutatus
680 3495 777 3611 iuerat
796 3551 915 3624 bonus,
934 3550 1038 3611 salsum
1059 3549 1206 3608 honorem

68 3651 97 3689 re
118 3632 239 3706 udiaus,
273 3629 436 3689 bonitatem
456 3649 511 3707 qua
560 3627 632 3687 ollet
655 3628 780 3688 divinam
806 3646 868 3686 esse
894 3627 1042 3686 admouet.
1083 3628 1205 3698 Quaero

68 3720 152 3768 ettam
173 3707 227 3766 ubi
247 3705 374 3766 affirmat
392 3704 500 3764 Paulus
524 3650 565 3783 (l.
586 3706 663 3763 Tim.
684 3704 812 3780 1,17.),
836 3703 930 3767 solnm
951 3702 1046 3761 Deum
1068 3719 1130 3759 esse
1150 3700 1206 3757 im-

68 3784 233 3855 mortalem,
253 3784 415 3864 sapientem
437 3793 467 3841 et
485 3801 632 3853 veracem,
652 3802 688 3840 an
710 3781 753 3840 his
772 3779 868 3839 verbis
888 3780 919 3838 in
939 3780 1073 3839 ordinem
1094 3788 1206 3834 morta-

67 3860 151 3931 lium,
181 3860 342 3919 stnltocum
369 3870 398 3916 et
426 3857 571 3916 fallacium
598 3857 748 3937 redigatur
769 3855 913 3916 Christus.
952 3856 1021 3913 Non
1044 3854 1099 3909 erit
1117 3851 1207 3930 igitur

66 3936 257 4011 immortalis,
282 3939 333 4014 qui
353 3934 390 3994 ab
410 3935 496 3994 initio
518 3934 575 3994 vita
597 3933 653 3992 luit
673 3945 706 3993 ut
725 3932 838 4013 angelis
862 3929 1111 3990 immortalitatem
1133 3946 1207 4013 con-

67 4014 175 4075 iceret?
206 4032 271 4072 non
293 4011 350 4072 erit
369 4011 501 4095 sapiens,
525 4010 575 4091 qui
596 4022 716 4070 aeterna
737 4022 781 4069 est
799 4009 858 4069 Dei
877 4005 1037 4089 supientia?
1067 4022 1129 4062 nou
1150 4011 1208 4058 ent

1017 4154 1204 4170 ..tuns—“¹'-

132 4256 163 4325 ·)
180 4256 249 4309 Vide
266 4255 433 4309 Bernardum
451 4256 533 4310 Serm.
552 4254 593 4311 80.
610 4274 690 4329 super
702 4253 819 4316 Gaudes,
836 4256 870 4306 de
888 4270 978 4305 errore
996 4247 1106 4301 Gilbcrti
1124 4245 1209 4297 Picta·

66 4324 158 4379 eiensis
174 4324 311 4395 Episcopi.
727 4361 730 4367 ,
