2700 4732
112 185 153 251 m
480 180 864 275 mmmm

101 322 255 387 ‚tadone
303 324 338 386 Si
354 326 467 408 Legem
491 326 661 403 intuentur,
711 326 830 407 uicqnid
854 336 973 387 tentant
991 334 1043 386 ant
1066 320 1251 384 meditantur

113 400 230 482 operis,
258 402 446 463 maledictum
465 422 528 465 esse
546 404 657 465 vident.
735 424 769 465 ec
794 402 937 484 estquod
961 421 992 462 se
1011 400 1138 483 quisque
1156 396 1250 473 fallat,

113 476 184 541 colli
207 497 258 539 ena
278 499 352 560 opus
372 498 409 539 eo
428 478 493 559 ipso
514 502 576 541 non
597 480 719 541 omuino
739 479 847 539 malum
867 498 930 539 esse
947 479 1014 558 quia
1030 476 1249 557 imperfectum,

113 565 147 615 et
164 554 174 613 i
197 574 234 617 eo
253 555 334 633 quod
352 558 385 615 in
404 574 441 615 εο
461 556 534 617 boni
554 569 597 618 est
608 558 674 617 Deo
695 556 884 618 nibilominus
904 567 1056 636 acceptum
1069 572 1143 613 erse.
1171 552 1248 612 Nam

112 630 175 691 Lea
193 631 355 712 perfectam
367 631 554 693 dilectionem
567 634 695 725 exigens,
714 655 831 693 omnem
851 631 1107 710 imperfectionem
1120 628 1249 707 minuat,

112 708 172 768 nisi
190 709 290 789 rigore
310 708 455 789 mitigato.
496 708 579 788 Opus
591 713 680 791 igitur
698 732 782 771 suum
792 709 971 782 consideret,
1012 706 1071 766 uod
1092 726 1148 788 pro
1165 714 1248 785 parte

112 782 229 845 bonum
247 784 339 845 videri
359 783 494 845 volebat:
519 799 549 845 et
569 806 606 847 eo
632 787 696 867 ipso
721 785 983 867 transgressionem
1028 782 1091 865 egis
1119 802 1185 843 essc
1201 782 1247 841 in-

111 860 223 938 veniet,
263 861 311 921 uia
328 859 533 940 imperfectum
552 874 606 923 est.

190 943 220 1002 5·
286 958 304 997 n
324 937 476 1016 quomodo
497 940 594 999 omnia
618 951 720 1000 nostra
739 958 830 1019 opera
848 936 940 1019 Legis
959 932 1161 998 maledictioni
1179 929 1247 993 eub-

112 1013 230 1151 isim,
253 1013 277 1074 si
299 1014 336 1074 ad
355 1013 443 1095 Legis
467 1014 586 1075 modum
607 1017 769 1107 exigantur.
820 1014 983 1087 Quomodo
1008 1024 1107 1074 autem
1132 1021 1198 1070 tum
1216 1028 1247 1069 se

160 1089 251 1151 criter
282 1090 472 1172 accingerent
495 1091 531 1151 ad
550 1112 624 1172 opns
648 1091 782 1153 infelicet
800 1092 929 1167 animae,
961 1110 1015 1169 pro
1041 1108 1102 1168 quo
1128 1084 1270 1153 noum,

112 1165 352 1227 maledictionem
376 1187 408 1227 se
439 1167 553 1227 referre
578 1188 664 1249 posse
688 1167 888 1233 confiderent?
938 1164 1064 1225 Rursum
1083 1163 1110 1224 ai
1127 1160 1167 1223 ab
1193 1159 1246 1222 ltac

113 1262 217 1304 severa
235 1241 324 1323 Legis
342 1242 504 1320 exactione,
523 1243 570 1306 vel
589 1246 686 1325 potius
699 1240 772 1307 'toto
791 1245 834 1303 Le
857 1245 879 1303 is
899 1242 999 1325 rigore
1017 1240 1178 1312 liberatae,
1195 1258 1246 1317 pa-

112 1329 199 1380 terna
218 1317 338 1379 lenitate
356 1340 388 1380 ae
407 1339 423 1381 a
443 1319 511 1380 Deo
531 1322 671 1401 appellari
690 1321 822 1394 audiant,
836 1265 952 1380 libres
971 1330 1002 1377 et
1020 1337 1124 1398 magua
1143 1312 1246 1377 alacri·

111 1394 304 1457 tatevocanti
323 1396 555 1489 respondebunt,
574 1411 605 1457 et
617 1399 771 1459 ducentem
790 1407 959 1476 sequentur.
997 1394 1034 1453 Iu
1052 1412 1177 1467 summa,
1198 1388 1248 1471 qni

110 1470 201 1555 Legis
220 1471 293 1554 iugo
309 1485 520 1555 affinguntur,
537 1476 625 1535 servis
636 1490 706 1536 sunt
717 1474 834 1550 similes,
852 1472 958 1552 quibus
977 1482 1075 1531 certae
1093 1468 1127 1527 in
1145 1467 1248 1547 singn-

112 1546 159 1609 los
179 1547 240 1609 (lies
259 1568 369 1630 operae
388 1570 405 1609 a
425 1550 550 1611 dominis
569 1552 747 1612 indicuntur.
785 1552 826 1609 lli
846 1550 923 1610 enim
943 1546 1015 1608 nibil
1028 1545 1173 1605 ellectum
1191 1564 1246 1625 pn-

111 1634 195 1701 taut‚
218 1624 330 1687 necin
355 1639 545 1706 conspectum
570 1627 757 1703 dominorum
776 1628 879 1687 uenire
902 1625 1025 1695 audent,
1049 1620 1106 1683 nisi
1130 1630 1247 1681 metus

112 1718 271 1781 operarum
288 1702 394 1763 modus
413 1704 588 1765 constiterit
637 1704 706 1765 Filii
729 1723 818 1778 vero,
848 1702 898 1794 qui
918 1699 1066 1760 liberalius
1099 1708 1130 1757 et
1155 1694 1248 1777 magis

110 1775 245 1859 ingenue
263 1798 280 1839 a
298 1779 430 1859 patribus
449 1792 627 1851 tractantur,
651 1783 692 1842 eis
711 1803 773 1840 non
799 1779 935 1839 dubitant
953 1776 1088 1835 inchoata
1108 1785 1139 1833 et
1159 1772 1247 1833 dimi·

113 1850 193 1923 dieta
211 1874 313 1936 opera,
332 1854 442 1934 aliquid
461 1858 547 1917 etiam
567 1857 629 1918 vitii
647 1858 786 1919 habentia
804 1856 927 1929 offerre,
947 1851 1050 1913 confisi
1067 1870 1151 1911 suam
1171 1848 1244 1910 obe-

113 1929 254 1991 dientiam
273 1943 304 1992 ct
322 1932 411 1992 animi
430 1933 691 2014 promptitudinem
711 1934 766 1995 illis
786 1943 936 2011 acceptam
955 1930 1037 2004 fore,
1057 1926 1172 1987 etiamsi
1191 1925 1245 1987 mi-

112 2024 170 2069 nus
200 2017 299 2068 exacte
329 2004 456 2069 fecerint
479 2010 559 2090 qnod
585 2011 733 2072 volebant.
783 2009 871 2069 Tales
896 2028 951 2067 nos
971 2024 1033 2065 esse
1053 2012 1178 2083 oportet
1196 2002 1245 2083 qui

113 2094 198 2144 certo
218 2083 413 2160 confidamus,
433 2085 573 2166 obsequia
593 2100 692 2149 nostra
712 2084 965 2168 indulgentissimo
985 2079 1066 2140 Patri
1087 2077 1244 2160 probatum

110 2156 162 2236 iri,
180 2160 376 2239 quantulacun
400 2182 436 2221 ue
454 2163 523 2239 sint,
542 2175 573 2223 et
584 2165 766 2243 quantumvis
785 2162 870 2223 rudia
888 2181 922 2221 ac
939 2156 1120 2239 imperfecta.
1163 2157 1245 2231 Qua·

112 2233 183 2296 liter
201 2236 288 2296 etiam
307 2259 361 2317 per
379 2182 560 2318 luopbetem
584 2241 670 2303 nobis
695 2239 865 2302 confirmat:
894 2236 1039 2313 „Parcam
1065 2232 1108 2293 eis
1133 2230 1245 2312 (inquit

111 2309 306 2391 Mal·3‚17·),
325 2314 401 2375 sicut
419 2316 496 2376 solet
515 2329 599 2395 pater
617 2317 678 2377 filio
698 2336 819 2397 parcere
838 2313 976 2375 servienti
988 2310 1083 2372 sibi:“
1103 2309 1156 2369 ubi
1170 2330 1246 2385 por·

111 2406 178 2449 cem
196 2408 251 2469 pro
270 2390 425 2472 indulgere
443 2392 489 2454 vel
509 2394 673 2454 humaniter
696 2394 731 2455 ad
751 2393 819 2453 vitia
838 2390 998 2452 connivere
1044 2386 1152 2447 ositum
1172 2406 1245 2447 con-

112 2474 181 2538 stat,
200 2485 289 2543 quum
308 2467 394 2526 simul
414 2468 548 2561 obsequii
566 2470 741 2530 meminerit.
783 2468 889 2558 Neque
915 2466 986 2525 baec
1033 2463 1116 2522 ducia
1141 2482 1245 2543 parom

112 2539 203 2601 nobis
222 2544 383 2603 necessaria
402 2557 462 2621 est,
485 2565 547 2607 stne
568 2568 624 2626 qua
645 2547 750 2606 frustra
771 2565 869 2605 omnia
888 2541 1073 2604 conabimur:
1099 2538 1244 2618 siquiden

112 2616 198 2678 nullo
217 2630 320 2679 nostro
342 2640 483 2699 operose
503 2622 561 2683 coli
581 2634 697 2702 reputat
715 2623 806 2697 Deus,
826 2620 880 2679 nisi
901 2619 981 2699 quod
1001 2618 1030 2676 in
1051 2615 1113 2676 eius
1133 2615 1244 2675 cultum

111 2712 184 2756 vere
202 2715 220 2755 a
238 2694 324 2756 uobis
343 2697 402 2756 fiat.
439 2698 474 2758 Id
495 2711 591 2760 autem
603 2700 652 2779 qui
693 2700 763 2759 ossit
781 2699 860 2757 inter
878 2696 944 2756 illos
963 2708 1103 2770 terrores,
1122 2690 1177 2752 ubi
1192 2692 1244 2751 du·

46 2816 52 2827 .
111 2770 226 2833 bllator
244 2772 453 2834 offendaturue
471 2775 563 2854 Deus,
583 2797 620 2838 an
640 2723 753 2837 colatur
772 2786 874 2834 nostro
896 2770 1005 2852 opere?

189 2855 220 2915 6.
258 2849 357 2942 Atque
386 2870 420 2913 ea
451 2873 535 2914 cnusa
567 2866 626 2928 est,
657 2875 709 2914 cur
732 2864 836 2913 auctor
859 2848 1009 2928 Epistulae
1033 2846 1069 2906 ad
1089 2845 1244 2905 Hebraeos

111 2926 177 3002 (11,
195 2927 251 3003 2),
270 2927 408 3007 qulcquld
427 2927 458 2990 in
477 2934 583 2992 sanctis
603 2930 737 2990 Patribus
758 2929 904 2990 bonorum
918 2946 1041 3006 operum
1062 2923 1152 2982 fuisse
1172 2918 1244 3003 legi·

112 3012 173 3076 tur,
192 3004 226 3063 ad
238 3004 457 3080 fidemreferat‚
477 3019 507 3068 et
521 3029 554 3068 ea
567 3008 747 3068 duntaxatex
767 3005 823 3063 fide
843 3004 984 3063 aestimet
1009 3001 1058 3059 De
1078 2999 1132 3059 bac
1153 2998 1242 3058 liber·

111 3088 175 3139 tate
193 3078 310 3143 illustris
330 3093 375 3142 est
392 3083 475 3144 locus
495 3085 526 3143 in
545 3084 676 3167 Epistola
696 3084 731 3142 ad
744 3083 893 3142 Romanos
905 3084 1001 3156 (6,12.
1014 3078 1083 3155 sq.)‚
1103 3075 1156 3135 ubi
1168 3074 1243 3134 Pau-

113 3152 159 3215 lus
178 3157 380 3234 ratiocinatur,
400 3173 550 3239 peccatum
571 3183 631 3222 nou
652 3161 760 3220 debere
780 3157 865 3216 nobis
885 3154 1044 3229 dominari,
1069 3195 1090 3228 ,‚
1115 3151 1163 3211 uia
1183 3170 1243 3211 non

113 3252 212 3293 sumus
231 3233 285 3294 sub
305 3235 396 3317 Lege,
415 3237 466 3297 sed
485 3240 538 3298 sub
559 3238 679 3319 gratia-‘⁶
699 3275 736 3285 -
776 3236 875 3309 Quum
894 3233 970 3291 enirn
990 3230 1090 3290 fideles
1132 3240 1243 3289 ortatus

114 3319 201 3383 esset,
220 3330 279 3383 „ue
297 3323 449 3392 peccatum
469 3312 500 3373 iu
520 3334 623 3374 eorum
643 3312 758 3374 mortali
778 3329 906 3389 corpore
926 3319 1078 3388 regnaret,
1097 3324 1177 3365 treve
1195 3323 1244 3363 ex·

113 3383 276 3461 „biberent
294 3387 425 3451 membra
444 3411 494 3450 sua
520 3412 599 3451 arma
623 3389 784 3469 iniqnitatis
808 3397 945 3467 peccato,
975 3385 1026 3445 sed
1046 3383 1114 3443 Deo
1139 3401 1173 3442 sc
1193 3380 1244 3439 de·

113 3474 279 3537 „voverent
297 3476 435 3545 tanquam
454 3486 489 3525 ex
507 3468 629 3528 mortuis
649 3467 793 3540 viventes,
821 3476 852 3523 et
869 3463 1000 3521 membra
1024 3481 1075 3521 sua
1100 3480 1181 3519 arma
1200 3457 1244 3517 iu·

114 3536 353 3613 ‚,stitiac1)eo:“
377 3542 419 3601 illi
439 3563 510 3604 vero
530 3555 632 3604 contra
657 3542 788 3604 obiicere
807 3551 940 3622 possent,
959 3559 991 3599 se
1011 3536 1105 3596 adbuc
1125 3554 1244 3595 caruem

113 3635 213 3676 secum
231 3615 325 3694 ferre,
349 3618 467 3699 plenam
488 3619 745 3699 concupiscentiis,
775 3630 804 3677 et
824 3628 975 3696 peccatum
995 3615 1025 3672 in
1045 3633 1078 3672 se
1097 3611 1244 3699 babitare3

114 3692 232 3755 subiicit
251 3714 315 3754 eam
334 3696 567 3757 consolationem
586 3716 602 3757 a
620 3696 709 3777 Legis
728 3695 875 3767 libertate,
895 3692 953 3753 acsi
969 3691 1092 3765 diceret,
1112 3689 1245 3749 Tametsi

113 3768 247 3832 nondum
267 3773 439 3833 exstinctum
459 3785 621 3854 peccatum,
641 3773 765 3833 necdum
785 3771 919 3831 iustitiam
938 3769 969 3826 in
988 3786 1019 3827 sc
1038 3767 1135 3827 vivere
1156 3764 1245 3845 plene

114 3847 252 3922 sentiant,
271 3862 449 3910 nontamen
470 3870 592 3910 essecur
612 3850 780 3923 formident,
800 3860 831 3907 et
849 3848 946 3905 auimo
962 3844 1147 3914 deiiciantur,
1163 3840 1245 3921 quasi

114 3925 212 3983 Deum
231 3943 347 4061 semper
366 3928 512 3987 offensum
532 3927 659 3987 babeant
677 3926 716 3985 ob
737 3927 849 4016 peccati
869 3922 1019 4001 reliquias:
1047 3918 1165 3999 quando
1192 3937 1244 4007 per

114 4000 238 4085 gratiam
257 4021 274 4062 a
320 4023 374 4083 ege
397 4005 457 4064 siut
480 4003 662 4076 manumissi,
686 4023 725 4061 nc
745 4023 805 4062 erus
830 3999 932 4081 regula
956 4020 1007 4058 sua
1027 4017 1118 4076 opera
1137 4014 1247 4065 examu-¹

114 4089 233 4172 nentur:
272 4081 335 4155 Qui
353 4101 427 4172 vero
444 4080 624 4172 peccandum
644 4078 788 4169 inferunt,
805 4078 873 4169 quia
891 4098 953 4137 non
971 4076 1059 4164 simps
1077 4072 1244 4160 sub-Lege,

114 4154 192 4215 banc
210 4157 377 4219 libertatem
397 4157 469 4216 rrrbsl
489 4154 526 4217 ad
550 4177 582 4221 sc
605 4167 756 4241 pertinere
778 4155 960 4239 intelligant:
991 4173 1074 4215 curus
1099 4148 1165 4211 tus
1191 4158 1245 4222 cst,

115 4252 172 4304 nos
190 4240 228 4305 ad
247 4238 361 4305 bonum
379 4236 517 4299 animare.
