2700 4732
466 236 546 299 mu.
565 238 608 299 11.
648 238 738 303 CAP.
751 188 783 299 -L
1022 274 1028 285 ·
1182 253 1241 315 153
1267 232 1272 245 '

136 384 189 440 Η
200 412 230 427 -
243 382 275 453 2)
288 382 333 435 De
350 382 434 437 ramis
449 382 579 437 borrenrli
595 382 682 455 lapsus
697 386 781 449 'Adae
796 400 857 441 sect.
873 387 899 441 d·
919 416 951 429 -
984 388 1018 459 ³)
1035 388 1078 443 De
1091 390 1166 445 buius
1177 392 1236 463 lap·

134 488 163 523 ιιι
174 470 320 535 comotione,
335 482 393 521 tum
411 482 497 521 creata
516 468 617 530 omnia,
635 484 691 523 tom
709 470 783 525 Adae
799 484 918 541 posteros
934 472 1079 539 invadente,
1101 494 1116 527 ι
1133 490 1193 529 ιιιι.
1210 480 1235 533 5.

134 554 200 607 alia.
214 574 279 625 cap..
301 552 350 607 ubi
374 554 409 607 de
424 552 526 623 peccati
543 552 675 618 originalis
701 556 906 627 propagatione,
933 558 1085 616 definitione
1104 574 1132 613 et
1149 561 1237 615 effica-

134 654 160 691 ιιι
171 652 246 705 anaor.

184 796 208 855 1.
240 790 311 851 Non
336 789 402 850 sinc
426 808 512 849 cansa
537 786 698 869 proverbio
724 790 817 851 reteri
837 802 993 871 tantopere
1013 790 1129 853 homini
1151 816 1236 857 corn-

132 866 237 928 neotlata
252 888 372 947 semper
392 866 447 925 l'uit
470 886 506 925 co
531 865 605 925 nitio
631 866 794 958 suiipsius.
833 868 908 927 Nam
932 869 957 928 si
983 880 1071 948 turpe
1098 871 1238 951 ignorare

133 940 231 1017 lucitm,
248 961 443 1033 quaecunque
463 941 499 1001 ad
508 884 663 1001 lcumenae
682 956 759 1003 vitae
778 944 923 1003 rationem
946 946 1112 1024 pertinent:
1142 949 1236 1010 multo

73 1050 80 1094 ς
130 1036 180 1079 tero
194 1020 306 1079 foedior
325 1020 494 1102 ignorantia
513 1017 608 1079 nostri
628 1030 689 1094 est,
725 1042 780 1098 qua
807 1020 840 1079 srt
864 1033 897 1079 nt
921 1022 950 1079 in
977 1021 1121 1101 capiendo
1147 1025 1236 1085 dere

130 1094 229 1173 qualibet
247 1096 410 1157 necessaria
430 1094 555 1155 consilio
575 1096 681 1155 misere
702 1095 930 1171 ballue-inemec,
955 1110 1043 1175 atque
1068 1100 1143 1159 adeo
1165 1122 1236 1161 coe·
1301 1108 1307 1120 '

127 1172 247 1232 tatianus.
285 1174 399 1232 Verum
419 1192 481 1251 quo
501 1170 603 1232 utilior
623 1185 666 1232 est
686 1174 866 1252 praeceptio,
886 1194 923 1232 co
944 1174 1113 1255 diligentius
1133 1168 1236 1237 viden-

126 1244 173 1306 dno
189 1262 231 1309 ιιι
249 1247 354 1319 nobis,
383 1269 422 1309 ne
441 1248 505 1327 ipsa
529 1261 720 1329 praepostere
747 1262 873 1307 utamur:
906 1250 987 1327 qrrrul
1020 1250 1236 1333 plrilososophis

125 1324 269 1401 adiudam
289 1326 422 1385 videmus
441 1324 589 1385 accidisse.
640 1325 687 1383 Illi
714 1326 791 1384 enim
819 1326 887 1383 dum
910 1327 1057 1384 huminem
1078 1326 1237 1391 hortantur

125 1410 185 1459 etse
194 1403 287 1480 ipsum
307 1402 443 1473 noverit,
466 1400 554 1461 finem
573 1402 658 1461 simul
699 1415 868 1481 ropunuut,
890 1423 928 1459 ιιι
948 1402 1119 1483 dignitatem
1140 1406 1235 1465 excel-

124 1470 275 1557 lentiamque
294 1499 375 1537 suam
397 1478 522 1537 nesciat:
542 1498 640 1557 neque
660 1424 737 1537 aliud
758 1482 852 1559 ipsum
872 1479 904 1537 in
923 1498 954 1539 se
976 1482 1171 1559 contemplari
1182 1503 1236 1543 vo-

124 1548 178 1625 lant,
192 1576 278 1634 quam
300 1556 380 1614 unde
399 1554 478 1613 inani
499 1554 604 1615 fiducia
623 1556 799 1615 intumescat
818 1566 848 1613 et
867 1555 1004 1635 superbia
1024 1555 1153 1615 inlletur.
1173 1558 1235 1619 No·

125 1632 158 1689 ni
173 1642 265 1691 autem
285 1631 421 1711 cognitio
441 1631 568 1710 primum
588 1632 617 1690 in
639 1651 677 1693 eo
696 1634 751 1691 sita
771 1644 825 1705 est,
845 1644 878 1691 ut
896 1644 1067 1711 reputantes
1088 1634 1158 1711 quid
1179 1633 1235 1694 no'-

124 1700 194 1765 lirin
214 1708 365 1767 creatione
385 1708 484 1766 datum
504 1708 552 1781 sit,
572 1720 603 1767 et
628 1728 714 1787 quam
740 1708 870 1789 benigne
893 1730 975 1767 suam
1002 1728 1071 1788 erga
1092 1730 1147 1769 nos
1189 1732 1235 1770 ra-

124 1780 173 1841 tim
190 1786 346 1844 continuet
364 1783 461 1857 Deua,
479 1784 604 1845 sciamus
624 1798 732 1864 quanta
751 1786 789 1845 sit
809 1796 928 1843 naturae
949 1796 1068 1844 nostrae
1088 1731 1235 1845 excellen-

124 1858 312 1939 nequidem
332 1860 448 1941 integra
468 1872 614 1921 maneret:
633 1862 721 1923 simul
734 1874 839 1943 tamen
860 1862 1036 1953 cogitemus,
1056 1861 1129 1920 nihil
1150 1864 1235 1923 nubis

86 1964 107 1981 ··
123 1932 195 1995 inore
217 1938 390 2019 proprium,
420 1938 471 1997 aed
498 1938 632 2029 precario
658 1960 712 1997 nos
739 1951 843 1997 tenere
868 1938 1007 2016 quicquid
1026 1940 1057 1997 in
1078 1958 1132 1999 nos
1154 1940 1236 2000 Deus

122 2011 234 2081 contidit,
252 2026 288 2073 ut
305 2032 423 2093 semper
442 2014 477 2074 ab
498 2036 561 2095 rpso
582 2014 769 2094 pendeamus.
809 2014 928 2073 Deinde
949 2027 981 2073 ut
1001 2013 1086 2074 nobis
1099 2030 1236 2076 occurrat

118 2087 203 2149 nisena
241 2102 291 2149 ost
309 2090 523 2181 Adae'lnpsum
544 2104 644 2151 nostra
664 2091 814 2163 conditio,
838 2092 920 2151 euius
945 2112 1063 2162 sensus,
1088 2105 1235 2169 prostrata

118 2166 184 2255 ttoni
219 2111 293 2227 loria
313 2179 345 2225 et
364 2167 485 2241 fiducia,
514 2188 568 2227 rios
592 2168 707 2248 pudure
727 2167 852 2229 obrutos
871 2188 940 2229 vere
962 2168 1104 2227 humiliet.
1161 2170 1236 2229 Nam

116 2242 189 2301 neoti
233 2262 285 2303 ens
303 2244 342 2303 ad
362 2245 417 2301 ima
442 2246 518 2305 inem
537 2266 619 2305 suam
640 2245 724 2304 initio
745 2266 799 2305 nos
819 2245 916 2319 linxit,
936 2256 969 2303 ut
987 2256 1101 2304 mentes
1121 2258 1236 2307 nostras

115 2324 168 2375 tun
184 2320 218 2379 ad
236 2321 353 2380 virtutis
373 2262 517 2393 studium,
536 2333 598 2381 tum
617 2322 654 2381 ad
674 2334 811 2380 aeternae
835 2323 912 2381 vitae
931 2321 1154 2382 meditationem
1175 2326 1234 2383 eri-

176 2407 201 2456 t:
224 2400 278 2469 ita,
298 2416 337 2455 ne
356 2398 491 2457 socordia
511 2410 613 2459 nostra
633 2398 776 2457 obruatur
794 2411 875 2458 tauta
895 2397 1012 2481 generis
1032 2400 1125 2458 nostri
1146 2400 1234 2459 nobi·

82 2498 86 2503 ·
120 2484 179 2546 atas,
208 2494 283 2554 quae
302 2494 394 2533 unsa
416 2474 507 2535 brutis
528 2474 700 2533 animalibus
726 2476 881 2545 dissensit,
916 2495 1099 2553 cognoscere
1124 2496 1235 2556 operae

107 2552 223 2631 pretium
244 2561 307 2621 est,
339 2550 410 2611 ideo
430 2572 484 2611 nos
504 2551 619 2610 ratione
645 2564 675 2609 et
702 2552 896 2631 intelligentia
920 2552 1069 2631 praeditos
1094 2572 1172 2625 esse,
1202 2566 1236 2611 ut

105 2640 226 2687 ιιιιιιιιι
245 2640 278 2687 ιι
296 2626 449 2687 honestam
469 2629 556 2688 vitam
577 2628 705 2688 colendo
726 2629 761 2686 ad
784 2630 967 2707 propositum
989 2628 1092 2688 beatae
1114 2631 1236 2689 inanior·

105 2702 216 2765 talitatis
240 2725 365 2794 scopum
392 2705 554 2764 tendamus.
613 2706 771 2764 Caeterum
796 2705 826 2762 iu
853 2717 982 2763 mentem
1007 2704 1108 2763 venire
1134 2707 1238 2783 nequit

135 2782 188 2841 ἰι
206 2780 257 2841 illa
278 2782 417 2861 dignitas,
437 2782 508 2861 quin
529 2801 595 2840 mox
617 2802 650 2840 ex
669 2780 759 2840 altera
780 2794 862 2860 parte
882 2801 912 2842 se
938 2780 1047 2840 usserat
1066 2782 1149 2840 triste
1171 2784 1237 2841 suc-

158 2858 192 2917 tis
213 2870 244 2918 et
264 2860 448 2937 ignominiae
469 2871 586 2918 nostrae
606 2857 821 2937 spectaculum,
848 2880 882 2916 ex
902 2879 962 2935 quo
984 2858 1013 2915 iu
1035 2858 1120 2936 primi
1141 2858 1237 2917 bomi-

108 2932 145 2993 ιιὶι
181 2954 290 2994 ersona
310 2934 348 2993 ab
369 2934 486 3015 origine
506 2948 605 2995 nostra
628 2935 793 2994 excidimus.
843 2935 930 2992 Unde
959 2946 989 2992 et
1014 2935 1109 2992 nostri
1136 2936 1236 2993 odium

109 3026 136 3069 tc
150 2954 335 3091 dsplicentia
354 3031 481 3090 veraque
502 3011 646 3071 humilitas
666 3012 771 3085 oritur,
792 3023 821 3069 et
833 3032 941 3071 novum
962 3012 1132 3070 accenditur
1147 3032 1238 3089 quae-

110 3088 182 3147 noti
211 3087 270 3146 Dei
299 3088 444 3160 studium,
474 3090 503 3146 in
536 3110 596 3167 quo
622 3090 744 3167 quisque
766 3107 799 3146 ea
820 3088 899 3147 bona
925 3099 1091 3167 recuperet,
1110 3107 1237 3167 quorum

111 3180 217 3239 ponus
232 3166 337 3224 inanes
359 3176 389 3221 et
409 3165 491 3223 vacui
512 3164 768 3243 deprehendimur.

177 3246 205 3301 2
240 3242 309 3300 lloc
328 3261 400 3299 saue
420 3243 621 3319 quaerendum
641 3243 672 3299 in
694 3240 873 3300 excutiendis
898 3240 984 3299 nobis
1010 3260 1072 3299 esse
1097 3242 1239 3319 praescri·

113 3310 154 3371 bit
177 3314 229 3375 bei
250 3317 374 3377 veritas:
414 3338 520 3395 nempe
546 3318 634 3377 talem
669 3318 757 3398 exigit
784 3318 935 3389 notitiam,
965 3338 1039 3395 quae
1064 3338 1118 3377 nos
1145 3330 1175 3378 et
1200 3318 1238 3377 ab

115 3390 190 3449 omni
212 3394 346 3473 propriae
376 3394 521 3453 facultatis
547 3394 726 3453 confidentia
752 3394 856 3473 procul
883 3404 986 3452 avocet
1011 3405 1041 3451 et
1066 3395 1147 3453 omui
1173 3396 1239 3475 glo·

116 3466 201 3525 riandi
217 3470 331 3529 materia
353 3470 525 3545 destitutus,
546 3471 581 3529 ad
602 3471 826 3530 submissionem
847 3470 980 3531 adducat.
1027 3470 1124 3542 Quam
1150 3493 1238 3549 regu·

115 3539 165 3600 lam
183 3554 276 3605 tenere
296 3547 455 3619 convenit,
473 3550 498 3606 si
518 3548 554 3605 ad
576 3558 684 3606 rectam
710 3559 739 3606 et
769 3547 900 3624 sapiendi
933 3558 963 3604 et
992 3549 1099 3627 ogerrdi
1131 3560 1238 3605 ιιιιιιιιι

116 3619 267 3703 pertingere
287 3623 371 3683 libet.
411 3624 516 3702 Neque
536 3645 583 3683 me
602 3623 684 3695 latet,
705 3635 817 3703 quanto
839 3623 1022 3701 plausibilior
1045 3626 1082 3681 sit
1102 3623 1150 3681 illa
1171 3643 1239 3682 sen·

116 3696 202 3769 uren,
220 3700 342 3779 quaead
361 3700 527 3779 reputanda
548 3713 647 3760 nostra
669 3700 747 3760 bona
768 3700 865 3779 potius
887 3721 940 3759 nos
961 3701 1076 3769 invitat,
1097 3721 1180 3776 (pram
1202 3699 1238 3755 ad

115 3768 324 3853 inspiciendam,
356 3798 433 3854 quae
453 3798 508 3836 nos
528 3778 642 3854 pudore
663 3778 791 3834 obruere
818 3775 922 3850 debet,
953 3777 1085 3834 miseram
1108 3790 1239 3833 nostram

80 3882 85 3887 ·
117 3844 227 3929 inopiam
246 3873 394 3913 unacum
416 3853 585 3933 ignominia.
636 3854 788 3931 Siquidem
816 3851 887 3910 nihil
910 3864 954 3911 est
974 3852 1054 3929 quod
1074 3852 1165 3931 magis
1186 3872 1239 3930 ap-

118 3936 183 3999 petat
199 3928 357 3989 humanum
378 3929 542 4009 ingenium,
561 3951 648 4008 quam
669 3929 816 3988 blanditiis
838 3929 1011 3986 demulceri:
1045 3938 1134 4004 atque
1160 3928 1240 4000 ideo,

91 4020 95 4025 '
122 3996 160 4058 tbi
176 4004 255 4065 dotes
275 4027 341 4066 suas
362 4006 537 4087 magnifieri
557 4008 654 4080 arrdit,
686 4006 715 4063 in
738 4007 812 4064 banc
833 4017 945 4083 partem
956 4004 1045 4061 nimia
1066 4003 1241 4061 credulitate

123 4082 274 4155 propendet.
335 4082 505 4156 Quominus
535 4083 642 4140 mirum
665 4094 725 4156 est,
759 4083 805 4140 laic
832 4084 906 4140 adeo
929 4080 1096 4159 perniciose
1118 4080 1241 4139 luissea

73 4208 78 4219 .
125 4156 221 4217 ιῐιιιίιιιι
240 4158 395 4218 Ιιοιιιῐιιιιιιι
415 4170 499 4236 parte
517 4160 693 4219 aberratum.
732 4159 808 4217 Nam
836 4180 925 4236 quum
952 4158 989 4214 sit
1008 4156 1155 4234 ingenitus
1176 4157 1242 4215 uni-

73 4298 78 4307 ,
126 4231 196 4291 venis
211 4234 385 4295 mortalibus
406 4236 569 4314 plusquam
583 4255 689 4295 coecus
708 4235 753 4295 sui
773 4257 867 4307 amur,
887 4231 1078 4291 libentissime
1097 4232 1155 4291 sibi
1174 4252 1244 4313 per-

128 4306 224 4369 ualent
241 4310 315 4372 nihil
337 4312 432 4372 inesse
451 4312 518 4388 sibi,
538 4313 619 4391 qnod
640 4312 746 4373 merito
773 4310 898 4450 debeat1
912 4328 976 4427 gsse
1001 4307 1148 4370 odiosum.
1197 4308 1244 4368 lta
