2700 4732
29 194 34 211 ·
66 185 158 281 m.
466 174 543 241 ΗΒ.
563 174 617 237 tv.
657 174 746 245 CAP.
765 176 819 237 tv,

71 346 106 389 ac
125 324 157 383 in
176 332 328 405 posterum
337 318 436 383 valere
451 322 602 402 praecipit.
641 320 759 396 Quodsi
777 321 817 381 ita
834 317 1002 381 invaluerit
1015 319 1218 401 improbem

70 400 193 474 malitia,
212 411 247 457 ut
265 398 365 459 elerici
385 397 420 458 ad
440 420 544 477 puram
566 398 742 458 electionem
764 396 929 457 faciendam
946 396 1030 457 urbe
1051 396 1160 479 egredi
1176 418 1218 459 eo·

72 490 196 561 gantur:
222 476 336 553 aliquos
359 487 457 535 tamen
479 495 495 534 e
516 475 628 568 populo
648 474 733 537 simul
759 475 858 534 adesse
878 472 975 534 iubet.
1030 474 1219 555 imperatorii

72 552 247 617 verosul'lra
272 556 341 627 ium,
361 564 499 630 qnantum
521 552 685 632 intelligere
706 552 787 623 licet,
806 552 836 609 in
858 550 974 610 duabus
996 550 1217 613 tantumecele

73 631 122 693 siis
143 631 259 709 require
283 641 363 703 atur,
382 628 512 687 Romana
535 642 563 687 et
584 627 929 707 Constantinopolitana:
958 628 1048 707 qood
1071 627 1136 687 illie
1156 628 1217 687 duae

74 708 191 801 imperii
209 705 292 779 sedes
313 718 419 765 essent.
457 706 530 764 Nam
565 705 623 763 nod
637 704 837 764 Mediolanum
856 703 891 763 ad
903 702 1144 786 gubernandam
1158 702 1217 765 nori

44 794 50 807 ‘
74 784 207 877 episcopi
227 782 402 842 electionem
420 780 522 841 missus
542 728 597 840 linit
616 780 788 841 Ambrosius
814 802 878 839 cum
899 792 1062 861 potestate
1087 780 1217 841 aValea-
1252 780 1254 795 '

73 860 198 934 biniano,
218 859 247 918 id
267 868 501 939 proptergraves
514 856 783 937 factiones,quibus
803 857 881 916 inter
900 878 931 916 se
945 856 1029 919 cives
1051 854 1217 939 flagrabant,

74 936 336 997 extramdioarium
357 934 421 994 fuit.
441 934 564 994 tinans
577 948 673 993 autern
694 946 806 993 tanturn
828 934 897 993 olim
918 932 1015 994 valuit
1037 930 1215 1013 imperator'u

75 1013 236 1074 auctoritas
248 1012 278 1070 in
292 1011 433 1091 episcopo
445 1010 792 1091 creando,utGregorius
800 1032 832 1071 se
842 1011 850 1069 i
853 1011 929 1103 psius
943 1010 1028 1073 iussu
1042 1011 1078 1071 in
1087 1009 1216 1071 ecclesiae

73 1088 280 1173 gubernaculis
300 1087 492 1147 constitutum
513 1108 574 1147 esse
595 1088 672 1147 dicat
691 1087 756 1162 (lib.
773 1096 800 1152 1.
821 1099 906 1165 epist.
925 1089 989 1163 5.):
1011 1109 1113 1167 quiam
1132 1100 1216 1147 tanen

75 1164 202 1226 sollenni
223 1164 316 1223 ritua
358 1163 448 1243 opulo
469 1164 740 1244 fuisseteipetitus.
780 1164 847 1224 lloc
866 1174 968 1223 autem
990 1164 1093 1225 moris
1113 1163 1218 1237 iniqu

75 1263 166 1321 quuin
186 1241 313 1320 aliquem
334 1184 534 1321 designassent
554 1241 647 1318 ordo,
675 1241 787 1314 clerus,
813 1262 846 1299 ac
865 1239 1015 1331 populus,
1037 1240 1079 1301 ad
1101 1240 1215 1321 impera·

74 1317 287 1393 torempstatim
312 1316 437 1377 reierret
461 1317 527 1393 ille,
558 1330 591 1377 ut
610 1317 656 1377 rel
675 1317 813 1378 scisceret
833 1316 1016 1377 electionem
1039 1339 1098 1377 sua
1119 1336 1216 1409 appro-

75 1392 213 1471 batione„
227 1392 279 1463 ¹vel
299 1392 495 1472 improbando
515 1393 683 1473 abrogaret.
727 1394 830 1473 Neque
851 1392 917 1453 buit
938 1392 1160 1455 consuetudini
1177 1412 1216 1453 ro-

75 1482 212 1551 pugnant
225 1469 364 1544 decreta,
389 1492 463 1549 quae
483 1492 499 1530 a
521 1470 663 1531 Gratiano
684 1469 877 1550 colliguntur,
903 1468 957 1529 ubi
978 1469 1061 1530 nibil
1082 1470 1162 1531 aliud
1178 1468 1216 1528 di-

75 1545 153 1607 citur
172 1566 257 1625 quain
277 1545 359 1605 nullo
380 1548 470 1607 modo
491 1545 644 1608 ferendum
658 1566 730 1621 esse,
741 1558 773 1604 ut
785 1545 896 1605 sublata
910 1547 1066 1607 canonica
1078 1546 1215 1608 electione

75 1643 133 1701 rex¹
157 1644 212 1704 pro
243 1645 294 1684 sua
319 1623 441 1683 libidine
468 1624 637 1705 episcopum
657 1624 817 1683 constituat
841 1634 872 1682 et
890 1643 906 1682 a
927 1624 1147 1703 llletropolitis
1163 1642 1214 1683 no!

77 1716 139 1760 esse
160 1699 407 1774 consecrandum,
427 1701 477 1778 qui
509 1698 708 1781 perviolenta
735 1700 855 1778 imperia
875 1699 916 1759 sic
938 1699 1037 1759 luerit
1060 1710 1214 1780 promotus.

76 1775 165 1836 Aliud
186 1777 263 1836 enim
285 1789 345 1851 est,
373 1777 500 1856 spoliare
533 1777 682 1837 ecclesiam
707 1776 770 1834 iure
794 1797 864 1849 suo,
895 1786 926 1833 ut
954 1787 1063 1836 totum
1086 1777 1123 1837 ad
1143 1774 1214 1837 unitis

76 1851 203 1914 hominis
228 1853 380 1913 libidinem
406 1853 613 1915 transferaturs
633 1852 710 1913 aliud
731 1852 788 1911 boc
809 1851 929 1912 lionoris
956 1853 1026 1933 regi
1057 1867 1112 1914 aut
1134 1854 1214 1933 impe·

76 1932 169 1991 ratori
189 1930 268 2001 dare,
288 1941 321 1988 ut
339 1951 390 1989 sua
409 1931 583 1989 auctoritate
603 1929 762 2011 legitimam
784 1928 961 1989 electionem
983 1928 1160 1990 confirmet.

153 2014 201 2071 14.
240 2005 381 2085 Sequitur
401 2007 456 2065 iam
478 2018 508 2064 ut
533 2019 700 2079 tractemus,
720 2026 778 2085 quo
806 2006 862 2065 ritu
884 2018 952 2084 post
974 2004 1161 2067 electionem
1178 2007 1214 2065 ir·

77 2082 234 2142 itiarentur
252 2082 358 2142 veteris
379 2082 519 2142 ecclesiae
540 2084 664 2142 ministri
683 2087 713 2141 in
734 2104 816 2140 suum
837 2082 979 2142 officium.
1021 2082 1118 2144 Hanc
1129 2080 1213 2143 Latini

77 2159 296 2220 ordinationem
307 2157 351 2217 vel
366 2159 628 2233 consecrationem,
639 2159 746 2218 Graeci
761 2166 946 2231 χειροτονίαν,
967 2160 1128 2219 interdum
1141 2160 1213 2219 etia·

71 2244 251 2308 χειροθεσίαν
267 2247 425 2296 vocarunt:
446 2235 515 2295 licet
530 2244 687 2307 χειροτονία
705 2235 733 2293 id
751 2256 844 2315 genus
856 2232 1012 2293 electionis
1037 2236 1163 2317 proprie
1180 2236 1213 2295 di-

77 2322 171 2386 catur,
190 2308 240 2368 ubi
261 2311 447 2371 declarantur
464 2312 601 2391 suffragia
620 2333 760 2370 manuum
782 2308 956 2371 elevatione.
1003 2310 1117 2373 Exstat
1133 2326 1212 2373 auten

77 2385 227 2445 decretum
240 2386 362 2447 Nicaeni
383 2388 511 2462 concilii,
531 2388 780 2466 utilletropolites
800 2410 865 2447 cuni
886 2387 1032 2449 omnibus
1056 2390 1211 2469 provinciae

78 2462 223 2552 episcopis
244 2464 400 2523 conveniat
420 2466 454 2523 ad
476 2486 541 2523 eum
560 2468 608 2544 qui
629 2464 737 2525 electus
759 2465 846 2524 luerit
865 2462 1086 2527 ordinandum.
1126 2468 1158 2527 Si
1174 2488 1211 2527 ae·

76 2549 138 2598 tem
157 2539 270 2599 itineris
291 2540 491 2619 longitudine,
522 2552 572 2600 aut
591 2540 771 2617 valetudine,
799 2552 849 2600 aut
873 2539 928 2599 alia
955 2545 1144 2605 necessitate
1161 2560 1212 2623 pto

77 2613 252 2694 impeditur,
272 2627 304 2674 ut
322 2628 419 2675 tamen
441 2629 498 2677 tres
518 2614 668 2676 minimum
690 2618 881 2678 conveniant:
910 2618 960 2695 qui
983 2630 1094 2680 autem
1114 2622 1211 2692 absunt.

78 2713 159 2752 suam
180 2693 402 2752 consensionem
424 2714 476 2773 per
497 2694 592 2754 literas
613 2706 767 2753 testentur.
810 2695 908 2772 Atque
929 2693 979 2754 liic
1001 2695 1120 2758 Canon
1139 2716 1210 2777 quera

81 2767 272 2827 desuetudine
296 2768 512 2845 obsolesceret,
542 2770 673 2850 pluribus
706 2771 812 2828 deinde
837 2770 956 2836 sinodis
977 2790 1146 2834 renovatus
1163 2772 1210 2831 tit

81 2844 194 2905 Omnes
214 2859 329 2920 autem,
359 2860 409 2905 aut
428 2848 528 2907 saltem
550 2849 718 2927 quicunque
744 2838 960 2908 exornationem
982 2870 1053 2908 non
1075 2850 1211 2915 liaberrrt,

79 2921 148 2981 ideo
169 2922 269 2982 adesse
299 2922 478 2983 iubebantur
503 2946 562 3004 quo
584 2924 698 3004 gravius
719 2924 755 2982 de
777 2926 908 2983 doctrina
931 2935 963 2982 et
984 2926 1129 2989 moribus
1148 2924 1210 2987 ordi·

79 2998 171 3057 nandi
190 2998 350 3059 baberetur
369 3020 502 3059 examen:
537 3001 731 3078 nequeenim
752 3001 814 3061 sine
836 2999 967 3057 examine
988 3022 1042 3062 res
1065 3000 1209 3087 peragtbt·

78 3085 138 3134 tur.
176 3076 216 3134 Et
234 3086 355 3154 apparet
375 3096 407 3134 ex
426 3078 479 3153 Cy
513 3077 603 3135 riani
624 3075 729 3150 verbis,
749 3099 809 3136 non
832 3089 897 3155 post
916 3074 1111 3141 electionem
1123 3076 1212 3149 souti

79 3151 132 3212 aed
153 3151 290 3211 electioni
311 3153 451 3212 interesse
471 3099 540 3211 olim
561 3154 679 3211 solitos:
707 3166 795 3231 atque
820 3155 848 3212 in
870 3172 935 3210 eum
960 3154 1058 3214 linem
1081 3170 1116 3217 ut
1135 3162 1212 3217 mitid

81 3227 163 3307 quasi
191 3228 409 3304 moderatores,
440 3229 568 3307 nequid
594 3231 623 3287 io
651 3230 710 3309 ipsa
732 3230 815 3289 turba
840 3229 923 3287 lieret
943 3230 1133 3293 turbulenti.
1166 3228 1212 3289 libi

81 3302 162 3363 enim
193 3303 263 3362 dixit
294 3305 371 3384 plebi
397 3326 457 3365 esse
485 3318 659 3385 potestatem
679 3305 725 3365 rel
753 3306 857 3388 dignos
883 3304 1017 3383 eligendi
1049 3310 1214 3379 sacerdotis.

80 3377 128 3455 vel
152 3379 290 3460 indignos
320 3382 485 3454 recusandi,
516 3382 672 3461 aliquando
708 3395 775 3462 post
803 3382 954 3459 subiungit
987 3383 1109 3475 (cypr.
1128 3386 1213 3449 libb

81 3457 166 3536 epist.
177 3466 204 3520 «l.
217 3457 325 3535 med.):
346 3458 495 3536 „Propter
514 3458 593 3537 quod
615 3458 770 3539 diligenter·
784 3460 819 3518 de
839 3459 1002 3518 traditione
1017 3462 1124 3525 divina
1142 3474 1214 3541 atque

80 3534 275 3613 „Apostolica
299 3538 470 3594 servandum
498 3547 540 3595 est
567 3548 596 3594 et
621 3537 778 3594 tcneniluni
806 3534 899 3612 (quod
920 3535 1000 3614 apud
1030 3559 1094 3601 nos
1113 3552 1214 3629 quom!

80 3621 134 3687 „et
154 3610 214 3671 iere
235 3631 287 3690 per
307 3611 470 3690 provincias
491 3612 635 3677 universas
657 3613 798 3686 tenetur),
818 3624 849 3670 ut
869 3611 905 3670 ad
929 3612 1148 3677 ordinationes
1169 3624 1215 3675 rite

80 3686 310 3763 „celebrandas,
335 3687 371 3745 ad
398 3707 461 3747 caru
487 3687 602 3767 plebem
629 3690 674 3746 cui
701 3689 867 3768 propositus
891 3688 1074 3767 ordinatur,
1099 3686 1215 3773 episco'

79 3763 231 3842 „eiusdem
252 3764 422 3843 provinciae
442 3765 564 3842 proximi
585 3764 692 3844 quique
714 3767 902 3839 conveniant,
922 3775 953 3823 et
974 3765 1186 3849 episeopusde

81 3840 298 3995 tiemo
315 3846 532 3977 reici-i
549 3841 852 3978 intimis
867 3840 1214 3997 tirinensis

84 3993 286 4063 occasionem,
308 3994 375 4053 satis
396 3960 461 4052 lore
481 3996 571 4053 risum
592 4006 636 4054 est
654 3995 678 4054 si
698 3994 900 4075 designatione
921 3995 1001 4054 iacta
1022 3995 1087 4077 ipsi
1106 3994 1214 4059 accede·

82 4080 151 4129 rent
169 4090 203 4129 ac
223 4068 352 4206 legitima
372 4069 561 4149 inquisitione
581 4070 738 4161 probatum
760 4082 977 4130 consecrarent.

104 4220 113 4236 ,
157 4151 205 4211 15.
237 4223 246 4238 ·
276 4166 312 4207 oe
330 4167 420 4239 quum
450 4146 559 4226 ubique
589 4167 652 4239 sine
677 4147 849 4226 exceptione
873 4146 971 4238 lieret,
995 4148 1212 4235 paulatimm,

81 4218 211 4283 diversus
236 4222 373 4297 inolevit,
397 4234 432 4284 ut
455 4223 644 4316 metropolim
663 4223 701 4283 ad
714 4223 875 4315 petendam
893 4223 1121 4289 ordinationem
1139 4222 1213 4291 eled!

28 4298 291 4432 hhconcederent.
336 4300 429 4380 Quod
455 4301 617 4363 ambitione
646 4320 737 4401 magis
757 4311 787 4362 et
806 4299 911 4361 veteris
929 4300 1068 4364 instituti
1087 4302 1212 4385 depran-
