2700 4732
507 226 584 287 HR.
602 224 655 286 w.
696 224 785 288 BAP.
803 226 829 286 1.
1174 232 1231 297 161

105 371 184 435 liaris
204 369 331 432 docendi
350 368 443 462 ratio²
467 370 599 430 renuunt
622 389 725 433 omnes
772 371 791 432 ιί
811 389 846 431 es
863 368 1029 446 lomrldiue,
1048 372 1104 451 q'ua
1123 374 1232 435 merito

105 451 176 512 ill'o'a
195 460 365 509 consternat
384 446 441 505 Der
460 449 600 507 maiestas.
618 480 657 493 -
695 392 812 523 Quibus
836 457 932 507 autem
950 446 1065 507 videtur
1084 466 1117 508 er
1136 448 1233 509 laomi-
1260 462 1263 467 '

107 548 190 599 num,
209 525 259 603 qui
279 526 313 583 ad
334 523 497 582 docendum
517 524 612 583 vocati
631 536 710 597 suut,
729 534 900 603 contemptu
920 524 1059 583 exinaniri
1079 526 1232 586 doetrinae

105 602 273 674 auctoritas,
295 601 321 658 bi
342 599 577 679 iugratitudinem
596 620 676 660 suam
696 600 840 679 produnt:
860 600 926 680 quia
944 600 1022 659 inter
1040 612 1087 660 tot
1105 603 1231 682 praecla-

107 700 156 740 ras
176 679 269 750 dotes,
289 676 393 755 quibus
414 675 616 736 ornavitDeus
637 676 792 736 humanum
811 696 920 759 genus,
941 677 1009 737 haec
1028 679 1232 761 praerogativa

109 753 263 836 singularis
283 765 341 824 est,
374 751 453 830 quod
476 751 611 832 dignatur
630 772 682 811 ora
702 764 732 811 et
751 752 864 834 linguas
883 750 1032 811 ltnminum
1052 753 1108 813 sibi
1129 773 1232 815 conse·

109 850 204 903 crare,
222 841 255 888 ut
275 829 304 888 in
324 828 380 887 illis
400 848 451 886 sua
470 846 523 885 vox
565 839 691 887 ersonet.
730 828 832 901 Quare
850 830 1021 889 uesicissim
1041 842 1072 888 et
1091 851 1145 890 nos
1159 829 1232 891 obe-

109 907 228 965 dienter
245 903 378 983 amplecti
398 904 495 984 pigeat
512 848 609 963 salutis
621 905 793 979 doctrinam,
813 904 875 965 eius
893 906 1029 965 mandato
1049 915 1080 964 et
1091 926 1144 967 ore
1164 927 1233 987 pro·

107 984 251 1063 positam:
278 982 341 1072 quia
363 982 414 1039 etsi
435 982 557 1041 externis
577 980 677 1040 mediis
697 980 811 1061 alligata
831 1001 891 1040 non
911 994 955 1041 est
973 982 1031 1042 Dei
1051 983 1154 1057 uirtus,
1178 1002 1233 1045 nos

107 1074 209 1120 tamen
230 1056 378 1117 ordinario
399 1056 523 1116 docendi
547 1056 636 1116 modo
656 1057 797 1147 alligavit:
823 1077 909 1135 quem
934 1057 1002 1117 dum
1028 1056 1163 1118 reeusarit
1187 1071 1234 1120 ιε-

109 1154 185 1195 nere
204 1133 321 1193 fanatici
341 1132 484 1202 homines,
504 1132 600 1191 multis
613 1152 643 1192 se
656 1132 818 1193 exitialibus
838 1133 947 1212 laqueis
966 1134 1129 1195 invntmnr.
1155 1134 1233 1195 Mul·

108 1222 159 1270 tos
179 1209 303 1290 impellit
321 1208 366 1268 vel
386 1207 530 1287 superbia,
549 1208 595 1268 rel
615 1208 772 1283 fastidium,
790 1209 835 1268 vel
855 1209 1019 1284 aemulatio,
1040 1223 1071 1270 ut
1089 1210 1146 1270 sibi
1166 1231 1234 1292 per-

109 1286 252 1347 suadeant
271 1285 403 1365 privatim
430 1284 554 1365 legendo
579 1295 609 1343 et
633 1285 799 1344 meditando
823 1305 855 1344 se
879 1306 965 1365 posse
988 1287 1055 1347 satis
1079 1287 1234 1366 prolicere,

109 1374 201 1442 atque
219 1362 260 1422 ita
280 1373 470 1422 contemnant
489 1360 622 1439 publicos
643 1373 760 1432 coetus,
780 1372 810 1420 et
828 1362 1072 1454 praedicationem
1091 1383 1234 1443 superra-

110 1459 198 1499 cuam
218 1439 331 1497 dueant.
372 1437 520 1511 Quoniam
546 1449 642 1496 autem
661 1457 772 1496 sacrorn
793 1436 909 1497 unitatis
928 1438 1073 1499 vinculum
1095 1452 1233 1518 quantum

109 1515 144 1575 iu
165 1533 196 1575 se
215 1525 258 1574 est
276 1513 393 1573 solumi
409 1511 453 1572 vel
472 1513 664 1592 abrumpunt,
684 1533 770 1571 nemo
789 1514 892 1573 iustam
912 1515 992 1595 impii
1014 1515 1096 1575 huius
1115 1516 1234 1576 divortii

135 1610 239 1651 oeuam
266 1590 384 1669 cllugit,
405 1590 473 1667 quin
494 1608 525 1648 se
554 1589 697 1668 pestiferis
723 1590 870 1650 erroribus
895 1610 928 1649 ac
952 1593 1107 1651 teterrimis
1127 1591 1235 1652 deliriis

109 1611 243 1728 fascinet.
288 1665 388 1739 Quare
408 1676 441 1724 ut
460 1663 553 1744 vigeat
572 1665 648 1743 apud
669 1685 721 1725 nos
763 1686 812 1724 ura
832 1666 899 1726 fidei
919 1667 1103 1746 simplicitas,
1135 1668 1235 1727 neoti

110 1763 266 1827 gravemur
286 1742 341 1801 hoc
361 1742 475 1820 pietatis
496 1742 649 1816 exercitio,
677 1688 760 1820 quod
775 1742 855 1803 Deus
875 1742 961 1803 nobis
981 1764 1030 1803 sua
1050 1743 1235 1802 institutione

110 1821 287 1881 monstrarit
307 1836 367 1877 esse
387 1817 595 1891 necessarium,
627 1829 655 1876 et
675 1828 828 1895 tantopere
853 1820 1044 1879 commendat.
1092 1820 1159 1878 Deo
1183 1820 1234 1899 qui

110 1914 199 1958 aures
218 1895 328 1956 diceret
347 1892 519 1953 claudendas
540 1912 611 1967 esse,
631 1913 718 1953 nemo
739 1914 865 1973 unquam
884 1895 931 1954 vel
951 1915 984 1953 ex
1003 1894 1235 1974 petulantissimis

111 1972 235 2032 canibus
254 1972 387 2030 inuentus
407 1981 463 2028 est:
487 1970 537 2031 sed
565 1968 700 2030 omnihus
725 1970 844 2031 saeculis
865 1970 982 2031 difficile
1008 1973 1065 2031 luit
1088 1983 1235 2032 certamen

110 2047 270 2126 Prophetis
290 2058 319 2105 et
338 2046 392 2124 piis
405 2045 574 2105 doctoribus
588 2058 689 2106 contra
708 2046 821 2125 impios,
841 2068 964 2128 quorum
984 2048 1144 2128 pervicacia
1159 2069 1236 2107 nuu-

111 2143 201 2205 quam
222 2125 318 2206 iugum
340 2125 396 2181 hoe
415 2121 513 2181 sultire
533 2134 640 2201 potest,
660 2134 691 2180 ut
712 2143 763 2181 nre
784 2133 814 2181 et
831 2124 991 2183 ministerio
1012 2124 1160 2185 hominum
1181 2124 1237 2184 do-

111 2212 246 2262 ceantur.
286 2198 376 2273 Quod
397 2198 518 2278 perinde
540 2210 635 2259 estas
655 2199 710 2258 Dei
731 2199 842 2274 laciem,
863 2220 935 2280 quae
954 2200 1039 2263 nobis
1059 2202 1089 2260 in
1102 2200 1235 2261 doctrina

110 2275 250 2359 allulget,
269 2276 375 2334 delere.
414 2277 516 2352 Neque
536 2278 613 2332 enim
633 2274 731 2334 fideles
743 2276 811 2335 olim
830 2276 884 2336 alia
905 2277 941 2335 de
961 2298 1044 2337 eausa
1063 2277 1166 2337 laciem
1178 2277 1237 2337 Dei

111 2354 147 2412 in
166 2353 329 2413 sanctuario
349 2370 490 2431 quaerere
509 2350 577 2408 iussi
597 2362 664 2410 sunt
683 2350 745 2428 (Ps.
764 2358 831 2426 106,
850 2354 908 2430 4.),
934 2353 1023 2444 idque
1042 2354 1130 2414 toties
1149 2372 1237 2446 repe-

108 2428 187 2489 titur
205 2429 234 2487 in
253 2428 295 2487 Le
317 2449 348 2502 e,
373 2427 426 2486 nisi
448 2425 513 2505 quia
533 2427 618 2509 Legis
638 2428 771 2488 doctrina
792 2441 821 2487 et
845 2428 1032 2508 propheticae
1058 2430 1236 2492 exhortatio·

112 2524 168 2565 nes
189 2518 270 2565 erant
289 2448 343 2564 iltis
363 2505 423 2562 viva
445 2505 501 2563 Dei
522 2504 632 2585 imago:
658 2504 741 2564 sicuti
760 2504 865 2565 Paulus
891 2507 919 2564 iu
946 2527 995 2565 sua
1019 2506 1237 2585 praedicatione

111 2580 215 2641 lucere
232 2581 333 2641 asserit
351 2580 472 2672 gloriam
494 2580 549 2637 Dei
569 2583 598 2639 iu
621 2581 693 2640 lacie
714 2580 821 2640 (Jtnistt
841 2581 896 2658 (ll.
917 2581 989 2641 Cor.
1009 2591 1043 2656 4,
1062 2582 1118 2660 6.).
1165 2582 1236 2655 Quo

111 2657 207 2748 magis
226 2657 407 2718 detestabiles
427 2669 494 2715 strut
519 2668 682 2735 apostatae,
709 2658 757 2735 qui
782 2658 947 2717 scindendis
967 2659 1093 2718 ecclesiis
1113 2658 1236 2732 inhiant,

112 2733 239 2813 perinde
263 2735 319 2794 acsi
340 2754 408 2792 oves
433 2732 585 2812 abigerent
609 2753 624 2791 a
645 2733 747 2804 caulis,
771 2755 804 2791 ac
830 2735 1007 2811 proiicerent
1027 2736 1056 2791 in
1079 2735 1172 2792 lauces
1192 2733 1237 2792 lu·

112 2830 232 2890 porum.
269 2810 442 2870 Nobisrero
485 2808 542 2866 uod
563 2829 595 2867 ex
616 2808 706 2868 l’aulo
728 2809 876 2868 citavimus
895 2810 1053 2867 tenendum
1069 2821 1122 2882 est,
1142 2807 1237 2868 eccle·

112 2887 187 2947 siarn
207 2906 267 2946 nou
291 2886 375 2946 aliter
399 2829 542 2943 acdidcari
574 2906 658 2963 ᾳιιιιιι
692 2897 806 2944 externa
839 2886 1071 2963 praedicatione,
1100 2904 1156 2944 nec
1179 2884 1237 2945 alio

111 2961 233 3024 vinculo
253 2962 328 3021 inter
347 2981 377 3021 se
398 2962 516 3018 retineri
535 2973 667 3034 sanctos,
693 2962 746 3020 nisi
767 2961 833 3019 dum
854 2981 914 3019 uuo
934 2980 1077 3021 consensu
1098 2959 1237 3022 discendo

110 3051 145 3101 et
165 3038 345 3119 proficiendo
365 3037 497 3096 ordinem
517 3037 654 3098 ecclesiae
674 3057 689 3096 a
708 3038 775 3097 Deo
795 3035 1003 3118 praescriptum
1024 3037 1182 3098 colunt—
1201 3038 1237 3096 lu

111 3116 194 3176 hunc
220 3117 313 3195 praeci
337 3135 371 3173 ue
396 3115 498 3185 finem,
530 3126 561 3172 ut
582 3113 653 3187 dixi,
683 3114 749 3173 iussi
773 3126 841 3172 sunt
865 3113 935 3174 olim
961 3113 1059 3173 fideles
1084 3114 1137 3173 sub
1156 3114 1239 3195 Lege

112 3190 267 3252 cuulluere
287 3213 301 3250 a
341 3190 546 3250 sanctuarium:
580 3192 645 3269 quia
666 3190 733 3249 dunt
754 3192 851 3250 Moses
871 3190 907 3248 de
932 3189 1095 3249 habitaculo
1114 3190 1171 3249 Dei
1192 3190 1236 3249 lo·

113 3268 225 3346 quitur,
243 3267 326 3327 simul
348 3268 442 3326 locum
465 3266 656 3324 nominisllei
677 3266 812 3347 appellat,
833 3266 881 3327 ubi
893 3266 972 3326 Deus
992 3268 1160 3326 memoriam
1180 3286 1237 3326 no·

113 3344 203 3403 minis
219 3344 264 3403 sui
284 3347 379 3424 posuit
400 3343 506 3422 (Exnd.
526 3348 578 3416 ⁶20,
597 3344 670 3419 ⁶dcl).
720 3342 790 3417 Quo
816 3354 915 3421 aperte
935 3343 1022 3404 docet
1043 3342 1153 3402 nullum
1173 3342 1236 3402 sine

111 3418 232 3500 pietatis
254 3420 386 3479 doctrina
420 3440 481 3478 esse
511 3419 586 3478 illius
616 3440 707 3477 usum.
757 3421 818 3477 Nec
844 3418 962 3477 dubium
983 3430 1025 3477 est
1044 3420 1114 3498 quin
1134 3419 1235 3479 eadem

113 3497 204 3554 etiam
224 3496 437 3556 rationeDavid
459 3496 569 3577 ingenti
588 3518 600 3553 s
624 3496 703 3553 iritus
722 3495 909 3553 antaritudine
920 3508 1068 3573 queratur,
1087 3515 1118 3554 se
1137 3506 1237 3576 tyran·

111 3572 182 3631 mica
212 3571 336 3632 hostium
368 3572 482 3630 saevitia
515 3516 663 3650 prohileri
694 3571 873 3629 tabernaculi
906 3571 1035 3652 ingressu
1054 3570 1145 3647 (Psal.
1165 3570 1237 3645 84).

112 3647 216 3707 Multis
242 3648 303 3707 lere
324 3649 438 3706 videtur
464 3647 579 3726 puerilis
605 3647 787 3720 lamentatio,
819 3646 897 3738 quod
929 3647 1079 3705 minimum
1110 3647 1237 3706 iacturae

112 3723 216 3797 fieret,
246 3745 307 3785 non
340 3722 460 3782 multum
487 3725 572 3782 etiam
593 3722 750 3802 voluptatis
774 3734 885 3801 periret
904 3744 1002 3782 carere
1027 3721 1127 3801 templi
1151 3722 1238 3797 atrio,

112 3799 206 3859 modo
227 3812 417 3880 suppeterent
436 3799 507 3859 aliae
529 3800 657 3859 deliciae.
697 3800 758 3858 Hae
778 3813 875 3858 tamen
897 3821 951 3858 uua
972 3796 1119 3872 molestia,
1140 3798 1237 3856 anxie-

111 3887 176 3936 tate
202 3888 232 3934 et
256 3877 400 3936 moestitia
431 3896 462 3937 se
492 3875 535 3933 uri
563 3887 592 3933 ct
620 3875 742 3935 cruciari
770 3887 799 3933 et
828 3896 881 3955 pro
905 3894 921 3933 e
952 3875 1062 3934 absumi
1087 3874 1237 3954 deplorat:

111 3972 223 4031 nempe
243 3954 322 4031 quod
351 3946 483 4011 lideliltus
508 3952 578 4010 nilril
606 3952 694 4031 pluris
716 3964 758 4012 est
784 3952 839 4010 hoc
859 3897 1048 4021 adminiculo,
1077 3971 1136 4029 quo
1156 3950 1237 4009 Deus

111 4048 185 4090 suos
203 4031 345 4109 gradatim
373 4030 399 4086 in
425 4029 547 4088 sublime
576 4028 693 4087 attollit.
744 4031 815 4086 Nam
851 4040 880 4088 et
913 4030 969 4086 hoc
998 4026 1157 4085 notandum
1185 4037 1239 4099 est,

110 4104 214 4163 Deum
246 4106 274 4162 in
301 4106 420 4184 speculo
444 4126 512 4164 suae
533 4105 682 4162 doctrinae
707 4104 745 4162 ita
770 4125 884 4183 semper
903 4123 934 4163 se
953 4103 1113 4163 ostendisse
1132 4102 1239 4161 sanctis

109 4180 261 4253 Patribus,
282 4194 314 4239 ut
324 4181 478 4260 spiritualis
492 4193 567 4240 essct
580 4181 719 4259 cognitio.
760 4181 846 4238 Unde
860 4192 891 4239 et
907 4179 1047 4259 templum
1066 4198 1128 4237 nou
1148 4178 1239 4238 modo

108 4256 203 4317 facies
228 4260 305 4332 eius,
335 4259 385 4317 sed
417 4259 525 4335 (omnis
550 4258 762 4336 superstitionis
786 4255 934 4317 tollendae
953 4259 1050 4333 causa)
1081 4254 1240 4316 scabellum

109 4330 224 4413 pedum
243 4345 364 4396 vocatur
383 4334 446 4412 (Ps.
468 4339 540 4409 132,
558 4340 585 4398 7.
606 4332 676 4392 ibid.
695 4338 749 4410 99,
762 4333 821 4412 6.)
858 4332 957 4413 Atque
977 4333 1025 4392 tric
1041 4342 1086 4392 est
1106 4330 1173 4391 tetix
1192 4329 1241 4390 ille
