2700 4732
103 188 163 255 218
252 134 258 147 ·
507 184 584 246 Llll.
603 184 645 245 ll.
684 183 773 249 che.
792 184 830 243 V.

106 330 259 407 hendisse,
289 331 369 411 quod
394 350 452 393 una
471 352 537 391 curn
559 330 645 411 Legis
664 330 815 391 exactione
836 326 1079 410 promulgaverat.
1115 322 1194 387 Nam
1212 336 1242 385 et

105 410 205 488 paucis
224 419 293 473 ante
312 408 442 468 versibus
463 408 605 467 docuerat
624 406 729 485 (Dent.
743 413 793 480 30,
812 408 867 485 8.),
888 404 1056 466 circumcidi
1075 421 1166 462 mann
1185 400 1242 463 Dei

105 498 249 565 oportere
269 485 358 545 eorda
379 497 494 558 nostra,
519 496 552 543 ut
572 484 664 562 ipsum
686 483 849 563 diligamus.
901 483 981 562 Ergo
1007 481 1098 553 hanc,
1126 477 1166 539 de
1185 498 1242 561 qut

105 584 173 621 aaut
193 561 341 641 loquitur,
373 562 540 620 facilitatem
568 582 630 619 non
651 560 680 618 in
703 560 829 621 hominis
848 559 977 630 virtute,
1007 557 1109 616 sedin
1130 574 1190 635 ope
1209 574 1242 617 at

105 637 251 730 praesidio
272 638 398 718 Spiritus
417 638 509 697 sancti
532 638 643 717 postrit,
664 637 714 715 qui
735 658 809 716 opus
828 657 911 697 suum
931 646 1072 714 potenter
1091 633 1122 695 iu
1143 642 1242 693 nostra

105 714 274 775 infirmitate
293 715 414 794 peragit.
455 714 630 791 Quanquam
651 734 706 772 nec
727 714 763 771 de
785 713 948 793 praeceptis
967 710 1139 790 simpliciter
1157 706 1242 769 intel·

75 788 80 805 '
106 792 241 871 ligandus
261 803 306 851 est
325 791 423 861 locus,
447 791 497 848 sed
518 791 608 869 magis
627 791 663 848 de
685 790 925 869 promissionibus
947 786 1145 867 Evangelicia,
1169 802 1242 865 quat

105 872 181 929 adeo
203 866 416 947 comparandae
437 866 565 925 iustitiae
586 866 752 925 facultatem
773 870 803 924 in
823 866 909 927 nobis
929 885 990 923 non
1017 862 1188 935 stabiliunt,
1211 872 1242 931 nt

106 966 171 1005 eam
191 964 309 1023 prorsus
331 955 472 1001 evertant.
511 942 545 1001 ld
560 956 696 1023 reputans
708 943 825 1017 Paulus,
845 964 905 1001 non
925 941 979 1002 sub
993 940 1065 999 dura
1076 938 1136 1011 illa,
1154 937 1242 999 ardu

107 1034 139 1081 et
157 1018 330 1099 impossibili
355 1020 526 1079 conditione
545 1020 669 1079 salutern
695 1021 724 1079 in
746 1018 906 1100 Evangelio
933 1016 1079 1098 proponi,
1102 1035 1161 1095 qua
1186 1032 1242 1075 no·

105 1098 218 1157 hiscum
237 1096 298 1154 Lex
316 1096 377 1177 agit
396 1098 478 1173 (nem
501 1117 518 1154 e
539 1109 571 1156 ut
591 1098 679 1175 ipsam
700 1098 720 1156 ii
738 1097 854 1155 demum
875 1106 1076 1173 assequantur,
1091 1092 1143 1171 qui
1159 1110 1242 1151 man-

107 1174 173 1233 data
188 1117 499 1252 omniaimpleverintl
514 1174 566 1233 scd
587 1173 675 1249 facili,
694 1173 838 1253 expedita,
858 1184 888 1231 et
898 1170 1020 1252 expositi
1034 1180 1167 1229 accessus
1187 1168 1242 1227 hoe

105 1249 276 1311 testimonio
296 1250 457 1309 coufirmat.
496 1248 575 1309 Nihil
596 1270 667 1333 ergo
688 1250 746 1311 hoc
764 1250 965 1313 testimonium
985 1246 1021 1307 ad
1041 1244 1242 1307 vindicandam

105 1326 234 1387 hunuano
255 1324 377 1386 arbitrio
399 1325 573 1387 libertatem.

181 1406 230 1467 13.
260 1400 424 1461 -Obiectari
451 1402 550 1465 solent
579 1414 610 1462 et
634 1404 683 1463 alii
709 1403 828 1482 quidam
858 1400 932 1476 loci,
953 1400 1059 1480 quibus
1079 1396 1242 1459 ostenditur

104 1478 204 1537 Deum
224 1476 387 1553 interdum,
405 1480 529 1541 reducto
550 1481 659 1560 gratiae
678 1502 748 1541 suae
766 1480 908 1553 subsidio,
927 1479 1079 1557 explorare
1099 1473 1242 1551 homines,

107 1568 138 1617 et
148 1568 316 1634 exspectare
328 1576 468 1634 quorsum
488 1570 663 1618 convertant
681 1579 733 1618 sua
753 1556 859 1617 studia:
880 1556 1005 1635 qualiter
1025 1566 1069 1615 est
1088 1552 1167 1643 apud
1180 1552 1242 1613 llo·

106 1652 185 1695 seam
204 1636 249 1709 (5,
268 1633 345 1706 11.);
375 1634 507 1706 „Vadam
528 1634 563 1693 ad
589 1634 686 1695 locum
707 1654 821 1709 meum,
851 1634 947 1692 donec
968 1642 1082 1712 ponant
1101 1650 1134 1689 ιιι
1154 1626 1242 1709 corde

107 1730 173 1779 suo,
194 1719 224 1767 et
234 1721 378 1787 quaerant
396 1710 498 1771 faciem
519 1716 642 1771 meam.“
661 1710 826 1771 Ridiculum
846 1709 958 1799 (aiunt)
979 1720 1051 1784 erat,
1068 1708 1093 1769 si
1106 1704 1242 1767 conside·

107 1785 353 1859 raretllominus,
372 1807 409 1845 an
430 1787 520 1847 lsrael
541 1788 647 1849 faciem
663 1809 743 1848 suam
764 1799 946 1867 quaesrturus
967 1797 1059 1860 esset,
1085 1783 1141 1843 uisi
1161 1780 1242 1843 flexi·

107 1862 182 1922 hiles
202 1861 325 1922 fuissent
343 1864 448 1940 animi,
480 1865 530 1943 qui
551 1867 661 1927 utrovis
685 1876 791 1956 suopte
811 1863 931 1945 ingenio
952 1863 1092 1923 inclinare
1113 1870 1242 1941 possent.

109 1938 202 2013 Quasi
222 1959 293 1999 vero
313 1940 390 1999 istud
411 1962 473 2001 raon
492 1942 531 2002 sit
549 1943 579 2002 in
599 1942 758 2021 Prophetis
778 1940 995 2001 usitatissimum
1018 1940 1096 2011 Deo,
1115 1935 1242 2017 speeiem

107 2016 288 2095 aspernantis
306 2037 339 2076 ac
359 2018 540 2097 proiicientis
559 2019 700 2099 populum
726 2038 795 2098 prae
820 2038 851 2078 se
871 2020 964 2092 ferre,
990 2016 1087 2075 donec
1104 2015 1196 2075 uitam
1214 2012 1242 2079 ir

108 2092 212 2153 melius
237 2094 410 2152 emendarit
461 2095 522 2153 Sed
548 2098 618 2175 quid
643 2096 762 2155 tarrdcm
789 2115 822 2153 ex
846 2094 953 2153 tatlbus
977 2094 1062 2153 urinis
1087 2088 1242 2151 adversarii

108 2168 246 2228 elicient?
297 2170 331 2227 Si
354 2171 460 2231 volunt
483 2172 626 2251 populum
653 2194 669 2231 a
692 2173 760 2232 Deo
786 2170 959 2230 derelictum
985 2170 1242 2229 conversionem

107 2266 139 2306 se
160 2246 224 2324 ipso
246 2266 331 2324 posse
349 2248 492 2321 meditari,
511 2261 574 2310 uta
588 2249 738 2328 Scriptura
759 2248 936 2308 reclamante
956 2247 985 2306 id
1005 2247 1128 2306 facient:
1147 2246 1242 2307 aine·

108 2322 260 2383 cessariam
280 2322 338 2382 Dei
362 2325 483 2404 gratiam
508 2324 542 2385 ad
570 2327 794 2386 conversionem
818 2327 963 2397 latentur,
994 2323 1065 2403 quid
1088 2321 1242 2383 nubimus

108 2398 249 2479 litigant?-
266 2398 307 2458 ht
327 2402 517 2462 necessariam
538 2403 578 2462 ita
590 2403 773 2475 concedunt,
797 2413 830 2461 ut
848 2423 929 2462 suam
950 2400 1062 2461 homiui
1073 2398 1169 2459 uelint
1186 2416 1242 2459 aer«

109 2487 204 2534 vatam
230 2474 407 2536 facultatem.
448 2478 535 2538 Unde
553 2480 584 2540 id
605 2480 750 2559 probant?
776 2492 856 2539 ccrte
880 2501 941 2539 non
963 2499 998 2537 cx
1017 2477 1086 2537 loco
1107 2476 1177 2545 illo,
1196 2494 1242 2539 tta

109 2572 167 2631 qne
185 2551 341 2612 similibus:
374 2553 452 2613 aliud
479 2569 523 2616 est
547 2557 625 2619 eninr
650 2557 789 2617 secedere
814 2555 850 2615 ab
872 2555 1009 2627 bomine,
1039 2566 1071 2613 et
1097 2552 1242 2631 respicert

110 2628 180 2706 quid
205 2628 260 2687 sibi
286 2630 440 2708 permissus
461 2634 637 2712 relictusque
656 2646 737 2717 agat:
762 2633 857 2706 aliud,
876 2634 951 2692 vires
971 2633 1032 2691 eius
1051 2630 1242 2708 aliquantulas

109 2724 166 2784 pro
185 2705 275 2765 modo
295 2706 502 2769 imbecillitatis
521 2711 666 2771 adiuvare.
711 2710 793 2783 Quid
814 2730 846 2769 cr
867 2729 902 2783 o,
922 2710 1002 2768 <licet
1022 2706 1184 2786 quispiam,
1203 2706 1242 2767 in·

108 2784 226 2842 sinuant
246 2782 319 2843 istae
340 2783 502 2847 formulae?
541 2787 732 2867 Respondeo,
751 2729 875 2867 perinde
887 2786 983 2845 valere
1003 2784 1060 2843 acsi
1081 2784 1122 2843 ita
1143 2780 1242 2863 loque·

109 2870 192 2917 retur
210 2858 309 2933 Deus,
330 2859 579 2941 Quandoquidem
600 2866 768 2935 monendo,
789 2863 953 2937 hortando,
972 2858 1154 2939 increpando
1175 2858 1242 2923 nihl

109 2934 187 3015 apud
207 2946 409 2997 contumacem
433 2939 512 2999 hunc
538 2941 678 3021 populum
700 2940 867 3020 proficitur,
893 2939 1051 2999 subducam
1071 2957 1120 2997 me
1140 2936 1242 3015 pauli*

110 3032 178 3091 per,
211 3023 242 3071 et
271 3035 336 3077 eum
361 3014 497 3076 afflictari
520 3019 626 3080 tacitus
649 3018 750 3077 sinam.
802 3017 919 3076 Videbo
944 3036 981 3075 an
1000 3012 1159 3092 aliquando
1180 3033 1242 3075 eura

110 3100 178 3168 post
197 3088 301 3169 longas
325 3091 500 3156 calamitates
526 3095 621 3173 capiat
646 3096 702 3153 mei
727 3093 913 3166 recordatio,
939 3104 973 3151 ut
992 3101 1115 3171 quaerat
1142 3087 1242 3153 facien

109 3187 215 3225 meam.
239 3168 410 3228 Abscederc
430 3182 528 3229 autem
538 3172 698 3229 Dominum
720 3172 834 3245 procul,
854 3171 951 3251 signat
970 3167 1156 3258 prophetiam
1176 3164 1242 3233 aab·

109 3263 240 3301 movere.
281 3244 434 3324 Speculari
454 3246 559 3325 ecquid
580 3248 684 3307 facturi
704 3249 762 3306 sint
782 3248 929 3321 homines,
957 3245 1102 3326 significat
1126 3244 1242 3305 tacitura

111 3332 140 3377 ct
160 3321 240 3397 quasi
259 3330 297 3380 se·
312 3321 540 3385 dissimulantem
559 3323 770 3385 afflictionibus
791 3325 875 3383 variis
901 3344 952 3383 cos
973 3323 1007 3381 ad
1028 3334 1144 3400 tempus
1164 3340 1242 3381 exer·

111 3415 187 3454 cere.
229 3397 393 3477 Utrumque
414 3399 484 3459 facit
503 3421 563 3478 quo
590 3421 645 3461 nos
670 3402 760 3480 magis
786 3399 933 3461 humiliet:
966 3399 1049 3459 citius
1074 3398 1154 3457 euim
1176 3416 1242 3459 conr

110 3472 304 3532 tundercmur
327 3496 424 3534 rerum
449 3476 634 3536 adversarum
661 3478 802 3557 flagellis,
826 3498 913 3556 quam
939 3477 1175 3556 corrigeremur,
1194 3472 1242 3535 nie

111 3549 215 3628 spiritu
236 3571 288 3608 suo
314 3572 370 3611 uos
395 3553 429 3610 ad
451 3574 513 3613 cam
540 3553 720 3614 docilitatem
742 3565 944 3632 componeret.
994 3553 1091 3611 Porro
1112 3549 1164 3610 ubi
1182 3548 1242 3613 llo·

110 3626 206 3685 suiuus
225 3627 347 3685 infracta
368 3642 467 3689 nostra
488 3630 651 3709 pervicacia
668 3630 798 3690 offensus
820 3642 849 3689 ct
868 3642 1006 3707 tanquam
1027 3628 1177 3709 fatigatus,
1195 3644 1242 3689 not

112 3702 259 3783 paulisper
285 3705 395 3764 omittit
415 3706 569 3782 (submoto
589 3708 700 3767 scilicet
719 3707 809 3766 verbo
830 3720 901 3781 suo,
920 3708 949 3766 in
971 3727 1031 3784 spuo
1051 3706 1242 3781 praesentia!

112 3783 256 3856 quandam
281 3780 326 3839 sui
351 3782 489 3843 exhibere
513 3783 606 3859 solet)
633 3797 663 3843 et
687 3785 915 3875 experimentum
942 3785 1020 3861 capit
1044 3781 1114 3859 quid
1140 3800 1174 3841 se
1196 3778 1242 3841 ab.

112 3869 197 3915 sente
217 3856 322 3915 facturi
341 3860 446 3917 sinaris:
472 3860 541 3917 iude
566 3860 638 3917 falso
659 3861 827 3940 colligitur,
851 3860 961 3939 aliquas
982 3877 1043 3919 esse
1064 3857 1152 3916 liberi
1171 3854 1242 3917 arbi·

114 3932 163 3991 trii
181 3933 272 4006 vires,
303 3953 373 4024 quas
404 3936 624 4014 contempletur
653 3948 684 3995 et
708 3937 855 4015 exploret:
886 3937 1005 4014 quando
1026 3955 1088 3992 non
1109 3934 1141 3993 iu
1160 3934 1242 4005 aliq!

113 4009 251 4143 iqlslinem
272 4010 351 4083 facit,
372 4032 458 4089 quam
479 4024 511 4071 ut
531 4013 567 4070 ad
589 4014 860 4094 recognoscendarn
879 4026 1009 4073 nostram
1030 4010 1178 4067 οὐδένειαν
1195 4024 1242 4071 att

113 4108 160 4145 att
182 4098 220 4145 al.
360 4104 364 4109 '

161 4107 237 4227 811.
276 4165 415 4246 Pugnant
433 4165 519 4223 etiam
541 4186 574 4223 cs
597 4178 735 4245 perpetua
748 4164 888 4244 loquendi
902 4167 1028 4237 ratione,
1039 4186 1117 4244 quac
1131 4178 1193 4225 tum
1214 4162 1239 4223 it

115 4239 285 4318 scripturis,
304 4252 364 4299 tum
387 4241 416 4299 in
437 4240 588 4302 hominum
601 4243 785 4315 sermonibus
801 4242 986 4301 observatur:
1007 4243 1151 4321 siquidem
1173 4242 1240 4301 bont

113 4335 206 4395 opera
225 4330 432 4397 nuncupantur
452 4330 567 4390 nostra,
593 4332 623 4378 ct
643 4319 722 4398 quod
748 4332 878 4379 sanctum
900 4320 1097 4398 placitumque
1117 4318 1240 4379 flumina
