2700 4732
499 146 517 177 1

501 224 582 305 utel
601 243 626 306 1.
665 244 754 309 cae.
774 243 866 349 vrrs¹
1209 250 1250 312 sa
1300 264 1303 269 ·

106 391 216 472 scripta
235 410 302 451 nnn
326 388 412 452 aliter
436 389 604 471 pervenisse
627 388 665 449 ad
689 398 826 469 posteros
851 409 936 470 quam
961 388 998 449 de
1023 408 1110 450 mauu
1130 388 1162 449 iu
1182 408 1245 449 ma·

107 490 188 543 unm,
209 479 245 527 ut
263 467 307 533 ita
326 468 443 547 loquar,
482 478 602 547 erpetua
617 486 760 526 annorum
779 466 855 526 serie
874 486 890 525 a
911 464 1041 545 patribus
1056 465 1174 539 tradita,
1194 466 1244 546 qni

107 546 213 682 pfflp
227 544 394 681 &queit-⁰⁸
412 488 596 681 wiliielmi
612 541 718 623 partim
742 543 855 604 recenti
874 543 1016 603 memoria
1035 542 1188 604 discebant
1205 542 1243 605 ab

108 642 123 682 a
211 642 236 681 n
337 640 442 681 unser
503 638 641 681 ouuos.

181 701 232 761 te.
260 642 338 756 ultin)
377 695 437 756 uod
456 642 742 756 nsdccabaeorum
762 695 885 757 historia
897 694 1044 757 obiiciunt
1062 694 1101 772 (l.
1115 695 1244 756 hlaccab.

109 778 256 849 idi-bh
291 773 329 834 ad
349 718 519 834 elevandam
532 772 702 851 Scripturae
720 773 820 846 fidem,
837 772 896 832 tale
917 784 959 833 cst
978 784 1011 832 ut
1030 771 1103 831 nihil
1123 772 1158 832 ad
1179 792 1244 834 carn

111 849 248 911 nabilien
334 850 494 931 excogitari
515 849 606 930 possit
625 849 727 928 aptius.
766 850 897 909 Primum
917 861 1014 909 tamen
1027 869 1115 928 quem
1135 848 1246 909 obten-

112 926 186 985 dunt
205 924 337 987 colorem
358 926 515 986 diluamus:
536 925 643 984 deinde
663 925 694 984 in
716 947 766 988 eos
785 926 1020 1005 retorquebimus
1032 945 1118 1004 quam
1137 926 1169 984 iu
1189 947 1244 989 not

112 1002 275 1063 machinatu
294 1002 422 1085 erigunt.
461 1002 562 1077 Quum
581 1000 762 1079 Antiochus,
782 1001 931 1081 inquiunt,
950 1001 1042 1063 libros
1062 1014 1165 1063 omnes
1184 1002 1245 1063 iur-

111 1081 180 1138 scrit
199 1078 402 1152 concremari,
414 1078 492 1138 unde
512 1077 687 1157 prodierunt
704 1100 779 1159 quae
799 1099 878 1138 nnnc
895 1078 1035 1139 hahemus
1054 1098 1135 1137 esem
1158 1078 1247 1141 lariti

109 1154 174 1238 Ego
199 1166 302 1215 autem
320 1155 444 1216 vicissim
464 1155 634 1235 interrogo,
658 1156 689 1215 in
710 1176 766 1235 qna
792 1155 911 1215 ollicina
937 1167 997 1214 tarn
1024 1154 1084 1215 cito
1109 1100 1245 1217 fabricari

111 1230 283 1313 potuerint?
321 1231 449 1293 Constat
467 1230 546 1290 enim
568 1243 635 1311 post
653 1232 780 1292 sedatam
800 1232 946 1292 saevitiam
966 1252 1032 1289 mox
1043 1230 1193 1306 exstitisse,
1213 1244 1245 1294 et

110 1307 1244 1463 tiit⁰ttlt'snlttt{33:205‘32'33:“halttltltfm‘ttlt

103 1462 201 1542 ¹inpii,
216 1427 306 1540 ’quan
325 1461 400 1521 lacta
420 1460 637 1533 coniuratione,
657 1406 773 1521 hidaeis
791 1473 850 1521 tam
870 1471 1009 1540 proterve
1029 1461 1244 1537 insultaverint,

111 1558 199 1599 nemo
221 1558 350 1616 unquam
377 1536 433 1599 iliis
460 1536 591 1597 obiicere
611 1558 694 1598 ausus
715 1550 759 1597 est
778 1538 876 1598 salsam
901 1537 1045 1596 librorum
1065 1539 1244 1629 suppositio·

111 1634 187 1674 nem.
229 1615 306 1674 Nam
326 1614 544 1693 qualiscunque,
563 1633 665 1672 eorum
676 1615 831 1695 opinione,
850 1614 888 1674 sit
908 1613 1011 1695 religio
1027 1615 1155 1690 Iudaica,
1174 1617 1244 1677 hlo-

111 1711 160 1752 sen
180 1702 284 1750 tamen
309 1689 398 1770 ipsius
423 1708 486 1750 esse
506 1703 655 1750 auctorem
677 1691 812 1751 latentur.
859 1689 939 1763 Quid
966 1710 1037 1771 ergo
1057 1690 1137 1750 aliud
1157 1704 1244 1772 qna'rn

110 1766 293 1849 proterviam
310 1786 392 1827 suana
412 1765 476 1847 plus
497 1788 581 1846 quarn
602 1769 732 1828 caninam
753 1766 882 1847 produnt
901 1767 949 1825 isti
969 1766 1150 1842 blaterones,
1175 1769 1244 1829 dum

111 1841 1243 1999 limittit„tetigistintititttssttthtttllt·

92 1994 179 2058 ¹tidia
198 1994 350 2057 calumniis
371 1995 476 2055 lrus'tra
496 1996 560 2076 plus
580 2017 689 2075 operae
710 1996 893 2075 impendam,
917 1995 1015 2073 potins
1035 1995 1105 2056 hinc
1126 1944 1246 2078 reptile·

113 2095 196 2146 mus,
225 2084 363 2153 quantam
383 2072 528 2132 Dominus
559 2073 753 2133 conservandi
784 2072 866 2132 verbi
897 2072 940 2130 sui
971 2094 1070 2132 curam
1101 2073 1245 2150 habuerit,

112 2148 237 2228 quando
255 2149 347 2229 ipsum
369 2168 402 2208 ex
420 2150 594 2210 truculentia
614 2150 769 2210 saevissimi
790 2148 919 2226 tyranni,
942 2150 1021 2228 quasi
1043 2169 1075 2208 cx
1095 2155 1244 2231 praesenti

112 2225 255 2287 inccndio
287 2238 403 2305 praeter
431 2246 511 2305 spem
543 2229 673 2285 omnium
704 2226 825 2306 eripuit:
882 2226 940 2283 nod
972 2226 1035 2306 pios
1067 2226 1245 2292 Sacerdotes

112 2303 247 2381 aliosque
266 2314 346 2361 tanta
365 2303 526 2361 constantia
547 2302 692 2378 instruxit,
722 2316 754 2361 nt
775 2324 835 2361 non
860 2246 1059 2362 dubitaverint
1078 2304 1243 2367 thesaurum

112 2379 193 2440 hunc
212 2380 289 2438 ritae
306 2398 376 2439 suae
395 2379 563 2459 dispendio,
583 2379 607 2439 si
627 2401 700 2459 opus
720 2379 815 2451 iuret,
835 2378 1034 2459 redemptum,
1054 2381 1088 2440 ad
1108 2393 1244 2462 posteros

110 2455 329 2516 transmittere:
354 2456 433 2536 quod
453 2456 622 2515 acerrimam
643 2468 689 2515 tot
707 2456 871 2536 praesidum
892 2475 925 2514 ac
943 2456 1100 2516 satellitum
1120 2460 1245 2539 conqui-

110 2536 252 2594 sitionem
273 2530 425 2591 frustratus
446 2545 497 2592 est.
542 2532 616 2605 Quis
645 2533 759 2614 insigne
783 2554 816 2591 ac
836 2533 989 2591 mirificum
1009 2534 1067 2592 Dei
1087 2556 1161 2626 opus
1181 2556 1244 2595 nnn

109 2617 269 2693 agnoscat,
289 2609 368 2687 quod
387 2630 467 2669 sacra
487 2607 535 2668 illa
560 2622 764 2681 monumenta,
785 2630 859 2698 quae
885 2629 1002 2687 prorsus
1023 2610 1167 2670 interiisse
1187 2613 1244 2673 sibi

111 2686 193 2767 impii
228 2698 445 2765 persuaserant,
477 2706 542 2745 mox
563 2687 641 2764 qnasi
672 2685 852 2764 postliminio
873 2686 1040 2757 redierunt,
1075 2689 1244 2768 etquidem

111 2765 226 2823 maiore
256 2784 323 2821 cum
348 2762 538 2842 dignatione?
577 2765 708 2840 sequuta
737 2775 780 2821 est
807 2762 885 2819 enirn
905 2781 1009 2841 graeca
1029 2766 1245 2845 interpretatio,

112 2859 190 2920 quae
212 2857 268 2917 per
287 2849 380 2897 totum
401 2839 503 2898 orbern
521 2859 553 2898 ea
566 2839 708 2920 vulgaret.
747 2841 851 2916 Neque
871 2839 900 2895 in
923 2858 958 2896 eo
979 2850 1090 2897 tantum
1110 2844 1246 2921 apparuit

110 2913 300 2988 miraculum,
320 2916 398 2993 quod
420 2915 545 2974 foederis
565 2915 608 2975 sui
629 2914 737 2973 tabulas
757 2915 838 2974 Deus
858 2935 874 2973 a
894 2916 1085 2994 sanguinariis
1104 2919 1247 2979 Antiochi

113 2994 218 3051 edictis
237 2990 409 3061 vindicavit,
435 2992 485 3050 sed
507 2993 584 3069 quod
610 2993 687 3050 inter
712 3004 769 3050 tam
794 2991 968 3069 multiplices
994 2992 1090 3073 gentis
1111 2994 1248 3055 iudaicae

114 3069 222 3140 clades,
239 3067 348 3202 quihus
367 3069 491 3127 subinde
511 3069 608 3128 attrita
628 3081 658 3127 ct
671 3081 790 3135 vastata,
810 3089 876 3126 nrox
897 3087 990 3146 prope
1010 3070 1046 3128 ad
1066 3070 1249 3130 internecio·

115 3166 181 3205 nem
204 3165 236 3203 re
260 3155 324 3202 acta
344 3144 414 3216 luit,
438 3143 531 3203 salvae
552 3158 647 3203 tamen
669 3145 898 3224 superstitesquc
920 3157 1096 3203 manserunt.
1134 3148 1248 3227 Lingua

115 3220 241 3281 hebraea
257 3241 319 3279 nou
340 3220 478 3302 ignobilis
494 3222 593 3293 modo,
614 3221 663 3280 sed
705 3240 778 3300 rope
800 3222 950 3301 incognita
971 3222 1096 3280 iacebat:
1116 3234 1249 3299 etcertc,

118 3298 171 3356 nisi
192 3297 333 3378 religioni
352 3298 517 3357 consultum
533 3244 771 3367 voluissetlieus,
793 3297 820 3354 in
843 3309 937 3355 toturn
959 3299 1101 3376 periisset.
1143 3298 1248 3372 Quan-

118 3384 182 3432 tum
202 3374 290 3446 enim,
311 3394 344 3433 er
364 3395 423 3451 quo
445 3376 555 3434 reversi
573 3387 641 3434 sunt
661 3375 696 3432 ab
719 3374 818 3432 exsilio
835 3373 948 3446 ludaei,
966 3397 982 3433 a
1002 3372 1119 3454 linguae
1139 3377 1249 3456 patriae

118 3449 250 3543 genuino
270 3472 324 3509 usu
345 3450 535 3524 desciverint,
565 3470 598 3509 ex
619 3451 679 3509 eius
699 3452 805 3509 sacculi
827 3449 1016 3528 Prophetisa
1042 3463 1138 3531 paret:
1169 3453 1248 3532 qnod

117 3528 190 3585 iden
215 3537 315 3585 notatu
340 3525 413 3585 utile
441 3539 500 3602 cst,
530 3527 598 3607 quia
625 3547 659 3585 ex
690 3526 742 3585 hnc
768 3527 990 3604 comparatione
1009 3472 1113 3588 clarius
1135 3527 1250 3586 elicitur

117 3604 163 3660 Le
186 3602 209 3661 is
229 3601 491 3682 etPrnphetarum
516 3604 680 3682 antiquitas.
724 3604 764 3661 E:
789 3623 842 3680 per
883 3622 936 3662 uos
961 3603 1060 3663 salutis
1085 3605 1250 3664 doctrinam

119 3679 150 3739 in
215 3699 253 3760 ge
272 3691 301 3738 ct
320 3678 477 3758 Prophetis
497 3679 736 3759 comprehensam
757 3679 843 3737 nobis
893 3698 942 3738 eus
961 3680 1095 3752 servavit,
1114 3692 1148 3738 ut
1163 3680 1252 3739 Chri·

118 3768 180 3816 stus
199 3777 251 3817 suo
269 3767 404 3836 tempore
426 3756 598 3836 patefieret?
628 3757 687 3814 Per
706 3754 906 3813 infestissimos
918 3755 1028 3814 Christi
1047 3757 1136 3836 ipsius
1152 3755 1251 3813 hostes

115 3831 261 3907 ludaeos,
312 3853 368 3892 uos
395 3835 501 3892 merito
526 3832 674 3892 Ecclesiae
699 3831 883 3892 Christianae
907 3831 1042 3890 librarios
1070 3832 1252 3911 Augustinus

115 3910 187 3970 ideo
198 3854 347 4046 §ppellah
366 3909 434 3989 qnia
453 3909 811 3970 unbissnbministrarunt
830 3906 988 3966 lectionem
1001 3909 1081 3967 cuius
1102 3907 1155 3986 ipsi
1169 3928 1251 3965 usum

115 4007 178 4047 non
220 3997 323 4045 aeut.

193 4072 243 4127 11.
283 4063 383 4122 Porro
402 4061 426 4122 si
451 4060 486 4121 ad
505 4061 623 4121 Novum
643 4061 865 4120 Testamentum
885 4061 1015 4131 venitur,
1045 4079 1129 4137 qnam
1154 4055 1254 4115 solidis

117 4138 234 4199 fulturis
254 4140 361 4213 nititur
380 4139 444 4198 eius
463 4139 586 4198 veritas?
624 4138 784 4197 Historiam
805 4136 905 4195 humili
925 4137 1101 4212 abiectoque
1119 4152 1256 4191 sermone

117 4226 176 4275 tres
188 4215 397 4297 Erangelistae
417 4215 552 4275 recitant.
579 4215 710 4274 Fastidio
733 4226 777 4274 est
801 4213 898 4272 multis
918 4211 1052 4291 superbis
1072 4210 1125 4267 ista
1145 4207 1256 4287 simpli-

121 4292 205 4351 citas:
235 4310 344 4372 nempe
364 4292 506 4370 qnoniam
532 4291 568 4351 ad
614 4291 751 4369 raecipna
778 4289 928 4348 doetrinae
956 4287 1049 4365 capita
1074 4306 1135 4343 non
1160 4298 1258 4344 atten-

122 4368 211 4442 dunt,
236 4368 399 4447 exquibus
420 4367 562 4449 colligere
589 4313 674 4429 heile
695 4377 770 4428 esset
790 4386 841 4426 eos
861 4386 946 4445 snpra
969 4364 1123 4423 hunmnunt
1145 4374 1260 4439 captmn

905 4442 956 4505 5ss
