2700 4732
72 208 132 273 484
464 191 541 257 Llll.
560 192 615 253 w.
654 192 745 256 ChP.
764 191 829 253 XX.

76 347 134 410 bae
152 342 267 406 ratione
285 339 371 402 simul
389 337 541 399 aestimare
560 336 640 414 licet,
659 336 789 420 legitima
799 353 877 411 esse,
901 353 989 427 quse
1011 332 1063 425 sip
1083 327 1232 420 suscipies·

80 436 131 485 tur
149 420 236 482 hella.
274 419 350 481 Nam
369 416 394 477 si
412 415 519 475 tradita
538 414 594 475 illis
615 426 659 477 est
677 425 818 496 potestas,
837 430 901 504 qua
924 411 1052 471 dstsons
1072 424 1232 496 suaesqutto·

81 511 143 562 teu
161 507 309 568 tueantur,
329 513 385 573 qua
404 492 605 584 inquietorum
624 491 775 551 hominum
794 489 962 549 seditiosos
985 497 1098 547 motus
1118 504 1230 562 compre

83 563 177 649 thaat,
195 592 254 652 qua
271 571 300 630 vi
320 589 466 649 oppressus
478 566 672 648 opitulentur,
691 587 748 647 qua
767 565 798 625 in
818 565 971 625 maleficia
986 561 1230 624 animadvertant:

84 672 122 714 an
142 649 255 741 maiore
266 645 490 726 opportunitate
508 643 645 734 prolerre
662 665 725 735 eam
742 643 867 777 ppssiult,
887 661 985 720 quam
996 639 1040 776 pd
1052 655 1230 774 competet:-

85 722 1229 876 ittu‘ttlttttstutttsstetttttttffltttotietatem.

86 902 104 942 a
123 897 183 960 quo
201 872 564 954 violentaeoppressiones
584 884 615 932 et
633 873 755 956 indigua
774 869 917 930 maleficia
938 865 1183 950 perpetrantur?
1204 863 1230 923 Si

88 956 188 1037 legum
207 950 342 1013 custodes
360 969 423 1011 esse
447 949 526 1028 ipsos
545 960 576 1008 et
594 960 754 1009 assertores
774 947 931 1020 convenit,
952 945 1106 1006 omnium
1125 951 1230 1029 coum

89 1033 200 1114 pariter
219 1038 352 1089 evertant
370 1036 491 1104 oportet
526 1046 651 1103 quorum
671 1024 782 1086 scelere
801 1022 910 1104 legum'
923 1020 1094 1116 disciplina
1106 1037 1231 1080 =corran-

496 1065 630 1162 latrones
651 1100 793 1181 plectunt,
811 1119 939 1235 poorum
962 1098 1106 1159 iniuriae
1124 1096 1158 1157 in
1175 1114 1230 1176 pst-

90 1109 181 1191 pitur.
218 1106 283 1165 Imo
302 1105 326 1164 si
345 1103 409 1161 iure
429 1120 480 1161 eos
554 1176 561 1191 Ι
912 1175 919 1190 .
945 1174 967 1190 ..
1070 1174 1080 1189 .
1190 1172 1199 1187 ι

92 1193 275 1246 eos'tantum
296 1197 467 1268 progressae
486 1175 610 1236 fuerint:
635 1197 674 1236 an
697 1189 790 1238 totam
826 1187 984 1235 atrocsuus
1007 1192 1174 1258 regionem
1189 1192 1232 1231 ι·

91 1277 172 1343 pune
190 1255 284 1339 affligi
302 1266 465 1332 vastamque
483 1253 599 1314 sinent?
637 1253 789 1334 Siquidem
815 1251 897 1315 nihil.
909 1251 1067 1327 interest,
1092 1268 1183 1311 resne
1196 1247 1232 1319 sl,

91 1356 130 1398 au
150 1334 247 1394 infima
267 1331 305 1391 de
323 1329 427 1410 plebe,
447 1329 498 1409 qui
520 1328 554 1389 in
573 1329 696 1390 alienam
716 1331 884 1412 regionem,
904 1327 937 1387 in
959 1350 1062 1408 quam
1083 1329 1159 1388 iuris
1175 1322 1233 1386 nili

91 1410 199 1485 habet,
219 1409 306 1469 irruit
322 1426 445 1486 eamque
465 1406 610 1467 hostiliter
627 1418 728 1468 vexate
756 1425 856 1468 omues
874 1424 974 1484 aeque
997 1427 1062 1486 pro
1084 1404 1234 1493 latronibsg

93 1487 222 1550 habendi
240 1497 309 1547 suut
328 1496 358 1546 et
376 1483 527 1565 puniendi.
565 1484 631 1545 Hoc
643 1504 716 1567 ergo
735 1495 766 1544 et
784 1481 923 1543 naturalis
943 1483 1098 1562 aequitas
1118 1493 1152 1542 et
1161 1480 1235 1542 otto

93 1566 170 1628 ratio
191 1564 296 1638 dictat,
319 1573 446 1623 armatos
471 1581 533 1622 esse
557 1561 706 1641 principes
731 1581 793 1621 uon
812 1570 927 1619 tantum
952 1559 995 1620 ad
1020 1561 1145 1641 privata
1161 1556 1236 1618 nale·

95 1643 162 1704 licia
181 1640 339 1702 iudiciariis
355 1639 459 1719 poenis
473 1638 650 1713 coercenda,
669 1637 721 1699 sed
741 1637 776 1698 ad
794 1636 921 1696 ditiones
934 1656 1073 1717 quoqne
1092 1636 1167 1696 fidei
1181 1650 1238 1705 sust

95 1720 262 1783 commissas
288 1712 369 1776 bello
395 1714 610 1789 defendendas,
632 1715 775 1794 siquando
795 1711 944 1773 hostiliter
962 1716 1175 1794 impetantur.
1208 1709 1238 1769 lt

96 1795 240 1857 eiusmodi
265 1793 342 1853 balla
363 1788 491 1872 Spiritus
516 1791 752 1854 sanctu's·1uhltis
775 1789 939 1869 scripturae
963 1792 1165 1852 testimoniis
1179 1787 1238 1871 legi·

96 1874 168 1934 tima
186 1862 250 1949 essb
270 1869 406 1930 declarat.

154 1953 222 2014 ‘'12.
261 1946 379 2021 Quodsi
397 1944 468 2005 mihi
480 1942 629 2019 obiicitur,
648 1943 678 2005 in
699 1963 777 2006 novo
790 1942 991 2004 Testamento
1004 1944 1133 2017 nullutn
1143 1953 1237 2021 exstet!

96 2022 146 2089 uel
162 2023 362 2091 testimonium
382 2021 428 2082 vel
448 2021 621 2101 exemplum,
661 2021 720 2082 uod
740 2021 855 2095 doceat,
874 2018 993 2080 bellum
1010 2040 1083 2082 rem
1104 2012 1236 2082 ens-tie

97 2115 158 2164 tam
179 2099 364 2173 Christianis,
386 2099 512 2179 primum
532 2042 716 2177 respondeo,
734 2098 877 2157 rationem
902 2097 1043 2178 gerendi
1072 2096 1159 2171 belli,
1175 2112 1233 2175 spe

98 2179 170 2241 olim
190 2176 257 2253 suit,
278 2175 366 2236 bodie
383 2193 502 2255 quoque
520 2193 693 2253 permanere
712 2193 808 2253 neque
829 2184 902 2233 esse·
910 2192 947 2232 ex
965 2173 1107 2236 adverso
1127 2191 1232 2242 eam

98 2273 175 2334 quae
192 2254 374 2335 magistratus
393 2272 409 2310 a
429 2271 549 2312 suorum
572 2249 754 2311 subditorum
779 2249 953 2309 defensioue
980 2263 1111 2311 arceatt
1137 2247 1231 2316 deiude,

98 2350 162 2391 nou
182 2348 245 2389 esse
264 2328 460 2407 quaerendam
484 2327 515 2385 iu
535 2326 713 2405 Apostolicis
738 2325 827 2385 literis
853 2344 1027 2405 expressam
1058 2328 1180 2388 isteron
1195 2341 1230 2383 rs·

98 2425 164 2467 rum
184 2404 417 2475 enarrationem,
436 2403 488 2463 uhi
508 2424 577 2463 nou
589 2403 722 2481 politiam
737 2402 875 2476 formare,
893 2401 947 2461 sed
959 2403 1131 2482 spirituale
1141 2396 1231 2463 Christi

98 2500 132 2541 re
175 2501 224 2540 um
243 2479 397 2539 instituere
420 2479 606 2558 propositum
632 2490 690 2538 est:
721 2490 888 2558 postremo,
912 2477 976 2537 illic
998 2500 1136 2561 quoque
1151 2476 1231 2539 obite

98 2557 130 2618 in
153 2557 233 2626 itari,
252 2554 401 2616 Christum
420 2575 475 2613 suo
495 2554 624 2614 adventu
643 2554 716 2614 nihil
736 2555 789 2614 bac
807 2558 839 2613 in
857 2565 942 2635 parte
960 2568 1116 2617 mutasse.
1150 2554 1227 2631 ,iifl

99 2625 1230 2787 sstltlettuttuttttttusstettautttsscttet

47 2772 51 2781 ¹
100 2732 190 2865 „litis
210 2751 378 2864 beientibus
398 2785 561 2860 diceretur,
583 2796 616 2843 ut
630 2750 713 2844 brma
732 2785 894 2843 abiicerent
917 2803 1016 2862 seque
1038 2787 1148 2846 militia
1164 2781 1231 2874 ptui-

100 2875 169 2939 „tus
187 2861 394 2923 subducerent.
432 2860 551 2921 Dictum
575 2872 620 2919 est
648 2872 744 2920 autem
770 2861 811 2921 eis
830 2860 915 2935 (huc.
936 2865 1072 2936 3,1t.)=
1100 2877 1230 2921 neminen

101 2937 342 3015 „concusseritis,
362 2937 473 2996 nemini
491 2937 624 3015 iniuriam
646 2936 788 3011 feceritis,
807 2936 933 2996 sufficiat
953 2935 1046 2997 robis
1067 2936 1231 3018 stipendiun

100 3026 259 3092 „vestrum
300 3012 417 3087 Quibus
437 3015 588 3093 proprium
607 3013 784 3092 stipendium
803 3012 936 3072 sufficere
950 3011 1073 3074 debere
1094 3010 1232 3103 praecipit,

100 3089 682 3227 sttll'tttltttttPutitii
707 3089 1083 3226 l‘tttutttttttt
1101 3106 1232 3227 :tuit

101 3241 312 3321 obsequantur.
328 3188 420 3315 pQuin
442 3243 542 3322 magis,
561 3188 814 3321 sisbexpeteiidae
833 3254 900 3302 sont
918 3261 1055 3320 poenae,
1075 3265 1142 3309 nou
1162 3259 1232 3335 prae-

101 3318 182 3399 cipiti
202 3317 350 3376 iracundia
371 3319 519 3394 ferantur,
546 3338 607 3377 non
628 3319 778 3409 rapiantur
796 3320 881 3391 odio,
901 3339 963 3378 uon
985 3318 1175 3398 implacabili
1191 3338 1232 3377 ss·

100 3394 232 3456 steritate
250 3393 388 3471 ardeant,
418 3394 616 3469 „miserentur
635 3408 723 3455 ettam
749 3415 933 3455 communem
954 3394 985 3452 in
1005 3414 1049 3456 eo
1073 3393 1232 3468 naturam,“

100 3474 136 3529 ut
153 3469 332 3551 Augustinus
358 3470 499 3550 loquitur,
517 3471 570 3548 (de
590 3472 670 3531 civit.
678 3471 735 3530 Dei
755 3470 805 3530 lib.
817 3479 845 3536 h.
865 3472 1002 3551 taphi.)
1025 3474 1084 3544 „in
1106 3490 1168 3552 quo
1187 3491 1231 3551 pu-

99 3547 548 3684 tttttt⁰ttttlffttt²“
559 3549 627 3683 tl:
641 3548 776 3683 timuit
792 3546 1232 3703 istaccrescere
1267 3584 1271 3613 ³

99 3719 156 3759 nec
168 3698 294 3759 oblatam
306 3699 461 3778 accipiant,
481 3667 537 3761 aiii
547 3720 657 3761 summa
676 3699 847 3760 necessitate
856 3699 960 3760 adacti.
999 3699 1082 3760 Nam
1103 3701 1130 3761 si
1141 3668 1232 3760 ’uto

97 3774 164 3854 plus
175 3773 261 3835 nobis
280 3776 485 3869 praestandum
505 3789 559 3851 est,
578 3798 664 3857 quam
676 3776 804 3871 exegerit
815 3776 956 3837 Etbnicus
975 3775 1040 3850 ille,
1061 3778 1115 3857 qui
1130 3776 1232 3838 bellun
1269 3796 1277 3839 t

97 3850 193 3911 videri
211 3849 305 3942 voluit
314 3873 427 3987 pacem
454 3853 626 3931 quaesitam:
656 3874 755 3915 omma
783 3853 862 3988 prius
891 3863 973 3912 certe
991 3854 1144 3914 tentanda
1162 3862 1233 3942 suut,

95 3946 303 4093 ttatttt
315 3929 1044 4086 ,itrttttltultptf‘ttt‘attttrtttitt
1067 3929 1160 4066 :tlt
1178 3950 1232 4095 l}

96 4090 211 4140 cantur.
256 4078 378 4162 Alioqui
424 4093 547 4141 otestate
572 4102 624 4142 sua
648 4082 772 4161 pessime
800 4081 977 4142 abutuntur:
1006 4102 1088 4172 quae
1112 4102 1176 4143 uon
1204 4099 1231 4138 ss
1275 4146 1277 4157 Ι

94 4175 178 4214 suum
198 4152 254 4215 illis
274 4102 472 4230 commodbm,
491 4158 542 4217 sed
559 4157 681 4219 aliorum
702 4158 814 4219 bouum
833 4179 866 4219 ac
885 4158 1085 4219 ministerium
1098 4158 1165 4219 data
1183 4166 1231 4216 ert.

91 4229 137 4288 Ex
156 4231 262 4292 eodem
281 4245 432 4312 praetcrea
452 4233 645 4315 belligerandi
670 4235 735 4299 iure
759 4236 870 4315 pendet
900 4248 932 4296 et
979 4235 1179 4297 raesidiorum
1203 4242 1230 4292 et

32 4301 244 4424 *foederum
269 4320 299 4369 et
318 4309 444 4374 civilium
462 4309 583 4374 aliarum
607 4311 804 4374 munitionum
828 4310 915 4375 ratio.
986 4311 1116 4375 raesidia
1134 4323 1228 4373 auten
