2700 4732
78 162 139 228 sss
448 150 587 215 crau
625 114 816 217 carmi

81 303 131 380 sit,
151 311 183 364 et
200 298 369 364 calamitosa
389 307 469 359 extra
480 296 630 360 Christum
650 309 750 359 nonra
770 296 914 359 conditio.
953 297 1017 359 Nisi
1036 296 1115 357 enim
1135 294 1223 359 claris

82 378 183 442 uerbis
201 378 366 451 diceretur,
391 375 463 435 iram
483 395 518 435 ac
536 375 693 435 vindictam
712 375 770 442 Dei
790 386 975 455 mortemque
994 386 1141 434 aetermm
1162 394 1223 434 no-

82 455 130 517 bis
148 453 331 529 incubuisse,
350 450 446 512 minus
466 470 690 587 agnosceremus
710 473 794 531 quam
815 452 912 512 miseri
933 471 1059 512 essemus
1078 450 1142 510 sine
1161 449 1224 510 Dei

83 530 301 605 misericordia,
340 540 371 589 et
409 527 487 586 benc
509 527 585 587 cium
624 528 806 588 liberationis
836 528 958 587 minoris
994 528 1224 588 aestimaremur.

83 607 217 688 Exempli
239 606 345 688 gratia:
366 605 462 664 audiat
481 605 600 681 aliquis,
621 605 654 664 Si
673 617 714 679 te,
735 626 793 684 quo
814 615 949 684 tempore
969 604 1062 663 adhuc
1082 606 1235 682 peccator'

86 705 161 757 eras,
181 683 291 743 odisset
301 683 381 741 Deus
395 693 425 739 et
444 691 473 739 te
485 680 646 753 abiecisset,
666 693 699 739 ut
719 703 781 740 eras
795 681 925 755 meritus,
948 681 1089 741 horribile
1102 681 1223 739 exitium

85 773 117 820 te
137 760 289 820 manebat:
310 758 359 818 sed
373 757 439 836 quia
451 770 557 836 sponte
577 777 610 816 ac
623 761 808 838 gratuitasua
828 757 908 816 indul
933 758 1011 817 entia
1030 769 1061 816 tc
1079 756 1109 815 in
1129 758 1224 837 gratia

87 837 227 911 retinuit,
256 855 311 895 nec
331 832 451 893 alienari
472 855 486 891 a
508 853 539 892 se
560 855 656 912 passus
677 847 730 910 est,
752 854 787 893 eo
810 778 940 913 pericuio
961 834 1005 893 sic
1023 845 1054 892 te
1074 832 1223 892 liberavit:

1 955 3 963 ι
87 914 233 975 afficietur
272 911 367 970 uidem
390 921 421 969 et
439 909 547 969 sentiet
566 907 662 989 aliqua
683 931 717 968 ex
738 921 828 989 parte,
848 923 987 990 quantum
1009 908 1116 968 debeat
1134 909 1225 968 mise-

88 989 234 1050 ricordiae
289 988 324 1047 ei.
368 986 479 1045 Verum
505 983 604 1047 a‘udiat
631 1007 745 1046 rursum
770 987 851 1066 quod
876 986 1027 1079 Scriptura
1057 985 1160 1060 docet,
1190 1005 1225 1045 sc

46 1092 50 1097 ·
87 1065 245 1126 alienatum
266 1062 355 1122 luisse
375 1081 391 1121 a
411 1062 479 1122 Deo
499 1081 554 1142 per
572 1074 740 1141 peccatum,
771 1062 928 1122 haeredem
948 1083 1024 1137 rrae,
1050 1061 1153 1121 mortis
1173 1081 1226 1121 se·

87 1153 191 1202 ternae
210 1137 410 1200 maledictioni
423 1136 594 1211 obnoxium,
614 1138 758 1198 exclusum
772 1138 808 1199 ab
825 1141 978 1232 omninspe
997 1138 1108 1213 salutis,
1129 1151 1226 1198 extra-

88 1237 178 1278 neum
198 1214 235 1275 ab
258 1214 340 1276 omni
360 1213 567 1274 bencdictione
587 1214 656 1290 Dei,
678 1215 803 1275 Satanae
823 1236 1015 1296 mancipium,
1034 1213 1088 1274 sub
1109 1215 1226 1293 pcccati

53 1327 56 1332 ·
88 1294 162 1375 iugo
182 1291 341 1382 captivum,
361 1289 496 1350 horribili
518 1290 646 1370 denique
666 1292 753 1351 exitio
775 1292 950 1351 destinatum
971 1303 1002 1351 et
1021 1291 1078 1355 ism
1099 1290 1227 1372 implici-

87 1381 167 1432 tum:
192 1367 240 1429 bie
266 1367 417 1427 Christum
443 1367 663 1447 deprecatorem
687 1369 900 1442 intercessisse,
922 1387 1049 1447 poenam
1073 1367 1105 1425 in
1124 1386 1156 1425 se
1174 1386 1227 1425 re-

90 1445 201 1527 cepisse
220 1465 253 1505 ac
272 1442 377 1519 luisse,
400 1463 475 1522 quae
495 1463 529 1502 cr
554 1443 631 1503 iusto
651 1438 708 1504 Dei
734 1444 842 1504 iudicio
884 1443 1068 1503 ecratoribus
1086 1442 1227 1503 omnibus

89 1520 279 1584 imminebat:
306 1519 395 1594 mals,
419 1539 493 1598 quae
511 1519 580 1578 Deo
606 1540 708 1580 exosos
732 1520 798 1579 illos
824 1465 988 1580 reddebant
1006 1519 1151 1599 sanguine
1169 1539 1225 1579 suo

91 1599 236 1679 expiasse:
267 1595 324 1655 boc
349 1596 465 1676 piaculo
490 1595 665 1656 satisfactum
693 1617 726 1656 ac
747 1597 803 1655 rite
822 1596 935 1657 litatum
954 1596 1023 1654 Deo
1043 1595 1125 1654 Patri
1146 1614 1225 1659 esse:

88 1673 148 1734 boc
168 1675 361 1733 intercessore
382 1671 452 1731 iram
465 1673 526 1732 eius
547 1670 632 1733 luisse
653 1672 810 1752 placatam:
832 1673 889 1733 boc
910 1672 1102 1731 fundamento
1123 1690 1227 1751 pacem

90 1750 150 1812 Dei
175 1771 242 1809 cum
267 1748 435 1807 hominibus
466 1768 528 1808 esse
553 1749 717 1809 subnixam:
751 1749 809 1809 hoc
838 1748 955 1808 vinculo
989 1747 1228 1807 benevolentiam

89 1826 168 1888 illius
189 1845 258 1907 erga
279 1824 357 1916 ipsos
377 1823 541 1906 contineri:
562 1825 606 1884 his
626 1846 727 1885 nonne
747 1845 783 1885 eo
804 1827 893 1907 magis
914 1824 1146 1905 permovebitur,
1166 1843 1227 1902 quo

91 1903 195 1963 melius
215 1902 250 1961 ad
265 1922 361 1961 arvum
381 1913 627 1980 repraesentatur,
643 1914 754 1981 quanta
777 1922 793 1960 e
813 1902 977 1961 calamitate
988 1913 1106 1979 ereptus
1118 1899 1228 1960 luerit?

93 1980 130 2040 In
150 1998 272 2051 summa,
292 1978 431 2056 quoniam
452 1998 513 2037 non
534 1990 632 2058 potest
652 1979 764 2038 animus
785 1990 886 2038 noster
905 1978 991 2038 vitam
1012 1977 1043 2036 in
1063 1977 1121 2036 Dei
1139 1975 1229 2036 mise-

95 2054 223 2116 ricordia
242 2052 289 2114 sel
313 2054 382 2113 satis
402 2077 437 2112 cu
461 2054 508 2112 ide
532 2054 769 2134 apprehendere,
787 2054 837 2114 vel
855 2074 914 2134 qua
939 2055 1025 2113 decet
1048 2053 1230 2135 gratitudine

95 2131 246 2212 excipere,
266 2129 321 2189 nisi
342 2075 500 2190 formidine
525 2131 586 2190 irae
605 2130 663 2190 Dei
684 2143 714 2190 et
733 2144 870 2191 aeternae
888 2133 991 2190 mortis
1016 2129 1142 2190 horrore
1159 2140 1230 2188 ante

93 2207 245 2288 perculsus
266 2218 297 2265 et
314 2218 533 2267 consternatus:
565 2207 605 2267 sic
629 2207 809 2267 instituimur
832 2227 912 2267 sacra
933 2206 1083 2282 doctrina,
1113 2217 1151 2266 ut
1165 2206 1240 2285 sine,

97 2283 216 2344 Christo
235 2281 334 2340 Deum
354 2281 440 2342 nobis
460 2283 677 2362 quodammodo
696 2283 833 2343 infestum
854 2303 1016 2356 cernamus,
1036 2293 1066 2341 et
1086 2282 1146 2342 cius
1166 2303 1231 2341 ma·

95 2380 167 2418 num
186 2359 216 2418 in
238 2358 358 2418 exitium
378 2370 509 2419 nostrum
529 2371 678 2433 armatam,
697 2360 934 2420 benevolentiam
946 2363 1007 2420 eius
1018 2372 1231 2439 paternamque

97 2436 248 2496 caritatem
269 2433 385 2494 nonnisi
404 2435 434 2495 in
455 2434 575 2496 Christo
595 2437 801 2517 amplexemur.
1180 2480 1185 2488 .

174 2517 203 2576 3.
241 2511 341 2590 Atque
366 2510 422 2571 boc
454 2513 569 2572 tametsi
592 2534 648 2592 pro
673 2524 772 2593 captus
803 2513 896 2573 nostri
920 2511 1087 2572 infirmitate
1111 2509 1228 2584 dicitur,

38 2610 42 2619 ’
99 2598 280 2651 nontamen
302 2585 385 2650 lalso.
423 2587 503 2647 Deus
524 2588 611 2661 enim,
631 2589 681 2679 qui
702 2610 812 2650 summa
832 2590 939 2649 iustitia
959 2599 1012 2660 est,
1032 2586 1072 2645 ini
1094 2585 1227 2659 uitatem,

98 2685 187 2747 quam
206 2664 236 2723 in
258 2663 393 2724 omnibus
414 2664 499 2724 nohis
520 2686 590 2725 cons
613 2665 678 2740 icit,
708 2686 804 2725 amare
836 2686 897 2725 non
925 2675 1030 2744 potest.
1109 2660 1229 2721 abemus

99 2761 172 2822 ergo
193 2760 295 2800 omncs
314 2739 345 2799 in
365 2739 465 2816 nobis,
485 2742 565 2820 quod
582 2687 640 2800 det
661 2742 731 2802 odio
752 2743 873 2823 dignum
892 2742 937 2801 sit.
975 2739 1106 2799 Proinde
1124 2759 1230 2798 secun-

100 2818 168 2877 dum
189 2829 483 2897 corruptae'nostrae
504 2829 639 2895 naturae,
672 2829 701 2878 et
721 2819 827 2878 deinde
847 2818 1012 2878 accedentis
1029 2835 1136 2907 pravae
1155 2815 1232 2874 vitae

98 2904 280 2976 respectum,
311 2894 342 2952 in
374 2892 543 2954 ofsensione
563 2894 619 2955 Dei
649 2915 749 2954 revera
774 2917 872 2955 sumus
899 2915 1002 2955 omnes
1029 2915 1058 2952 rn
1079 2892 1139 2951 eius
1159 2912 1232 2951 con·

99 2981 202 3051 spectu
222 2971 276 3044 rei,
295 2981 325 3029 et
344 2970 380 3030 ad
400 2969 551 3051 gehennae
571 2971 787 3031 damnationem
809 2972 878 3029 nati.
918 2973 1028 3028 Ver'um
1045 2969 1111 3047 quia
1126 2969 1234 3028 Domi-

100 3068 155 3109 nus
176 3046 255 3126 quod
275 3068 359 3106 suum
372 3061 425 3120 cst,
446 3049 476 3105 in
496 3047 581 3108 nobis
601 3048 725 3126 perdere
745 3048 889 3120 nonvult,
908 3047 1000 3106 adhuc
1020 3044 1128 3122 aliquid
1149 3045 1233 3104 inve-

101 3123 148 3182 nit
167 3122 246 3200 quod
278 3143 333 3201 pro
359 3145 409 3183 sua
434 3122 617 3204 benignitate
641 3136 726 3183 amet
779 3125 935 3203 Utcunque
960 3122 1037 3180 enim
1062 3134 1234 3200 peccatores

100 3198 176 3259 vitio
197 3208 300 3256 nostro
320 3199 419 3271 simus,
438 3220 587 3260 manemus
606 3212 703 3260 tamen
725 3201 959 3258 eiuscreaturae:
980 3211 1133 3275 utcunque
1151 3218 1234 3255 rnor-

102 3285 163 3334 tem
184 3273 270 3332 nobis
289 3276 489 3348 asciverimus,
521 3276 583 3366 ipse
603 3288 700 3336 tamen
725 3297 780 3336 nos
800 3275 835 3334 ad
855 3276 941 3334 vitans
962 3273 1143 3333 condiderat.
1183 3274 1234 3334 stc

100 3369 183 3409 mera
204 3361 234 3408 et
252 3352 376 3430 gratuita
402 3352 495 3411 nostri
516 3353 673 3413 dilectione
698 3354 836 3413 excitatur
860 3351 896 3410 ad
914 3371 970 3410 nos
990 3350 1019 3408 in
1040 3351 1164 3442 gratiam
1185 3370 1235 3409 re-

103 3425 264 3516 cipiendos:
303 3427 437 3505 acquiri
458 3440 629 3519 perpetuum
651 3440 685 3489 et
700 3427 944 3488 irreconciliabile
957 3427 1105 3486 dissidium
1126 3438 1169 3484 cst
1188 3427 1235 3485 in·
1273 3444 1276 3448 ·

103 3514 150 3563 ter
170 3513 306 3561 iustitiam
327 3516 358 3563 et
377 3503 575 3581 iniquitatem:
601 3506 738 3585 quamdiu
764 3517 931 3585 peccatores
950 3523 1117 3574 manemus,
1142 3504 1236 3561 susci-

102 3597 174 3657 pere
195 3597 248 3637 nos
272 3589 351 3639 totos
378 3600 439 3638 non
466 3592 571 3659 potest.
621 3583 724 3673 ltaque
755 3596 789 3641 ut
819 3580 932 3641 sublata
963 3580 1058 3638 omnis
1081 3579 1236 3638 simultatis

103 3653 240 3727 materia,
272 3676 326 3714 nos
346 3656 400 3715 sibi
448 3677 545 3717 rorsus
569 3659 757 3734 reconciliet,
790 3659 938 3737 proposita
959 3657 988 3715 in
1009 3666 1105 3714 morte
1124 3654 1237 3715 Christi

105 3731 279 3812 expiatione,
300 3677 445 3811 quicquid
458 3734 487 3792 in
508 3732 593 3793 nobis
609 3735 677 3793 mali
696 3746 740 3793 est
759 3734 870 3807 abolet,
890 3745 922 3792 ut
942 3733 1008 3792 iusti
1030 3733 1060 3791 in
1081 3733 1140 3790 cius
1161 3750 1237 3790 con·

105 3830 118 3867 s
141 3819 208 3867 ectu
229 3819 259 3865 et
277 3808 369 3868 sancti
388 3830 586 3889 appareamus,
606 3811 753 3889 quiantea
774 3811 913 3869 immundi
935 3830 1047 3867 eramus
1066 3829 1100 3866 ac
1120 3807 1237 3886 impuri.

132 3883 236 3942 roinde
255 3905 305 3943 sua
327 3884 484 3946 dilectione
505 3888 654 3963 praevenit
672 3908 704 3947 ac
724 3888 880 3946 antevertit
899 3886 979 3946 Deus
1000 3886 1087 3944 Pater
1108 3896 1238 3942 nostram

106 3960 136 4019 in
152 3959 270 4018 Christo
284 3961 563 4022 reconciliationem.
602 3964 667 4022 Inio
683 3964 751 4043 quia
771 3964 851 4040 prius
862 3963 966 4045 diligit,
986 3973 1086 4041 postea
1105 3980 1160 4019 nos
1180 3959 1238 4018 sibi

106 4034 279 4095 reconciliat
297 4037 337 4112 (L
357 4037 402 4096 lo.
421 4048 455 4112 d,
475 4042 548 4116 tu).
597 4040 656 4098 Sed
678 4043 742 4117 quia
768 4042 798 4098 in
823 4041 925 4112 nobis,
956 4039 1050 4096 donec
1070 4058 1120 4096 sua
1140 4048 1239 4094 morte

106 4111 249 4170 succurrit
270 4112 416 4187 Christus,
443 4127 541 4173 manet
560 4116 697 4195 iniquitas
718 4136 791 4194 quae
811 4116 868 4175 Dei
888 4114 1120 4197 indignationem
1141 4132 1239 4170 mere-

103 4197 169 4262 tur,
189 4199 219 4253 et
238 4199 283 4247 est
302 4209 400 4249 coram
421 4210 458 4249 eo
478 4191 630 4252 maledicta
650 4213 684 4252 ac
704 4192 851 4252 damnata:
878 4213 939 4252 non
959 4204 1028 4250 ante
1069 4189 1165 4248 lenam
1186 4188 1239 4247 ba-

101 4260 204 4325 bemus
222 4263 393 4348 firmamque
413 4288 480 4329 cum
489 4267 558 4332 Deo
578 4268 832 4348 coniunctionem,
851 4289 938 4351 quam
957 4266 1010 4329 ubi
1058 4266 1164 4353 hristus
1183 4283 1239 4329 nos
