2700 4732
379 192 762 271 uro.1.cat>.xvnc
1080 222 1138 285 aaa

89 376 101 421 ¹.
140 358 299 434 Quantum
318 354 355 416 ad
374 374 498 446 arcanos
518 366 615 446 motus
635 366 763 473 spectat,
789 357 870 436 qnod
890 358 927 419 de
947 359 1039 420 corde
1056 362 1144 443 regis,

88 437 149 497 icat
167 435 309 507 salomo,
328 433 410 493 ilectr
429 430 485 491 lanc
505 430 551 490 vel
571 432 640 491 illuc
671 438 696 507 ),
715 445 805 513 prout
825 435 892 509 Deo
909 435 1000 497 virum
1021 450 1075 513 ent,
1098 439 1137 499 ad

89 540 92 573 ι
111 524 196 573 certe
217 511 376 570 humanum
399 528 493 600 genus
517 510 699 582 extenditur,
725 510 954 591 tantundemque
980 514 1055 573 ualet
1074 514 1136 577 acsi

89 602 131 663 et,
154 586 297 678 quicquid
321 586 425 646 animus
449 585 646 663 concipimus,
671 605 775 645 arcana
795 587 853 645 Dei
878 588 1070 666 inspiratione
1096 592 1133 651 ad

101 668 191 725 finem
211 663 308 743 dirigi.
347 661 387 720 lit
398 672 478 721 certe
498 662 555 720 nisi
574 660 651 721 intus
668 675 843 741 operaretur
861 664 890 721 in
911 665 1058 725 mentilms
1079 668 1135 727 lao-

89 762 130 819 ιι,
149 762 211 799 ιιοιι
231 750 316 799 recte
334 738 445 797 dictum
466 749 558 811 essct,
578 736 695 796 aulerre
716 739 825 799 labium
844 761 860 800 a
880 742 1046 815 veracibus,
1067 755 1134 805 eta

89 840 121 879 ns
131 816 339 953 prudentiam:
369 814 485 871 aut'erre
505 834 559 872 cor
578 814 758 949 principibus
777 828 888 889 terrae,
907 828 940 875 ut
960 830 1060 877 errent
1080 839 1134 911 per
1215 812 1225 843 '⁸

159 906 227 973 tque
248 892 305 950 lauc
323 890 455 971 pertinet
471 888 552 967 quoal
571 910 659 969 saepe
690 891 796 971 egitur,
816 892 949 952 homines
970 914 1032 953 esse
1053 916 1134 974 pava-

104 981 190 1050 prout
219 968 281 1028 eius
311 977 427 1026 terrore
456 978 637 1045 occupantur
663 988 764 1027 eorum
789 970 886 1029 corda.
930 970 981 1029 Sic
999 970 1135 1031 Davide

89 1048 105 1107 ἶι
122 1045 226 1121 Saulis,
246 1044 365 1103 nemine
383 1042 494 1101 sciente
514 1062 643 1121 egressus
664 1056 719 1103 est:
741 1045 806 1121 quia
826 1065 917 1123 sopor
930 1044 989 1104 Dei
1008 1048 1135 1106 irruerat

89 1141 221 1183 women.
260 1120 321 1179 Sed
339 1117 411 1178 nilail
430 1118 536 1178 clarius
557 1131 654 1198 potest
678 1121 847 1194 desiderari,
868 1142 955 1200 quatu
976 1122 1027 1181 ulai
1046 1126 1135 1183 toties

89 1200 173 1257 antiat
192 1218 224 1256 se
243 1215 401 1255 excoecare
421 1194 572 1254 hominum
593 1208 720 1270 mentes,
744 1218 778 1256 ac
798 1198 942 1278 vertigine
967 1212 1134 1279 percutere,

89 1298 107 1335 ιι
123 1274 241 1355 soporis
259 1271 415 1346 inebriare,
433 1271 567 1331 incutere
579 1274 743 1345 amentiam,
763 1272 910 1331 obdurare
921 1275 1019 1333 corda.
1049 1276 1135 1335 llaec

89 1384 91 1409 ι
109 1352 145 1410 ad
165 1350 389 1430 permissionem
408 1347 492 1407 multi
513 1348 658 1421 reiiciunt,
679 1351 737 1409 arsi
758 1350 920 1409 deserendo
940 1351 1097 1428 reprobos,
1116 1372 1136 1411 e

89 1442 110 1486 aa
138 1425 291 1487 excoecari
317 1425 437 1484 sineret.
473 1424 534 1483 Sed
559 1447 647 1503 quum
668 1425 773 1485 diserte
793 1427 933 1505 exprimat
953 1428 974 1485 S
998 1428 1081 1487 iritus
1099 1449 1134 1501 a,

99 1502 158 1563 Dei
176 1502 287 1563 iudicio
308 1501 402 1581 inlligi
422 1500 592 1559 coecitatem
615 1512 644 1559 et
664 1502 833 1575 amentiam,
858 1504 941 1560 nimis
967 1448 1070 1563 iiivota
1090 1515 1136 1563 est

89 1579 191 1639 nlntio.
230 1576 348 1637 Dicitur
367 1577 514 1636 indurasse
536 1598 588 1635 ctor
606 1577 783 1649 Pharaonis,
809 1580 878 1637 item
898 1598 1082 1659 aggravasse,
1104 1590 1135 1638 et

89 1677 169 1715 rasse.
218 1654 350 1713 Eludunt
374 1652 482 1712 insulso
509 1652 613 1713 cavillo
633 1655 748 1733 quidam
775 1654 825 1714 has
849 1654 989 1733 loquendi
1010 1654 1133 1715 formae:

93 1734 160 1791 dum
180 1730 251 1791 alibi
271 1730 377 1790 dicitur
387 1730 502 1788 Pharao
521 1730 583 1808 ipse
602 1750 772 1811 aggravasse
787 1752 840 1791 cor
858 1752 952 1804 suum,
972 1732 1135 1790 induratio-

89 1829 158 1868 ausa
182 1808 305 1887 ponitur
328 1806 389 1866 eius
409 1804 552 1866 volontas.
602 1808 695 1881 Quasi
714 1828 784 1865 vero
810 1827 870 1865 non
893 1809 1004 1886 optime
1024 1826 1135 1866 conve-

105 1885 176 1945 trec
196 1884 257 1943 dno
277 1885 355 1942 inter
373 1902 415 1955 se,
435 1882 504 1941 licet
524 1882 646 1942 diversis'
662 1883 766 1955 modis,
786 1882 947 1955 hominem,
967 1882 1017 1941 ulai
1038 1883 1135 1965 agitur

89 1982 110 2031 a,
127 1959 214 2021 simul
233 1972 330 2019 umen
350 1977 447 2040 agere.
485 1959 510 2015 E
533 1979 551 2019 o
571 1972 680 2029 autem,
700 1960 780 2037 quod
791 1958 945 2032 obiiciunt,
965 1958 993 2018 in
1015 1979 1067 2018 eos
1087 1978 1135 2018 re-

89 2058 149 2097 sen:
175 2038 243 2117 quia
264 2040 287 2097 si
307 2037 444 2096 indurare
464 1980 569 2095 nuciam
612 2036 808 2094 ermissionem
830 2046 925 2107 sonat,
945 2037 1007 2113 ipse
1027 2047 1133 2094 contu-

89 2135 114 2173 ae
131 2126 229 2173 motus
249 2133 309 2173 non
331 2114 387 2170 erit
407 2114 525 2191 proprie
544 2058 750 2170 initiatione.
788 2112 885 2170 Porro
907 2132 991 2189 quam
1012 2110 1136 2171 dilutum

103 2212 136 2251 ac
153 2190 308 2271 insipidum
330 2188 369 2247 ita
388 2188 583 2267 interpretari,
602 2188 658 2247 acsi
679 2200 789 2248 tantum
810 2186 925 2246 Pharao
944 2210 975 2247 se
995 2188 1136 2247 obdurari

89 2288 108 2327 u
126 2280 207 2325 esset.
245 2266 331 2323 Adde
350 2264 431 2343 quod
451 2286 548 2323 ansam
569 2264 674 2324 talibus
695 2264 802 2326 cavillis
822 2265 965 2343 praecidit
984 2264 1135 2343 Scriptura

89 2342 229 2419 1431).
257 2342 418 2413 „Tenebo,
437 2340 633 2419 inquitDeus,
654 2361 705 2399 cor
725 2342 834 2399 illius.“
861 2340 909 2397 Sic
925 2352 955 2399 et
975 2340 1011 2399 de
1032 2339 1136 2401 incolis

89 2440 103 2478 e
123 2420 242 2479 lianaau
264 2418 334 2477 dicit
352 2418 466 2487 Moses,
486 2437 655 2497 progressos
675 2418 762 2476 luisse
781 2419 812 2475 in
835 2436 976 2495 purnana,
996 2417 1063 2496 quia
1082 2438 1135 2476 ro·

89 2496 239 2555 aetDeus
266 2516 368 2553 eorum
395 2495 484 2552 corda
509 2492 580 2571 (les.
601 2502 653 2567 11,
672 2496 744 2571 211).
798 2438 893 2568 Quoil
915 2496 992 2552 idem
1018 2494 1054 2552 ab
1075 2494 1135 2553 alio

89 2574 154 2631 laeta
174 2572 331 2651 repetitur:
352 2571 472 2644 „Vertit
484 2592 536 2629 cor
556 2591 667 2641 eorum,
688 2583 720 2629 ut
740 2570 809 2629 odio
832 2570 973 2628 haberent
993 2568 1136 2648 populum

89 2656 109 2685 ‘⁴
128 2648 192 2725 (Ps.
213 2656 279 2717 105,
299 2647 371 2723 25).
411 2646 553 2704 Similiter
571 2646 647 2724 apud
668 2644 787 2705 [esaiam
809 2650 920 2723 (lilii.)
942 2659 1042 2705 contra
1063 2667 1136 2724 gen-

89 2724 219 2785 lallacern
240 2728 392 2783 missurum
412 2744 443 2782 se
462 2722 595 2801 Assyrios
617 2725 802 2801 pronuntiat,
822 2744 854 2781 ac
876 2736 1030 2812 praecepta
1052 2726 1137 2781 datu-

99 2816 133 2861 ut
153 2802 289 2862 auferant
308 2800 411 2877 spolia,
431 2810 461 2856 ct
481 2799 534 2856 «liri
559 2800 618 2856 iant
639 2799 788 2877 praedam:
809 2821 869 2857 non
892 2800 956 2876 quia
981 2800 1085 2877 impius
1106 2809 1137 2861 et

89 2878 187 2937 'raetos
220 2876 352 2935 houaines
377 2877 484 2934 docere
505 2822 574 2932 velit
597 2874 632 2932 aa
657 2888 763 2952 sponte
789 2878 967 2953 parendum,
998 2875 1048 2933 sed
1068 2875 1138 2953 quia

89 2976 131 3013 rus
151 2956 188 3013 sit
207 2954 242 3012 ad
264 2952 444 3030 exsequenda
465 2972 516 3030 sua
537 2951 656 3023 iudicia,
682 2951 802 3028 perinde
822 2953 880 3009 acsi
900 2952 971 3008 iussa
993 2953 1054 3009 eius
1074 2951 1137 3008 ani-

93 3029 223 3110 nsculpta
242 3040 406 3111 gestarent:
428 3028 505 3085 tande
525 3038 646 3106 apparet
666 3040 745 3085 certa
767 3028 962 3087 destinatione
975 3027 1028 3085 llei
1051 3026 1138 3085 luisse

89 3104 155 3166 lios.
194 3106 304 3163 Fateor
325 3104 452 3182 quidem,
476 3104 646 3181 interposita
667 3104 793 3161 Satanae
819 3124 909 3183 opera
933 3123 1020 3176 saepe
1039 3102 1139 3163 Deum

89 3182 145 3241 ein
163 3181 311 3261 reprobis:
330 3181 382 3240 sed
403 3193 434 3238 ut
454 3182 514 3239 eius
535 3178 657 3257 impulsu
671 3180 759 3237 Satan
780 3181 841 3257 ipse
860 3201 924 3239 suas
944 3193 1040 3256 portes
1060 3191 1139 3259 agat,

89 3258 197 3317 uoliciat
221 3269 365 3337 quatenus
394 3257 492 3315 datum
522 3268 574 3314 est.
625 3256 750 3335 Spiritus
780 3257 871 3315 nialus
900 3257 1000 3314 turbat
1019 3257 1140 3314 Saulem

89 3332 322 3410 Sam16,dl.),
352 3332 403 3392 sed
430 3332 535 3391 dicitur
560 3352 622 3389 esse
646 3354 662 3389 a
686 3332 770 3389 lleo:
800 3343 833 3389 ut
861 3334 983 3391 sciamus
1008 3331 1139 3391 lusorem

89 3406 232 3469 lisaiusta
252 3410 312 3467 Dei
332 3409 456 3467 vindicta
477 3407 604 3487 prodire.
643 3408 762 3466 Dicitur
783 3408 868 3466 etiam
888 3408 966 3466 idem
978 3408 1069 3467 Satan
1089 3430 1139 3468 ex-

89 3503 141 3542 care
160 3486 317 3545 infidelium
344 3498 457 3543 mentes
484 3484 765 3562 (11.cor.t,a.):
798 3484 848 3541 scil
874 3484 953 3543 unde
979 3485 1052 3558 hoc,
1085 3483 1140 3544 uisi

89 3558 134 3617 da
152 3560 211 3621 Ilen
231 3564 296 3641 ipso
318 3573 414 3619 manat
433 3560 561 3619 efficacia
581 3560 699 3629 erroris,
719 3572 750 3617 ut
770 3560 927 3620 mendaciis
947 3560 1069 3620 credant
1088 3560 1139 3639 qui

89 3648 143 3695 sont
158 3660 260 3717 parere
276 3638 411 3695 veritati?
449 3636 616 3694 Secundum
637 3636 766 3714 priorem
786 3636 931 3696 rationem
946 3636 1064 3695 dicitur:
1085 3636 1140 3709 „Si

89 3710 159 3789 plaeta
177 3714 321 3795 quispiam
342 3715 479 3791 loquutus
500 3713 587 3769 fuerit
607 3711 795 3784 mendaciter,
816 3732 871 3793 ego
884 3714 966 3771 Deus
985 3711 1068 3770 illum
1088 3713 1142 3770 de-

89 3794 105 3823 “
124 3792 244 3865 (Erech.
266 3798 318 3859 ll,
336 3792 389 3864 9.).
428 3788 597 3846 Secundum
621 3787 740 3845 alteram
760 3809 830 3848 vero
856 3788 963 3847 dicitur
982 3789 1044 3866 ipse
1071 3788 1142 3847 dare

90 3864 144 3925 ines
162 3866 192 3924 in
214 3866 375 3945 reprobum
400 3884 530 3937 sensum,
556 3875 586 3921 et
608 3864 755 3955 proiicere
782 3864 811 3922 in
838 3864 938 3923 foedas
968 3864 1141 3943 cupiditates

89 3960 114 3997 n.
131 3948 163 4017 1,
186 3946 266 4019 28.):
296 3943 363 4019 quia
387 3941 476 4000 iustae
502 3960 569 3999 suae
589 3938 732 3999 vindictae
751 3942 923 4021 praecipuus
954 3951 998 3999 est
1026 3952 1141 4012 auctor,

90 4184 200 4247 ''jProe
217 4188 262 4245 21.
280 4188 304 4237 1.
338 4183 370 4234 Et
387 4184 521 4252 deinceps:
539 4183 583 4235 les.
592 4184 686 4245 29,st
721 4183 761 4235 Ps·
780 4185 837 4243 107,
853 4186 897 4236 10.
932 4182 1041 4244 lob-12,
1051 4182 1141 4236 21121.

90 4250 204 4317 luisti&
240 4253 319 4305 Les-it.
336 4252 377 4314 26,
394 4256 434 4308 36
469 4252 488 4301 l.
507 4252 576 4305 Sam.
592 4254 634 4315 ⁸26,
653 4252 693 4304 12.
724 4252 905 4313 'Rom.ts.11.
938 4248 1121 4315 Eremmo-
