2596 4726
113 178 175 253 ιιι
406 246 409 251 ,
479 170 633 241 amru.
669 172 894 241 caraune

113 314 212 387 entim
230 333 325 398 paene
342 313 447 379 orbem
465 316 653 395 obcoecarit,
669 329 705 381 ιιι
722 317 869 392 erederet,
887 317 1006 381 teiam
1022 314 1199 381 sacrifiei-
1216 326 1247 381 et

45 413 53 427 ’
116 394 301 475 nblptionem
320 413 382 455 erse
405 392 442 455 ad
467 394 679 476 impetrandam
699 407 889 477 peccatorum
908 394 1122 457 remissionem.
1160 394 1248 470 Quo-

114 470 207 535 modo
227 470 313 531 initio
332 469 441 553 dogma
459 470 536 532 istud
560 471 727 554 acceperint
745 472 876 533 saniores
885 469 1071 548 scholastici,
1090 470 1165 533 nibil
1183 490 1247 532 mn·

115 568 183 611 rora
207 547 323 609 valeant
345 548 401 628 ipsi
420 569 487 609 cum
505 549 630 628 spinosis
652 548 711 615 suit
731 548 866 630 argutiisr
897 567 972 628 qnae
990 559 1143 628 utcunque
1160 544 1248 609 caril-

114 622 336 689 landodeiendi
355 635 473 704 queant,
491 623 559 685 ideo
579 638 676 687 umen
695 624 893 706 repudiandae
910 635 980 686 runt
996 624 1084 688 bouis
1100 623 1249 699 omnibus,

115 701 197 785 quod
216 700 288 760 nihil
307 720 394 792 quam
406 698 528 762 Curuae
548 701 707 763 claritatem
726 700 824 762 multis
842 700 974 762 tenebris
993 700 1150 762 inducant.
1185 699 1247 761 lll‘u

115 798 189 861 ergo
202 776 299 838 valere
317 777 409 852 russia,
428 797 484 837 con
508 778 631 837 redime
651 777 696 839 bic
715 778 842 839 lectores
861 776 1029 860 intelligant
1046 794 1114 837 enm
1132 798 1168 840 ea
1180 776 1248 856 opi·

114 856 299 995 attam
316 796 1004 991 corniciamcarcaa:
1021 852 1248 991 “saresta

116 1008 219 1082 oilert,
238 1018 269 1066 et
287 972 346 1080 itii,
362 950 419 1084 qui
431 1005 460 1066 iu
472 1005 622 1068 oblatione
640 950 743 1087 pariici
753 952 825 1080 bit,
843 1006 940 1068 Deum
960 951 1181 1098 prbiiierentur,
1199 1003 1247 1066 rel

114 1082 304 1165 expiatorianr
324 1101 386 1143 esse
405 1081 564 1155 victimam,
584 1104 641 1164 qua
659 1082 716 1144 sibi
735 1028 831 1143 ticum
850 1081 1054 1144 reconcilient.
1091 1083 1199 1163 Neque
1217 1079 1247 1142 id

115 1157 266 1225 communi
291 1168 402 1217 tantuna
428 1158 507 1241 vulgi
533 1159 674 1239 opinione
695 1171 844 1240 receptum
871 1170 931 1233 est,
958 1158 1010 1221 sed
1040 1159 1104 1239 ipsa
1127 1174 1248 1238 quoqne

114 1238 194 1301 actio
214 1235 310 1296 sieest
329 1233 470 1311 instituta,
491 1247 523 1296 ut
535 1255 626 1317 genus
646 1234 683 1295 sit
702 1233 886 1315 placationis,
906 1255 966 1316 quo
986 1256 1040 1316 pro
1061 1235 1197 1297 virorum
1217 1242 1249 1293 et

115 1324 303 1376 mortuorum
326 1310 491 1391 expiatione
512 1311 577 1371 Deo
602 1311 733 1373 satisfiat.
782 1312 854 1373 Hoc·
874 1331 995 1391 quoque
1016 1321 1125 1372 somnt
1146 1308 1248 1383 rerba,

138 1388 223 1450 uibus
241 1396 378 1447 utuntur:
398 1408 453 1449 nec
472 1387 550 1450 aliud
570 1407 604 1447 er
615 1388 789 1468 quotidiano
805 1409 857 1448 usn
869 1387 1010 1469 colligere
1029 1386 1108 1449 licet.
1148 1386 1248 1469 (ξιιμ

113 1478 187 1529 etat
205 1463 317 1525 radicet
333 1461 427 1533 fixerit
444 1464 515 1525 baec
527 1465 625 1543 pestis,
643 1464 721 1525 scin:
742 1476 849 1544 quanta
866 1464 920 1525 sub
939 1465 1037 1544 specie
1056 1463 1130 1524 boni
1149 1461 1250 1553 lateat,

96 1554 151 1605 'ut
173 1558 282 1602 nomeu
303 1538 414 1602 Christi
437 1540 599 1619 praeierat,
629 1552 663 1600 ut
693 1562 753 1603 uno
779 1542 883 1601 Missae
910 1540 1031 1601 nomine
1057 1551 1151 1600 totam
1177 1536 1248 1598 fider

33 1656 36 1661 -
114 1638 255 1683 summam
266 1616 424 1697 complecti
442 1635 474 1677 se
492 1617 576 1677 multi
596 1617 725 1678 credaut.
763 1617 824 1678 Sed
844 1616 895 1677 ubi
913 1616 1072 1678 verboDei
1091 1614 1250 1683 clarissime

114 1692 339 1774 comprobatum
351 1690 448 1768 luerit,
461 1691 535 1755 banc
547 1694 728 1773 quantumvis
747 1693 872 1755 locatam
893 1705 923 1753 et
940 1692 1121 1772 splendidam
1139 1688 1250 1771 insigni

27 1804 31 1813 ι
116 1767 294 1837 contumelia
314 1767 464 1830 Christum
483 1770 618 1845 afficere,
641 1790 758 1832 crucem
784 1770 845 1832 eius
868 1769 993 1851 sepelire
1011 1781 1041 1831 et
1066 1768 1248 1849 opprimere,

115 1858 244 1911 nortem
263 1844 325 1906 eius
343 1846 375 1906 in
385 1845 567 1907 oblivionem
578 1847 705 1922 tradere,
724 1840 862 1920 fructuln,
876 1846 928 1928 qui
948 1866 982 1907 er
1000 1866 1035 1907 ea
1054 1846 1141 1905 nobis
1161 1860 1250 1924 prae-

67 1934 76 1951 ‘
115 1922 265 1998 veniebat,
283 1920 406 1997 tollere,
425 1922 665 2006 Sacramentum,
683 1945 743 2060 quo
763 1925 866 1985 mortis
884 1923 1025 1985 memoria
1048 1920 1153 1983 relicta
1172 1930 1248 1994 erat,

117 2020 258 2065 enervare
278 2012 308 2059 et
328 1999 393 2060 dirui
415 2020 479 2060 are:
505 2021 543 2060 an
570 2012 656 2061 erunt
675 1999 751 2063 ulae
772 2014 832 2062 tam
852 1998 1015 2081 profundae
1033 1997 1156 2072 radices,
1175 2015 1249 2078 quas

117 2099 181 2140 unu
200 2075 371 2138 validissima
416 2097 467 2136 aec
492 2077 616 2150 securis,
636 2077 756 2138 verbum
786 2081 902 2156 iuquam
923 2075 996 2149 Dei,
1025 2074 1250 2139 conscinderet
1279 2142 1284 2147 ¹

117 2153 249 2217 evertat?
287 2154 336 2211 An
366 2150 424 2212 ulla
443 2160 503 2212 tam
526 2153 657 2234 speciosa
677 2154 777 2229 iacies,
802 2153 857 2214 suh
878 2174 934 2233 qua
960 2153 1053 2213 lateus
1071 2150 1181 2212 malum
1199 2150 1249 2211 lux

117 2230 190 2292 baec
210 2249 271 2289 uon
291 2226 415 2308 prodat?

194 2311 225 2369 2.
264 2303 460 2365 Ostendemus
481 2324 566 2386 ergo,
584 2305 665 2384 quod
684 2305 779 2387 primo
800 2304 869 2368 loeo
889 2304 1071 2386 propositum
1092 2315 1148 2380 est,
1167 2303 1250 2364 into·

118 2380 268 2442 lerabilem
292 2379 352 2439 illic
379 2380 585 2460 blasphemiam
615 2403 649 2443 ac
680 2382 887 2442 coutumeliam
913 2381 1033 2444 Christo
1060 2379 1248 2463 interrogari.

46 2498 69 2520 ,ι
120 2455 266 2520 Sacerdos
291 2454 369 2513 euim
400 2467 430 2514 et
456 2455 592 2515 Pontifex
617 2479 632 2517 a
664 2458 751 2517 Patre
777 2471 963 2519 consecratus
989 2457 1092 2533 esst),
1123 2478 1184 2517 uon
1211 2456 1248 2516 ad

118 2546 248 2613 tempus:
270 2530 419 2611 quomodo
439 2532 480 2590 illi
500 2532 529 2590 in
543 2533 636 2592 veteri
655 2545 829 2593 testamento
842 2535 993 2593 constituti
1005 2534 1031 2592 le
1055 2547 1153 2607 untur,
1172 2555 1249 2614 quo·

119 2632 186 2672 rum
206 2631 293 2688 quum
319 2607 376 2667 rita
401 2607 529 2668 mortalis
555 2621 644 2681 esset,
672 2611 866 2670 sacerdotium
898 2554 1062 2671 immortaie
1092 2631 1154 2670 esse
1185 2632 1247 2671 non

120 2698 252 2770 poterat:
273 2705 363 2766 quare
383 2696 413 2743 et
432 2685 646 2746 successorihus
667 2708 739 2766 opus
760 2699 833 2760 erat,
854 2687 904 2766 qui
924 2687 1047 2748 subinde
1068 2688 1098 2746 in
1127 2688 1246 2748 demor-

117 2777 238 2826 tuorum
258 2762 354 2822 locum
374 2762 613 2855 subrogarentur.
651 2764 692 2822 At
712 2763 848 2835 Christo,
869 2765 917 2842 qui
937 2763 1107 2824 immortalis
1127 2775 1186 2836 est,
1206 2765 1248 2825 vi·

117 2841 230 2902 carium
254 2838 389 2899 substitui
415 2839 533 2899 minime
557 2859 675 2899 necesse
694 2845 753 2899 est.
802 2839 906 2931 ltaque
931 2862 946 2905 a
967 2841 1054 2900 Patre
1080 2841 1247 2921 designatus

119 2929 165 2980 est
184 2917 329 2976 Sacerdos
352 2915 384 2974 iu
416 2928 582 2988 aeternum,
613 2917 771 2976 secuudum
800 2919 933 2976 ordinem
958 2917 1189 2978 Melchisedech:
1215 2930 1249 2978 ut

118 3006 272 3055 aeternum
299 3006 489 3072 permanente
515 2993 679 3053 sacerdotio
705 2994 884 3074 iungeretur.
931 2995 998 3053 Hoc
1024 2995 1193 3075 mysterium
1218 2996 1247 3054 in

118 3069 335 3131 Melchisedech
355 3081 424 3127 ante
444 3068 536 3128 multo
555 3068 709 3159 figuratum
730 3070 834 3143 luerat,
854 3091 940 3149 quem
961 3070 1010 3128 ubi
1030 3072 1182 3149 Scriptura
1202 3092 1248 3133 se·

118 3145 179 3205 mel
198 3147 310 3204 induxit
330 3144 519 3204 Sacerdotem
540 3143 597 3203 Der
616 3147 752 3221 viventis,
776 3169 924 3225 nunquam
945 3159 1045 3227 postea
1066 3149 1126 3207 eius
1147 3149 1248 3209 memi-

120 3220 180 3295 nit,
207 3220 264 3279 acsi
285 3217 396 3277 nullum
416 3220 491 3279 vitae
512 3219 598 3278 linem
618 3220 774 3283 habuisset.
822 3224 886 3283 llae
905 3223 1092 3283 similitudine
1113 3225 1247 3286 Christus

119 3296 280 3356 seeundum
301 3295 361 3353 eius
382 3296 515 3354 ordinem
536 3296 680 3357 Sacerdos
705 3299 797 3358 dictus
821 3312 873 3359 est.
924 3300 984 3358 lam
1004 3321 1074 3359 vero
1100 3302 1150 3380 qui
1172 3323 1247 3382 quu-

119 3371 192 3432 tidie
216 3369 393 3444 sacrificant,
424 3372 622 3433 oblationibus
652 3378 815 3434 sacerdotes
846 3376 1016 3455 praeficiant
1046 3397 1165 3438 necesse
1195 3390 1249 3453 est,

120 3469 195 3529 quos
216 3448 335 3508 Christo
356 3447 435 3506 velut
452 3469 633 3509 successores
654 3463 684 3509 et
703 3451 824 3512 vicarios
843 3453 1014 3533 subrogent.
1054 3453 1122 3528 Qua
1142 3454 1249 3515 subro-

141 3525 242 3586 atioue
260 3543 323 3583 non
343 3524 432 3583 modo
452 3525 600 3585 Christum
616 3549 668 3587 suo
689 3527 803 3587 bonore
823 3529 952 3608 spoliant
972 3542 1000 3588 et
1019 3532 1130 3588 aeterni
1150 3554 1248 3591 sacer-

119 3544 195 3664 dorii
226 3599 458 3682 praerogativam
488 3602 530 3660 illi
558 3614 686 3682 rapiunt,
716 3605 765 3664 sed
794 3626 810 3663 e
839 3607 953 3665 dextera
973 3606 1066 3665 Patris
1092 3608 1249 3670 deturbare

118 3678 639 3815 ipppppmcsoqaaqteqq,osiumqp¹afflstedelqc
658 3680 829 3742 immortalis
849 3703 909 3742 non
935 3684 1138 3818 potest,ffiqpin
1165 3686 1249 3747 simul

117 3775 408 3919 briliculostssbristo
430 3831 509 3921 quasi
529 3777 705 3906 timoriihlf
726 3773 1250 3918 scriisihiiiigiie'bssuduhlaibiseiie

119 3917 233 3965 aeterni
258 3926 319 3964 erus
338 3907 504 3983 sacerdotri,
531 3911 610 3988 quod
638 3924 791 3991 propterea
810 3927 886 3972 stare
908 3933 967 3972 nou
989 3914 1104 3973 desinit.
1145 3917 1250 3979 Verbis

118 3983 198 4044 euim
216 3980 357 4064 Apostoli
377 3982 481 4044 lortius
511 3986 765 4070 coustringuntur,
790 4010 873 4067 quam
903 4001 935 4049 ut
958 3991 999 4050 sic
1021 3990 1097 4051 elabi
1122 3998 1249 4071 possint:

122 4231 315 4366 flmtppepsq
331 4236 474 4300 5,s-1o.
491 4250 517 4291 n
533 4238 558 4301 r,
574 4236 614 4290 tr.
631 4239 673 4295 ιι.
690 4260 721 4295 n
741 4254 767 4292 n
783 4241 809 4304 a,
827 4240 866 4297 ιι.
884 4255 909 4294 n
926 4243 968 4307 ao,
983 4242 1025 4297 ιι.
1068 4243 1134 4297 erat.
1151 4246 1210 4311 tto.
1226 4224 1250 4299 ι’.
