2700 4732
102 222 125 282 ‘d
553 214 789 278 PRAEFATIO
890 231 892 236 '

29 396 36 411 ⁴
104 363 269 441 ferantur.
333 359 506 464 Equidem
543 362 615 438 scio
653 392 757 466 quam
800 362 974 439 atrocibus
1012 363 1242 441 delationibus

104 510 205 558 aures
231 479 456 581 animumque
476 496 576 554 tuum
604 476 835 584 impleverint,
858 500 897 555 ut
918 510 1057 558 causam
1084 501 1241 558 nostram

41 696 45 701 Δ
103 599 167 675 tibi
191 626 296 702 quam
324 594 579 671 odiosissimam
606 596 810 673 redderent:
844 596 904 672 sed
934 596 969 672 id
1001 598 1062 674 tibi
1088 630 1155 703 pro
1182 617 1241 675 tua

105 714 286 791 clementia
312 712 605 819 perpendendum
624 733 683 806 cst,
702 715 832 792 nullam
860 745 973 817 neque
996 716 1031 789 in
1051 714 1158 802 dictis,
1181 745 1241 790 ne-

106 862 174 937 que
206 834 241 906 in
276 832 373 908 sactis
404 831 638 907 innocentiam
678 833 773 923 sore,
814 833 841 907 si
873 861 1051 907 accusasse
1084 833 1241 907 sufficiat.

105 956 197 1028 Sane
223 951 252 1043 si
276 948 354 1053 quis
376 946 557 1025 faciendae
581 947 732 1026 invidiae
760 978 881 1037 causa,
913 949 1107 1024 doctrinam
1140 950 1241 1037 banc,

105 1067 203 1144 cuius
234 1067 406 1142 rationem
444 1066 504 1141 tibi
537 1065 686 1142 reddere
719 1097 850 1159 conor,
881 1068 1040 1141 omnium
1076 1065 1240 1141 ordinum

105 1182 245 1287 calculis
277 1181 496 1272 damnatam,
536 1183 652 1259 multis
688 1182 757 1258 fori
789 1183 1007 1287 praeiudiciis
1040 1184 1241 1259 confossam

105 1297 309 1377 iamdudum
333 1299 438 1375 fuisse
452 1318 622 1391 causetur,
648 1300 732 1397 nihil
759 1299 852 1375 aliud
872 1299 1004 1392 dixerit,
1030 1330 1136 1403 quam
1160 1327 1243 1403 par·-

105 1418 168 1494 tim
187 1417 465 1503 adversariorum
493 1419 642 1495 factione
657 1435 691 1493 et
707 1418 861 1521 potentia
873 1416 1043 1495 violenter
1063 1417 1243 1505 deiectam,

106 1536 233 1639 partim
253 1522 453 1623 mendaciis,
478 1534 621 1624 technis,
647 1534 837 1625 calumniis,
863 1534 1027 1611 insidiose
1041 1534 1242 1611 fraudulen-

106 1668 228 1754 terque
252 1680 467 1755 oppressam.
526 1652 588 1725 Vis
611 1669 678 1740 est,
703 1653 799 1754 quod
821 1651 950 1728 indicta
974 1682 1077 1730 causa
1103 1650 1240 1754 sangui-

107 1770 224 1845 nariae
255 1770 444 1844 sententiae
470 1767 635 1845 adversus
666 1768 761 1845 illam
798 1772 970 1846 seruntur:
1001 1771 1111 1858 fraus,
1143 1764 1240 1870 quod

107 1885 284 1979 seditionis
308 1904 340 1961 et
367 1885 528 1961 maleficii
558 1902 695 1988 praeter
718 1889 879 1962 meritum
906 1887 1134 1964 insimulatur.
1183 1889 1241 1960 Ne
1280 1874 1288 1887 ’

107 2004 185 2107 quis
209 2004 297 2079 baec
325 2004 449 2080 iniuria
476 2028 546 2078 nos
565 2004 666 2106 queri
692 2006 874 2096 existimet,
906 2007 981 2110 ipse
1014 2005 1114 2080 uobis
1137 2002 1240 2078 tostis

107 2150 181 2197 esse
205 2138 317 2225 potes,
337 2126 415 2196 Rex
438 2118 662 2210 nobilissime,
683 2150 789 2224 quam
819 2123 1046 2199 mendacibus
1059 2121 1241 2198 calumniis

106 2238 263 2343 quotidie
288 2235 383 2341 apud
407 2255 443 2311 te
468 2236 680 2326 traducatur,
703 2239 799 2340 quod
826 2270 896 2315 nou
913 2240 1077 2317 aliorsum
1100 2255 1241 2343 spectet,

105 2357 170 2433 nisi
196 2374 234 2431 ut
260 2355 402 2456 regibus
424 2383 487 2430 sua
515 2373 648 2459 sceptra
674 2386 693 2429 e
715 2357 876 2432 manibus
889 2376 1106 2463 extorqueat:
1131 2357 1241 2431 tribu-

107 2473 199 2551 nalia
234 2471 433 2576 iudiciaque
470 2473 588 2546 omnia
626 2475 845 2578 praecipitet,
885 2477 1062 2552 subvertat
1100 2473 1243 2550 ordines

107 2620 230 2668 omnes
254 2609 286 2664 et
311 2589 464 2693 politias,
503 2618 625 2693 pacem
652 2607 687 2664 et
713 2592 863 2694 quietem
896 2592 1017 2697 populi
1051 2591 1243 2697 perturbet,

105 2708 199 2814 leges
225 2736 349 2784 omnes
376 2707 540 2811 abroget,
575 2707 730 2784 dominia
765 2727 798 2785 et
831 2711 1066 2813 possessiones
1090 2709 1243 2812 dissipet,

107 2827 224 2903 omnia
252 2824 403 2928 denique
427 2855 563 2901 sursum
590 2826 756 2902 deorsum
780 2825 906 2901 volvat.
963 2835 1008 2904 Et
1031 2846 1148 2903 tamen
1174 2828 1243 2902 mi-

105 2944 238 3021 nimam
264 2943 522 3046 portiunculam
539 2944 662 3020 audis.
719 2942 907 3041 Horrenda
943 2947 1034 3020 cnim
1068 2943 1242 3048 quaedam

105 3064 147 3138 itr-
169 3059 291 3165 uulgus
318 3074 543 3165 sptuguntur:
570 3064 710 3165 quaesi
736 3084 818 3137 vera
845 3081 975 3151 essent,
996 3063 1121 3137 merito
1145 3062 1241 3138 iilam

106 3206 187 3255 curu
215 3180 284 3254 suis
316 3179 518 3255 auctoribus
553 3179 647 3254 misse
679 3180 816 3282 ignibus
849 3208 889 3254 ac
912 3180 1073 3256 crucibus
1099 3180 1242 3283 dignam

106 3298 287 3375 universus
314 3295 468 3372 muudus
493 3295 647 3373 iudicet·
681 3299 777 3395 Quis·
796 3299 864 3373 iam
892 3299 1038 3373 miretur
1059 3296 1241 3400 pubiicum

107 3413 230 3490 odium
256 3415 291 3489 in
315 3413 412 3491 iilam
434 3434 620 3490 accensum
647 3444 733 3505 esse,
754 3416 815 3491 ubi
840 3415 1060 3518 iniquissimis
1082 3417 1153 3492 istis
1178 3419 1246 3492 cri·

106 3532 354 3610 minationibus
364 3532 457 3607 fides
472 3531 645 3608 habetur?
684 3540 739 3609 En
760 3562 825 3608 our
845 3535 1047 3608 innostram
1070 3532 1244 3638 iptomm,

108 3648 372 3753 doctrinaeque
386 3664 526 3726 nostrae
555 3648 816 3726 damnationem
846 3680 968 3726 omnes
995 3648 1136 3727 ordines
1155 3680 1246 3729 oon-

108 3767 255 3843 sentiant
279 3796 321 3845 ac
344 3761 555 3871 dobspirent.
589 3776 686 3845 ‘dioc
703 3760 835 3843 affectu
850 3768 1096 3872 correptiqui
1113 3762 1246 3847 udiu·

108 3884 297 3962 dicandum
315 3882 447 3974 sedent,
461 3880 703 3990 praeiudicia,-
715 3876 933 3990 qita'edtrmo
949 3885 1250 3991 attulerunt,·pro'

107 4004 281 4079 sententiis
303 4004 550 4106 pronuntiante
575 4021 610 4080 er
629 4004 673 4080 'se
691 4004 981 4108 rite-perfunctos
996 4004 1066 4078 sois
1083 4004 1246 4107 parribus

106 4112 240 4225 putaui,
261 4120 289 4194 si
313 4121 491 4196 neminem
511 4121 558 4198 ad
584 4116 792 4227 supplicium
810 4122 907 4196 trahi
924 4121 1089 4210 iubeanta·
1101 4122 1169 4196 nisi
1186 4126 1253 4199 aut'

108 4266 186 4315 suu¹
201 4234 421 4314 consessione
446 4231 515 4315 'but
547 4240 666 4316 solidis
695 4240 902 4315 testimoniis
934 4232 1145 4323 convictum.
1198 4243 1247 4313 At

106 4355 204 4432 cuius
229 4352 405 4432 oriminis?
446 4363 652 4436 -Damnatae
672 4357 811 4460 (oium)-
824 4348 1149 4445 istius-,doetrinae⁸
1162 4354 1247 4433 ··³=tn
