<?xml version="1.0" encoding="UTF-8"?>
<!DOCTYPE html PUBLIC "-//W3C//DTD XHTML 1.0 Transitional//EN"
    "http://www.w3.org/TR/xhtml1/DTD/xhtml1-transitional.dtd">
<html xmlns="http://www.w3.org/1999/xhtml" xml:lang="en" lang="en">
 <head>
  <title>
</title>
<meta http-equiv="Content-Type" content="text/html;charset=utf-8" />
  <meta name='ocr-system' content='tesseract 3.04.00' />
  <meta name='ocr-capabilities' content='ocr_page ocr_carea ocr_par ocr_line ocrx_word'/>
</head>
<body>
  <div class='ocr_page' id='page_1' title='image "./ioanniscalvinii02tholgoog/ioanniscalvinii02tholgoog_0619.png"; bbox 0 0 2700 4732; ppageno 0'>
   <div class='ocr_carea' id='block_1_1' title="bbox 113 184 881 251">
    <p class='ocr_par' dir='ltr' id='par_1_1' title="bbox 113 184 881 251">
     <span class='ocr_line' id='line_1_1' title="bbox 113 184 881 251; baseline -0.003 0"><span class='ocrx_word' id='word_1_1' title='bbox 113 188 172 251; x_wconf 77' lang='lat'>138</span> <span class='ocrx_word' id='word_1_2' title='bbox 479 184 556 247; x_wconf 75' lang='grc' dir='ltr'>ΗΒ.</span> <span class='ocrx_word' id='word_1_3' title='bbox 575 186 634 247; x_wconf 88' lang='lat' dir='ltr'>lll.</span> <span class='ocrx_word' id='word_1_4' title='bbox 675 189 764 251; x_wconf 73' lang='lat' dir='ltr'>cult</span> <span class='ocrx_word' id='word_1_5' title='bbox 785 188 881 251; x_wconf 76' lang='lat' dir='ltr'>xxti.</span> 
     </span>
    </p>
   </div>
   <div class='ocr_carea' id='block_1_2' title="bbox 29 325 1253 2941">
    <p class='ocr_par' dir='ltr' id='par_1_2' title="bbox 111 325 1253 2492">
     <span class='ocr_line' id='line_1_2' title="bbox 115 325 1252 418; baseline 0.007 -29"><span class='ocrx_word' id='word_1_6' title='bbox 115 328 176 399; x_wconf 69' lang='lat' dir='ltr'>siae</span> <span class='ocrx_word' id='word_1_7' title='bbox 195 327 290 418; x_wconf 84' lang='lat' dir='ltr'>capite</span> <span class='ocrx_word' id='word_1_8' title='bbox 310 325 516 391; x_wconf 88' lang='lat' dir='ltr'>lucidissimum</span> <span class='ocrx_word' id='word_1_9' title='bbox 537 350 600 392; x_wconf 85' lang='lat' dir='ltr'>esse</span> <span class='ocrx_word' id='word_1_10' title='bbox 620 333 763 412; x_wconf 71' lang='lat' dir='ltr'>gratuitae</span> <span class='ocrx_word' id='word_1_11' title='bbox 789 333 945 397; x_wconf 76' lang='lat' dir='ltr'>electionis</span> <span class='ocrx_word' id='word_1_12' title='bbox 964 332 1136 415; x_wconf 74' lang='lat' dir='ltr'>speculum,</span> <span class='ocrx_word' id='word_1_13' title='bbox 1165 354 1205 397; x_wconf 89' lang='lat' dir='ltr'>ne</span> <span class='ocrx_word' id='word_1_14' title='bbox 1221 336 1252 397; x_wconf 85' lang='lat' dir='ltr'>in</span> 
     </span>
     <span class='ocr_line' id='line_1_3' title="bbox 115 403 1253 487; baseline 0.007 -24"><span class='ocrx_word' id='word_1_15' title='bbox 115 403 255 464; x_wconf 74' lang='lat' dir='ltr'>membris</span> <span class='ocrx_word' id='word_1_16' title='bbox 276 427 329 465; x_wconf 85' lang='lat' dir='ltr'>nus</span> <span class='ocrx_word' id='word_1_17' title='bbox 349 405 519 482; x_wconf 85' lang='lat' dir='ltr'>conturbet,</span> <span class='ocrx_word' id='word_1_18' title='bbox 538 428 593 466; x_wconf 88' lang='lat' dir='ltr'>nee</span> <span class='ocrx_word' id='word_1_19' title='bbox 612 408 688 467; x_wconf 89' lang='lat' dir='ltr'>iuste</span> <span class='ocrx_word' id='word_1_20' title='bbox 708 409 833 470; x_wconf 85' lang='lat' dir='ltr'>vivendo</span> <span class='ocrx_word' id='word_1_21' title='bbox 855 410 962 471; x_wconf 90' lang='lat' dir='ltr'>lactum</span> <span class='ocrx_word' id='word_1_22' title='bbox 983 430 1048 471; x_wconf 86' lang='lat' dir='ltr'>esse</span> <span class='ocrx_word' id='word_1_23' title='bbox 1067 410 1178 473; x_wconf 81' lang='lat' dir='ltr'>Filium</span> <span class='ocrx_word' id='word_1_24' title='bbox 1188 410 1253 487; x_wconf 86' lang='lat' dir='ltr'>Dei,</span> 
     </span>
     <span class='ocr_line' id='line_1_4' title="bbox 115 480 1252 568; baseline 0.007 -26"><span class='ocrx_word' id='word_1_25' title='bbox 115 480 167 542; x_wconf 82' lang='lat' dir='ltr'>sed</span> <span class='ocrx_word' id='word_1_26' title='bbox 187 480 277 561; x_wconf 88' lang='lat' dir='ltr'>gratis</span> <span class='ocrx_word' id='word_1_27' title='bbox 296 492 379 543; x_wconf 83' lang='lat' dir='ltr'>tanto</span> <span class='ocrx_word' id='word_1_28' title='bbox 401 481 515 544; x_wconf 85' lang='lat' dir='ltr'><strong>honore</strong></span> <span class='ocrx_word' id='word_1_29' title='bbox 537 483 622 544; x_wconf 83' lang='lat' dir='ltr'>luisse</span> <span class='ocrx_word' id='word_1_30' title='bbox 634 484 786 562; x_wconf 87' lang='lat' dir='ltr'>donatum,</span> <span class='ocrx_word' id='word_1_31' title='bbox 807 498 839 545; x_wconf 93' lang='lat' dir='ltr'>ut</span> <span class='ocrx_word' id='word_1_32' title='bbox 859 486 931 548; x_wconf 86' lang='lat' dir='ltr'>alios</span> <span class='ocrx_word' id='word_1_33' title='bbox 952 499 1054 568; x_wconf 87' lang='lat' dir='ltr'>postea</span> <span class='ocrx_word' id='word_1_34' title='bbox 1073 484 1188 549; x_wconf 85' lang='lat' dir='ltr'>laceret</span> <span class='ocrx_word' id='word_1_35' title='bbox 1201 488 1252 550; x_wconf 88' lang='lat' dir='ltr'>do·</span> 
     </span>
     <span class='ocr_line' id='line_1_5' title="bbox 115 561 1251 645; baseline 0.008 -29"><span class='ocrx_word' id='word_1_36' title='bbox 115 578 223 617; x_wconf 88' lang='lat' dir='ltr'>norum</span> <span class='ocrx_word' id='word_1_37' title='bbox 242 578 362 617; x_wconf 89' lang='lat' dir='ltr'>suorum</span> <span class='ocrx_word' id='word_1_38' title='bbox 384 572 545 621; x_wconf 85' lang='lat' dir='ltr'>consortes.</span> <span class='ocrx_word' id='word_1_39' title='bbox 585 561 642 621; x_wconf 87' lang='lat' dir='ltr'>llic</span> <span class='ocrx_word' id='word_1_40' title='bbox 660 562 684 621; x_wconf 90' lang='lat' dir='ltr'>si</span> <span class='ocrx_word' id='word_1_41' title='bbox 705 562 769 640; x_wconf 88' lang='lat' dir='ltr'>quis</span> <span class='ocrx_word' id='word_1_42' title='bbox 791 575 922 641; x_wconf 89' lang='lat' dir='ltr'>quaerat,</span> <span class='ocrx_word' id='word_1_43' title='bbox 947 586 1000 624; x_wconf 88' lang='lat' dir='ltr'>eur</span> <span class='ocrx_word' id='word_1_44' title='bbox 1019 584 1084 625; x_wconf 90' lang='lat' dir='ltr'>non</span> <span class='ocrx_word' id='word_1_45' title='bbox 1103 562 1155 625; x_wconf 84' lang='lat' dir='ltr'>alii</span> <span class='ocrx_word' id='word_1_46' title='bbox 1175 564 1251 645; x_wconf 85' lang='lat' dir='ltr'>quod</span> 
     </span>
     <span class='ocr_line' id='line_1_6' title="bbox 115 632 1251 720; baseline 0.007 -25"><span class='ocrx_word' id='word_1_47' title='bbox 115 632 177 709; x_wconf 91' lang='lat' dir='ltr'>ille,</span> <span class='ocrx_word' id='word_1_48' title='bbox 195 633 242 694; x_wconf 88' lang='lat' dir='ltr'>vel</span> <span class='ocrx_word' id='word_1_49' title='bbox 261 655 314 694; x_wconf 89' lang='lat' dir='ltr'>cur</span> <span class='ocrx_word' id='word_1_50' title='bbox 334 634 370 695; x_wconf 88' lang='lat' dir='ltr'>ab</span> <span class='ocrx_word' id='word_1_51' title='bbox 390 634 441 695; x_wconf 95' lang='lat' dir='ltr'>illo</span> <span class='ocrx_word' id='word_1_52' title='bbox 462 657 517 696; x_wconf 89' lang='lat' dir='ltr'>nos</span> <span class='ocrx_word' id='word_1_53' title='bbox 537 657 639 697; x_wconf 90' lang='lat' dir='ltr'>omnes</span> <span class='ocrx_word' id='word_1_54' title='bbox 658 649 718 697; x_wconf 91' lang='lat' dir='ltr'>tam</span> <span class='ocrx_word' id='word_1_55' title='bbox 740 638 830 720; x_wconf 89' lang='lat' dir='ltr'>longo</span> <span class='ocrx_word' id='word_1_56' title='bbox 851 638 1004 700; x_wconf 84' lang='lat' dir='ltr'>intervallo</span> <span class='ocrx_word' id='word_1_57' title='bbox 1028 640 1185 715; x_wconf 78' lang='lat' dir='ltr'>distemus,</span> <span class='ocrx_word' id='word_1_58' title='bbox 1202 662 1251 703; x_wconf 83' lang='lat' dir='ltr'>cur</span> 
     </span>
     <span class='ocr_line' id='line_1_7' title="bbox 115 712 1251 808; baseline 0.006 -37"><span class='ocrx_word' id='word_1_59' title='bbox 115 731 171 804; x_wconf 74' lang='lat' dir='ltr'>pos</span> <span class='ocrx_word' id='word_1_60' title='bbox 191 729 294 802; x_wconf 75' lang='lat' dir='ltr'>ornnes</span> <span class='ocrx_word' id='word_1_61' title='bbox 313 712 463 792; x_wconf 78' lang='lat' dir='ltr'>corrupti,</span> <span class='ocrx_word' id='word_1_62' title='bbox 482 712 532 771; x_wconf 90' lang='lat' dir='ltr'>ille</span> <span class='ocrx_word' id='word_1_63' title='bbox 552 714 675 804; x_wconf 77' lang='lat' dir='ltr'>puritas:</span> <span class='ocrx_word' id='word_1_64' title='bbox 701 735 761 775; x_wconf 91' lang='lat' dir='ltr'>non</span> <span class='ocrx_word' id='word_1_65' title='bbox 793 717 883 776; x_wconf 89' lang='lat' dir='ltr'>modo</span> <span class='ocrx_word' id='word_1_66' title='bbox 908 716 1053 808; x_wconf 79' lang='lat' dir='ltr'>vesaniam</span> <span class='ocrx_word' id='word_1_67' title='bbox 1079 736 1180 792; x_wconf 80' lang='lat' dir='ltr'>tuam,</span> <span class='ocrx_word' id='word_1_68' title='bbox 1202 716 1251 778; x_wconf 80' lang='lat' dir='ltr'>aed</span> 
     </span>
     <span class='ocr_line' id='line_1_8' title="bbox 113 788 1251 951; baseline 0.006 -28"><span class='ocrx_word' id='word_1_69' title='bbox 113 788 328 924; x_wconf 60' lang='lat' dir='ltr'>iiiiiilii</span> <span class='ocrx_word' id='word_1_70' title='bbox 348 810 593 946; x_wconf 52' lang='lat' dir='ltr'>tetigitte</span> <span class='ocrx_word' id='word_1_71' title='bbox 606 788 855 947; x_wconf 61' lang='lat' dir='ltr'>‘tttlstltltt</span> <span class='ocrx_word' id='word_1_72' title='bbox 879 792 1251 951; x_wconf 41' lang='lat' dir='ltr'>sigillabili&amp;</span> 
     </span>
     <span class='ocr_line' id='line_1_9' title="bbox 115 890 1250 1027; baseline 0.004 -26"><span class='ocrx_word' id='word_1_73' title='bbox 115 940 216 1001; x_wconf 85' lang='lat' dir='ltr'>datum</span> <span class='ocrx_word' id='word_1_74' title='bbox 236 952 281 1001; x_wconf 88' lang='lat' dir='ltr'>est</span> <span class='ocrx_word' id='word_1_75' title='bbox 300 940 420 1002; x_wconf 83' lang='lat' dir='ltr'>Christo</span> <span class='ocrx_word' id='word_1_76' title='bbox 440 942 583 1002; x_wconf 79' lang='lat' dir='ltr'>auferant</span> <span class='ocrx_word' id='word_1_77' title='bbox 603 978 639 988; x_wconf 98' lang='lat'>—</span> <span class='ocrx_word' id='word_1_78' title='bbox 679 942 741 1002; x_wconf 92' lang='lat' dir='ltr'>lam</span> <span class='ocrx_word' id='word_1_79' title='bbox 762 944 832 1023; x_wconf 92' lang='lat' dir='ltr'>quid</span> <span class='ocrx_word' id='word_1_80' title='bbox 852 890 888 1004; x_wconf 70' lang='lat' dir='ltr'>le</span> <span class='ocrx_word' id='word_1_81' title='bbox 914 966 1098 1025; x_wconf 87' lang='lat' dir='ltr'>unoquoque</span> <span class='ocrx_word' id='word_1_82' title='bbox 1119 966 1250 1027; x_wconf 89' lang='lat' dir='ltr'>pronun-</span> 
     </span>
     <span class='ocr_line' id='line_1_10' title="bbox 116 1018 1251 1110; baseline 0.005 -33"><span class='ocrx_word' id='word_1_83' title='bbox 116 1018 171 1078; x_wconf 90' lang='lat' dir='ltr'>tiet</span> <span class='ocrx_word' id='word_1_84' title='bbox 189 1018 354 1110; x_wconf 90' lang='lat' dir='ltr'>Scriptura,</span> <span class='ocrx_word' id='word_1_85' title='bbox 373 1040 391 1079; x_wconf 91' lang='lat' dir='ltr'><strong>o</strong></span> <span class='ocrx_word' id='word_1_86' title='bbox 415 1037 481 1078; x_wconf 88' lang='lat' dir='ltr'>erae</span> <span class='ocrx_word' id='word_1_87' title='bbox 501 1020 628 1098; x_wconf 91' lang='lat' dir='ltr'>pretium</span> <span class='ocrx_word' id='word_1_88' title='bbox 649 1032 694 1079; x_wconf 87' lang='lat' dir='ltr'>est</span> <span class='ocrx_word' id='word_1_89' title='bbox 717 1021 880 1082; x_wconf 90' lang='lat' dir='ltr'>attendere.</span> <span class='ocrx_word' id='word_1_90' title='bbox 912 1020 1019 1083; x_wconf 86' lang='lat' dir='ltr'>Paulus</span> <span class='ocrx_word' id='word_1_91' title='bbox 1068 1044 1142 1083; x_wconf 82' lang='lat' dir='ltr'>uuor</span> <span class='ocrx_word' id='word_1_92' title='bbox 1167 1020 1251 1084; x_wconf 88' lang='lat' dir='ltr'>docet</span> 
     </span>
     <span class='ocr_line' id='line_1_11' title="bbox 116 1039 1251 1179; baseline 0.007 -23"><span class='ocrx_word' id='word_1_93' title='bbox 116 1116 172 1156; x_wconf 87' lang='lat' dir='ltr'>nos</span> <span class='ocrx_word' id='word_1_94' title='bbox 192 1095 221 1155; x_wconf 95' lang='lat' dir='ltr'>in</span> <span class='ocrx_word' id='word_1_95' title='bbox 244 1094 363 1155; x_wconf 74' lang='lat' dir='ltr'>(bristo</span> <span class='ocrx_word' id='word_1_96' title='bbox 384 1039 494 1155; x_wconf 83' lang='lat' dir='ltr'>electos</span> <span class='ocrx_word' id='word_1_97' title='bbox 514 1096 600 1156; x_wconf 89' lang='lat' dir='ltr'>luisse</span> <span class='ocrx_word' id='word_1_98' title='bbox 619 1108 687 1156; x_wconf 90' lang='lat' dir='ltr'>ante</span> <span class='ocrx_word' id='word_1_99' title='bbox 713 1097 814 1156; x_wconf 93' lang='lat' dir='ltr'>mundi</span> <span class='ocrx_word' id='word_1_100' title='bbox 834 1098 1014 1158; x_wconf 76' lang='lat' dir='ltr'><strong>creationem</strong></span> <span class='ocrx_word' id='word_1_101' title='bbox 1033 1102 1048 1175; x_wconf 86' lang='grc'><strong>&lt;</strong></span> <span class='ocrx_word' id='word_1_102' title='bbox 1068 1096 1131 1179; x_wconf 84' lang='lat' dir='ltr'>pb.</span> <span class='ocrx_word' id='word_1_103' title='bbox 1152 1104 1183 1175; x_wconf 90' lang='lat'>1,</span> <span class='ocrx_word' id='word_1_104' title='bbox 1199 1100 1251 1177; x_wconf 74' lang='grc'><strong>1.),</strong></span> 
     </span>
     <span class='ocr_line' id='line_1_12' title="bbox 115 1171 1252 1253; baseline 0.003 -20"><span class='ocrx_word' id='word_1_105' title='bbox 115 1192 235 1233; x_wconf 85' lang='lat' dir='ltr'>omnem</span> <span class='ocrx_word' id='word_1_106' title='bbox 252 1181 350 1232; x_wconf 86' lang='lat' dir='ltr'>certae</span> <span class='ocrx_word' id='word_1_107' title='bbox 370 1171 518 1253; x_wconf 75' lang='lat' dir='ltr'>dignitatis</span> <span class='ocrx_word' id='word_1_108' title='bbox 536 1185 654 1233; x_wconf 88' lang='lat' dir='ltr'>nostrae</span> <span class='ocrx_word' id='word_1_109' title='bbox 666 1193 712 1233; x_wconf 88' lang='lat' dir='ltr'>res</span> <span class='ocrx_word' id='word_1_110' title='bbox 735 1185 831 1233; x_wconf 85' lang='lat' dir='ltr'>ectum</span> <span class='ocrx_word' id='word_1_111' title='bbox 851 1174 945 1234; x_wconf 82' lang='lat' dir='ltr'>tollit:</span> <span class='ocrx_word' id='word_1_112' title='bbox 985 1174 1089 1236; x_wconf 89' lang='lat' dir='ltr'>erinde</span> <span class='ocrx_word' id='word_1_113' title='bbox 1110 1175 1191 1235; x_wconf 84' lang='lat' dir='ltr'>enim</span> <span class='ocrx_word' id='word_1_114' title='bbox 1210 1186 1252 1237; x_wconf 83' lang='lat' dir='ltr'>eal</span> 
     </span>
     <span class='ocr_line' id='line_1_13' title="bbox 115 1194 1252 1340; baseline 0.005 -31"><span class='ocrx_word' id='word_1_115' title='bbox 115 1248 174 1309; x_wconf 86' lang='lat' dir='ltr'>acsi</span> <span class='ocrx_word' id='word_1_116' title='bbox 194 1248 322 1320; x_wconf 88' lang='lat' dir='ltr'>diceret,</span> <span class='ocrx_word' id='word_1_117' title='bbox 342 1249 481 1340; x_wconf 75' lang='lat' dir='ltr'>quoniam</span> <span class='ocrx_word' id='word_1_118' title='bbox 501 1248 530 1308; x_wconf 92' lang='lat' dir='ltr'>in</span> <span class='ocrx_word' id='word_1_119' title='bbox 552 1249 687 1311; x_wconf 87' lang='lat' dir='ltr'>universo</span> <span class='ocrx_word' id='word_1_120' title='bbox 707 1194 789 1310; x_wconf 66' lang='lat' dir='ltr'>ldae</span> <span class='ocrx_word' id='word_1_121' title='bbox 807 1251 919 1310; x_wconf 89' lang='lat' dir='ltr'>semine</span> <span class='ocrx_word' id='word_1_122' title='bbox 939 1196 1012 1311; x_wconf 83' lang='lat' dir='ltr'>nllit</span> <span class='ocrx_word' id='word_1_123' title='bbox 1033 1252 1252 1315; x_wconf 78' lang='lat' dir='ltr'>electionem</span> 
     </span>
     <span class='ocr_line' id='line_1_14' title="bbox 114 1325 1250 1407; baseline 0.004 -22"><span class='ocrx_word' id='word_1_124' title='bbox 114 1325 236 1407; x_wconf 87' lang='lat' dir='ltr'>dignum</span> <span class='ocrx_word' id='word_1_125' title='bbox 256 1325 423 1402; x_wconf 77' lang='lat' dir='ltr'>reponebat</span> <span class='ocrx_word' id='word_1_126' title='bbox 442 1326 578 1386; x_wconf 85' lang='lat' dir='ltr'>coelestis</span> <span class='ocrx_word' id='word_1_127' title='bbox 597 1326 701 1402; x_wconf 87' lang='lat' dir='ltr'>Pater,</span> <span class='ocrx_word' id='word_1_128' title='bbox 725 1328 754 1386; x_wconf 94' lang='lat' dir='ltr'>in</span> <span class='ocrx_word' id='word_1_129' title='bbox 777 1326 926 1389; x_wconf 84' lang='lat' dir='ltr'>Christum</span> <span class='ocrx_word' id='word_1_130' title='bbox 947 1348 1031 1388; x_wconf 89' lang='lat' dir='ltr'>suum</span> <span class='ocrx_word' id='word_1_131' title='bbox 1052 1327 1161 1391; x_wconf 84' lang='lat' dir='ltr'>oculos</span> <span class='ocrx_word' id='word_1_132' title='bbox 1180 1348 1250 1392; x_wconf 87' lang='lat' dir='ltr'>con·</span> 
     </span>
     <span class='ocr_line' id='line_1_15' title="bbox 112 1403 1251 1486; baseline -0.001 -21"><span class='ocrx_word' id='word_1_133' title='bbox 112 1403 248 1465; x_wconf 82' lang='lat' dir='ltr'>vertisse:</span> <span class='ocrx_word' id='word_1_134' title='bbox 280 1412 313 1460; x_wconf 89' lang='lat' dir='ltr'>ut</span> <span class='ocrx_word' id='word_1_135' title='bbox 343 1412 484 1482; x_wconf 88' lang='lat' dir='ltr'>tanquam</span> <span class='ocrx_word' id='word_1_136' title='bbox 510 1423 543 1462; x_wconf 86' lang='lat' dir='ltr'>ex</span> <span class='ocrx_word' id='word_1_137' title='bbox 568 1403 630 1463; x_wconf 88' lang='lat' dir='ltr'>eius</span> <span class='ocrx_word' id='word_1_138' title='bbox 654 1423 706 1463; x_wconf 90' lang='lat' dir='ltr'>cor</span> <span class='ocrx_word' id='word_1_139' title='bbox 729 1424 781 1464; x_wconf 93' lang='lat' dir='ltr'>ore</span> <span class='ocrx_word' id='word_1_140' title='bbox 806 1403 938 1464; x_wconf 83' lang='lat' dir='ltr'>membra</span> <span class='ocrx_word' id='word_1_141' title='bbox 959 1403 1102 1486; x_wconf 88' lang='lat' dir='ltr'>eligeret,</span> <span class='ocrx_word' id='word_1_142' title='bbox 1122 1426 1199 1484; x_wconf 82' lang='lat' dir='ltr'>quos</span> <span class='ocrx_word' id='word_1_143' title='bbox 1221 1405 1251 1465; x_wconf 85' lang='lat' dir='ltr'>in</span> 
     </span>
     <span class='ocr_line' id='line_1_16' title="bbox 114 1478 1251 1562; baseline 0.004 -23"><span class='ocrx_word' id='word_1_144' title='bbox 114 1478 190 1543; x_wconf 80' lang='lat' dir='ltr'>vitae</span> <span class='ocrx_word' id='word_1_145' title='bbox 211 1479 392 1539; x_wconf 85' lang='lat' dir='ltr'>consortium</span> <span class='ocrx_word' id='word_1_146' title='bbox 412 1491 579 1558; x_wconf 84' lang='lat' dir='ltr'>sunrpturus</span> <span class='ocrx_word' id='word_1_147' title='bbox 600 1490 675 1539; x_wconf 59' lang='lat' dir='ltr'>erat,</span> <span class='ocrx_word' id='word_1_148' title='bbox 738 1480 814 1540; x_wconf 88' lang='lat' dir='ltr'>aleat</span> <span class='ocrx_word' id='word_1_149' title='bbox 838 1481 929 1562; x_wconf 91' lang='lat' dir='ltr'>igitur</span> <span class='ocrx_word' id='word_1_150' title='bbox 952 1481 1030 1562; x_wconf 88' lang='lat' dir='ltr'>apud</span> <span class='ocrx_word' id='word_1_151' title='bbox 1056 1480 1164 1543; x_wconf 82' lang='lat' dir='ltr'>fideles</span> <span class='ocrx_word' id='word_1_152' title='bbox 1182 1481 1251 1543; x_wconf 74' lang='lat' dir='ltr'>baec</span> 
     </span>
     <span class='ocr_line' id='line_1_17' title="bbox 112 1554 1251 1639; baseline 0.002 -22"><span class='ocrx_word' id='word_1_153' title='bbox 112 1555 201 1630; x_wconf 84' lang='lat' dir='ltr'>ratio,</span> <span class='ocrx_word' id='word_1_154' title='bbox 219 1554 288 1615; x_wconf 91' lang='lat' dir='ltr'>ideo</span> <span class='ocrx_word' id='word_1_155' title='bbox 309 1574 363 1616; x_wconf 91' lang='lat' dir='ltr'>nos</span> <span class='ocrx_word' id='word_1_156' title='bbox 383 1557 413 1615; x_wconf 93' lang='lat' dir='ltr'>in</span> <span class='ocrx_word' id='word_1_157' title='bbox 435 1555 554 1617; x_wconf 86' lang='lat' dir='ltr'>Christo</span> <span class='ocrx_word' id='word_1_158' title='bbox 575 1555 662 1616; x_wconf 88' lang='lat' dir='ltr'>luisse</span> <span class='ocrx_word' id='word_1_159' title='bbox 673 1555 704 1616; x_wconf 94' lang='lat' dir='ltr'>in</span> <span class='ocrx_word' id='word_1_160' title='bbox 715 1555 875 1618; x_wconf 88' lang='lat' dir='ltr'>coelestem</span> <span class='ocrx_word' id='word_1_161' title='bbox 896 1557 1108 1617; x_wconf 87' lang='lat' dir='ltr'>haereditatem</span> <span class='ocrx_word' id='word_1_162' title='bbox 1129 1558 1251 1639; x_wconf 82' lang='lat' dir='ltr'>adopta·</span> 
     </span>
     <span class='ocr_line' id='line_1_18' title="bbox 112 1631 1249 1713; baseline 0.003 -18"><span class='ocrx_word' id='word_1_163' title='bbox 112 1644 177 1709; x_wconf 85' lang='lat' dir='ltr'>tos,</span> <span class='ocrx_word' id='word_1_164' title='bbox 209 1631 278 1712; x_wconf 86' lang='lat' dir='ltr'>quia</span> <span class='ocrx_word' id='word_1_165' title='bbox 308 1632 339 1690; x_wconf 93' lang='lat' dir='ltr'>in</span> <span class='ocrx_word' id='word_1_166' title='bbox 365 1632 451 1693; x_wconf 84' lang='lat' dir='ltr'>nobis</span> <span class='ocrx_word' id='word_1_167' title='bbox 474 1632 542 1713; x_wconf 90' lang='lat' dir='ltr'>ipsis</span> <span class='ocrx_word' id='word_1_168' title='bbox 562 1653 623 1693; x_wconf 93' lang='lat' dir='ltr'>non</span> <span class='ocrx_word' id='word_1_169' title='bbox 649 1653 762 1694; x_wconf 89' lang='lat' dir='ltr'>eramus</span> <span class='ocrx_word' id='word_1_170' title='bbox 781 1645 879 1693; x_wconf 88' lang='lat' dir='ltr'>tantae</span> <span class='ocrx_word' id='word_1_171' title='bbox 905 1632 1097 1695; x_wconf 77' lang='lat' dir='ltr'>excellentiae</span> <span class='ocrx_word' id='word_1_172' title='bbox 1122 1656 1157 1697; x_wconf 81' lang='lat' dir='ltr'>ea</span> <span class='ocrx_word' id='word_1_173' title='bbox 1196 1652 1249 1697; x_wconf 80' lang='lat' dir='ltr'>cet·</span> 
     </span>
     <span class='ocr_line' id='line_1_19' title="bbox 114 1708 1250 1803; baseline 0.002 -33"><span class='ocrx_word' id='word_1_174' title='bbox 114 1709 208 1785; x_wconf 86' lang='lat' dir='ltr'>Quod</span> <span class='ocrx_word' id='word_1_175' title='bbox 228 1722 259 1771; x_wconf 89' lang='lat' dir='ltr'>et</span> <span class='ocrx_word' id='word_1_176' title='bbox 277 1708 348 1769; x_wconf 81' lang='lat' dir='ltr'>alibi</span> <span class='ocrx_word' id='word_1_177' title='bbox 368 1730 487 1789; x_wconf 90' lang='lat' dir='ltr'>quoque</span> <span class='ocrx_word' id='word_1_178' title='bbox 507 1713 592 1770; x_wconf 84' lang='lat' dir='ltr'>no‘tat</span> <span class='ocrx_word' id='word_1_179' title='bbox 610 1709 694 1789; x_wconf 87' lang='lat' dir='ltr'>(Col.</span> <span class='ocrx_word' id='word_1_180' title='bbox 714 1714 839 1787; x_wconf 79' lang='lat'>1,12·),</span> <span class='ocrx_word' id='word_1_181' title='bbox 859 1732 948 1803; x_wconf 86' lang='lat' dir='ltr'>quum</span> <span class='ocrx_word' id='word_1_182' title='bbox 969 1711 1146 1772; x_wconf 82' lang='lat' dir='ltr'>hortatura</span> <span class='ocrx_word' id='word_1_183' title='bbox 1185 1732 1250 1795; x_wconf 82' lang='lat' dir='ltr'>gn·</span> 
     </span>
     <span class='ocr_line' id='line_1_20' title="bbox 111 1786 1249 1866; baseline 0 -19"><span class='ocrx_word' id='word_1_184' title='bbox 111 1791 219 1848; x_wconf 88' lang='lat' dir='ltr'>tiarum</span> <span class='ocrx_word' id='word_1_185' title='bbox 238 1786 386 1846; x_wconf 82' lang='lat' dir='ltr'>actionem</span> <span class='ocrx_word' id='word_1_186' title='bbox 407 1786 614 1860; x_wconf 87' lang='lat' dir='ltr'>Colossenses,</span> <span class='ocrx_word' id='word_1_187' title='bbox 635 1806 669 1845; x_wconf 84' lang='lat' dir='ltr'>ex</span> <span class='ocrx_word' id='word_1_188' title='bbox 688 1807 725 1847; x_wconf 90' lang='lat' dir='ltr'>eo</span> <span class='ocrx_word' id='word_1_189' title='bbox 746 1787 826 1866; x_wconf 89' lang='lat' dir='ltr'>quod</span> <span class='ocrx_word' id='word_1_190' title='bbox 846 1787 986 1847; x_wconf 78' lang='lat' dir='ltr'>divinitus</span> <span class='ocrx_word' id='word_1_191' title='bbox 1010 1788 1122 1848; x_wconf 88' lang='lat' dir='ltr'>redditi</span> <span class='ocrx_word' id='word_1_192' title='bbox 1143 1787 1249 1849; x_wconf 86' lang='lat' dir='ltr'>luerint</span> 
     </span>
     <span class='ocr_line' id='line_1_21' title="bbox 112 1861 1248 1946; baseline 0 -21"><span class='ocrx_word' id='word_1_193' title='bbox 112 1864 214 1925; x_wconf 90' lang='lat' dir='ltr'>idonei</span> <span class='ocrx_word' id='word_1_194' title='bbox 233 1861 269 1923; x_wconf 85' lang='lat' dir='ltr'>ad</span> <span class='ocrx_word' id='word_1_195' title='bbox 290 1863 519 1944; x_wconf 78' lang='lat' dir='ltr'>participandam</span> <span class='ocrx_word' id='word_1_196' title='bbox 538 1876 648 1923; x_wconf 83' lang='lat' dir='ltr'>sortem</span> <span class='ocrx_word' id='word_1_197' title='bbox 668 1875 844 1924; x_wconf 86' lang='lat' dir='ltr'>sanctorum.</span> <span class='ocrx_word' id='word_1_198' title='bbox 884 1864 916 1922; x_wconf 90' lang='lat' dir='ltr'>Si</span> <span class='ocrx_word' id='word_1_199' title='bbox 936 1865 1059 1946; x_wconf 82' lang='lat' dir='ltr'>gratiam</span> <span class='ocrx_word' id='word_1_200' title='bbox 1079 1866 1170 1927; x_wconf 74' lang='lat' dir='ltr'>ista·</span> <span class='ocrx_word' id='word_1_201' title='bbox 1184 1865 1248 1939; x_wconf 81' lang='lat' dir='ltr'>Dei,</span> 
     </span>
     <span class='ocr_line' id='line_1_22' title="bbox 111 1939 1246 2023; baseline 0 -22"><span class='ocrx_word' id='word_1_202' title='bbox 111 1954 146 2002; x_wconf 88' lang='lat' dir='ltr'>ut</span> <span class='ocrx_word' id='word_1_203' title='bbox 162 1940 265 2001; x_wconf 89' lang='lat' dir='ltr'>idonei</span> <span class='ocrx_word' id='word_1_204' title='bbox 286 1939 321 1999; x_wconf 89' lang='lat' dir='ltr'>ad</span> <span class='ocrx_word' id='word_1_205' title='bbox 342 1939 465 2021; x_wconf 87' lang='lat' dir='ltr'>gloriam</span> <span class='ocrx_word' id='word_1_206' title='bbox 486 1940 601 2001; x_wconf 85' lang='lat' dir='ltr'>suturae</span> <span class='ocrx_word' id='word_1_207' title='bbox 621 1940 697 2000; x_wconf 84' lang='lat' dir='ltr'>ritae</span> <span class='ocrx_word' id='word_1_208' title='bbox 717 1939 909 2001; x_wconf 91' lang='lat' dir='ltr'>obtinendam</span> <span class='ocrx_word' id='word_1_209' title='bbox 929 1941 1104 2015; x_wconf 83' lang='lat' dir='ltr'>reddamur,</span> <span class='ocrx_word' id='word_1_210' title='bbox 1131 1960 1246 2023; x_wconf 81' lang='lat' dir='ltr'>praeoe-</span> 
     </span>
     <span class='ocr_line' id='line_1_23' title="bbox 113 2015 1245 2103; baseline 0.002 -26"><span class='ocrx_word' id='word_1_211' title='bbox 113 2020 156 2079; x_wconf 93' lang='lat' dir='ltr'>dit</span> <span class='ocrx_word' id='word_1_212' title='bbox 175 2015 298 2080; x_wconf 84' lang='lat' dir='ltr'>electio:</span> <span class='ocrx_word' id='word_1_213' title='bbox 319 2016 388 2097; x_wconf 92' lang='lat' dir='ltr'>quid</span> <span class='ocrx_word' id='word_1_214' title='bbox 407 2017 465 2077; x_wconf 85' lang='lat' dir='ltr'>iam</span> <span class='ocrx_word' id='word_1_215' title='bbox 485 2018 614 2096; x_wconf 89' lang='lat' dir='ltr'>reperiet</span> <span class='ocrx_word' id='word_1_216' title='bbox 639 2018 669 2076; x_wconf 93' lang='lat' dir='ltr'>in</span> <span class='ocrx_word' id='word_1_217' title='bbox 695 2016 781 2076; x_wconf 91' lang='lat' dir='ltr'>nobis</span> <span class='ocrx_word' id='word_1_218' title='bbox 801 2016 882 2076; x_wconf 87' lang='lat' dir='ltr'>Deus</span> <span class='ocrx_word' id='word_1_219' title='bbox 902 2018 975 2097; x_wconf 89' lang='lat' dir='ltr'>ipse,</span> <span class='ocrx_word' id='word_1_220' title='bbox 997 2019 1118 2097; x_wconf 82' lang='lat' dir='ltr'>quoad</span> <span class='ocrx_word' id='word_1_221' title='bbox 1140 2018 1245 2103; x_wconf 83' lang='lat' dir='ltr'>eligen-</span> 
     </span>
     <span class='ocr_line' id='line_1_24' title="bbox 112 2092 1245 2173; baseline 0 -18"><span class='ocrx_word' id='word_1_222' title='bbox 112 2096 165 2157; x_wconf 88' lang='lat' dir='ltr'>dos</span> <span class='ocrx_word' id='word_1_223' title='bbox 185 2093 355 2154; x_wconf 83' lang='lat' dir='ltr'>moveatur?</span> <span class='ocrx_word' id='word_1_224' title='bbox 393 2093 530 2173; x_wconf 72' lang='lat' dir='ltr'>Apertius</span> <span class='ocrx_word' id='word_1_225' title='bbox 550 2094 708 2153; x_wconf 88' lang='lat' dir='ltr'>etiamnum</span> <span class='ocrx_word' id='word_1_226' title='bbox 728 2093 818 2169; x_wconf 74' lang='lat' dir='ltr'>altera</span> <span class='ocrx_word' id='word_1_227' title='bbox 838 2095 900 2173; x_wconf 85' lang='lat' dir='ltr'>eius</span> <span class='ocrx_word' id='word_1_228' title='bbox 919 2096 1064 2156; x_wconf 84' lang='lat' dir='ltr'>sententia</span> <span class='ocrx_word' id='word_1_229' title='bbox 1078 2096 1167 2173; x_wconf 81' lang='lat' dir='ltr'>quod</span> <span class='ocrx_word' id='word_1_230' title='bbox 1184 2092 1245 2155; x_wconf 83' lang='lat' dir='ltr'>mle</span> 
     </span>
     <span class='ocr_line' id='line_1_25' title="bbox 111 2168 1244 2252; baseline 0.003 -21"><span class='ocrx_word' id='word_1_231' title='bbox 111 2172 300 2251; x_wconf 82' lang='lat' dir='ltr'>exprimetur.</span> <span class='ocrx_word' id='word_1_232' title='bbox 337 2169 460 2252; x_wconf 81' lang='lat' dir='ltr'>„Elegit</span> <span class='ocrx_word' id='word_1_233' title='bbox 479 2190 533 2230; x_wconf 90' lang='lat' dir='ltr'>nos</span> <span class='ocrx_word' id='word_1_234' title='bbox 553 2172 663 2250; x_wconf 89' lang='lat' dir='ltr'>(inquit</span> <span class='ocrx_word' id='word_1_235' title='bbox 681 2168 757 2250; x_wconf 84' lang='lat' dir='ltr'>pr.</span> <span class='ocrx_word' id='word_1_236' title='bbox 777 2175 806 2242; x_wconf 83' lang='lat'>1,</span> <span class='ocrx_word' id='word_1_237' title='bbox 824 2173 884 2249; x_wconf 79' lang='grc'><strong>1.),</strong></span> <span class='ocrx_word' id='word_1_238' title='bbox 903 2184 1059 2249; x_wconf 84' lang='lat' dir='ltr'>antequam</span> <span class='ocrx_word' id='word_1_239' title='bbox 1080 2171 1244 2233; x_wconf 74' lang='lat' dir='ltr'>iacerentur</span> 
     </span>
     <span class='ocr_line' id='line_1_26' title="bbox 111 2245 1244 2327; baseline 0 -20"><span class='ocrx_word' id='word_1_240' title='bbox 111 2247 233 2323; x_wconf 90' lang='lat' dir='ltr'>„mundi</span> <span class='ocrx_word' id='word_1_241' title='bbox 258 2245 460 2322; x_wconf 80' lang='lat' dir='ltr'>fundamenta,</span> <span class='ocrx_word' id='word_1_242' title='bbox 490 2248 650 2307; x_wconf 87' lang='lat' dir='ltr'>secundum</span> <span class='ocrx_word' id='word_1_243' title='bbox 680 2245 894 2327; x_wconf 88' lang='lat' dir='ltr'>beneplacitum</span> <span class='ocrx_word' id='word_1_244' title='bbox 918 2246 1079 2308; x_wconf 86' lang='lat' dir='ltr'>voluntatis</span> <span class='ocrx_word' id='word_1_245' title='bbox 1103 2269 1193 2325; x_wconf 80' lang='lat' dir='ltr'>suae,</span> <span class='ocrx_word' id='word_1_246' title='bbox 1217 2258 1244 2307; x_wconf 76' lang='lat' dir='ltr'>ut</span> 
     </span>
     <span class='ocr_line' id='line_1_27' title="bbox 112 2322 1242 2406; baseline 0.003 -21"><span class='ocrx_word' id='word_1_247' title='bbox 112 2345 259 2400; x_wconf 81' lang='lat' dir='ltr'>„essemus</span> <span class='ocrx_word' id='word_1_248' title='bbox 281 2323 374 2384; x_wconf 83' lang='lat' dir='ltr'>sancti</span> <span class='ocrx_word' id='word_1_249' title='bbox 399 2336 429 2383; x_wconf 87' lang='lat' dir='ltr'>et</span> <span class='ocrx_word' id='word_1_250' title='bbox 453 2322 646 2397; x_wconf 89' lang='lat' dir='ltr'>immaculati,</span> <span class='ocrx_word' id='word_1_251' title='bbox 677 2335 706 2383; x_wconf 90' lang='lat' dir='ltr'>et</span> <span class='ocrx_word' id='word_1_252' title='bbox 738 2323 1009 2401; x_wconf 83' lang='lat' dir='ltr'>irreprehensibiles</span> <span class='ocrx_word' id='word_1_253' title='bbox 1034 2325 1065 2383; x_wconf 88' lang='lat' dir='ltr'>in</span> <span class='ocrx_word' id='word_1_254' title='bbox 1085 2335 1242 2406; x_wconf 70' lang='lat' dir='ltr'>conspeetu</span> 
     </span>
     <span class='ocr_line' id='line_1_28' title="bbox 111 2399 1242 2492; baseline -0.001 -32"><span class='ocrx_word' id='word_1_255' title='bbox 111 2401 253 2482; x_wconf 84' lang='lat' dir='ltr'>„ipsius.“</span> <span class='ocrx_word' id='word_1_256' title='bbox 282 2399 340 2460; x_wconf 89' lang='lat' dir='ltr'>Ubi</span> <span class='ocrx_word' id='word_1_257' title='bbox 352 2401 410 2458; x_wconf 87' lang='lat' dir='ltr'>Dei</span> <span class='ocrx_word' id='word_1_258' title='bbox 425 2399 640 2491; x_wconf 87' lang='lat' dir='ltr'>beneplacitum</span> <span class='ocrx_word' id='word_1_259' title='bbox 652 2399 832 2492; x_wconf 75' lang='lat' dir='ltr'>quibuslibet</span> <span class='ocrx_word' id='word_1_260' title='bbox 851 2401 959 2459; x_wconf 87' lang='lat' dir='ltr'>nostris</span> <span class='ocrx_word' id='word_1_261' title='bbox 977 2400 1093 2462; x_wconf 80' lang='lat' dir='ltr'>meritis</span> <span class='ocrx_word' id='word_1_262' title='bbox 1115 2400 1242 2483; x_wconf 84' lang='lat' dir='ltr'>opponit</span> 
     </span>
    </p>

    <p class='ocr_par' dir='ltr' id='par_1_3' title="bbox 29 2475 1242 2941">
     <span class='ocr_line' id='line_1_29' title="bbox 188 2475 1241 2556; baseline 0.006 -22"><span class='ocrx_word' id='word_1_263' title='bbox 188 2483 217 2541; x_wconf 80' lang='grc'>2.</span> <span class='ocrx_word' id='word_1_264' title='bbox 257 2476 328 2550; x_wconf 90' lang='lat' dir='ltr'>Quo</span> <span class='ocrx_word' id='word_1_265' title='bbox 348 2476 470 2537; x_wconf 84' lang='lat' dir='ltr'>solidior</span> <span class='ocrx_word' id='word_1_266' title='bbox 489 2489 526 2538; x_wconf 78' lang='lat' dir='ltr'>sut</span> <span class='ocrx_word' id='word_1_267' title='bbox 546 2477 698 2556; x_wconf 76' lang='lat' dir='ltr'>probatio,</span> <span class='ocrx_word' id='word_1_268' title='bbox 721 2475 922 2556; x_wconf 87' lang='lat' dir='ltr'>singulaseius</span> <span class='ocrx_word' id='word_1_269' title='bbox 947 2476 1005 2537; x_wconf 92' lang='lat' dir='ltr'>loci</span> <span class='ocrx_word' id='word_1_270' title='bbox 1024 2489 1128 2556; x_wconf 84' lang='lat' dir='ltr'>partes</span> <span class='ocrx_word' id='word_1_271' title='bbox 1149 2490 1241 2539; x_wconf 78' lang='lat' dir='ltr'>nourr</span> 
     </span>
     <span class='ocr_line' id='line_1_30' title="bbox 112 2552 1241 2635; baseline -0.002 -18"><span class='ocrx_word' id='word_1_272' title='bbox 112 2555 367 2635; x_wconf 88' lang='lat' dir='ltr'>operaepretium</span> <span class='ocrx_word' id='word_1_273' title='bbox 388 2565 448 2627; x_wconf 90' lang='lat' dir='ltr'>est,</span> <span class='ocrx_word' id='word_1_274' title='bbox 474 2573 548 2633; x_wconf 87' lang='lat' dir='ltr'>quae</span> <span class='ocrx_word' id='word_1_275' title='bbox 573 2553 657 2613; x_wconf 90' lang='lat' dir='ltr'>simul</span> <span class='ocrx_word' id='word_1_276' title='bbox 684 2573 814 2612; x_wconf 87' lang='lat' dir='ltr'>connexa</span> <span class='ocrx_word' id='word_1_277' title='bbox 841 2552 913 2611; x_wconf 89' lang='lat' dir='ltr'>nihil</span> <span class='ocrx_word' id='word_1_278' title='bbox 937 2553 1136 2617; x_wconf 77' lang='lat' dir='ltr'>dubitationis</span> <span class='ocrx_word' id='word_1_279' title='bbox 1162 2555 1241 2615; x_wconf 79' lang='lat' dir='ltr'>relin-</span> 
     </span>
     <span class='ocr_line' id='line_1_31' title="bbox 111 2629 1241 2764; baseline 0.003 -73"><span class='ocrx_word' id='word_1_280' title='bbox 111 2642 214 2715; x_wconf 91' lang='lat' dir='ltr'>quunt.</span> <span class='ocrx_word' id='word_1_281' title='bbox 253 2629 373 2691; x_wconf 80' lang='lat' dir='ltr'>Elector</span> <span class='ocrx_word' id='word_1_282' title='bbox 394 2631 566 2703; x_wconf 85' lang='lat' dir='ltr'>nominans,</span> <span class='ocrx_word' id='word_1_283' title='bbox 591 2630 710 2688; x_wconf 88' lang='lat' dir='ltr'>minime</span> <span class='ocrx_word' id='word_1_284' title='bbox 732 2629 852 2688; x_wconf 89' lang='lat' dir='ltr'>dubium</span> <span class='ocrx_word' id='word_1_285' title='bbox 873 2641 917 2688; x_wconf 87' lang='lat' dir='ltr'>est</span> <span class='ocrx_word' id='word_1_286' title='bbox 941 2630 1012 2764; x_wconf 71' lang='lat' dir='ltr'>&lt;puin</span> <span class='ocrx_word' id='word_1_287' title='bbox 1040 2630 1147 2693; x_wconf 83' lang='lat' dir='ltr'>fideles</span> <span class='ocrx_word' id='word_1_288' title='bbox 1171 2652 1241 2693; x_wconf 74' lang='lat' dir='ltr'>cen·</span> 
     </span>
     <span class='ocr_line' id='line_1_32' title="bbox 29 2705 1241 2792; baseline -0.002 -23"><span class='ocrx_word' id='word_1_289' title='bbox 29 2716 32 2720; x_wconf 67' lang='grc'><strong>“</strong></span> <span class='ocrx_word' id='word_1_290' title='bbox 111 2708 217 2792; x_wconf 90' lang='lat' dir='ltr'>pellet,</span> <span class='ocrx_word' id='word_1_291' title='bbox 236 2705 320 2767; x_wconf 88' lang='lat' dir='ltr'>sicuti</span> <span class='ocrx_word' id='word_1_292' title='bbox 341 2707 427 2766; x_wconf 85' lang='lat' dir='ltr'>etiam</span> <span class='ocrx_word' id='word_1_293' title='bbox 448 2729 514 2768; x_wconf 84' lang='lat' dir='ltr'>mox</span> <span class='ocrx_word' id='word_1_294' title='bbox 534 2708 650 2767; x_wconf 82' lang='lat' dir='ltr'>asserit:</span> <span class='ocrx_word' id='word_1_295' title='bbox 677 2725 767 2786; x_wconf 89' lang='lat' dir='ltr'>quare</span> <span class='ocrx_word' id='word_1_296' title='bbox 789 2706 872 2764; x_wconf 89' lang='lat' dir='ltr'>nimis</span> <span class='ocrx_word' id='word_1_297' title='bbox 893 2705 951 2765; x_wconf 67' lang='lat' dir='ltr'>loen</span> <span class='ocrx_word' id='word_1_298' title='bbox 965 2728 983 2764; x_wconf 92' lang='lat' dir='ltr'>o</span> <span class='ocrx_word' id='word_1_299' title='bbox 1003 2721 1181 2769; x_wconf 88' lang='lat' dir='ltr'>commento</span> <span class='ocrx_word' id='word_1_300' title='bbox 1198 2707 1241 2768; x_wconf 87' lang='lat' dir='ltr'>de·</span> 
     </span>
     <span class='ocr_line' id='line_1_33' title="bbox 132 2783 1241 2864; baseline -0.002 -17"><span class='ocrx_word' id='word_1_301' title='bbox 132 2797 233 2847; x_wconf 82' lang='lat' dir='ltr'>navant</span> <span class='ocrx_word' id='word_1_302' title='bbox 251 2803 362 2844; x_wconf 89' lang='lat' dir='ltr'>nomen</span> <span class='ocrx_word' id='word_1_303' title='bbox 383 2785 469 2858; x_wconf 89' lang='lat' dir='ltr'>illud,</span> <span class='ocrx_word' id='word_1_304' title='bbox 494 2785 544 2864; x_wconf 90' lang='lat' dir='ltr'>qui</span> <span class='ocrx_word' id='word_1_305' title='bbox 569 2784 604 2843; x_wconf 87' lang='lat' dir='ltr'>ad</span> <span class='ocrx_word' id='word_1_306' title='bbox 629 2794 753 2844; x_wconf 85' lang='lat' dir='ltr'>aetatem</span> <span class='ocrx_word' id='word_1_307' title='bbox 778 2783 957 2861; x_wconf 89' lang='lat' dir='ltr'>detorquent</span> <span class='ocrx_word' id='word_1_308' title='bbox 981 2804 1038 2862; x_wconf 84' lang='lat' dir='ltr'>qua</span> <span class='ocrx_word' id='word_1_309' title='bbox 1064 2785 1241 2863; x_wconf 76' lang='lat' dir='ltr'>publicatum</span> 
     </span>
     <span class='ocr_line' id='line_1_34' title="bbox 111 2812 1242 2941; baseline -0.004 -15"><span class='ocrx_word' id='word_1_310' title='bbox 111 2812 167 2926; x_wconf 84' lang='lat' dir='ltr'>luit</span> <span class='ocrx_word' id='word_1_311' title='bbox 187 2860 390 2941; x_wconf 85' lang='lat' dir='ltr'>Evangelium.</span> <span class='ocrx_word' id='word_1_312' title='bbox 445 2862 564 2922; x_wconf 87' lang='lat' dir='ltr'>Eiectos</span> <span class='ocrx_word' id='word_1_313' title='bbox 596 2861 683 2921; x_wconf 89' lang='lat' dir='ltr'>luisse</span> <span class='ocrx_word' id='word_1_314' title='bbox 713 2860 812 2919; x_wconf 88' lang='lat' dir='ltr'>dicens</span> <span class='ocrx_word' id='word_1_315' title='bbox 842 2872 911 2919; x_wconf 89' lang='lat' dir='ltr'>ante</span> <span class='ocrx_word' id='word_1_316' title='bbox 932 2872 1063 2920; x_wconf 85' lang='lat' dir='ltr'>creatum</span> <span class='ocrx_word' id='word_1_317' title='bbox 1098 2862 1242 2937; x_wconf 78' lang='lat' dir='ltr'>mundun,</span> 
     </span>
    </p>
   </div>
   <div class='ocr_carea' id='block_1_3' title="bbox 109 2936 1242 3304">
    <p class='ocr_par' dir='ltr' id='par_1_4' title="bbox 109 2936 1242 3304">
     <span class='ocr_line' id='line_1_35' title="bbox 111 2936 1241 3022; baseline -0.003 -19"><span class='ocrx_word' id='word_1_318' title='bbox 111 2959 229 3003; x_wconf 89' lang='lat' dir='ltr'>omnem</span> <span class='ocrx_word' id='word_1_319' title='bbox 251 2940 400 3022; x_wconf 81' lang='lat' dir='ltr'>dignitatis</span> <span class='ocrx_word' id='word_1_320' title='bbox 424 2951 588 3020; x_wconf 86' lang='lat' dir='ltr'>respectum</span> <span class='ocrx_word' id='word_1_321' title='bbox 608 2937 696 2999; x_wconf 92' lang='lat' dir='ltr'>tollit.</span> <span class='ocrx_word' id='word_1_322' title='bbox 746 2936 833 3010; x_wconf 86' lang='lat' dir='ltr'>Quae</span> <span class='ocrx_word' id='word_1_323' title='bbox 865 2938 940 2997; x_wconf 90' lang='lat' dir='ltr'>euim</span> <span class='ocrx_word' id='word_1_324' title='bbox 973 2937 1154 2999; x_wconf 80' lang='lat' dir='ltr'>discriminis</span> <span class='ocrx_word' id='word_1_325' title='bbox 1177 2938 1241 2999; x_wconf 80' lang='lat' dir='ltr'>ratio</span> 
     </span>
     <span class='ocr_line' id='line_1_36' title="bbox 109 3013 1242 3096; baseline -0.003 -18"><span class='ocrx_word' id='word_1_326' title='bbox 109 3020 189 3078; x_wconf 87' lang='lat' dir='ltr'>inter</span> <span class='ocrx_word' id='word_1_327' title='bbox 209 3037 259 3076; x_wconf 88' lang='lat' dir='ltr'>eos</span> <span class='ocrx_word' id='word_1_328' title='bbox 279 3016 329 3096; x_wconf 93' lang='lat' dir='ltr'>qui</span> <span class='ocrx_word' id='word_1_329' title='bbox 354 3017 485 3077; x_wconf 94' lang='lat' dir='ltr'>nondum</span> <span class='ocrx_word' id='word_1_330' title='bbox 506 3027 604 3088; x_wconf 89' lang='lat' dir='ltr'>erant,</span> <span class='ocrx_word' id='word_1_331' title='bbox 629 3026 659 3074; x_wconf 93' lang='lat' dir='ltr'>et</span> <span class='ocrx_word' id='word_1_332' title='bbox 682 3013 732 3094; x_wconf 92' lang='lat' dir='ltr'>qui</span> <span class='ocrx_word' id='word_1_333' title='bbox 757 3013 864 3072; x_wconf 89' lang='lat' dir='ltr'>deinde</span> <span class='ocrx_word' id='word_1_334' title='bbox 883 3014 913 3073; x_wconf 96' lang='lat' dir='ltr'>in</span> <span class='ocrx_word' id='word_1_335' title='bbox 934 3013 1026 3072; x_wconf 74' lang='lat' dir='ltr'>uldam</span> <span class='ocrx_word' id='word_1_336' title='bbox 1049 3035 1140 3094; x_wconf 82' lang='lat' dir='ltr'>pares</span> <span class='ocrx_word' id='word_1_337' title='bbox 1161 3015 1242 3077; x_wconf 76' lang='lat' dir='ltr'>lutati</span> 
     </span>
     <span class='ocr_line' id='line_1_37' title="bbox 111 3090 1242 3169; baseline -0.003 -15"><span class='ocrx_word' id='word_1_338' title='bbox 111 3094 214 3155; x_wconf 80' lang='lat' dir='ltr'>erant?</span> <span class='ocrx_word' id='word_1_339' title='bbox 253 3093 315 3151; x_wconf 90' lang='lat' dir='ltr'>laru</span> <span class='ocrx_word' id='word_1_340' title='bbox 335 3093 359 3153; x_wconf 83' lang='lat' dir='ltr'>ai</span> <span class='ocrx_word' id='word_1_341' title='bbox 385 3092 472 3153; x_wconf 88' lang='lat' dir='ltr'>electi</span> <span class='ocrx_word' id='word_1_342' title='bbox 496 3093 525 3152; x_wconf 93' lang='lat' dir='ltr'>in</span> <span class='ocrx_word' id='word_1_343' title='bbox 548 3091 682 3167; x_wconf 85' lang='lat' dir='ltr'>Christo,</span> <span class='ocrx_word' id='word_1_344' title='bbox 702 3092 835 3169; x_wconf 89' lang='lat' dir='ltr'>sequitur</span> <span class='ocrx_word' id='word_1_345' title='bbox 855 3111 916 3150; x_wconf 91' lang='lat' dir='ltr'>non</span> <span class='ocrx_word' id='word_1_346' title='bbox 937 3090 1027 3150; x_wconf 83' lang='lat' dir='ltr'>ruodo</span> <span class='ocrx_word' id='word_1_347' title='bbox 1050 3112 1147 3151; x_wconf 88' lang='lat' dir='ltr'>uuum</span> <span class='ocrx_word' id='word_1_348' title='bbox 1170 3112 1242 3155; x_wconf 87' lang='lat' dir='ltr'>neur-</span> 
     </span>
     <span class='ocr_line' id='line_1_38' title="bbox 111 3167 1242 3304; baseline -0.001 -74"><span class='ocrx_word' id='word_1_349' title='bbox 111 3191 169 3251; x_wconf 86' lang='lat' dir='ltr'>que</span> <span class='ocrx_word' id='word_1_350' title='bbox 190 3181 268 3229; x_wconf 83' lang='lat' dir='ltr'>extra</span> <span class='ocrx_word' id='word_1_351' title='bbox 289 3190 335 3245; x_wconf 88' lang='lat' dir='ltr'>ae,</span> <span class='ocrx_word' id='word_1_352' title='bbox 356 3170 407 3231; x_wconf 84' lang='lat' dir='ltr'>red</span> <span class='ocrx_word' id='word_1_353' title='bbox 428 3170 515 3228; x_wconf 89' lang='lat' dir='ltr'>etiam</span> <span class='ocrx_word' id='word_1_354' title='bbox 535 3168 607 3228; x_wconf 89' lang='lat' dir='ltr'>alios</span> <span class='ocrx_word' id='word_1_355' title='bbox 627 3168 662 3228; x_wconf 84' lang='lat' dir='ltr'>ab</span> <span class='ocrx_word' id='word_1_356' title='bbox 684 3167 744 3227; x_wconf 85' lang='lat' dir='ltr'>aliis</span> <span class='ocrx_word' id='word_1_357' title='bbox 764 3180 948 3304; x_wconf 58' lang='lat' dir='ltr'>segregatos:</span> <span class='ocrx_word' id='word_1_358' title='bbox 974 3168 1095 3245; x_wconf 84' lang='lat' dir='ltr'>quando</span> <span class='ocrx_word' id='word_1_359' title='bbox 1119 3170 1148 3229; x_wconf 85' lang='lat' dir='ltr'>vi</span> <span class='ocrx_word' id='word_1_360' title='bbox 1171 3190 1242 3231; x_wconf 77' lang='lat' dir='ltr'>emur</span> 
     </span>
    </p>
   </div>
   <div class='ocr_carea' id='block_1_4' title="bbox 101 3243 1246 4405">
    <p class='ocr_par' dir='ltr' id='par_1_5' title="bbox 101 3243 1246 4075">
     <span class='ocr_line' id='line_1_39' title="bbox 111 3243 1243 3323; baseline -0.003 -15"><span class='ocrx_word' id='word_1_361' title='bbox 111 3268 173 3308; x_wconf 92' lang='lat' dir='ltr'>non</span> <span class='ocrx_word' id='word_1_362' title='bbox 193 3265 297 3305; x_wconf 90' lang='lat' dir='ltr'>omnes</span> <span class='ocrx_word' id='word_1_363' title='bbox 317 3266 379 3307; x_wconf 86' lang='lat' dir='ltr'>esse</span> <span class='ocrx_word' id='word_1_364' title='bbox 402 3246 512 3307; x_wconf 85' lang='lat' dir='ltr'>Christi</span> <span class='ocrx_word' id='word_1_365' title='bbox 532 3245 673 3303; x_wconf 84' lang='lat' dir='ltr'>membra.</span> <span class='ocrx_word' id='word_1_366' title='bbox 714 3243 785 3317; x_wconf 87' lang='lat' dir='ltr'>Quo</span> <span class='ocrx_word' id='word_1_367' title='bbox 826 3245 942 3303; x_wconf 90' lang='lat' dir='ltr'>aditur</span> <span class='ocrx_word' id='word_1_368' title='bbox 962 3243 1049 3302; x_wconf 88' lang='lat' dir='ltr'>luisse</span> <span class='ocrx_word' id='word_1_369' title='bbox 1070 3244 1198 3323; x_wconf 85' lang='lat' dir='ltr'>electos,</span> <span class='ocrx_word' id='word_1_370' title='bbox 1215 3257 1243 3305; x_wconf 85' lang='lat' dir='ltr'>ut</span> 
     </span>
     <span class='ocr_line' id='line_1_40' title="bbox 110 3320 1244 3412; baseline -0.001 -27"><span class='ocrx_word' id='word_1_371' title='bbox 110 3334 208 3385; x_wconf 80' lang='lat' dir='ltr'>essent</span> <span class='ocrx_word' id='word_1_372' title='bbox 226 3322 329 3397; x_wconf 89' lang='lat' dir='ltr'>sancti,</span> <span class='ocrx_word' id='word_1_373' title='bbox 349 3342 480 3382; x_wconf 89' lang='lat' dir='ltr'>errorem</span> <span class='ocrx_word' id='word_1_374' title='bbox 498 3335 599 3400; x_wconf 87' lang='lat' dir='ltr'>aperte</span> <span class='ocrx_word' id='word_1_375' title='bbox 613 3320 732 3395; x_wconf 79' lang='lat' dir='ltr'>refutat,</span> <span class='ocrx_word' id='word_1_376' title='bbox 751 3322 800 3412; x_wconf 80' lang='lat' dir='ltr'>qui</span> <span class='ocrx_word' id='word_1_377' title='bbox 812 3320 988 3381; x_wconf 86' lang='lat' dir='ltr'>electionem</span> <span class='ocrx_word' id='word_1_378' title='bbox 999 3341 1033 3378; x_wconf 84' lang='lat' dir='ltr'>ex</span> <span class='ocrx_word' id='word_1_379' title='bbox 1053 3323 1244 3401; x_wconf 69' lang='lat' dir='ltr'>praescientia</span> 
     </span>
     <span class='ocr_line' id='line_1_41' title="bbox 110 3397 1244 3489; baseline -0.001 -28"><span class='ocrx_word' id='word_1_380' title='bbox 110 3400 244 3461; x_wconf 87' lang='lat' dir='ltr'>deducit:</span> <span class='ocrx_word' id='word_1_381' title='bbox 293 3399 389 3458; x_wconf 76' lang='lat' dir='ltr'>uafldo</span> <span class='ocrx_word' id='word_1_382' title='bbox 414 3398 553 3459; x_wconf 84' lang='lat' dir='ltr'>reclamat</span> <span class='ocrx_word' id='word_1_383' title='bbox 570 3398 693 3474; x_wconf 87' lang='lat' dir='ltr'>Paulus,</span> <span class='ocrx_word' id='word_1_384' title='bbox 718 3398 855 3489; x_wconf 75' lang='lat' dir='ltr'>quicquid</span> <span class='ocrx_word' id='word_1_385' title='bbox 880 3397 994 3458; x_wconf 86' lang='lat' dir='ltr'>virtutis</span> <span class='ocrx_word' id='word_1_386' title='bbox 1019 3397 1051 3457; x_wconf 92' lang='lat' dir='ltr'>in</span> <span class='ocrx_word' id='word_1_387' title='bbox 1077 3398 1244 3460; x_wconf 81' lang='lat' dir='ltr'>hominibus</span> 
     </span>
     <span class='ocr_line' id='line_1_42' title="bbox 109 3419 1245 3557; baseline -0.001 -18"><span class='ocrx_word' id='word_1_388' title='bbox 109 3488 243 3557; x_wconf 85' lang='lat' dir='ltr'>apparet,</span> <span class='ocrx_word' id='word_1_389' title='bbox 263 3419 415 3535; x_wconf 58' lang='lat' dir='ltr'>illectionis</span> <span class='ocrx_word' id='word_1_390' title='bbox 436 3496 497 3535; x_wconf 89' lang='lat' dir='ltr'>csse</span> <span class='ocrx_word' id='word_1_391' title='bbox 510 3476 659 3536; x_wconf 85' lang='lat' dir='ltr'>ellectum.</span> <span class='ocrx_word' id='word_1_392' title='bbox 700 3476 760 3534; x_wconf 87' lang='lat' dir='ltr'>Iam</span> <span class='ocrx_word' id='word_1_393' title='bbox 781 3499 804 3533; x_wconf 89' lang='lat' dir='ltr'>sr</span> <span class='ocrx_word' id='word_1_394' title='bbox 825 3496 907 3534; x_wconf 83' lang='lat' dir='ltr'>causa</span> <span class='ocrx_word' id='word_1_395' title='bbox 927 3474 1064 3551; x_wconf 85' lang='lat' dir='ltr'>superior</span> <span class='ocrx_word' id='word_1_396' title='bbox 1083 3476 1245 3555; x_wconf 83' lang='lat' dir='ltr'>quaeritur,</span> 
     </span>
     <span class='ocr_line' id='line_1_43' title="bbox 110 3550 1245 3647; baseline -0.001 -33"><span class='ocrx_word' id='word_1_397' title='bbox 110 3554 271 3647; x_wconf 87' lang='lat' dir='ltr'>respondet</span> <span class='ocrx_word' id='word_1_398' title='bbox 291 3551 397 3611; x_wconf 88' lang='lat' dir='ltr'>Paulus</span> <span class='ocrx_word' id='word_1_399' title='bbox 418 3553 514 3611; x_wconf 89' lang='lat' dir='ltr'>Deum</span> <span class='ocrx_word' id='word_1_400' title='bbox 535 3554 574 3612; x_wconf 89' lang='lat' dir='ltr'>ita</span> <span class='ocrx_word' id='word_1_401' title='bbox 596 3552 840 3632; x_wconf 71' lang='lat' dir='ltr'>praedestinasse,</span> <span class='ocrx_word' id='word_1_402' title='bbox 868 3564 899 3610; x_wconf 93' lang='lat' dir='ltr'>et</span> <span class='ocrx_word' id='word_1_403' title='bbox 918 3550 1036 3630; x_wconf 88' lang='lat' dir='ltr'>quidem</span> <span class='ocrx_word' id='word_1_404' title='bbox 1063 3573 1123 3631; x_wconf 91' lang='lat' dir='ltr'>pro</span> <span class='ocrx_word' id='word_1_405' title='bbox 1145 3554 1245 3615; x_wconf 82' lang='lat' dir='ltr'>volun·</span> 
     </span>
     <span class='ocr_line' id='line_1_44' title="bbox 111 3628 1246 3709; baseline 0 -17"><span class='ocrx_word' id='word_1_406' title='bbox 111 3643 177 3693; x_wconf 78' lang='lat' dir='ltr'>tatis</span> <span class='ocrx_word' id='word_1_407' title='bbox 207 3648 277 3689; x_wconf 89' lang='lat' dir='ltr'>suae</span> <span class='ocrx_word' id='word_1_408' title='bbox 307 3628 501 3709; x_wconf 87' lang='lat' dir='ltr'>beneplacito.</span> <span class='ocrx_word' id='word_1_409' title='bbox 555 3629 670 3703; x_wconf 85' lang='lat' dir='ltr'>Quibus</span> <span class='ocrx_word' id='word_1_410' title='bbox 690 3628 788 3687; x_wconf 86' lang='lat' dir='ltr'>verbis</span> <span class='ocrx_word' id='word_1_411' title='bbox 813 3628 918 3695; x_wconf 69' lang='lat' dir='ltr'>euertit</span> <span class='ocrx_word' id='word_1_412' title='bbox 937 3648 1138 3708; x_wconf 85' lang='lat' dir='ltr'>quaecunque</span> <span class='ocrx_word' id='word_1_413' title='bbox 1163 3629 1195 3691; x_wconf 91' lang='lat' dir='ltr'>in</span> <span class='ocrx_word' id='word_1_414' title='bbox 1216 3648 1246 3691; x_wconf 78' lang='lat' dir='ltr'>te</span> 
     </span>
     <span class='ocr_line' id='line_1_45' title="bbox 109 3705 1245 3788; baseline -0.001 -20"><span class='ocrx_word' id='word_1_415' title='bbox 109 3708 180 3788; x_wconf 88' lang='lat' dir='ltr'>ipsis</span> <span class='ocrx_word' id='word_1_416' title='bbox 200 3706 397 3786; x_wconf 86' lang='lat' dir='ltr'>imaginantur</span> <span class='ocrx_word' id='word_1_417' title='bbox 417 3705 550 3766; x_wconf 85' lang='lat' dir='ltr'>homines</span> <span class='ocrx_word' id='word_1_418' title='bbox 571 3705 723 3764; x_wconf 86' lang='lat' dir='ltr'>electionis</span> <span class='ocrx_word' id='word_1_419' title='bbox 743 3723 811 3764; x_wconf 88' lang='lat' dir='ltr'>suae</span> <span class='ocrx_word' id='word_1_420' title='bbox 831 3706 939 3763; x_wconf 89' lang='lat' dir='ltr'>media:</span> <span class='ocrx_word' id='word_1_421' title='bbox 961 3724 1026 3762; x_wconf 90' lang='lat' dir='ltr'>nam</span> <span class='ocrx_word' id='word_1_422' title='bbox 1043 3717 1074 3763; x_wconf 91' lang='lat' dir='ltr'>et</span> <span class='ocrx_word' id='word_1_423' title='bbox 1095 3726 1245 3785; x_wconf 80' lang='lat' dir='ltr'>quaeeun-</span> 
     </span>
     <span class='ocr_line' id='line_1_46' title="bbox 110 3779 1246 3865; baseline 0.001 -23"><span class='ocrx_word' id='word_1_424' title='bbox 110 3804 168 3865; x_wconf 75' lang='lat' dir='ltr'>que</span> <span class='ocrx_word' id='word_1_425' title='bbox 188 3783 223 3842; x_wconf 90' lang='lat' dir='ltr'>ad</span> <span class='ocrx_word' id='word_1_426' title='bbox 243 3782 426 3860; x_wconf 83' lang='lat' dir='ltr'>spiritualem</span> <span class='ocrx_word' id='word_1_427' title='bbox 441 3784 526 3842; x_wconf 88' lang='lat' dir='ltr'>vitam</span> <span class='ocrx_word' id='word_1_428' title='bbox 547 3781 689 3842; x_wconf 87' lang='lat' dir='ltr'>beneficia</span> <span class='ocrx_word' id='word_1_429' title='bbox 709 3782 826 3841; x_wconf 82' lang='lat' dir='ltr'>confert</span> <span class='ocrx_word' id='word_1_430' title='bbox 836 3782 928 3854; x_wconf 87' lang='lat' dir='ltr'>Deus,</span> <span class='ocrx_word' id='word_1_431' title='bbox 948 3802 981 3838; x_wconf 80' lang='lat' dir='ltr'>ex</span> <span class='ocrx_word' id='word_1_432' title='bbox 1003 3779 1060 3840; x_wconf 88' lang='lat' dir='ltr'>hoc</span> <span class='ocrx_word' id='word_1_433' title='bbox 1081 3803 1149 3843; x_wconf 91' lang='lat' dir='ltr'>uno</span> <span class='ocrx_word' id='word_1_434' title='bbox 1167 3783 1246 3845; x_wconf 84' lang='lat' dir='ltr'>sonte</span> 
     </span>
     <span class='ocr_line' id='line_1_47' title="bbox 109 3858 1245 3941; baseline 0.002 -21"><span class='ocrx_word' id='word_1_435' title='bbox 109 3880 227 3920; x_wconf 86' lang='lat' dir='ltr'>manare</span> <span class='ocrx_word' id='word_1_436' title='bbox 249 3862 347 3930; x_wconf 83' lang='lat' dir='ltr'>docet,</span> <span class='ocrx_word' id='word_1_437' title='bbox 368 3860 433 3937; x_wconf 89' lang='lat' dir='ltr'>quia</span> <span class='ocrx_word' id='word_1_438' title='bbox 455 3860 545 3941; x_wconf 91' lang='lat' dir='ltr'>elegit</span> <span class='ocrx_word' id='word_1_439' title='bbox 565 3879 638 3938; x_wconf 88' lang='lat' dir='ltr'>quos</span> <span class='ocrx_word' id='word_1_440' title='bbox 659 3858 752 3916; x_wconf 89' lang='lat' dir='ltr'>voluit</span> <span class='ocrx_word' id='word_1_441' title='bbox 771 3858 867 3931; x_wconf 88' lang='lat' dir='ltr'>Deus,</span> <span class='ocrx_word' id='word_1_442' title='bbox 888 3869 918 3916; x_wconf 90' lang='lat' dir='ltr'>et</span> <span class='ocrx_word' id='word_1_443' title='bbox 937 3870 1005 3916; x_wconf 85' lang='lat' dir='ltr'>aute</span> <span class='ocrx_word' id='word_1_444' title='bbox 1029 3878 1096 3917; x_wconf 87' lang='lat' dir='ltr'>uam</span> <span class='ocrx_word' id='word_1_445' title='bbox 1119 3862 1185 3921; x_wconf 75' lang='lat' dir='ltr'>uati</span> <span class='ocrx_word' id='word_1_446' title='bbox 1202 3878 1245 3921; x_wconf 79' lang='lat' dir='ltr'>et·</span> 
     </span>
     <span class='ocr_line' id='line_1_48' title="bbox 107 3878 1245 4074; baseline 0 -76"><span class='ocrx_word' id='word_1_447' title='bbox 107 3949 191 4074; x_wconf 54' lang='lat' dir='ltr'>pepp,</span> <span class='ocrx_word' id='word_1_448' title='bbox 224 3936 347 4019; x_wconf 88' lang='lat' dir='ltr'>gratiam</span> <span class='ocrx_word' id='word_1_449' title='bbox 374 3957 431 4015; x_wconf 89' lang='lat' dir='ltr'>qua</span> <span class='ocrx_word' id='word_1_450' title='bbox 456 3935 570 4019; x_wconf 85' lang='lat' dir='ltr'>dignari</span> <span class='ocrx_word' id='word_1_451' title='bbox 595 3955 646 3996; x_wconf 86' lang='lat' dir='ltr'>eos</span> <span class='ocrx_word' id='word_1_452' title='bbox 668 3933 804 4010; x_wconf 80' lang='lat' dir='ltr'>volebat,</span> <span class='ocrx_word' id='word_1_453' title='bbox 838 3953 969 3995; x_wconf 86' lang='lat' dir='ltr'>seorsum</span> <span class='ocrx_word' id='word_1_454' title='bbox 1001 3878 1060 3994; x_wconf 81' lang='lat' dir='ltr'>illis</span> <span class='ocrx_word' id='word_1_455' title='bbox 1085 3936 1245 4017; x_wconf 72' lang='lat' dir='ltr'>repositam</span> 
     </span>
     <span class='ocr_line' id='line_1_49' title="bbox 101 4015 221 4075; baseline -0.017 0"><span class='ocrx_word' id='word_1_456' title='bbox 101 4018 105 4035; x_wconf 75' lang='lat'><em>¹</em></span> <span class='ocrx_word' id='word_1_457' title='bbox 130 4036 146 4075; x_wconf 84' lang='lat' dir='ltr'>a</span> <span class='ocrx_word' id='word_1_458' title='bbox 170 4015 221 4074; x_wconf 83' lang='lat' dir='ltr'>uit.</span> 
     </span>
    </p>

    <p class='ocr_par' dir='ltr' id='par_1_6' title="bbox 109 4085 1246 4405">
     <span class='ocr_line' id='line_1_50' title="bbox 185 4085 1245 4171; baseline 0.003 -22"><span class='ocrx_word' id='word_1_459' title='bbox 185 4096 214 4155; x_wconf 84' lang='grc'>3.</span> <span class='ocrx_word' id='word_1_460' title='bbox 255 4090 431 4169; x_wconf 88' lang='lat' dir='ltr'>Ubicunque</span> <span class='ocrx_word' id='word_1_461' title='bbox 451 4109 521 4148; x_wconf 85' lang='lat' dir='ltr'>vero</span> <span class='ocrx_word' id='word_1_462' title='bbox 541 4099 647 4171; x_wconf 86' lang='lat' dir='ltr'>regnat</span> <span class='ocrx_word' id='word_1_463' title='bbox 667 4088 723 4148; x_wconf 86' lang='lat' dir='ltr'>hoc</span> <span class='ocrx_word' id='word_1_464' title='bbox 742 4088 800 4147; x_wconf 87' lang='lat' dir='ltr'>Dei</span> <span class='ocrx_word' id='word_1_465' title='bbox 822 4086 975 4167; x_wconf 87' lang='lat' dir='ltr'>placitum,</span> <span class='ocrx_word' id='word_1_466' title='bbox 995 4085 1075 4146; x_wconf 82' lang='lat' dir='ltr'>nulla</span> <span class='ocrx_word' id='word_1_467' title='bbox 1095 4087 1131 4149; x_wconf 88' lang='lat' dir='ltr'>in</span> <span class='ocrx_word' id='word_1_468' title='bbox 1153 4088 1245 4151; x_wconf 82' lang='lat' dir='ltr'>conti·</span> 
     </span>
     <span class='ocr_line' id='line_1_51' title="bbox 110 4164 1233 4246; baseline 0.001 -20"><span class='ocrx_word' id='word_1_469' title='bbox 110 4165 292 4228; x_wconf 85' lang='lat' dir='ltr'>demtionem</span> <span class='ocrx_word' id='word_1_470' title='bbox 314 4168 436 4226; x_wconf 84' lang='lat' dir='ltr'>veniunt</span> <span class='ocrx_word' id='word_1_471' title='bbox 455 4185 556 4245; x_wconf 87' lang='lat' dir='ltr'>opera.</span> <span class='ocrx_word' id='word_1_472' title='bbox 600 4164 768 4224; x_wconf 80' lang='lat' dir='ltr'>Antithesin</span> <span class='ocrx_word' id='word_1_473' title='bbox 790 4164 908 4243; x_wconf 87' lang='lat' dir='ltr'>quidem</span> <span class='ocrx_word' id='word_1_474' title='bbox 936 4164 982 4223; x_wconf 89' lang='lat' dir='ltr'>hic</span> <span class='ocrx_word' id='word_1_475' title='bbox 1007 4184 1069 4223; x_wconf 91' lang='lat' dir='ltr'>non</span> <span class='ocrx_word' id='word_1_476' title='bbox 1090 4186 1184 4246; x_wconf 85' lang='lat' dir='ltr'>prose</span> <span class='ocrx_word' id='word_1_477' title='bbox 1224 4164 1233 4181; x_wconf 83' lang='lat'>&#39;</span> 
     </span>
     <span class='ocr_line' id='line_1_52' title="bbox 109 4240 1246 4321; baseline 0.001 -17"><span class='ocrx_word' id='word_1_478' title='bbox 109 4254 169 4318; x_wconf 86' lang='lat' dir='ltr'>tur,</span> <span class='ocrx_word' id='word_1_479' title='bbox 188 4244 240 4304; x_wconf 93' lang='lat' dir='ltr'>sed</span> <span class='ocrx_word' id='word_1_480' title='bbox 258 4243 460 4304; x_wconf 82' lang='lat' dir='ltr'>subaudienda</span> <span class='ocrx_word' id='word_1_481' title='bbox 479 4254 533 4318; x_wconf 87' lang='lat' dir='ltr'>est,</span> <span class='ocrx_word' id='word_1_482' title='bbox 553 4241 645 4321; x_wconf 90' lang='lat' dir='ltr'>qualis</span> <span class='ocrx_word' id='word_1_483' title='bbox 665 4240 734 4301; x_wconf 90' lang='lat' dir='ltr'>alibi</span> <span class='ocrx_word' id='word_1_484' title='bbox 755 4241 915 4321; x_wconf 81' lang='lat' dir='ltr'>explicatur</span> <span class='ocrx_word' id='word_1_485' title='bbox 934 4240 971 4300; x_wconf 91' lang='lat' dir='ltr'>ab</span> <span class='ocrx_word' id='word_1_486' title='bbox 991 4240 1132 4319; x_wconf 89' lang='lat' dir='ltr'>lpsomet.</span> <span class='ocrx_word' id='word_1_487' title='bbox 1164 4285 1185 4319; x_wconf 91' lang='lat'><strong>„</strong></span> <span class='ocrx_word' id='word_1_488' title='bbox 1213 4264 1246 4305; x_wconf 84' lang='lat' dir='ltr'>o·</span> 
     </span>
     <span class='ocr_line' id='line_1_53' title="bbox 110 4319 1246 4405; baseline 0.002 -23"><span class='ocrx_word' id='word_1_489' title='bbox 110 4321 207 4397; x_wconf 78' lang='lat' dir='ltr'>„cruit</span> <span class='ocrx_word' id='word_1_490' title='bbox 224 4340 280 4382; x_wconf 85' lang='lat' dir='ltr'>nos</span> <span class='ocrx_word' id='word_1_491' title='bbox 298 4319 410 4400; x_wconf 86' lang='lat' dir='ltr'>(inquit</span> <span class='ocrx_word' id='word_1_492' title='bbox 428 4320 469 4381; x_wconf 88' lang='lat' dir='ltr'>ll.</span> <span class='ocrx_word' id='word_1_493' title='bbox 489 4319 567 4380; x_wconf 79' lang='lat' dir='ltr'><strong>Tim.</strong></span> <span class='ocrx_word' id='word_1_494' title='bbox 586 4325 615 4394; x_wconf 85' lang='lat'>1,</span> <span class='ocrx_word' id='word_1_495' title='bbox 633 4319 677 4397; x_wconf 77' lang='lat'>9.)</span> <span class='ocrx_word' id='word_1_496' title='bbox 697 4320 853 4381; x_wconf 82' lang='lat' dir='ltr'>vocatione</span> <span class='ocrx_word' id='word_1_497' title='bbox 871 4328 981 4395; x_wconf 81' lang='lat' dir='ltr'>sancta,</span> <span class='ocrx_word' id='word_1_498' title='bbox 1000 4338 1065 4379; x_wconf 88' lang='lat' dir='ltr'>non</span> <span class='ocrx_word' id='word_1_499' title='bbox 1083 4320 1246 4405; x_wconf 75' lang='lat' dir='ltr'>secundun</span> 
     </span>
    </p>
   </div>
   <div class='ocr_carea' id='block_1_5' title="bbox 0 0 1354 4732">
    <p class='ocr_par' dir='ltr' id='par_1_7' title="bbox 0 0 1354 4732">
     <span class='ocr_line' id='line_1_54' title="bbox 0 0 1354 4732; baseline 0 0"><span class='ocrx_word' id='word_1_500' title='bbox 0 0 1354 4732; x_wconf 95' lang='lat' dir='ltr'> </span> 
     </span>
    </p>
   </div>
  </div>
 </body>
</html>
