2700 4732
110 196 171 265 m
294 174 331 189 ”
504 188 873 269 mmwm

111 302 290 426 positionem
317 333 447 399 sordium
471 334 581 413 caruis,
600 334 663 398 sed·
677 325 1023 399 couscientiam'honans
1046 334 1128 419 apud
1145 334 1264 415 Dan,

92 436 189 503 quc
208 436 243 478 ex
261 413 320 476 fide
339 422 393 475 eat.
435 410 502 477 Ino
529 433 591 473 nou
615 410 704 473 aliam
722 410 811 474 nobis
830 412 1068 493 purificationem
1086 412 1258 495 Baptismus

2 510 5 517 '
110 492 280 579 pollicetur,
298 510 386 572 quam
406 508 460 581 per
478 491 678 569 aspersionem
695 488 845 571 sanguinis
862 488 984 566 Christi,
1002 491 1056 571 qni
1074 508 1259 572 peraqun,

110 582 237 655 propter
255 567 415 629 mundauds
434 563 636 646 abluendique
651 563 871 627 similitudinem
891 565 1044 649 liguratur.
1082 566 1163 643 Quis
1181 587 1257 650 ergo

112 658 173 712 nos'
188 666 261 728 aqua
281 645 336 706 ista
355 643 488 703 mundari
508 642 595 715 dicat,
614 662 689 721 quae
707 654 791 703 certo
812 654 935 703 testatur
947 642 1062 705 Christi
1080 664 1133 705 san
1157 644 1257 705 uineru

110 744 214 788 verum
234 733 404 799 essemque
423 718 541 783 unicum
561 730 697 778 nostrum
716 716 881 780 lavacrum?
905 731 938 780 ιιι
962 739 1026 780 nou
1051 662 1175 782 aliuube
1190 720 1256 813 peti

112 810 202 884 queat
219 798 330 861 certior
349 794 425 856 ratio
445 794 481 854 ad
502 793 693 855 refellendam
718 814 823 856 eorum
848 793 1124 871 hallucinationem,
1147 816 1200 877 qm
1216 794 1254 857 ad

111 896 206 959 aquae
225 875 363 938 uirtutem
383 870 517 931 referunt
536 872 651 943 omnia,
670 890 757 951 quam
777 872 814 932 ab
833 872 928 952 ipsius
941 872 1084 1009 baptismi
1104 872 1253 967 signitica-

111 957 207 1030 tio'ne,
247 971 302 1013 une
320 961 378 1010 tam
398 947 435 1007 ab
457 946 604 1008 elemento
625 947 809 1023 illovisibili,
850 948 909 1009 uod
930 968 986 1010 ocu
999 949 1022 1011 is
1041 960 1158 1012 nostras
1177 948 1254 1012 obii·

44 1044 49 1063 ‘
113 1032 200 1106 citur,
219 1051 235 1091 a
258 1025 376 1117 strahit,
393 1022 481 1116 quam
499 1022 535 1084 ah
556 1022 620 1085 aliis
633 1024 771 1087 omnihus
782 969 895 1103 meilis,
914 1037 948 1086 ut
966 1028 1019 1086 uui
1028 1024 1155 1089 Christo
1169 1046 1255 1087 rnen·

112 1120 158 1172 tea
177 1118 291 1168 nostras
311 1103 465 1162 devinciat.

189 1189 219 1250 3.
256 1182 362 1259 Neque
385 1195 458 1238 rero
489 1174 710 1239 existimandum
741 1186 801 1250 est,
831 1178 978 1261 Baptisma
1000 1178 1034 1240 iu
1058 1177 1254 1260 praeteritum

114 1260 254 1321 duntaxat
271 1267 386 1335 tempus
405 1253 553 1328 content,
571 1265 606 1314 ιιι
624 1254 708 1317 novis
727 1252 870 1336 lapsibus,
890 1260 920 1317 in
940 1276 1015 1337 quos
1035 1278 1052 1317 a
1071 1256 1255 1337 Baptismate

112 1335 285 1407 recidimus,
312 1329 480 1411 quaerenda
511 1329 571 1390 sint
601 1330 654 1391 alia
679 1351 755 1392 uova
781 1332 952 1412 expiationis
978 1332 1112 1393 remedia
1135 1332 1168 1393 in
1192 1331 1255 1394 ali'n

113 1412 215 1476 nescio
261 1408 346 1470 nibus
367 1407 577 1480 sacramentis,
603 1406 727 1485 perinde
752 1408 812 1470 cesi
835 1410 912 1471 illius
934 1408 977 1470 ris
1002 1408 1141 1471 obsoleta
1166 1419 1253 1469 esset

86 1488 182 1552 ,Ηοι
200 1486 250 1569 qui
273 1506 318 1547 em
339 1502 442 1544 errore
467 1482 536 1543 olim
569 1481 678 1543 lactum
703 1495 763 1556 est,
794 1496 827 1545 ut
850 1484 985 1547 nonnulli
1009 1486 1067 1547 uisi
1091 1485 1125 1546 in
1146 1484 1253 1547 ultimo

111 1566 189 1627 ritae
209 1562 393 1639 discrimine,
418 1569 507 1639 atque
526 1559 600 1621 adeo
627 1559 706 1620 inter
725 1559 843 1623 ultimos
862 1561 997 1643 spiritus,
1020 1562 1175 1643 Baptismo
1195 1561 1255 1622 iui-

111 1642 181 1704 tiari
199 1640 327 1725 nollent,
346 1650 380 1729 ut
397 1636 439 1698 sic
459 1635 551 1697 totius
568 1634 838 1730 ritaeobtiuercut
856 1639 983 1731 ueniam:
1002 1638 1034 1698 in
1047 1660 1144 1731 'quarn
1164 1657 1253 1731 prae·

134 1730 261 1781 osteraru
281 1727 447 1776 cautionem
467 1726 584 1773 veteres
609 1733 740 1793 episcopt
758 1726 848 1776 toties
867 1727 1071 1796 inscripturus
1088 1737 1151 1776 suas
1170 1734 1253 1775 ιιιιι·

111 1740 233 1856 buntur.
271 1792 321 1853 Sis·
340 1802 439 1851 autem
463 1788 652 1870 cogitandum
677 1802 737 1866 est,
760 1811 938 1885 quocunque
962 1792 1152 1873 baptizemur
1174 1802 1253 1853 tem·

11 1902 16 1913 ·
134 1891 199 1946 ore,
217 1890 272 1932 nos
290 1866 381 1929 semel
400 1867 430 1926 ln
450 1886 569 1927 omnem
587 1867 679 1925 vitam
697 1865 777 1931 ablnr
796 1879 826 1928 et
844 1869 976 1950 pnrgari.
1012 1869 1121 1949 ltaque
1133 1868 1252 1949 quoties

110 1894 185 2042 iapsi
206 1946 345 2007 fuerimus
365 1943 525 2024 repetenda
545 1941 602 2002 erit
619 1942 939 2034 baptismimemoria,
964 1956 997 2006 et
1020 1944 1075 2007 hac
1093 1944 1252 2037 armandus

98 2022 1253 2185 ·tt:”tat²,,ttt‘tttttt‘ttmtttttttt§itit‚tttttttttt

77 2203 81 2213 ·
111 2190 213 2241 tameo
232 2176 359 2256 peccatis
377 2194 440 2235 uon
459 2184 504 2234 est
523 2171 659 2232 abolitus.
699 2173 813 2235 Puritas
830 2178 908 2235 euim
922 2174 1035 2237 Christi
1053 2173 1085 2235 iu
1105 2196 1145 2238 eo
1165 2173 1251 2235 nobis

112 2253 214 2317 oblata
233 2265 290 2314 ests
311 2272 346 2314 ea
364 2269 481 2329 semper
498 2248 589 2331 viget,
608 2248 694 2310 nullis
713 2250 832 2313 maculis
852 2253 1047 2334 opprimitur:
1073 2252 1127 2312 sed
1147 2268 1250 2311 onnes

112 2343 229 2392 nostras
247 2329 350 2389 sordes
368 2325 464 2387 abluit
488 2337 519 2385 et
538 2325 671 2407 extergit.
719 2328 824 2408 Neque
844 2329 912 2390 hinc
935 2341 1035 2389 tamen
1056 2327 1200 2409 peccandi
1216 2325 1249 2385 iu

112 2407 244 2468 futurum
268 2403 389 2471 licentia
413 2401 553 2484 captanda
584 2414 628 2462 est
658 2406 708 2482 (ut
730 2416 811 2465 certe
838 2405 905 2465 hinc
924 2405 961 2466 ad
985 2404 1078 2466 talem
1096 2402 1247 2467 andaciam

111 2482 232 2543 minime
251 2478 448 2557 instruimur),
467 2478 518 2539 sed
539 2479 611 2538 haec
630 2477 763 2541 doctrina
783 2483 818 2542 iis
837 2495 950 2543 tautum
968 2482 1106 2556 traditur,
1124 2480 1176 2563 qni
1192 2478 1245 2541 ubi

151 2569 323 2632 oraverunt,
351 2555 406 2617 sub
428 2553 552 2637 peccatis
571 2555 628 2615 suis
649 2556 762 2638 fatigati
783 2570 814 2619 et
833 2558 965 2639 oppressi
984 2568 1120 2641 gemunt,
1137 2566 1171 2617 ut
1188 2552 1243 2615 ha·

111 2578 203 2696 biaut
222 2654 281 2715 qno
301 2653 333 2696 se
353 2632 469 2714 erigant
487 2632 731 2705 accumulentur,
751 2654 789 2694 ne
809 2635 840 2695 in
859 2630 1064 2696 confuiiouena
1080 2652 1114 2695 ae
1132 2631 1242 2711 despe-

111 2712 256 2773 rationem
275 2721 371 2771 roaut.
410 2708 460 2771 Sic
479 2707 588 2769 Paulus
608 2709 664 2783 ait,
686 2709 835 2771 Christum
856 2711 962 2772 lactum
984 2711 1072 2773 uobis
1089 2729 1152 2771 esse
1194 2730 1247 2770 ro¹⁴

110 2789 291 2869 pitiatorem,
309 2786 341 2847 in
361 2784 563 2846 remissionem
584 2787 821 2866 praecedentium
837 2787 1014 2848 delictorum
1028 2731 1250 2868 (Romaim).

112 2868 185 3002 (ἧιο
210 2885 273 2926 unu
299 2874 389 2945 negat
412 2872 584 2944 perpetuam
608 2863 808 2944 assiduamque
832 2877 1021 2944 peccatorum
1047 2865 1251 2925 remissionem

109 2963 125 3004 a
166 2954 292 3004 mortem
312 2938 455 3020 usquein
475 2957 512 2999 eo
533 2937 679 3000 obtineri:
705 2941 757 3000 sed
784 2942 881 3001 datum
902 2962 968 3001 enm
989 2963 1006 3002 a
1025 2940 1117 3001 Patre
1137 2938 1251 3001 miseris

109 3014 1251 3173 tt⁰tttttttf²lttltst³⁸”iltuit,⁰⁰ttttttitt:²t›¹t⁶⁰‹tlt‘t'l

110 3170 197 3232 caudi
216 3169 368 3231 materiam
388 3180 419 3229 et
437 3167 583 3228 licentiam
609 3189 642 3228 es
666 3171 839 3249 impunitate
863 3182 1062 3251 nuncupantur,
1093 3115 1251 3232 nihilpsibi

109 3257 227 3330 praeter
245 3247 318 3305 iram
338 3257 369 3306 et
388 3243 526 3306 iudicium
546 3242 605 3304 Dei
624 3259 795 3323 provocant.

185 3329 214 3387 l.
251 3323 397 3401 Equidem
416 3320 479 3382 scio
499 3319 576 3380 aliud
597 3325 792 3384 communiter
810 3336 962 3406 receptum
987 3343 1068 3401 esse,
1090 3322 1250 3405 poeniteu-

109 3399 167 3461 tiae
192 3411 224 3459 st
242 3398 364 3460 clarium
389 3396 535 3458 beneficio
561 3417 616 3459 noc
641 3400 778 3460 obtinere
803 3413 873 3481 post
891 3402 1075 3481 baptismum
1098 3402 1250 3461 remissio·

109 3497 193 3553 uem,
214 3468 289 3555 qisae
308 3476 401 3554 prima
420 3474 647 3555 regeneratione
668 3496 722 3556 per
740 3476 836 3537 solum
855 3477 1035 3558 Baptismum
1055 3478 1145 3559 nobis
1165 3476 1249 3537 datur

108 3553 164 3631 (cl.
184 3573 246 3633 cap.
265 3557 312 3616 19.
332 3573 355 3611 s.
375 3555 448 3627 12).
500 3549 560 3609 Sed
580 3551 631 3630 qui
652 3552 708 3613 boc
728 3554 1008 3631 comminiscuntur,
1037 3553 1068 3614 iu
1089 3574 1127 3615 eo
1149 3564 1249 3614 emant

109 3628 189 3710 qnod
211 3648 272 3690 uon
293 3627 425 3710 cogitant
443 3636 620 3706 potestatem
641 3627 782 3705 clarium,
808 3630 845 3690 de
865 3652 922 3711 qna
942 3631 1124 3712 loquuntur,
1152 3630 1248 3691 alls·

107 3706 215 3786 ptismo
235 3704 277 3767 aio
296 3703 427 3785 pendere
447 3714 481 3762 nt
507 3701 590 3764 nullo
617 3706 707 3765 modo
728 3706 859 3786 separari
879 3707 995 3769 debeas
1032 3706 1248 3769 Remissiouesn

107 3781 214 3861 accipit
243 3792 383 3863 peccator
412 3779 552 3840 ecclesiae
582 3781 762 3859 ministerio,
795 3803 900 3864 nempe
930 3804 993 3845 uon
1012 3784 1077 3846 siue
1096 3781 1251 3866 Evangelii

107 3857 335 3938 praedicafioue.
375 3855 480 3930 Qualis
500 3868 598 3917 autem
614 3856 669 3918 illa
687 3858 749 3919 est?
778 3859 841 3920 Nos
857 3860 1000 3942 sanguiue
1012 3860 1123 3922 Christi
1142 3879 1247 3921 emun-

107 3935 171 3996 dari
190 3955 207 3995 a
226 3933 363 4015 peccatis.
401 3932 444 3995 hs
465 3932 494 3992 ui
518 3933 623 3995 lavacri
648 3935 724 3996 illins
750 3936 867 4017 signnm
892 3957 926 3998 ac
951 3937 1153 3998 testimonium
1179 3934 1249 4017 qnid

107 4023 152 4072 est
168 4013 224 4073 nisi
243 4009 417 4092 Baptismus.
484 4008 596 4072 idemus
616 4010 708 4094 igitur
726 4025 760 4073 ut
778 4013 814 4073 ad
830 4014 1012 4094 Baptismum
1030 4014 1178 4076 absolutio
1198 4012 1249 4073 illa

105 4087 259 4149 reieratur.
309 4087 350 4149 Et
373 4087 421 4148 bic
440 4105 526 4147 error
546 4091 778 4149 commentitium
804 4090 1009 4182 poeniteutiae
1031 4101 1248 4152 sacramentnm

105 4163 193 4226 nobis
212 4164 341 4245 peperit:
373 4163 491 4245 dequo
512 4162 622 4245 aliquid
642 4177 711 4226 aute
736 4167 835 4249 attigi,
866 4179 897 4228 et
922 4166 1004 4248 quod
1027 4167 1178 4228 residuum
1203 4176 1250 4228 est

104 4260 159 4303 suo
179 4240 248 4303 loco
268 4238 426 4304 absolvam.
477 4238 558 4300 Nihil
584 4251 682 4303 autem
702 4242 808 4303 mirum
827 4242 852 4304 si
871 4240 1022 4318 homiues,
1067 4243 1099 4304 ni
1122 4264 1182 4325 pro
1202 4243 1249 4305 iu·

104 4316 187 4401 genii
205 4317 251 4379 sui
269 4317 399 4381 crassitie
417 4315 508 4381 rebus
528 4317 657 4383 suturis
674 4318 834 4383 immodice
851 4332 923 4385 sunt
940 4318 1032 4400 alisi,
1089 4338 1249 4403 equoque
