2700 4732
481 225 560 287 tut
579 226 633 288 tv,
672 225 761 291 cte.
780 224 859 288 xlx
897 286 900 296 ,
1189 233 1246 297 lbi

107 372 137 432 le
161 372 230 446 isse,
259 380 372 452 septem
392 369 518 464 Spiritus
536 373 630 433 sancti
649 372 790 446 rirtmm,
816 392 906 452 quum
925 381 957 432 et
975 389 1044 432 rere
1061 370 1161 452 plures
1180 393 1244 435 non

106 391 277 510 reierantur
296 447 331 510 ab
352 446 456 520 Iesara,
477 469 564 527 quam
584 469 643 526 sex,
664 448 881 540 necPropbeta
900 448 1003 510 omnes
1022 468 1060 509 eo
1080 448 1148 510 loco
1168 470 1243 510 con·

108 525 230 586 cludere
261 525 401 584 voluerit:
432 536 490 584 tarn
522 527 601 585 enim
631 525 700 585 alibi
721 526 742 584 S
767 526 857 585 intus·
875 525 965 600 vitae,
995 521 1243 602 sanctificationis,

110 603 278 681 adoptionis
302 602 429 660 filiorum
450 601 576 676 dicitur,
604 624 690 682 quarn
721 547 781 663 illic
812 624 840 661 sa
866 603 989 678 lentiae,
1021 601 1244 684 intelligentiae,

111 678 242 750 consilii,
273 676 468 751 fortitudinis,
491 679 630 738 scientiae
651 691 682 738 et
698 624 862 740 timorisll

111 755 160 813 alii
181 755 327 814 acutiores
351 773 412 812 non
438 765 550 833 septem
577 756 711 829 ordines,
736 755 786 815 sed
807 775 912 815 norem
933 754 1058 831 faciunt,
1083 755 1119 814 ad
1138 756 1242 837 simili-

109 831 259 907 tudinem,
284 843 317 890 ut
335 829 438 904 aiunt,
450 833 538 889 trium
561 831 653 891 hantis
673 830 821 892 ecclesiae.
868 831 1066 911 Atque-inter
1085 851 1136 892 eos
1156 831 1243 892 etiam

109 928 209 989 pugna
241 920 300 980 est,
329 907 409 985 quod
441 853 684 968 alii-elluicalem
716 908 995 968 tonsuramvolunt
1024 928 1086 969 esse
1117 909 1244 988 primum

110 985 243 1043 omnium
264 984 415 1056 ordinem,
435 985 635 1064 episcopatum
655 984 802 1044 ultimum-2
828 984 889 1060 alii,
909 985 1022 1045 exclusa
1040 997 1177 1058 tonsura,
1196 1007 1243 1044 ar-

109 1060 358 1140 chiepiscopatum
380 1058 532 1120 ordinibus
560 1073 762 1121 annumerant
786 1090 789 1097 ·
809 1060 939 1121 Isidorus
960 1061 1049 1121 aliter
1062 1061 1243 1143 slestioguitt
1278 1102 1285 1113 -

108 1137 181 1196 lacit
207 1139 284 1196 enirn
311 1137 439 1196 diversos
458 1136 628 1207 ¹Psalmistas
652 1149 683 1196 et
702 1138 842 1198 Lectores
856 1138 920 1272 ”p
964 1137 1037 1198 lllos
1057 1138 1244 1198 cantionibus
1309 1208 1312 1213 ,

132 1213 258 1286 reeicit,
290 1213 343 1274 bos
368 1213 499 1293 legendis
521 1214 585 1272 Scri
609 1214 697 1286 turis,
717 1212 823 1293 quibus
846 1214 893 1292 ple
917 1215 1107 1274 serudiatur.
1145 1213 1245 1294 Atque
1323 1218 1328 1227 ’

109 1235 183 1349 llaec
204 1291 352 1355 distinctio
374 1288 546 1350 Canonibus
566 1235 747 1349 observatur.
790 1290 825 1349 ln
850 1302 931 1350 tanta
949 1291 1088 1351 varietate
1110 1290 1179 1369 qnid
1199 1309 1246 1350 se·

865 678 1013 754 omisit).
1065 678 1242 758 Quanquam

110 1367 161 1503 pul
182 1379 231 1426 aut
250 1368 353 1459 lugere
373 1387 427 1425 nos
447 1364 570 1426 volunt?
609 1366 787 1425 Dicamusne
805 1378 917 1446 septem
938 1386 999 1426 esse
1019 1367 1159 1427 ordines?
1193 1367 1245 1428 Sic
1327 1384 1329 1389 ’

132 1457 200 1503 ocet
218 1456 356 1524 magister
374 1442 506 1501 scholae:
527 1441 577 1502 sed
598 1442 829 1502 illuminatissimi
850 1443 987 1502 doctores
1006 1442 1090 1512 aliter
1104 1443 1246 1503 determi-

109 1532 193 1580 nant.
233 1520 358 1580 Rursum
383 1519 461 1578 inter
486 1537 516 1576 se
537 1518 596 1608 ipsi
621 1518 769 1579 dissident.
807 1518 964 1578 Praeterea
982 1514 1246 1593 sacratissimi-Gt·

108 1616 205 1656 noncs
225 1597 283 1654 alio
304 1616 357 1654 nos
377 1606 492 1655 vocant
533 1595 583 1654 Sic
603 1594 713 1656 scilicet
723 1596 914 1655 consentiunt
933 1594 1078 1672 homines,
1097 1617 1186 1675 quum
1207 1594 1246 1656 tle

108 1672 199 1732 rebus
220 1671 514 1731 divinissineverbo
534 1670 591 1730 Dei
611 1671 781 1751 disceptant
840 1690 843 1697 ·
1184 1692 1187 1697 ·
1231 1724 1235 1731 .

188 1753 234 1812 23.
274 1749 384 1807 Verum
412 1741 607 1806 boc'omnem
631 1747 782 1808 stultitiam
800 1758 934 1827 superat,
962 1746 1043 1826 quod
1070 1749 1100 1806 in
1124 1747 1245 1830 singulis

112 1824 262 1885 Christum
282 1825 337 1885 sibi
358 1824 502 1904 collegam
523 1822 645 1883 faciunt.
690 1824 835 1897 Primum,
864 1823 1105 1902 inquiunrffl),
1133 1825 1246 1887 ostiarii

110 1921 235 1960 munere
257 1902 373 1962 iunctus
394 1913 452 1973 est,
473 1900 590 1979 quando
611 1901 772 1960 vendentes
792 1912 822 1959 et
847 1912 977 1960 ementes
1004 1900 1040 1958 lla
1063 1899 1122 1961 ello
1143 1921 1176 1960 ex
1198 1901 1245 1962 l'u·

111 1978 216 2036 niculis
239 1979 318 2039 iacto
346 1998 362 2036 e
388 1976 499 2054 templo
521 1977 617 2035 eiecit.
659 1976 869 2055 Ostiariurnse
889 1919 1245 2059 essetignilcat,1qsum

111 2055 198 2112 dicit:
218 2055 307 2136 „Ego
328 2076 389 2113 sum
410 2054 547 2112 ostium.“
568 2054 701 2112 Lectoris
720 2074 825 2112 munus
844 2053 1014 2132 assumpsit,
1033 2075 1122 2133 quum
1142 2054 1246 2134 insy-

109 2152 227 2211 nagoga
248 2131 367 2190 Iesaiam
388 2129 468 2211 legit.
517 2129 686 2190 Esorcistae
710 2128 810 2189 officio
832 2129 947 2188 iunctus
967 2140 1025 2201 est,
1057 2150 1163 2209 quum,
1184 2129 1247 2194 lin-

109 2229 197 2288 guam
225 2220 254 2267 et
277 2228 361 2266 aures
392 2205 470 2266 surdi
497 2218 526 2264 et
557 2207 630 2265 muti
661 2205 748 2265 saliva
776 2217 916 2288 tangens,
946 2205 1078 2265 auditum·
1107 2207 1246 2269 reddidit.

110 2284 290 2346 Aeolutbum
311 2303 342 2342 se
363 2302 424 2342 esse
444 2281 488 2342 bis
508 2281 603 2342 verbis
622 2294 745 2342 testatus
765 2293 822 2342 est:
850 2281 935 2357 „Qui
955 2285 1088 2361 sequitur
1105 2304 1164 2356 me,
1183 2305 1246 2345 non

110 2361 240 2423 ambulat
260 2362 289 2418 in
310 2358 472 2419 tenebris.“
511 2358 691 2418 subdiaconi
713 2357 812 2418 olbcio
832 2358 948 2419 functus
970 2372 1022 2434 est,
1043 2380 1131 2439 quum
1151 2360 1246 2422 linteo

109 2440 294 2521 praecinctus
315 2438 404 2515 pedes
425 2433 634 2513 discipulorum
655 2435 733 2495 lavit.
771 2434 898 2495 Diaconi
924 2456 1078 2516 personam
1099 2439 1246 2516 sustinuit,

108 2536 199 2595 quum
221 2534 327 2593 corpus
349 2525 378 2572 et
396 2513 566 2593 sanguinem
588 2511 737 2571 distribuit
756 2510 785 2571 in
808 2512 919 2572 Coena.
959 2512 1128 2573 sacerdotis
1168 2527 1245 2575 artes

108 2592 257 2672 implevit,
288 2611 376 2671 quum
401 2589 430 2648 in
452 2608 538 2648 cruce
557 2588 637 2648 Patri
658 2607 689 2648 se
717 2589 840 2648 bostium
861 2588 977 2649 obtulit.
1029 2590 1111 2648 llaec
1135 2537 1245 2669 absque

108 2671 170 2730 risu
190 2668 264 2726 adeo
285 2667 377 2726 audiri
398 2685 457 2724 non
480 2678 612 2744 possunt,
632 2677 664 2723 ut
684 2664 774 2723 mirer
788 2665 897 2742 absque
917 2666 975 2723 risu
995 2665 1100 2743 scripta
1122 2685 1198 2724 esse:
1220 2667 1244 2726 si

108 2760 210 2805 tamen
242 2743 377 2801 homines
401 2752 501 2813 erant,
525 2742 575 2819 qui
600 2740 777 2801 scribebant.
827 2741 886 2807 Sed
912 2740 1054 2819 imprimis
1078 2741 1245 2818 spectabilis

110 2830 157 2880 est
176 2818 299 2897 argutia,
318 2837 374 2895 qua
395 2818 424 2874 in
451 2816 579 2875 acolutbi
601 2820 720 2876 nomine
742 2814 1004 2895 philosophantur,
1033 2816 1244 2878 ceroferarium

110 2895 304 2976 appellantes,
323 2891 414 2950 verbo
436 2896 483 2969 (ut
494 2891 636 2968 arbitror)
657 2912 700 2950 ma
725 2893 781 2964 ‘co,
801 2904 881 2950 certe
901 2892 1033 2951 inaudito
1054 2892 1191 2973 gentibus
1211 2916 1246 2956 ac

108 2973 218 3054 linguis
238 2968 390 3041 omnibus,
415 2989 503 3046 quum
523 2965 676 3029 ἀκόλουθος
694 2910 815 3028 (ἰαθεὶς
838 2967 1010 3046 simpliciter
1028 2969 1174 3049 significet
1192 2990 1246 3050 pe-

109 3052 287 3127 dissequum.
328 3046 503 3123 Quanquam
524 3043 547 3102 si
575 3042 617 3103 his
637 3046 715 3106 serio
736 3042 903 3103 refellendis
923 3045 1106 3120 inhaeream,
1132 3046 1196 3107 iure
1216 3058 1248 3107 et

107 3130 173 3208 ipse
194 3142 314 3203 quoque
333 3122 442 3181 ridear:
463 3121 537 3178 adeo
557 3119 661 3180 frivola
680 3132 749 3181 sunt
768 3132 798 3178 et
818 3120 937 3180 ludicra.
1254 3187 1260 3201 Ι

187 3208 234 3264 24.
274 3201 319 3258 Ne
346 3211 441 3258 tamen
466 3194 645 3255 mulierculis
671 3198 764 3257 adbuc
785 3195 882 3255 sucum
915 3196 1037 3273 iaciant,
1065 3197 1246 3260 traducenda

110 3291 156 3338 est
176 3278 274 3338 obiter
298 3296 401 3335 eornm
424 3275 547 3333 vanitas.
599 3272 710 3333 Creant
734 3273 833 3332 eximia
863 3295 971 3354 pompa
996 3295 1035 3345 ac,
1057 3274 1247 3339 sollennitate

109 3375 179 3415 suos
200 3355 335 3426 lectores,
347 3350 525 3431 psalmistas,
546 3348 690 3423 ostiarios,
709 3349 861 3410 acoluthos
881 3350 916 3408 ad
933 3370 966 3408 ca
988 3349 1145 3410 ministeria
1165 3372 1247 3412 exse·

135 3431 238 3502 nenda,
259 3429 364 3507 quibus
377 3428 422 3485 vel
442 3446 549 3507 pueros
567 3424 615 3485 vel
626 3438 715 3503 certe,
736 3446 810 3505 quos
820 3437 935 3500 vocant,
954 3425 1043 3486 laicos
1063 3427 1245 3507 praeficiunt.

110 3453 189 3581 Quis
209 3505 287 3564 enim
307 3524 409 3564 cereos
429 3516 462 3562 ut
482 3503 635 3581 plurimum
656 3503 805 3577 accendit,
826 3502 890 3580 quis
910 3522 943 3561 er
955 3502 1077 3563 urceolo
1097 3506 1196 3564 vinum
1217 3518 1248 3567 et

110 3605 214 3662 aquam
235 3582 378 3654 infundit,
407 3579 462 3639 nisi
482 3599 557 3657 puer
576 3591 626 3637 aut
645 3599 679 3638 ex
698 3578 778 3639 laicis
805 3578 971 3639 sordidulus
991 3578 1108 3658 aliquis,
1163 3582 1192 3638 ui
1212 3600 1246 3641 er

110 3679 144 3719 ea
165 3678 198 3716 re
223 3669 371 3737 quaestum
397 3655 486 3717 facit?
529 3658 638 3715 Nonne
663 3656 750 3716 iidem
777 3657 905 3717 canunt?
936 3675 1037 3716 nonne
1068 3602 1246 3737 templorum

180 3939 209 4007 ¹⁵)
228 3940 277 3994 les.
297 3940 379 4001 11‚2.
413 3937 606 4001 Eaecblstb.
641 3939 718 3992 lton.
737 3939 769 4019 1.,
784 3940 809 3992 4.
828 3953 852 3991 et
868 3939 893 3998 8.
911 3938 952 3993 15.
977 3967 1008 3978 —
1044 3935 1136 4004 Qualis
1153 3937 1248 4017 deindo

110 4023 336 4091 commemoratur
353 4006 509 4076 opinionum
528 4007 668 4069 dissensus,
685 4009 734 4060 luit
750 4007 794 4059 ille
811 4007 879 4059 inter
894 4004 1048 4071 lloegonem
1067 4018 1091 4056 et
1110 4001 1179 4073 Gurl.
1197 4004 1248 4073 Pa·

108 4097 209 4262 meg}
222 4105 314 4196 iduor.
330 4143 375 4196 lib.
393 4138 416 4196 7.
438 4141 586 4226 Etpmolog.
606 4143 731 4208 allegatur
755 4162 810 4211 cap.
823 4096 930 4213 Claros.
949 4139 1004 4192 dist.
1021 4139 1065 4199 Ἃ.
1083 4150 1108 4190 et
1130 4137 1185 4190 dise
1202 4137 1245 4193 33.

111 4224 328 4348 ‘imbibi‘
336 4210 514 4340 i,²¹1''s.⁰sili.n
516 4232 558 4340 li,
574 4280 598 4332 r.
625 4277 694 4329 uss.
710 4276 735 4340 t,
752 4278 794 4332 17.
826 4274 918 4327 uisi.
936 4276 961 4337 7,
976 4274 1033 4336 ae„
1056 4273 1152 4332 rosan.
1167 4274 1193 4336 s.
1206 4272 1248 4328 sa

109 4347 177 4402 ibid
193 4348 235 4411 13,
251 4348 277 4404 b·
309 4346 403 4402 blatth.
420 4346 464 4415 26,
483 4346 525 4401 Ἀ
541 4346 605 4402 ibid
622 4346 665 4404 Ἦ.
681 4345 724 4400 50.
875 4410 945 4475 3⁰.
