2700 4732
110 198 170 266 m
464 176 866 261 'mmmm

110 336 211 405 monis
234 336 313 399 iuter
335 356 393 399 uos
407 357 532 421 quoque
556 339 625 401 fidei
649 339 792 401 unitatem
810 340 894 401 Deus
918 337 1158 415 docerevoluit,
1186 360 1243 405 una

111 416 233 479 dubium
252 414 324 496 quin
344 413 381 475 ad
400 435 456 477 nos
474 418 622 496 pertineat
640 417 741 477 eadem
760 418 932 511 promissio,
952 438 1042 553 ‹puam
1061 428 1096 479 et
1114 416 1243 483 christu

110 514 166 557 ore
183 514 237 553 suo
257 492 389 567 sancivit,
408 504 439 552 et
457 492 565 554 Paulus
585 513 640 574 per
662 494 723 553 etui
743 493 855 577 vigoris
875 514 938 553 esse
978 505 1056 555 ocet.

185 574 234 635 30.
272 568 335 628 lam
359 580 393 629 ut
417 589 588 633 communes
614 514 748 630 fidelibus
773 590 876 650 preces
895 570 977 630 Deus
995 570 1093 632 verbo
1112 590 1168 633 cuo
1185 568 1242 633 cdi·

110 650 167 720 cit,
191 647 232 707 sic
252 656 282 704 et
300 644 409 725 templa
429 644 546 726 publica
571 646 638 726 ipsis
659 647 832 727 peragendis
852 646 996 707 destinata
1022 666 1087 708 csse
1110 656 1240 728 oportet:

109 724 161 786 ubi
181 722 232 802 qui
251 722 386 781 ordinem
406 742 479 787 cum
492 723 548 783 Dei
568 721 680 803 populo
700 724 917 784 communicare
936 742 982 783 res
1007 735 1100 799 uunt,
1121 742 1185 785 non
1201 734 1242 785 est

110 800 191 882 quod
211 800 267 859 isto
288 809 439 878 praetextu
458 797 632 873 abutantur,
651 797 817 859 cubiculum
837 820 869 861 se
888 800 916 858 iu
941 818 971 857 re
993 801 1020 874 i,
1039 820 1104 880 quo
1125 797 1242 862 Donin’

108 877 249 938 mandato
269 886 419 959 pareant..
453 872 508 934 Ille
527 875 604 936 enim
624 877 675 954 qui
694 875 851 954 pollicetur
868 894 900 935 se
919 818 1087 951 laetorum,
1106 874 1160 957 qui
1196 874 1242 945 uid

109 957 170 1015 duo
190 963 240 1013 aut
261 962 318 1009 tres
338 950 478 1029 petierint
496 951 527 1009 iu
546 953 667 1010 nomine
686 972 740 1011 suo
765 953 938 1034 congregati
956 950 1080 1029 (lllattb.
1100 896 1242 1031 18:33),

107 1031 203 1114 palam
223 1039 382 1105 conceptas
422 1046 503 1087 reces
522 1047 553 1087 se
572 1028 692 1087 minime
711 1029 859 1108 aspernari
879 1041 1016 1089 testatur:
1037 1028 1132 1089 modo
1155 1028 1243 1091 laces-

108 1120 153 1170 sat
171 1103 330 1166 ostentatio
351 1114 382 1162 et
400 1047 543 1163 bumanae
562 1103 707 1183 gloriolae
726 1126 798 1164 aueu
822 1105 897 1178 ium,
922 1105 1013 1165 modo
1038 1104 1111 1165 assit
1133 1104 1242 1167 sincera

107 1201 236 1261 veraque
256 1178 393 1253 affectio,
417 1199 491 1258 quae
512 1179 541 1237 in
562 1180 660 1240 cordis
681 1201 788 1241 arcano
801 1126 976 1257 babitet*).
1019 1180 1053 1240 Si
1079 1180 1129 1242 bic
1149 1180 1243 1265 legiti-

107 1282 173 1321 mus
203 1267 248 1317 est
278 1254 543 1334 templorumusus
567 1257 616 1334 (ut
634 1268 715 1317 certe
735 1261 794 1333 est)
814 1257 973 1317 cavendum
993 1267 1040 1318 est
1059 1276 1191 1335 rumen,
1207 1276 1242 1319 tte

108 1331 1243 1489 it}lstttssltltttt‘ltritttirffibssltt‘tittt‘lst‘tt‘it32

108 1500 250 1550 secretam
272 1484 479 1563 nescioquam
503 1451 560 1544 illis
586 1432 759 1566 alfillgamus
783 1488 983 1559 sanctitatem,
1008 1506 1087 1566 quae
1106 1488 1243 1549 meratiu-

107 1585 171 1625 rem
192 1562 270 1656 apud
287 1561 384 1653 Ileum
404 1562 567 1651 orationem
587 1562 699 1621 reddat
745 1563 821 1654 isera
840 1562 918 1622 enim
937 1562 996 1621 Dei
1022 1562 1137 1643 templa
1178 1582 1242 1625 nun

91 1635 936 1780 ‘tttttt⁸tttttl¹⁵tt‘ttitttlitttttttti't
952 1637 1244 1777 tttdttttafft

106 1795 288 1875 linquamus,
314 1790 365 1870 qui
385 1803 572 1872 praeceptum
598 1790 736 1851 babemus
756 1792 793 1850 de
813 1792 993 1864 invocando,
1013 1790 1086 1852 citra
1106 1791 1171 1855 loci
1189 1790 1244 1853 d'n-

107 1871 287 1939 cretionem,
313 1869 343 1927 in
369 1867 474 1946 spiritu
499 1879 530 1926 et
546 1868 677 1927 -veritate
697 1869 829 1928 Domino
849 1869 969 1945 (loann.
989 1874 1018 1942 d,
1037 1869 1113 1943 23.)-
1155 1867 1243 1929 Dedi·

40 1960 43 1964 “
107 1960 204 2009 catum
230 1943 349 2023 quidem
374 1944 515 2023 templum
543 1955 607 2003 erat
633 1944 702 2003 olim
723 1945 781 2004 Dei
806 1945 883 2004 iussu
931 1942 1045 2005 recibus
1066 1965 1102 2004 ae
1121 1943 1242 2007 victim‘!

107 2022 283 2085 offerendis:
317 2019 368 2080 sed
393 2041 452 2100 quo
486 2032 545 2079 tem
569 2040 622 2079 ore
646 2020 753 2080 veritas
777 2020 831 2081 sub
856 1964 962 2081 talibus
987 2018 1101 2081 umbris
1121 2020 1241 2104 ligonis

107 2098 309 2171 delitescebat,
329 2116 403 2175 quae
422 2116 502 2155 nune
520 2040 566 2155 ad
572 2097 668 2157 vivum
688 2096 774 2157 nobis
794 2118 924 2188 expressa
945 2099 976 2156 in
997 2095 1082 2157 nullo
1101 2096 1242 2159 material

105 2175 218 2256 templo
240 2174 361 2232 haerere
380 2193 434 2232 nos
454 2172 572 2251 patitur.
615 2174 659 2233 Ac
680 2194 718 2233 ne
738 2174 855 2234 Iudaeis
876 2173 993 2253 quidem
1013 2193 1049 2233 ea
1069 2174 1249 2236 conditione.

105 2250 343 2314 commendatum
363 2248 419 2308 suit
434 2248 585 2329 templum,
605 2262 638 2311 ut
649 2250 708 2309 Dei
728 2251 921 2330 praesentiam
934 2251 995 2309 eius
1006 2249 1250 2384 'parietibusieo

106 2328 272 2398 eluderent,
291 2325 343 2384 sed
363 2346 423 2404 quo
443 2325 478 2384 ad
498 2326 752 2405 contemplandam
771 2327 833 2386 veri
852 2326 955 2406 templi
975 2326 1008 2385 el
1025 2325 1105 2406 giem
1128 2346 1241 2389 exerce·
1279 2336 1281 2397 j

105 2415 218 2465 rentur.
256 2402 362 2479 Itaque
382 2403 513 2481 graviter
532 2424 547 2461 a
567 2402 658 2462 Iesaia
679 2415 710 2462 et
729 2404 882 2483 Stephano
903 2402 1075 2481 reprehensi
1093 2415 1179 2480 sunt,
1191 2402 1241 2539 ¹qei

105 2482 202 2540 Deum
227 2480 259 2614 ix
285 2477 407 2617 templi}3
424 2498 512 2538 manu
537 2478 620 2539 lactis
647 2479 777 2539 babitare
803 2479 864 2540 ullo
888 2480 978 2540 modo
1006 2490 1152 2560 putarent
1175 2484 1239 2561 (ct-

174 2564 202 2614 ί.
263 2564 300 2613 ά.
320 2559 338 2618 7
368 2561 387 2618 4
408 2597 415 2610 ο
433 2596 441 2611 .
833 2586 836 2591 ,

105 2564 155 2631 66’
174 2564 228 2698 Ζ31.
268 2596 349 2690 llinc’
365 2553 516 2710 psalterea
535 2628 697 2721 plusquam
718 2630 827 2692 clarum
848 2643 902 2707 est,
920 2651 1016 2711 neque
1028 2651 1138 2693 vocem
1150 2620 1241 2715 neque

104 2721 222 2787 cantum
248 2707 288 2786 (si
314 2706 507 2767 in'oratione
535 2707 735 2785 intercedant)
765 2709 874 2769 babere
902 2709 968 2788 quic
991 2728 1057 2768 uam
1089 2708 1240 2783 momenti,

104 2800 155 2848 aut
175 2786 265 2846 hilum
284 2783 430 2875 proficere
449 2783 527 2863 apud
546 2784 660 2856 Deum,
685 2786 741 2845 nisi
765 2806 799 2845 ex
825 2785 886 2845 alto
912 2731 1007 2845 cordis
1032 2784 1152 2849 ellectu
1196 2806 1240 2847 ro·

103 2864 191 2924 fecta.
231 2862 314 2936 Qum
334 2859 395 2920 eius
420 2861 491 2920 iram
516 2860 651 2921 adversus
670 2882 724 2921 nos
744 2874 927 2942 provocant,
947 2863 972 2921 si
992 2882 1009 2922 c
1027 2862 1154 2925 summis
1174 2808 1242 2925 du·

104 2952 182 3001 taxat
200 2938 291 2998 labris
310 2948 341 2996 et
360 2950 479 3019 gutture
499 2950 619 2998 exeunt:
645 2938 762 3017 quando
782 2939 811 2997 id
832 2950 877 2998 est
895 2950 1083 2999 sacrosancto
1105 2940 1173 3001 eius
1190 2958 1240 3001 nc·

104 3018 184 3076 mine
209 3015 306 3086 abuti,
336 3034 369 3074 ac
390 3015 452 3073 eius
472 3016 649 3075 maiestatem
670 3014 777 3075 derisui
797 3015 920 3074 habere:
940 3014 1025 3074 sicuti
1046 3034 1081 3075 ex
1100 3014 1241 3080 Iesaiae

104 3093 200 3153 verbis
220 3090 368 3164 elicimus,
389 3109 463 3169 quse
484 3092 537 3151 etsi
558 3090 642 3150 latius
662 3103 774 3170 patent,
794 3091 830 3151 ad
851 3094 908 3151 hoe
928 3110 1048 3170 quoque
1068 3091 1177 3153 sitium
1193 3112 1241 3155 cu·

104 3168 286 3250 arguendum
305 3167 465 3247 pertinent.
504 3167 657 3245 „Populus
677 3168 789 3247 (inquit
806 3172 929 3247 29,13.)
949 3168 1001 3227 iste
1021 3170 1241 3251 appropinquet

104 3245 198 3323 „mibi
218 3261 271 3302 ore
289 3261 360 3317 suo,
380 3254 410 3302 et
428 3241 512 3304 labiis
530 3243 589 3303 suis
608 3263 656 3302 me
676 3245 816 3305 ltonorat:
837 3266 890 3305 cor
909 3255 1005 3304 autem
1025 3263 1136 3305 eorum
1156 3246 1242 3329 longe

103 3331 170 3397 „est
188 3341 203 3379 a
224 3338 286 3378 me:
307 3330 337 3378 et
355 3318 518 3378 timuerunt
537 3339 584 3377 me
605 3321 742 3380 mandato
763 3334 793 3381 et
813 3321 947 3380 doctrina
968 3320 1137 3383 bominum.
1168 3322 1242 3383 Pru-

104 3410 225 3477 „pterea
246 3410 315 3455 ecce
341 3394 444 3456 faciam
470 3395 501 3454 iu
527 3395 638 3485 populo
666 3397 722 3457 boc
748 3397 917 3458 miraculum
938 3398 1049 3479 grande
1071 3410 1103 3458 et
1123 3410 1242 3481 stupen-

104 3474 209 3552 „durna
235 3469 346 3552 peribit
371 3471 448 3531 enim
472 3477 615 3609 sapientia
640 3474 855 3553 asapientibus
881 3495 1000 3547 eorum,
1028 3484 1059 3533 et
1082 3472 1243 3565 prudent'n

103 3550 273 3627 ,seniorum
294 3551 475 3607 evanescent
530 3568 604 3626 eque
623 3561 832 3610 tamenvocem
853 3563 903 3610 aut
922 3561 1038 3610 cantum
1061 3549 1111 3613 bre
1125 3552 1254 3615 damna*
1279 3594 1281 3603 ·

103 3649 178 3700 mus,
198 3626 269 3705 quin
290 3626 388 3702 potius
406 3622 490 3685 valde
508 3626 755 3698 commendamus,
774 3627 865 3687 modo
885 3627 974 3686 animi
992 3625 1140 3689 allectum
1155 3627 1244 3691 coeti·
1279 3646 1281 3693 Ξ

102 3716 213 3765 teutur.
252 3700 303 3761 Sic
322 3700 400 3760 enim
420 3711 549 3760 mentem
567 3701 598 3759 in
611 3701 670 3761 Ilei
688 3705 870 3783 cogitatione
882 3714 1028 3777 exercent,
1049 3715 1081 3763 et
1097 3706 1245 3767 intentu
1278 3706 1281 3729 ¹

103 3780 247 3840 retinent:
295 3797 365 3851 uae,
383 3789 417 3836 ut
436 3777 547 3837 lubrica
568 3789 612 3837 est
632 3789 663 3837 et
681 3781 837 3851 versatilis,
858 3780 942 3839 facile
962 3780 1147 3858 remittitur,
1166 3794 1198 3843 et
1213 3782 1244 3841 in

102 3855 182 3918 varia
201 3855 289 3914 distra
312 3854 380 3929 itur,
398 3853 455 3914 nisi
474 3854 557 3914 variis
578 3853 715 3915 fulciatur
732 3856 923 3916 adminiculis.
962 3855 1137 3931 Praeterea,
1156 3878 1243 3940 quun
1279 3898 1281 3925 ÷

103 3932 160 3993 Dei
179 3931 272 4014 gloria
292 3932 321 3989 in
340 3930 463 4014 singulis
477 3930 610 4023 corporis
630 3932 724 3991 nostri
745 3932 876 4011 partibus
888 3932 1005 3992 elucere
1039 3932 1244 3997 uodammodc
1279 3968 1281 3975 ·

103 4009 221 4085 debeat,
240 4008 378 4069 convenit
397 4019 567 4088 praesertim
588 4007 717 4089 linguam
738 4007 804 4069 huie
823 4008 985 4069 ministerio
1005 3954 1161 4073 addictam
1173 4029 1244 4089 esse,

170 4257 199 4322 ἢ
216 4256 256 4310 cf.
274 4256 319 4310 lib.
336 4261 361 4317 1.
379 4274 435 4328 cap.
452 4258 493 4315 11.
510 4278 529 4310 s.
546 4258 657 4317 tutta.
676 4262 710 4313 de
726 4261 880 4325 imaginibus
897 4264 925 4315 in
942 4262 1054 4332 templis.
1088 4264 1161 4319 Item
1171 4262 1243 4319 lM

102 4343 160 4397 cap.
175 4327 201 4381 4.
216 4346 237 4381 c·
252 4329 277 4384 tt.
295 4339 321 4379 ot
337 4345 393 4397 cap.
409 4329 435 4381 b.
450 4347 470 4380 s.
487 4326 529 4385 18-
546 4327 581 4381 dc
596 4328 679 4382 modo
696 4331 823 4384 servando
840 4331 870 4385 iu
886 4331 1049 4402 templorum
1064 4347 1175 4389 ornatu.
