2700 4732
475 212 553 281 uo.
573 215 599 277 l.
637 214 828 280 cakxvt
1194 222 1253 286 tat

107 358 240 441 quilici
261 356 485 439 providenciam·
502 372 657 422 coarctant
680 372 740 421 um
765 361 896 442 angustis
917 358 1040 434 fluibus,
1070 362 1139 421 acsi:
1153 358 1253 425 libero

105 458 195 499 cursu
214 436 380 497 secundum
401 450 572 517 perpetuam
592 450 713 498 naturae
732 436 829 517 legem
845 436 915 496 ferri
929 437 1026 497 omnia
1037 436 1163 497 sineret:
1183 438 1253 517 quia

107 513 184 573 nibil
202 512 329 573 bomine
348 514 493 589 miserius,
511 516 536 575 si
555 514 590 574 ad
602 513 751 592 quoslibet
769 513 856 589 coeli,
876 514 961 585 atiris,
980 525 1089 589 terrae,
1110 536 1252 595 aquarum

107 600 209 651 notam
226 589 380 669 expositus
400 590 490 651 locet.
529 591 615 650 adde
634 590 793 671 quod-boc
812 590 903 649 modo
924 591 1010 651 nimis
1029 590 1153 671 indigne
1171 603 1253 651 erte·

108 678 219 758 nuatur
237 665 396 745 singularis
416 687 487 803 erpa
505 686 745 803 unumquemque
764 667 823 728 Dei
844 668 971 727 bouitas.
1015 667 1166 759 Exclamat
1191 668 1253 727 Da-

110 744 160 879 iii
169 740 317 879 iiiiii
333 744 398 879 il}
418 743 1253 909 :t{tittltttttl‘gtttt‘ittt‘tltlss'tt:

113 897 169 955 tim
193 896 229 955 ab
248 907 337 955 utero
356 894 626 975 egressi,.coelesti
649 916 719 956 cura
744 908 873 976 paratam
897 897 953 956 sibi
979 895 1148 957 alimoniam
1172 898 1254 957 inve·

114 972 231 1047 munt,
246 970 301 1033 Est
341 972 441 1033 uidem
461 976 520 1033 boc
538 992 639 1033 verum
659 973 689 1031 in
709 992 831 1055 genere,
849 972 940 1033 modo
960 992 999 1032 ne
1017 972 1121 1033 oculos
1140 984 1173 1033 et
1186 993 1254 1033 ren·

115 1070 164 1108 rus
183 1060 302 1109 nostros
320 990 427 1129 lugiet,
446 1048 528 1129 quod
548 1048 643 1127 palam
662 1050 843 1129 experientia
862 1050 1055 1123 demonstrat,
1074 1047 1137 1109 aliis
1152 1048 1254 1109 matri·

116 1124 171 1185 bas
210 1124 293 1185 lenas
312 1146 376 1185 esse
396 1147 536 1185 mammas
556 1137 587 1186 et
605 1126 726 1201 uberes,
744 1126 806 1186 aliis
826 1126 889 1185 sere
908 1126 1018 1202 aridas,
1037 1136 1128 1205 prout
1146 1124 1255 1186 libera-

118 1198 172 1261 bas
189 1146 269 1261 bunc
287 1200 370 1291 liene
388 1202 467 1263 alere
486 1204 559 1275 vult,
598 1204 692 1262 arcius
710 1203 891 1293 veroaliupr.
931 1201 993 1277 Qui
1005 1222 1076 1293 yero
1085 1202 1145 1262 Dei
1156 1202 1254 1264 omui-
1281 1268 1284 1273 ¹

117 1288 267 1357 pmentue
286 1290 392 1339 tusum
411 1277 525 1339 laudem
539 1283 576 1339 tri
600 1290 684 1353 uuut,
695 1278 840 1358 duplicem
852 1280 922 1339 rude
933 1280 1101 1359 percupiunt
1114 1278 1255 1353 fructum,

119 1356 198 1433 quod
216 1356 286 1415 satis
304 1354 401 1435 ampla
420 1356 626 1416 benefaciendi
648 1354 769 1417 facultas
788 1376 879 1445 penes
904 1357 999 1435 ipsum
1023 1355 1076 1429 sit,
1106 1356 1137 1415 in
1171 1356 1255 1417 cuiue

79 1468 97 1489 a
121 1430 303 1509 ponusione
321 1442 392 1491 sunt
409 1433 525 1492 coelum
547 1445 577 1493 et
594 1445 684 1501 terra,
703 1444 734 1491 et
752 1454 833 1493 curus
853 1443 956 1491 nutum
975 1432 1137 1511 respiciunt
1151 1452 1256 1493 omnes

125 1518 282 1579 creaturae,
301 1520 335 1568 ut
352 1528 385 1569 re
404 1509 435 1567 in
454 1509 629 1589 obsequium
649 1508 802 1569 addicant:
840 1508 948 1569 deiude
978 1508 1061 1587 quod
1091 1528 1194 1569 secure
1223 1510 1257 1568 in

126 1582 185 1643 eius
202 1584 392 1675 protectione
410 1586 562 1677 quiescere
586 1586 673 1662 licet,
702 1586 783 1645 cuius
803 1585 937 1675 ’arbitrio
962 1604 1066 1677 qmnes
1090 1584 1257 1661 subiacent,

128 1659 751 1799 tt.'lttt‘ittms‘ttt⁰ttt‘.tttt.i.
764 1680 1092 1817 ttttttt‘ttttt
1102 1682 1257 1817 attat?

73 1836 77 1919 p
132 1810 237 1873 acrias
256 1825 329 1874 nutu
346 1816 460 1950 pendet
478 1816 617 1895 quicquid
636 1816 861 1875 salutinostrae
883 1816 1069 1873 adversatur:
1095 1833 1151 1874 nec
1170 1814 1257 1873 aliter

73 1943 78 1967 ι

135 1887 231 1977 §artigi
248 1890 294 1949 vel
311 1909 344 1950 se

364 1892 407 1950 ari
427 1905 552 1970 possunt
570 1892 719 1952 immodici
731 1904 762 1951 et
771 1890 966 1971 superstitiosi
978 1902 1084 1966 metus,
1099 1911 1174 1969 quos
1185 1890 1257 1951 sub·

73 2001 78 2064 p
138 1964 196 2022 mde
211 1984 243 2023 ea
260 1967 459 2045 periculorum
480 1968 601 2029 obiectu
625 1970 815 2048 concipimus.
873 1966 1083 2047 superstitiose
1107 1985 1163 2027 nos
1193 1986 1257 2031 esee

73 2071 78 2121 l

139 2037 241 2101 tinidos
262 2043 346 2116 dico,
379 2044 404 2104 si
429 2046 546 2125 quoties
570 2046 721 2105 minantur
745 2044 831 2104 nobis
861 2055 1011 2104 creaturae
1035 2043 1081 2103 vel
1108 2054 1256 2103 terrorem

73 2137 77 2195 j,
140 2113 248 2195 aliqum
266 2120 423 2200 ingerunt,
454 2122 578 2201 perinde
599 2122 811 2202 expavescimus
831 2120 887 2181 acsi
907 2142 993 2201 quam
1020 2140 1055 2179 ex
1073 2140 1105 2180 se
1125 2119 1182 2180 vim
1200 2140 1256 2179 no-

73 2229 75 2236 .
141 2192 216 2251 cendi
231 2194 373 2257 baberent
388 2219 423 2258 ac
447 2208 639 2278 potestatem,
670 2200 716 2258 vel
744 2211 857 2258 temere
882 2195 1034 2257 laederent
1060 2217 1094 2259 ac
1119 2196 1258 2273 fortuito,

143 2264 317 2363 arladrerrus
339 2293 439 2333 earum
460 2296 548 2335 noxas
568 2296 629 2333 non
649 2276 718 2335 satis
738 2287 814 2335 essct
840 2276 871 2334 in
892 2274 962 2334 Deo
982 2273 1091 2349 esquilii.
1148 2272 1256 2332 Erem-

144 2340 181 2421 ΡΙ·
199 2360 305 2438 praba,
324 2362 405 2410 vetat
418 2352 579 2443 ul’ropbeta
605 2352 732 2429 (ierem.
752 2358 802 2427 10,
821 2352 870 2442 2.)
901 2371 940 2410 ue
964 2372 989 2441 a·
1004 2350 1095 2411 stellis
1115 2362 1147 2412 et
1164 2350 1256 2431 siguis

144 2418 208 2483 tuit
225 2436 355 2487 nouam
384 2427 436 2487 filu
466 2428 541 2502 Der,
571 2429 817 2507 quemadmodum
847 2428 990 2488 rucredulr
1017 2426 1125 2488 solent.
1184 2430 1256 2487 Non

73 2508 79 2573 ξ
141 2497 284 2575 quemlibet
301 2516 383 2563 certe
402 2504 537 2565 timorem
558 2506 685 2565 damnat.
728 2505 903 2585 Sedquum
931 2504 1032 2563 muudi
1062 2504 1258 2584 gubernatio-

73 2582 78 2643 ζ
139 2577 310 2663 nqmallco
330 2580 367 2639 ad
387 2594 463 2641 astra
482 2582 659 2641 transierant
679 2581 821 2654 infideles,
841 2603 921 2641 suam
942 2580 988 2641 vel
1008 2582 1180 2639 felicitatem
1210 2581 1258 2641 vel
1310 2636 1313 2641 .

73 2722 76 2731 Ι
139 2654 265 2713 mariam
283 2656 320 2715 ab
341 2669 486 2717 astrorum
508 2659 633 2717 decretis
654 2672 683 2718 et
703 2660 870 2738 praesagiis,
890 2678 950 2717 non
972 2669 1069 2716 autern
1090 2680 1106 2716 a
1126 2658 1184 2717 Dei
1203 2678 1258 2719 vo-

140 2722 237 2819 luntate
254 2734 382 2810 pendere
403 2734 530 2815 fingunt:
550 2736 590 2794 ita
611 2736 644 2794 lit
664 2748 696 2794 ut
714 2737 805 2795 timor
824 2756 926 2794 eorum
947 2735 983 2793 ab
1005 2754 1065 2793 uno
1086 2734 1149 2807 illo,
1169 2754 1258 2814 quem

140 2822 269 2883 rrrprcere
287 2810 446 2885 debebant,
466 2812 501 2870 ad
521 2812 619 2873 stellas
640 2825 670 2871 et
689 2824 818 2872 cometas
837 2811 1031 2870 abstrahatur.
1070 2811 1118 2871 db
1140 2812 1260 2891 bacigi-

75 2932 78 2938 .
143 2888 184 2939 tur
198 2882 359 2945 infidelitate
378 2888 430 2965 qui
450 2909 550 2947 cavere
571 2888 668 2961 volet,
693 2887 832 2948 memoria
853 2908 970 2965 semper
989 2899 1104 2962 teneat,
1128 2908 1191 2948 non
1212 2910 1259 2947 eo

143 2956 246 3017 raticm
261 2961 509 3042 rel-potentiam,
539 2964 586 3023 vel
605 2972 767 3039 actionem,
793 2965 837 3023 vel
857 2965 1021 3022 motionem
1042 2984 1105 3022 esse
1125 2965 1156 3021 in
1177 2984 1260 3023 crea-

146 3032 220 3119 turis:
248 3039 294 3097 sed
319 3061 429 3100 arcano
450 3041 506 3099 Dei
527 3042 650 3102 consilio
671 3042 807 3123 sicregi,
825 3053 859 3101 ut
878 3040 951 3099 nibil
972 3041 1127 3123 contingat
1146 3041 1201 3101 nisi
1221 3042 1258 3101 ab

149 3126 200 3185 πμ»
214 3115 318 3173 sciente
338 3128 368 3175 et
387 3115 506 3176 volente
526 3118 677 3177 decretum
696 3119 741 3193 ¹¹⁵).

209 3194 233 3251 l.
266 3191 415 3272 Principio
437 3193 527 3274 igitur
545 3206 667 3254 teneant
686 3195 811 3255 lectores
831 3192 1049 3273 providentiam
1068 3193 1177 3266 vocari,
1197 3212 1261 3253 nou

157 3262 280 3352 vilicus
298 3290 316 3329 e
335 3269 422 3330 coelo
444 3271 556 3330 otiosus
575 3271 744 3351 speculetur
763 3292 839 3350 quae
859 3272 888 3329 in
905 3270 1017 3328 mundo
1030 3270 1115 3343 fiunt,
1133 3270 1184 3331 sed
1201 3290 1260 3349 qua

158 3334 345 3404 *mutarum
366 3360 472 3406 tenens
491 3361 614 3407 eventus
639 3368 743 3407 omnes
767 3348 946 3407 moderatur.
1006 3346 1050 3405 Ita
1076 3368 1138 3406 non
1163 3348 1260 3407 miuus

160 3408 281 3481 almanus
300 3444 387 3501 quarn
409 3423 445 3480 ad
466 3424 568 3483 oculos
588 3425 727 3503 pertinet.
765 3423 830 3483 Nec
850 3425 928 3482 enim
950 3444 1039 3501 quum
1060 3424 1195 3484 filiosuo
1217 3424 1261 3483 di-

75 3508 78 3513 '
161 3486 371 3558 oehttbraham
403 3498 498 3577 (Gen.
517 3506 567 3573 ⁶22,
585 3504 647 3576 8.),
679 3500 762 3559 Derrs
782 3498 961 3577 providebit,
995 3512 1109 3559 tantum
1139 3500 1261 3561 volebat

73 3640 77 3647 Ι
159 3568 284 3653 Ιξὶεκίιω
307 3576 401 3635 futuri
426 3589 548 3636 eventus
579 3597 725 3650 asserere,
754 3579 804 3637 sed
831 3598 928 3635 curam
959 3578 1001 3636 rei
1027 3578 1196 3668 incognitae
1229 3576 1261 3635 in

73 3654 81 3720 ᾗ
157 3656 208 3701 ‘tut
229 3648 399 3711 voluntatem
420 3652 559 3728 reiicere,
592 3654 642 3733 qui
667 3654 756 3713 rebus
782 3651 926 3733 perplexis
953 3667 984 3713 et
1003 3656 1132 3713 confusis
1152 3654 1261 3712 exitum

73 3731 94 3799 ’ᾗ
155 3711 213 3777 ‘lm
234 3724 307 3788 tolet.
369 3729 458 3787 Unde
482 3732 629 3807 sequitur,
660 3730 874 3809 providentiam
896 3731 927 3788 in
948 3743 1014 3790 actu
1035 3729 1143 3789 locari:
1175 3730 1262 3790 nimis

73 4300 85 4364 i

152 3794 214 3857 enin
229 3802 324 3864 inscite
345 3818 496 3885 nugantur
514 3805 597 3865 multi
618 3808 752 3865 ‹le-nuda
772 3806 978 3884 praescientia.
1018 3808 1087 3866 Non
1108 3818 1166 3865 tam
1184 3827 1261 3865 cras·

148 3890 189 3931 ¹¹¹¹
203 3888 241 3937 tst
256 3900 356 3951 eorum
379 3902 476 3954 error,
495 3884 546 3961 qui
566 3883 813 3963 gubernationem
833 3884 902 3943 Deo
921 3883 1098 3953 attribuunt,
1117 3884 1168 3941 sed
1190 3904 1262 3941 con-

150 3944 223 4033 sutum
240 3968 268 4015 et
284 3958 499 4035 promiscuam,
529 3971 560 4017 ut
585 3960 655 4017 dixi:
683 3980 791 4037 nempe
818 3981 892 4039 quae
912 3960 993 4020 orbis
1013 3960 1174 4018 machinam
1194 3980 1262 4019 cum

149 4028 247 4109 ungulis
267 4035 401 4113 partibus
427 4036 557 4115 generali
584 4048 667 4095 motu
691 4036 793 4096 volvat
821 4051 910 4116 atque
937 4036 1082 4117 impellat:
1123 4038 1263 4113 caiusque

201 4276 226 4340 ’l
256 4278 315 4333 virt
332 4278 407 4333 Cale.
424 4280 545 4333 adseram
563 4281 878 4346 Astroloq.iudiciariamr
896 4254 1002 4346 anguis.
1019 4280 1064 4335 lib.
1080 4282 1158 4337 2..de
1172 4276 1267 4332 ordino

76 4414 79 4419 Ι
151 4356 195 4409 cap.
208 4348 243 4401 15,
262 4344 265 4349 ’
