2700 4732
487 175 562 237 utu.
584 177 636 241 tv.
677 176 765 239 eat.
784 176 855 240 tul,
1013 188 1016 193 ·
1193 168 1275 248 arr'

107 343 177 395 ,mus
198 320 277 380 enim
297 319 356 380 illic
369 319 415 398 ¹⁵),
435 320 551 400 quoties
572 340 663 404 grave
683 321 802 403 aliquod
822 322 971 384 incidebat
991 322 1157 404 negotium,
1176 338 1251 384 eon-

111 409 247 458 vocatam
269 397 355 483 luisge
375 396 509 488 plebem,
529 398 756 478 supplicationes
775 398 915 474 indictas,
940 399 1080 460 indictum
1100 400 1249 459 ieiunium.

112 475 150 533 Id
176 495 247 556 ergo
273 486 389 553 sequuti
420 486 488 534 sunt
507 474 645 554 Apostoli
690 477 750 536 uod
775 489 805 536 et
831 476 944 556 populo
968 475 1027 535 Dei
1053 496 1161 535 norum
1187 498 1248 535 non

113 563 188 624 erat,
209 551 322 611 etutile
343 549 408 609 lore
449 551 630 611 rovidebant.
668 497 779 613 bimitis
799 564 843 611 est
863 553 937 612 ratio
958 551 995 610 de
1014 551 1074 613 aliis
1096 553 1249 629 exercitiis,

73 672 77 689 .
110 627 219 707 quibus
240 626 323 707 plebs
343 628 388 687 rel
409 573 445 686 al
465 627 595 686 officinm
617 629 755 704 excitari,
780 629 826 689 rel
851 629 881 687 in
903 628 1002 697 oficio
1022 649 1056 689 ac
1076 629 1246 689 obedientia

111 703 262 765 contineri
284 715 395 783 potest:
428 704 557 783 exempla
576 705 683 796 passim
704 717 817 765 exstant
841 705 870 764 in
890 709 978 766 sacris
999 704 1144 778 historiis,
1162 726 1248 784 ,quae

112 801 178 840 non
199 801 272 859 opus
293 791 336 839 est
356 779 505 861 colligere.
551 781 600 841 Sic
621 782 652 840 in
672 803 783 842 snmrna
805 779 971 840 babendum
992 793 1050 842 est:
1077 782 1190 859 quoties
1212 781 1248 841 de

112 855 261 935 religione
292 856 396 915 incidit
425 858 734 937 controversialquam
754 856 803 918 vel
821 858 956 935 synodo,
982 856 1031 918 rel
1052 857 1247 918 eeclesiastico

109 924 221 1005 iudicio
243 932 326 991 finire
347 943 477 1013 oportet,
498 934 615 1012 quoties
635 935 671 995 de
692 934 828 1015 eligendo
849 935 983 995 ministro
1003 935 1112 1015 agitur,
1131 933 1248 1013 quoties

112 1008 241 1088 denique
262 1020 402 1068 tractatur
426 1031 471 1069 res
497 1010 592 1088 aliqua
618 1010 744 1072 difficilis
764 1033 797 1071 ae
822 1009 920 1093 magni
944 1012 1102 1070 momenti:
1133 1031 1247 1077 rursum

135 1107 203 1145 uum
223 1106 238 1147 a
261 1099 364 1164 parent
383 1085 489 1145 iudicia
509 1087 570 1145 irae
592 1087 722 1161 Domini,
742 1100 774 1149 ut
794 1101 863 1148 sunt
882 1086 1057 1167 peslilentia,
1077 1084 1197 1158 bellum,
1217 1097 1248 1145 et

111 1108 214 1236 brues,
236 1106 292 1222 linc
312 1174 441 1221 sanctum
464 1182 542 1235 esse,
567 1175 597 1224 et
616 1164 738 1224 saeculis
761 1164 897 1225 omnibus
922 1164 1049 1223 salutare
1069 1163 1247 1237 institutum,

111 1250 147 1297 ut
157 1238 294 1298 Pastores
306 1238 341 1297 ad
364 1239 510 1317 publicum
531 1240 672 1300 ieiunium
693 1251 724 1299 et
743 1239 984 1300 extraordinarias
1005 1259 1107 1320 preces
1127 1237 1245 1320 plebem

111 1314 279 1375 hortentur.
330 1314 448 1393 Siquis
474 1317 638 1376 testimonia
684 1335 738 1374 uae
764 1337 797 1376 ex
816 1316 909 1376 veteri
928 1317 1119 1376 Testamento
1140 1315 1246 1375 adduci

112 1403 252 1470 possunt,
284 1410 344 1449 non
370 1380 508 1472 recipiat,
540 1393 620 1472 quasi
642 1338 826 1454 Cbristinnae
852 1389 991 1455 ecclesiae
1016 1393 1112 1452 minus
1136 1410 1246 1459 conue-

109 1467 211 1541 niant,
232 1479 345 1527 constat
364 1467 526 1547 Apostolos
546 1490 665 1549 quoque
688 1468 730 1529 sie
751 1468 862 1529 iecisse.
901 1469 1033 1528 Tametsi
1052 1469 1088 1527 de
1109 1466 1245 1548 precihus

108 1544 158 1603 rix
177 1554 249 1623 puto
270 1544 434 1623 reperietur
459 1544 578 1623 aliquis,
599 1546 648 1624 qui
672 1558 789 1606 moreat
807 1545 1017 1625 quaestionem.
1066 1543 1245 1605 Deieiunio

108 1639 185 1699 ergo
206 1618 331 1679 dieamus
352 1620 501 1679 nonnihil:
522 1622 589 1699 quia
610 1620 726 1702 plurimi
746 1622 814 1682 dum
835 1643 895 1680 non
917 1620 1086 1700 intelligunt
1098 1620 1168 1698 quid
1187 1619 1245 1679 uti-

111 1695 201 1755 litatis
227 1695 348 1771 babeat,
379 1717 440 1755 non
460 1698 533 1756 adeo
560 1699 753 1757 necessarium
774 1718 836 1759 esse
857 1697 1002 1758 iudicant:
1034 1696 1084 1756 alii
1104 1696 1192 1755 etiam
1212 1706 1246 1755 ut

108 1791 335 1861 supervacuum,
355 1794 473 1852 prorsus
491 1772 642 1833 reiiciunt:
663 1787 694 1835 et
712 1797 766 1835 usu
785 1774 847 1835 eius
867 1794 928 1834 nou
948 1772 1026 1833 bene
1045 1772 1180 1855 cognito,
1201 1771 1244 1830 ia-

110 1847 174 1909 eilrs
195 1859 240 1907 est
257 1849 286 1907 in
308 1849 545 1930 superstitionem
565 1849 670 1929 lapsus.
1094 1902 1098 1909 .

188 1931 236 1989 15.
275 1924 414 1985 Sanctum
434 1947 466 1987 ac
485 1925 648 2006 legitimum
669 1925 808 1986 ieiunium
825 1939 884 1987 tres
904 1923 1085 1986 babetfrnes.
1110 1923 1155 1984 Eo
1168 1923 1246 1983 enirn
1313 1947 1315 1951 ·

110 2001 237 2074 utimur,
266 2000 312 2060 vel
336 2002 372 2061 ad
398 2000 599 2062 macerandanr
620 2023 654 2063 ac
672 2002 866 2095 subigendam
885 2022 1017 2077 carnem,
1042 2022 1080 2061 ne
1100 2000 1243 2061 lasciviat}

110 2078 158 2139 sel
177 2089 210 2137 ut
235 2077 268 2137 ad
294 2097 397 2157 preces
422 2099 454 2138 ae
481 2093 593 2140 sanetas
616 2078 822 2141 meditationes
841 2079 944 2147 melius
967 2079 1056 2138 simus
1075 2076 1246 2157 comparati,

109 2154 159 2215 vel
178 2165 211 2213 ut
229 2155 440 2213 testimonium·
450 2155 487 2213 sit
506 2168 624 2215 nostrae
645 2176 744 2216 coram
765 2156 831 2217 Deo
852 2153 1076 2227 bumiliationis,
1099 2154 1168 2217 dum
1190 2174 1245 2215 νοτ

110 2229 207 2299 lunens
225 2243 337 2290 reatum
357 2243 488 2291 nostrum
510 2252 607 2291 coram
628 2233 691 2325 ipso
711 2232 857 2292 confiteri.
895 2230 1009 2292 Pritnus
1027 2231 1102 2307 finis,
1122 2234 1244 2307 nonita

109 2327 197 2386 saepe
217 2304 315 2367 locum
335 2307 425 2367 babet
444 2307 474 2367 in
494 2308 613 2386 publico
633 2309 761 2368 ieiunio:
781 2308 860 2388 quod
882 2328 943 2369 non
965 2329 1022 2368 una
1042 2320 1086 2367 est
1106 2300 1244 2367 omnibu's

112 2382 249 2462 eorporis
265 2384 450 2457 constitutio,
470 2406 531 2444 non
552 2406 608 2445 una
626 2384 779 2445 valetudo:
800 2388 912 2464 priuato
933 2386 1031 2464 itaque
1043 2383 1160 2461 ,ieiunio
1182 2403 1244 2455 rua7

110 2460 156 2543 gis
176 2459 324 2521 convenit.
361 2461 516 2521 Secundus
542 2461 692 2541 utriusque
719 2462 881 2523 communis
906 2474 964 2522 est:
993 2473 1052 2521 tarn
1079 2461 1156 2519 enim
1177 2458 1244 2533 ¹¹91?

110 2558 197 2598 versa
217 2537 338 2598 ecclesia
359 2538 500 2599 eiusmodi
521 2538 743 2618 praeparatione
764 2539 798 2597 ad
820 2558 923 2619 preces
942 2559 1016 2617 opus
1036 2536 1136 2611 babet,
1155 2556 1243 2614 quiam

111 2613 246 2693 privatim
278 2614 403 2689 fideliupr
434 2614 640 2694 unnsquisque.
692 2615 813 2675 'l‘ertius
842 2634 960 2707 ¹noque
990 2613 1133 2673 similiter.
1170 2612 1245 2671 t'iet

112 2691 191 2751 enim
216 2691 362 2751 interdum
394 2704 427 2750 ut
452 2690 548 2762 bello,
577 2689 624 2750 vel
643 2704 724 2772 peste
744 2692 790 2767 vel
817 2637 979 2751 calamitate
1004 2690 1099 2768 aliqua
1123 2701 1244 2769 gentem

111 2787 202 2827 unam
223 2768 367 2847 percutiat
386 2767 476 2826 Deus.
515 2768 549 2825 ln
571 2768 624 2826 bac
645 2766 793 2827 communi
813 2767 905 2827 ierula
926 2787 1007 2825 ream
1025 2787 1056 2825 se
1076 2777 1140 2829 tota
1159 2763 1243 2840 plebs

114 2842 201 2903 iaciat
220 2866 238 2903 o
262 2856 339 2905 ortet
358 2865 391 2903 ac
411 2856 522 2903 reatum
542 2844 725 2922 profiteatur.
743 2906 749 2916 ,
764 2843 895 2921 Siquam
911 2862 982 2902 rero
1002 2842 1137 2922 privatim
1160 2840 1246 2909 ieriat

115 2866 360 2993 manusllomini,
380 2920 409 2978 id
431 2919 523 2997 ipsum
545 2920 631 2978 iaciat
649 2918 696 2979 vel
715 2918 810 2990 solus,
830 2918 961 2983 relcurn
980 2939 1030 2976 sua
1052 2916 1168 2979 familia.
1204 2914 1244 2977 Id

114 2997 232 3076 quidem
253 2998 408 3077 praecipue
428 2999 515 3055 situm
535 3007 579 3065 est
597 2995 628 3071 in
649 2994 737 3054 animi
757 2995 875 3055 aflectu.
920 2994 1084 3057 Sedenim
1110 2993 1161 3052 ubi
1180 2992 1244 3059 anie

113 3096 176 3133 mus
196 3076 321 3134 afficitur
341 3085 372 3133 ut
393 3072 497 3146 debet,
527 3072 590 3131 fier-i
609 3073 652 3131 vix
679 3082 778 3152 potest
795 3071 865 3150 quin
893 3081 1024 3149 erumpat
1047 3071 1077 3129 in
1098 3081 1245 3129 externam
1272 3144 1276 3153 Ι

111 3152 363 3212 testificationem:
396 3149 484 3227 idque
509 3161 572 3208 tunt
597 3149 718 3209 manime
749 3150 773 3209 si
798 3148 828 3207 in
854 3167 1040 3207 communem
1064 3146 1244 3207 aedificatio*
1320 3177 1322 3181 ·

115 3249 183 3287 nem
215 3228 306 3300 cedit,
337 3239 371 3285 ut
390 3246 491 3286 omnes
522 3226 607 3285 simul
639 3237 791 3306 peceatum
822 3247 906 3284 suum
932 3225 1031 3304 palam
1064 3222 1246 3295 confitendo,

112 3306 229 3364 laudem
263 3304 389 3364 iustitiae
408 3303 476 3363 Deo
497 3303 636 3378 reddant,
661 3315 691 3364 et
714 3323 746 3365 se
775 3313 878 3361 mutuo
901 3300 1008 3381 singuli
1032 3299 1165 3380 exemplo
1189 3321 1243 3361 suo

112 3381 318 3453 cohortentur.
1236 3426 1243 3450 ,

191 3465 238 3521 ¹16.
278 3457 365 3515 Unde
385 3455 536 3528 ieiunium,
555 3467 589 3515 ut
609 3466 652 3515 est
670 3454 785 3537 signum
806 3452 1033 3529 humiliationis,
1063 3452 1245 3533 frequentio-

116 3554 179 3593 rem
201 3555 282 3593 usum
303 3533 391 3591 babet
409 3533 440 3591 in
460 3533 598 3611 publico,
618 3553 702 3611 quam
722 3531 800 3592 inter
819 3531 952 3591 homines
972 3531 1112 3610 privatos:
1139 3543 1246 3593 utcun-

117 3629 175 3687 que
195 3609 233 3669 sit
253 3629 423 3681 commune,
449 3621 481 3667 ut
500 3610 609 3669 dictum
630 3619 683 3667 est.
729 3609 819 3682 Quod
841 3627 913 3689 crgo
934 3607 969 3667 ad
990 3605 1246 3686 disciplinam„.de

119 3704 175 3763 qua
201 3705 279 3743 nune
309 3697 474 3758 tractamus,
494 3686 636 3763 pertinet:
672 3686 787 3763 quoties
812 3684 856 3742 de.
874 3704 910 3743 re
932 3684 1028 3774 aliqua
1051 3703 1158 3763 magna
1178 3684 1246 3744 Deo

115 3761 338 3841 supplicandum
359 3773 417 3834 est,
446 3761 588 3819 ieiunium
611 3781 756 3821 unacum
777 3761 910 3820 oratione
935 3760 1064 3820 indicere
1088 3760 1247 3841 expediret.

118 3840 169 3900 Sic
194 3858 282 3917 quum
302 3836 394 3897 Paulo
427 3849 458 3895 et
480 3836 634 3895 Barnabae
663 3858 764 3897 manns
792 3838 948 3915 imponunt
965 3834 1145 3911 Antiocheni
1165 3837 1247 3913 (bet.
1318 3894 1324 3901 .

117 3923 165 3992 13,
184 3916 244 3989 3.),
263 3935 323 3993 quo
345 3934 448 3973 eorum
467 3913 677 3988 ministerium,
696 3912 1033 3992 quud-tantimomquti
1053 3925 1127 3986 erat,
1145 3902 1248 3981 melius

794 4082 981 4093 --u——u--t
1179 4078 1247 4097 ⁶,—

186 4174 214 4244 '')
230 4174 332 4238 Insigne
352 4187 388 4225 est
409 4173 474 4226 illud
499 4174 644 4241 exemplum
661 4171 760 4226 Esdrae
773 4134 822 4225 litu
839 4191 893 4243 cap.
904 4136 929 4227 8
946 4194 967 4224 v.
984 4132 1026 4229 28
1042 4130 1169 4225 ieiiiriiuu
1184 4170 1253 4224 indi·

120 4243 199 4293 centis
216 4243 250 4295 ad
268 4244 374 4296 flurium
394 4243 498 4306 dhara,
515 4241 673 4296 multitudini
689 4241 782 4315 populi
799 4241 930 4302 redeuntis
946 4261 976 4293 aa
994 4239 1157 4313 Babylonica
1172 4238 1254 4313 capti-

121 4312 206 4368 vitate
