2700 4732
307 148 316 183 l

490 178 566 241 im
585 178 627 240 ii.
666 178 755 243 cir.
775 144 856 241 iiii
1132 193 1135 199 ·
1183 182 1241 249 sas

106 334 170 399 tur,
189 321 274 382 luter
290 322 409 403 iniquos
428 334 579 402 reputatus
597 336 643 387 est
665 326 738 405 (les.
756 330 805 401 53,
824 329 873 390 11.
891 308 982 385 Marc.
1000 329 1049 399 15,
1067 325 1140 403 Β).
1179 322 1244 385 Cur

106 398 209 460 istud?
239 417 345 479 nempe
373 410 407 458 ut
434 402 607 479 peccatoris,
637 423 701 463 nou
728 402 796 463 iusti
820 413 870 463 aut
888 400 1012 461 insontis
1031 400 1108 462 vices
1126 399 1242 462 obiret:
1270 440 1274 455 .

106 476 261 555 quianon
279 476 479 551 innocentiae,
496 478 548 538 sed
566 480 681 558 peccati
701 499 784 539 rausa
804 488 931 538 mortem
947 496 987 557 op
1010 476 1118 537 etebat.
1156 476 1244 539 Con-

54 612 61 629 „
104 564 174 629 tra,
201 550 256 613 ubi
273 551 406 612 audimus
426 552 547 630 eodem,
567 575 626 634 quo
647 556 798 616 damnatus
816 555 882 628 fuit,
901 573 955 614 ore
973 498 1140 614 absolutum
1158 556 1242 633 (nam
1274 592 1279 599 ·

106 628 175 689 eius
192 628 379 690 innocentiae
397 648 460 689 non
479 630 569 690 sem'el
588 632 790 692 testimonium
808 630 905 710 palam
925 630 1050 690 reddere
1069 639 1245 690 coactusest

106 704 255 781 Pilatus),
284 704 315 764 in
345 717 474 766 mentem
502 707 603 767 veniat
648 708 708 769 uod
734 720 778 769 est
802 708 880 787 apud
904 705 1029 766 alterum
1047 705 1242 785 Prophetam,

108 780 200 855 Quae
219 801 281 841 non
300 792 437 860 rapuerat
455 783 610 845 exsolvisse
628 730 691 861 dPs.
710 788 760 859 69,
777 785 831 861 5.).
869 784 969 861 Atque
992 783 1034 843 ita
1052 791 1084 842 et
1101 794 1243 862 peccato·

106 859 151 919 ris
179 856 373 937 sceleratique
397 877 553 939 perronam
576 861 607 920 in
634 861 754 923 Christo
779 870 1026 995 repraesentatam
1050 858 1243 935 intuebimur,

107 945 143 994 et
160 933 313 1025 relucente
332 934 517 1010 innocentia,
537 938 728 1019 conspicuum
747 936 819 998 simu
851 936 903 996 fiet
921 934 1018 995 alieno
1039 935 1165 1027 potius·
1196 955 1243 995 am

106 1009 388 1167 billipii‘s'ili.
405 1024 602 1150 titttttti„
619 1010 1244 1151 iiiddiddbddiiiiiii}lii:

109 1184 172 1243 que
188 1165 231 1223 sic
249 1175 360 1239 tamen,
379 1164 450 1243 quin
469 1166 560 1226 iustus
579 1166 616 1227 ab
636 1167 700 1247 ipso
720 1165 806 1226 simul
846 1167 1049 1237 renuntietur,
1068 1163 1136 1223 dum
1162 1164 1246 1225 attii-

107 1249 173 1299 mat
190 1237 299 1299 nullam
317 1260 349 1301 se
367 1240 399 1299 in
418 1261 457 1300 eo
476 1242 609 1302 invenire
627 1264 748 1304 causam.
831 1261 883 1302 aec
901 1252 1002 1302 nostra
1020 1240 1167 1301 absolutio
1187 1251 1244 1316 est,

109 1315 241 1394 quodie
261 1326 351 1394 caput
368 1315 436 1375 Filii
455 1317 514 1375 Dei
531 1316 686 1379 translatus
705 1330 749 1378 est
767 1329 875 1393 reatus,
894 1317 945 1396 qui
964 1338 1019 1378 nos
1037 1316 1160 1376 tenebat
1170 1335 1244 1397 poe·

108 1410 168 1450 nae
186 1391 331 1452 obnoxios
349 1392 421 1470 (les.
440 1399 489 1465 bl,
507 1395 579 1471 lb).
615 1396 691 1454 Nam
716 1394 788 1454 liaec
812 1394 1016 1473 compensatio
1034 1392 1177 1473 imprimis
1195 1403 1244 1453 te-

108 1467 209 1527 nenda
233 1479 295 1541 est,
324 1487 363 1526 ne
382 1469 562 1549 trepidemus
580 1481 668 1550 atque
688 1470 764 1531 anxii
783 1470 871 1530 simus
891 1480 954 1529 tota
972 1468 1047 1528 vitaz
1078 1470 1137 1529 acsi
1155 1468 1243 1531 nobis

108 1543 235 1604 instaret
253 1544 328 1604 iusta
347 1544 405 1604 Dei
424 1545 509 1620 ultio,
530 1568 615 1626 quam
634 1547 665 1606 in
684 1566 716 1606 se
733 1546 882 1605 transtulit
899 1544 958 1604 Dei
977 1544 1077 1605 Filius.

188 1626 217 1684 6.
255 1619 318 1679 lain
345 1622 461 1700 etipsa
485 1624 589 1683 mortis
611 1624 723 1703 species
751 1622 859 1704 insigni
886 1622 1027 1701 mysterio
1059 1640 1121 1680 non
1154 1629 1244 1681 caret.

108 1695 267 1756 Maledicta
279 1717 348 1756 crux
358 1708 430 1772 erat,
450 1718 511 1757 non
532 1698 655 1760 humana
674 1710 786 1758 tantum
805 1720 824 1759 o
848 1698 967 1773 inione,
986 1696 1039 1757 sed
1056 1696 1244 1757 divinaebe·

108 1773 156 1854 gis
175 1771 307 1832 decreto.
364 1772 400 1831 Iii
421 1793 484 1832 eam
504 1794 577 1856 ergo
597 1775 665 1835 dum
684 1774 799 1835 tollitur
819 1720 968 1846 deintus,
994 1771 1192 1833 maledictioni
1211 1791 1245 1833 se

109 1849 272 1909 obnoxium
292 1848 370 1909 facit.
407 1848 506 1929 Atque
526 1852 566 1911 ita
586 1851 694 1911 lactum
715 1850 862 1930 oportuit,
881 1861 915 1910 ut
933 1850 1014 1909 omni
1034 1848 1245 1925 exsecratione,

108 1924 517 2062 tttdttttzdtttlt'?
537 1939 655 2063 ttl‘tt
671 1925 960 2063 tttffltttltatl
978 1924 1244 2074 ‘'dltttll‘tr

99 2077 194 2158 Lege
203 2044 406 2138 adunibratum
422 2079 486 2138 tute
503 2047 658 2159 ’Siquidem
670 2076 834 2153 Asclinssot,
846 2046 1079 2158 (quosocubulo
1091 2089 1244 2158 peccatum

108 2155 207 2235 ipsum
226 2156 347 2234 proprie
366 2155 549 2237 designatur)
567 2155 748 2217 vocabantur
766 2154 881 2216 oblatae
900 2175 954 2235 pro
973 2157 1101 2235 peccatis
1109 2152 1245 2217 victimae

109 2242 144 2290 et
162 2231 343 2309 expiatrices.
401 2233 470 2305 Qua
496 2233 622 2293 nominis
641 2231 832 2293 translatione
851 2232 976 2291 innuere
993 2230 1121 2311 Spiritus
1138 2230 1245 2305 uoluit,

61 2330 68 2341 ‘
108 2306 206 2367 instar
234 2304 423 2381 καθαρμάτων
444 2308 518 2388 ipsas
538 2328 616 2368 esse:
646 2328 721 2389 quae
747 2308 875 2369 debitam
892 2307 1051 2369 sceleribus
1072 2307 1245 2368 exsecratio·

109 2402 181 2443 nem
200 2385 383 2464 susciperent
401 2403 435 2444 ac
454 2386 641 2444 sustinerent
699 2383 791 2459 Quod
816 2396 914 2444 autem
933 2384 964 2443 in
983 2383 1118 2445 Mosaicis
1137 2378 1245 2443 sacrili‘·

109 2458 163 2519 ciis
182 2459 307 2542 figurate
326 2472 576 2538 repraesentatum
596 2461 660 2534 luit,
679 2460 709 2521 id
729 2462 758 2521 in
780 2460 900 2522 Christo
916 2458 1244 2543 figuratumarclietypo

109 2535 275 2596 exhibetur.
314 2537 426 2611 Quare,
447 2549 479 2596 ut
498 2539 572 2597 iusta
591 2538 756 2628 expiatione
776 2537 1000 2619 defungeretur,
1019 2537 1143 2598 animam
1162 2557 1244 2597 suam

108 2609 245 2674 Musis
263 2613 418 2692 impendit,
438 2613 494 2674 boc
514 2625 558 2673 est
576 2614 798 2674 satisfactoriam
817 2614 929 2694 peccati
949 2613 1072 2674 bostiam
1083 2616 1131 2691 (ut
1148 2612 1245 2692 inquit

111 2688 264 2767 Propheta
293 2690 349 2749 les.
369 2696 418 2762 53,
436 2697 464 2754 ὅ.
484 2692 562 2764 10.),
592 2691 623 2749 in
648 2712 734 2781 quam
758 2691 866 2751 reiecta
891 2690 1109 2768 quodammodo
1134 2688 1245 2750 macula

114 2776 147 2823 et
166 2784 273 2900 poena,
292 2765 378 2825 nobis
400 2767 511 2825 desinat
529 2766 675 2857 imputari.
712 2768 850 2847 Apertius
869 2766 898 2825 id
918 2767 1012 2845 ipsum
1028 2775 1151 2825 testatur
1160 2764 1245 2843 Apo·

115 2842 769 3007 cassiteridesdiuisi
787 2852 1244 3008 ressuscitaturus

113 3000 146 3068 5,
163 2994 236 3071 ut).
273 2994 348 3053 Nam
368 2994 459 3054 Filius
480 2996 546 3068 Dei,
566 2998 647 3056 omni
668 2997 737 3055 vitiu
749 2996 929 3074 purissimus,
948 3004 1132 3072 iniquitatum
1145 3004 1245 3053 tamen

113 3082 281 3131 nostrarum
300 3070 442 3149 probrum
462 3093 496 3132 ac
514 3073 705 3166 ignominiam
725 3072 829 3146 induit,
848 3091 881 3131 ac
900 3091 951 3130 sua
969 3069 1096 3130 vicissim
1118 3071 1245 3149 puritate

109 3168 170 3283 qios
190 3146 344 3281 ‘'iimiti·
374 3148 487 3208 Eodem
499 3149 626 3283 tvidetur
645 3149 816 3240 respexisse,
839 3168 928 3283 quum
945 3146 1038 3300 gragiq
1055 3145 1245 3282 despedtcdd’

109 3244 229 3389 piabit
243 3244 305 3434 did}
317 3245 695 3433 tiiiiiieiiitcclialldli,quidiisi
712 3228 1022 3391 iraingbiistilddrnbm'
1033 3244 1170 3435 irlqnsidtq
1189 3244 1247 3395 inii

86 3378 684 3543 ‚{iustetrististristis
701 3377 1272 3533 traxissetitsur‘a:aaz¹

114 3527 286 3587 sacrificium
308 3528 458 3606 litatione,
490 3531 561 3589 iram
580 3530 638 3588 Dei
658 3531 712 3589 iam
734 3532 854 3591 liorrere
874 3531 1046 3590 desinamus.
1103 3475 1190 3590 dunc
1209 3528 1245 3589 li-

114 3604 236 3683 quidum
261 3616 320 3680 est,
350 3607 418 3684 quid
449 3606 504 3665 sibi
528 3607 598 3667 velit
618 3606 687 3666 illud
707 3607 767 3666 Pro
791 3608 892 3682 betae,
921 3608 1031 3685 positas
1049 3604 1137 3666 fuisse
1157 3607 1187 3665 in
1206 3626 1243 3666 eo

112 3692 230 3740 nostras
250 3681 381 3741 omnium
400 3682 567 3761 iniquitates
586 3685 657 3761 (les.
676 3689 725 3757 53,
743 3629 800 3759 ἱςε
830 3703 937 3762 nempe
962 3682 1041 3761 quod
1067 3682 1168 3741 sordes
1193 3702 1246 3742 ea-

111 3777 179 3815 rum
199 3756 397 3834 abstersurus,
425 3759 529 3818 iisdem
579 3780 611 3818 er
635 3760 836 3819 translatitiam
860 3759 1084 3840 imputationem
1106 3757 1244 3819 obtectus

112 3832 180 3892 fuit.
219 3833 290 3893 Eius
310 3835 352 3893 rei
372 3835 538 3914 symbolum
556 3782 612 3909 init
631 3857 710 3907 crux,
730 3836 776 3896 cui
795 3836 895 3895 affixus
915 3848 974 3909 est,
993 3845 1068 3893 teste
1087 3832 1244 3913 Apostolo.

112 3909 282 3985 „Christum
300 3910 331 3971 in
354 3913 397 3971 uit
416 3910 497 3988 (Gal.
508 3920 538 3976 3.
558 3914 631 3988 ts),
654 3914 778 3973 redemit
798 3934 852 3972 nos
871 3911 907 3971 ab
929 3909 1127 3970 exsecratione
1145 3911 1245 3990 Legis,

98 3986 207 4060 '„dum
227 4007 282 4066 pro
304 4007 342 4045 no
367 3989 388 4048 is
408 3988 501 4048 lactus
520 4000 565 4048 cst
585 3990 752 4050 exsecratio.
796 3988 861 4048 Scri
884 4000 945 4047 tum
972 3998 1016 4046 est
1041 3985 1118 4044 euim
1138 3986 1244 4063 (Dent.

114 4064 270 4137 „27‚26.)‚
288 4063 477 4124 Exsecrabilis
490 4066 595 4138 omnis,
615 4066 665 4145 qui
685 4065 793 4145 pendet
813 4067 842 4124 in
863 4009 960 4145 ligno:
980 4075 1013 4122 ut
1031 4062 1061 4121 in
1075 4075 1179 4142 gentes
1192 4062 1245 4122 be·

115 4139 265 4212 „nedictio
283 4138 420 4200 Abrahae
438 4141 470 4199 in
491 4142 609 4202 Christo
630 4143 826 4221 perveniret.“
863 4140 978 4199 Eodem
993 4140 1119 4218 respexit
1129 4138 1245 4217 Petrus,

116 4213 167 4275 ubi
186 4215 275 4276 docet
294 4230 414 4294 peccata
432 4229 532 4277 nostia
551 4230 683 4354 portasse
702 4218 733 4276 in
754 4217 834 4299 ligno
862 4217 902 4295 (1.
922 4216 1002 4277 Petr·
1021 4224 1051 4288 2,
1069 4218 1145 4290 ‘stas
1177 4216 1245 4296 quia

116 4310 151 4352 ex
169 4291 234 4372 ipso
254 4292 468 4354 maledictionis
487 4315 548 4375 sym
572 4295 622 4355 olo
642 4295 746 4356 clarius
765 4294 970 4377 intelligimus,
993 4313 1080 4367 onus,
1098 4313 1158 4371 quo
1178 4312 1243 4354 ern-

517 4630 525 4639 ,
643 4598 656 4639 d
