2700 4732
131 232 155 297 Ο
528 248 535 261 ·
583 226 820 289 untunn'rto

135 362 239 453 debis
263 400 407 454 manum
432 376 596 467 iniiciunt,
621 394 655 452 et
674 376 767 453 illam
792 376 942 452 fiduciae
954 374 1193 451 certitudinem
1216 404 1271 448 ar-

135 495 296 598 rogantia
318 511 352 570 et
377 497 664 600 praesumptione
687 525 760 571 uon
786 525 905 571 carere
926 493 1086 569 clamant.
1144 497 1207 580 At,
1232 510 1270 567 ut

135 610 221 687 nihil
246 609 292 688 de
317 611 430 703 uobis,
454 613 499 687 ita
517 612 782 688 omniadeDeo
808 610 1062 719 praesumenda
1085 627 1180 714 supt:
1205 638 1271 684 nec

137 727 203 804 alia
227 729 362 805 ratione
392 758 481 805 vana
510 728 620 835 gloria
650 730 859 837 spoliamur,
888 729 951 803 nisi
984 746 1025 804 ut
1051 729 1085 802 in
1111 727 1269 803 Domino

136 843 310 923 discamus
334 846 485 951 gloriari.
517 846 614 946 Qriid
638 849 752 925 ultra?
779 855 961 935 Percurre,
983 844 1169 921 fortissime
1183 850 1271 934 Rex,

136 991 260 1040 omnes
285 982 426 1041 nostrae
440 994 565 1041 causae
590 982 716 1070 partes,
741 965 911 1069 etquovis
935 961 1181 1039 sceleratorum
1203 961 1270 1035 ho·

135 1082 270 1157 minum
288 1078 419 1186 genere
444 1084 629 1186 nequiores
643 1114 707 1159 nos
733 1083 897 1168 existima,
921 1080 985 1156 nisi
1009 1081 1270 1184 planecompe·

135 1196 222 1287 rias,
245 1200 281 1274 iu
308 1200 379 1275 hoc
403 1230 469 1276 nos
492 1199 683 1305 laborare,
703 1219 737 1277 et
762 1199 903 1304 probris
925 1199 1032 1284 allici,
1064 1199 1145 1301 quia
1170 1192 1288 1299 spern'

69 1414 73 1421 Ι
134 1317 339 1419 reponimus
364 1318 400 1392 in
425 1324 504 1394 Dee
531 1318 612 1393 vive
640 1315 947 1414 (t.T1mt,1tt.);
973 1315 1053 1417 quia
1078 1316 1169 1389 hanc
1195 1344 1269 1389 cre·

134 1431 250 1509 dimus
275 1462 350 1510 esse
375 1434 481 1510 vitam
502 1453 697 1524 aeternam,
723 1464 827 1511 nosse
858 1462 968 1509 unum
993 1460 1114 1506 verum
1143 1439 1271 1520 Deum,

133 1565 170 1624 et
192 1576 297 1653 quern
320 1549 378 1626 ille
399 1551 490 1627 misit
511 1559 626 1628 lesum
645 1552 824 1628 Christum
849 1551 921 1650 (Io.
941 1554 999 1638 17,
1009 1551 1069 1642 3.).
1120 1555 1272 1657 Propter

133 1665 226 1742 banc
246 1696 360 1770 spem,
385 1668 440 1746 alii
464 1688 623 1746 nostrum
642 1669 786 1746 vinculis
812 1669 1105 1770 constringuntur,
1126 1664 1182 1740 alii
1201 1665 1269 1740 rir-

133 1783 185 1886 gis
198 1782 401 1878 caeduntur,
426 1786 480 1863 alii
506 1790 542 1864 in
564 1787 754 1864 ludibrium
768 1783 1084 1871 circumducuntur,
1109 1781 1164 1858 alii
1187 1812 1272 1887 pro·

135 1900 351 1992 scribuntur,
384 1904 438 1980 alii
465 1906 661 1981 saevissime
681 1918 907 2006 torquentur,
936 1902 991 1977 alii
1015 1902 1099 2002 luga
1124 1900 1270 1976 elabun-

135 2033 208 2093 tur:
244 2049 368 2096 omnes
394 2051 512 2100 rerum
540 2023 696 2126 angustia
722 2022 931 2125 premimur,
957 2018 1040 2094 diris
1064 2018 1270 2094 exsecratio·

133 2134 201 2212 bus
212 2135 438 2228 devoremur,
455 2138 645 2215 maledictis
663 2140 866 2228 laceramur,
888 2135 1131 2241 indignissimis
1154 2132 1271 2209 modis

134 2268 335 2330 tractamur.
374 2264 514 2332 lntuere
532 2257 603 2332 iam
629 2259 665 2332 iu
683 2255 900 2332 adversarios
915 2271 1053 2329 nostros
1072 2249 1134 2352 (de
1147 2251 1272 2328 ordine

135 2372 374 2449 sacrificorum
392 2373 530 2478 loquor,
550 2404 703 2478 quornm
715 2390 801 2451 nutu
814 2390 846 2448 et
862 2372 1005 2448 arbitrio
1019 2371 1074 2448 alii
1086 2370 1271 2473 nobiscum

135 2488 328 2566 inimicitias
353 2493 528 2589 exercent)
550 2512 582 2568 et
609 2522 747 2568 mecum
773 2489 949 2595 paulisper
973 2508 1095 2594 reputa
1109 2517 1180 2592 quo
1199 2506 1272 2566 stu·

136 2603 197 2682 dio
224 2608 392 2686 serantur.
443 2616 573 2686 Veram
600 2611 816 2713 religionem,
842 2609 1128 2712 quaeScripturis
1147 2606 1272 2682 tradita

136 2741 198 2814 est,
221 2754 382 2830 quaeque
402 2728 492 2802 inter
518 2758 640 2804 omnes
654 2744 815 2804 constare
831 2725 1009 2815 debuerat,
1031 2725 1132 2800 facile
1151 2743 1185 2801 et
1206 2726 1273 2801 sibi

135 2858 171 2918 et
196 2844 269 2920 aliis
287 2844 459 2948 ignorare,
482 2845 669 2948 negligere,
693 2845 869 2949 despicere
886 2844 1104 2947 permittunt:
1129 2872 1274 2946 partun-
1309 2928 1312 2949 Ι

137 2990 206 3065 que
229 2965 361 3040 referre
386 2966 508 3069 putant
534 2963 618 3067 quid
647 2965 794 3068 quisque
820 2960 865 3037 de
888 2968 967 3037 Deo
994 2978 1027 3036 et
1056 2962 1195 3036 Christo
1221 2976 1273 3036 te·

136 3097 226 3169 neat,
252 3081 306 3156 vel
333 3112 404 3157 non
427 3100 551 3172 teneat,
576 3081 686 3156 modo
711 3079 886 3185 implicita,
911 3097 947 3154 ut
963 3080 1068 3167 aiunt,
1089 3078 1273 3155 fidcsuam

136 3215 289 3273 mentem
310 3200 482 3277 Ecclesiae
503 3199 632 3276 iudicio
655 3200 848 3276 submittat:
874 3227 938 3270 uec
953 3194 1052 3271 valde
1072 3197 1275 3272 alliciuntur

138 3313 167 3388 si
192 3318 258 3400 nei
284 3316 431 3421 gloriam
467 3319 655 3394 manifestis
686 3315 909 3420 blasphemiis
939 3311 1049 3416 pollui
1086 3310 1276 3417 contingat,

138 3431 249 3507 modo
277 3438 421 3540 nequis
454 3436 619 3511 adversus
651 3434 742 3511 sedis
766 3431 988 3537 Apostolicae
1022 3430 1209 3533 primatum
1241 3449 1275 3506 et

139 3568 278 3627 sanctae
307 3556 424 3629 matris
439 3553 612 3630 Ecclesiae
625 3554 863 3628 auctoritatem
882 3549 1029 3653 digitum
1057 3547 1163 3622 tollat.
1202 3552 1278 3625 Cur

139 3686 226 3771 ergo
252 3686 346 3746 tauta
372 3673 510 3748 saevitia
538 3690 571 3747 et
597 3671 782 3747 acerbitate
808 3698 874 3772 pro
904 3667 1023 3753 missa,
1059 3666 1277 3768 purgatorio,

140 3788 487 3890 peregrinationibus,
512 3808 544 3866 et
570 3789 606 3864 id
619 3818 728 3892 genus
746 3788 846 3890 nugis
863 3783 1119 3888 belligerantur,
1144 3798 1183 3857 ut
1201 3784 1277 3858 sine
1309 3852 1314 3863 .

143 3933 266 3981 eorum
284 3906 557 4011 explicatissima,
581 3924 619 3983 ut
644 3906 691 3981 ita
708 3904 832 3994 dicam,
854 3902 924 3979 fide
947 3901 1077 3976 salvam
1103 3899 1181 3973 lore
1201 3899 1277 4002 pie-

141 4040 248 4098 tatem
275 4044 411 4128 negent,
437 4054 547 4128 quum
569 4041 687 4099 tamen
707 4022 791 4099 nibil
810 4050 932 4098 eorum
960 4017 1105 4095 averbo
1115 4017 1182 4092 Dei
1200 4048 1278 4095 esse

143 4140 321 4245 probent?
352 4146 447 4222 Cur?
468 4144 530 4218 nisi
551 4144 632 4245 quia
656 4143 721 4217 illis
734 4148 831 4217 Deus
856 4155 977 4217 venter
998 4154 1060 4226 est,
1083 4134 1197 4210 culina
1220 4164 1276 4211 re·

102 4264 121 4291 ⁹
142 4256 245 4365 ligio:
269 4259 395 4365 quibus
423 4262 578 4350 sublatis,
604 4259 799 4336 nonmodo
817 4287 888 4335 non
901 4256 1127 4344 Christianos,
1150 4249 1279 4329 sedne

142 4370 304 4459 tornines
322 4378 464 4489 quidem
494 4381 628 4463 loturos
653 4408 690 4455 se
715 4376 885 4461 creduut?
923 4374 1077 4458 Tametsi
1103 4372 1196 4455 enim
1218 4368 1276 4455 alii
