2700 4732
488 204 563 265 tto.
583 205 623 265 11.
663 206 752 267 cte.
774 206 856 267 Vlll.
1181 212 1238 277 261

136 348 311 431 recognitione
328 346 465 430 privatim
488 366 520 409 se
540 348 678 428 quisque,
708 352 824 429 quoties
850 364 945 427 vacat,
977 350 1136 433 diligenter
1156 372 1240 411 exer·

135 436 203 485 teate
217 434 270 485 tum
287 423 387 499 etiam,
406 435 441 484 nt
459 444 562 484 omnes
583 425 667 485 simul
687 424 848 509 legitimum
869 428 1009 487 ecclesiae
1029 428 1181 503 ordinem,
1200 429 1238 489 ad

134 498 232 575 verbum
248 500 432 575 audiendum,
452 500 488 560 ad
507 515 754 562 sacramentorum
775 504 1064 574 administrationem,
1082 504 1118 564 ad
1160 506 1238 565 ubli-

133 576 320 640 murationes
340 580 551 650 constitutum,
572 578 773 639 observemus:
804 581 908 655 tertio,
938 602 975 638 ne
996 581 1081 641 uobis
1104 526 1237 643 subditos

131 652 301 715 inhumaniter
318 675 494 735 premamus.
528 654 575 714 lta
595 668 772 715 evanescunt
791 678 886 737 nugae
906 656 1238 737 pseudoprophetarum,

132 728 1237 889 llillll‘atttttt{diligatltttitll¹¹⁸...ttttlm‘0‘tl't‘tttt

97 904 104 921 ⁸
132 880 158 939 in
174 880 222 943 boe
235 883 369 944 mandato
394 882 441 961 (id
460 896 570 943 vocant
592 906 643 944 sua
666 884 766 966 lingna
786 853 844 944 diei
866 887 1008 964 septimae
1026 886 1235 963 taxationem):

133 976 259 1019 remmere
274 972 371 1020 autem
391 958 472 1039 quod
491 958 604 1019 morale
624 973 678 1034 est,
698 980 804 1039 nempe
824 963 908 1021 unius
928 962 986 1021 dici
999 961 1235 1023 observationem

131 1031 343 1095 inbebdomade.
381 1036 474 1114 Atqui
494 1037 522 1095 id
543 1035 615 1095 nibil
635 1037 712 1097 aliud
734 1051 788 1109 est,
809 1059 893 1116 quam
913 1039 943 1097 in
963 1038 1139 1098 ludaeorum
1160 1059 1235 1098 con-

133 1110 255 1171 tumeliam
271 1112 348 1171 diem
367 1123 497 1183 mutare,
528 1112 585 1171 diei
615 1114 798 1175 sanctitatem
824 1113 921 1173 animo
947 1115 1069 1173 candem
1088 1115 1233 1175 retinere:

129 1184 246 1265 siqnidem
263 1199 363 1248 manet
377 1188 464 1247 nobis
484 1188 642 1248 etiamnum
662 1211 716 1269 par
735 1191 865 1271 mysterii
884 1192 913 1250 in
927 1189 1028 1249 diebus
1046 1191 1234 1273 significatio,

89 1272 91 1279 '
146 1284 189 1322 uae
208 1264 278 1343 apud
297 1263 425 1325 ludaeos
450 1264 549 1324 locum
575 1265 711 1325 babebat.
750 1268 790 1325 bt
815 1286 885 1325 saue
911 1266 1056 1339 videmus,
1083 1267 1154 1346 quid
1179 1267 1232 1328 tali

126 1282 450 1421 lontrinaproleeerint:
483 1344 532 1419 qui
564 1342 642 1401 enirn
672 1363 773 1403 eorum
807 1342 1066 1403 constitutionibus
1098 1345 1232 1420 baereat,

126 1434 201 1477 uana
218 1416 384 1497 carnalique
403 1416 570 1477 sabbatismi
594 1420 803 1497 superstitione
816 1418 942 1481 ludaeos
960 1431 1008 1478 ter
1027 1432 1178 1499 superant:
1199 1433 1233 1481 ut

124 1490 293 1554 nibilominus
317 1494 407 1554 bodie
430 1494 498 1573 ipris
522 1496 699 1554 conveniant
723 1495 962 1577 obiurgationes,
995 1517 1068 1575 quae
1087 1498 1163 1577 apud
1183 1497 1233 1556 le-

89 1638 91 1643 ,
123 1568 195 1631 odam
210 1568 348 1653 leguntur
367 1575 446 1651 (cap.
465 1578 493 1644 1,
513 1578 560 1634 13.
582 1574 776 1648 et58,13.),
801 1594 887 1650 quam
913 1573 946 1631 iis
967 1594 1041 1651 quos
1065 1594 1116 1633 sua
1136 1586 1233 1634 aetate

120 1642 171 1707 Pro
189 1646 250 1709 beta
267 1645 449 1726 increpabat.
497 1647 653 1707 Caeterum
678 1649 822 1728 generalis
848 1650 980 1709 doctriua
1005 1649 1161 1729 praecipue
1184 1662 1233 1710 te·

126 1666 204 1783 ndu
218 1734 277 1786 ert:
301 1742 341 1783 nc
367 1722 473 1805 religio
493 1723 643 1783 internos
663 1724 709 1784 uel
729 1726 866 1786 concidat
885 1726 932 1784 vel
958 1726 1141 1803 languescat,
1165 1725 1230 1785 dili-

180 1820 210 1861 er
224 1800 369 1861 colendos
389 1820 451 1859 esse
474 1822 572 1861 sacros
592 1813 709 1875 coetus,
729 1815 760 1861 et
779 1803 904 1862 externis
927 1802 1079 1880 subsidiis,
1099 1823 1175 1883 quae
1194 1802 1232 1864 ad

126 1810 259 1939 mlum
274 1877 336 1939 Dei
355 1876 465 1969 cultum
483 1877 607 1953 valeant,
625 1899 745 1959 operam
766 1878 891 1938 dandam
911 1898 983 1939 esse.

325 2128 694 2218 nunecnnnun
735 2156 1006 2231 Qurunonr.

131 2310 254 2378 llnnora
271 2328 410 2397 patrem
429 2328 527 2376 tuum
548 2328 583 2377 et
600 2328 760 2391 matrem,
779 2292 816 2377 nt
836 2320 884 2377 sis
901 2315 1104 2399 longaevus
1120 2337 1231 2399 super

174 2402 310 2471 terram,
330 2414 430 2474 quam
451 2393 610 2454 Ielrovaln
629 2394 728 2455 Deus
746 2408 826 2454 tuns
848 2394 998 2454 daturus
1019 2394 1172 2455 esttibi.

190 2556 230 2617 35·
262 2552 343 2614 Finis
364 2566 421 2613 est:
443 2552 594 2628 Quoniam
610 2554 742 2614 Domino
763 2556 829 2615 Deo
850 2574 918 2614 suae
939 2553 1137 2633 dispositionis
1156 2572 1231 2612 con·

133 2632 231 2688 imon
247 2632 330 2689 cordi
350 2643 410 2701 est,
439 2632 590 2691 ordinatos
616 2631 652 2689 ab
680 2632 744 2721 ipso
770 2634 945 2690 eminentiae
964 2630 1069 2709 gradus
1091 2642 1230 2709 oportere

137 2700 203 2763 tobit
216 2724 269 2767 ttae
288 2707 482 2767 inviolabiles.
521 2709 640 2767 Summa
658 2709 749 2789 igitur
761 2711 825 2779 erit,
847 2721 877 2766 ut
890 2730 963 2786 quos
983 2708 1069 2765 uobis
1090 2705 1232 2786 praefecit

155 2848 163 2863 Ι
200 2778 207 2793 ’
277 2804 329 2844 eos
349 2783 545 2863 strepieiamus,
565 2804 675 2863 eosque
695 2796 724 2842 et
745 2784 859 2843 bonore
882 2797 911 2842 et
926 2783 1094 2841 obedientia
1115 2795 1145 2840 et
1164 2802 1231 2861 gra-

142 2852 236 2941 ltltlioe
246 2880 464 2940 prosequamur.
505 2860 592 2918 Unde
612 2861 743 2939 sequitur
760 2861 959 2931 interdictum,
979 2880 1016 2916 ne
1037 2859 1105 2936 quid
1127 2877 1230 2916 eorum

143 2924 252 3010 duddi,
269 2937 316 2997 vel
336 2948 524 3015 contemptu,
548 2938 592 2995 vel
614 2937 812 3007 corntuuracia,
845 2936 891 2993 vel
913 2935 1122 3016 ingratitudine
1143 2935 1250 2992 dcro··

141 3020 219 3085 gntus.
250 3014 300 3074 Sic
321 3011 475 3072 euimlate
501 3026 581 3091 patet
599 3013 774 3072 vocabulum
800 3012 917 3072 horroris
941 3015 970 3071 in
998 3011 1166 3088 Scriptura:
1198 3020 1232 3069 ut

139 3100 202 3159 {otoo
216 3087 280 3149 dicit
299 3090 324 3149 Α
350 3088 514 3168 ostolus(l.
532 3091 608 3148 Tim.
625 3092 744 3165 5,1'i.),
765 3090 958 3169 Presbyteros
979 3089 1027 3166 qni
1048 3087 1125 3146 benc
1146 3107 1232 3165 prae-

138 3172 192 3245 !fltls
206 3164 305 3245 duplici
326 3112 440 3226 lionore
451 3167 556 3242 dignos
577 3188 649 3239 esse,
669 3187 729 3225 non
750 3168 840 3227 modo
860 3168 1053 3224 reverentiam
1074 3164 1107 3222 iis
1128 3162 1231 3231 deberi

136 3239 255 3333 rrnttipiu
277 3244 328 3304 scd
350 3263 436 3322 quam
461 3245 653 3302 ministerium
681 3264 784 3302 corum
805 3242 1071 3301 remunerationem
1090 3252 1230 3298 meretur.

89 3338 92 3361 ¹
135 3306 251 3383 Quoniam
271 3332 369 3379 antem
388 3319 446 3379 boc
466 3320 502 3378 de
526 3319 709 3379 subiectione
735 3332 922 3398 praeceptum
949 3339 1014 3377 cum
1040 3316 1159 3376 bunnani
1185 3315 1231 3373 in·

132 3392 190 3467 genii
206 3398 342 3475 pravitate
367 3394 449 3456 valde
475 3407 586 3487 pugnat
615 3395 727 3474 (quod,
748 3408 780 3454 ut
800 3409 842 3453 cst
863 3393 1041 3453 celsitudinis
1060 3392 1232 3474 appetentia

89 3528 91 3533 .
131 3470 263 3549 lurgidum,
282 3491 372 3553 aegre
395 3492 426 3531 se
446 3472 549 3530 subuci
567 3473 717 3547 sustinet),
744 3492 818 3549 qum¹
840 3483 939 3528 natura
959 3471 1080 3529 maxime
1100 3467 1231 3528 amabilis

130 3554 202 3606 ottae
217 3550 336 3608 minime
368 3548 507 3607 invidiosa
529 3548 736 3627 superioritas,
767 3547 796 3605 in
830 3545 973 3625 cntemplar
1020 3568 1053 3605 ro
1078 3547 1150 3605 osita
1176 3555 1232 3616 est,

89 3638 93 3699 3
130 3620 179 3695 uis
193 3624 298 3685 lucilius
318 3622 431 3683 animos
450 3636 567 3683 nostros
594 3622 728 3682 emollire
749 3635 779 3681 et
804 3622 953 3682 inllectere
973 3568 1016 3682 ad
1028 3568 1229 3681 submissionis

89 3710 94 3771 ἰ,
129 3701 343 3759 consuetudinem
383 3709 486 3759 oterat.
529 3699 576 3756 nd
600 3720 719 3757 (inanem
747 3719 818 3779 ergo
840 3698 995 3778 legitimam
1015 3696 1231 3756 subiectionem

89 3774 92 3781 “
128 3766 198 3851 aben,
213 3798 286 3856 quae
306 3721 442 3835 facillima
460 3786 506 3835 est
524 3776 663 3850 toleratu,
681 3796 737 3834 nos
756 3773 891 3853 patrlatim
909 3773 1060 3834 assuefacit
1071 3771 1231 3860 Dominusz

128 3854 220 3923 qundo
237 3865 281 3913 est
300 3853 431 3912 omnium
453 3852 553 3911 eadem
573 3853 660 3911 ratio.
706 3850 858 3931 Siquidem
879 3851 984 3929 quibus
1003 3847 1137 3908 attribuit
1156 3866 1231 3911 emr-

126 3930 245 4003 ututiam,
275 3941 417 4008 quatenus
441 3928 477 3987 ad
504 3949 567 3986 cam
591 3926 731 3988 tuendam
756 3947 873 3987 necesse
894 3940 954 3999 est,
984 3946 1067 3986 suum
1087 3921 1231 3984 cumillis

125 4016 209 4063 tomen
227 4004 432 4067 communicat.
482 4000 518 4063 ln
541 4026 630 4063 uuum
656 4004 749 4083 ipsum
774 4004 813 4062 ita
835 4003 1017 4063 conveniunt
1035 4000 1145 4075 Patris,
1172 3997 1232 4060 nei

127 4078 273 4177 tollemini
294 4079 389 4155 tituli,
415 4091 446 4140 ut
466 4082 582 4161 quoties
602 4103 692 4139 unum
713 4078 838 4161 aliquem
859 4100 892 4138 ex
910 4080 946 4140 iis
965 4077 1115 4150 audimus,
1138 4074 1229 4136 maie-

127 4224 699 4251 *ᾖ*

176 4324 254 4395 ‘Jllu
268 4330 322 4383 luae
337 4330 458 4383 libertate
472 4330 532 4383 eide
549 4330 684 4385 Socratem
702 4332 758 4386 ltirt.
775 4331 833 4401 trip.
850 4331 894 4385 lib.
910 4330 937 4389 9.
955 4348 978 4383 u.
993 4328 1036 4385 38
