2700 4732
101 196 141 255 ’td
488 190 562 249 tttt.
584 192 638 249 lll.
679 192 765 251 tjatt
788 190 853 248 llll.

109 348 212 391 omnes
232 332 294 389 eins
314 331 424 391 divitias
443 354 508 393 cnm
535 334 598 413 ipso
623 334 811 411 possidemus.
855 334 918 391 Nec
944 332 1042 391 obstat
1060 332 1145 410 quud
1169 332 1244 393 stibi

111 406 216 479 docet,
246 406 411 467 damnatum
438 419 500 469 es'se
520 410 556 469 de
574 422 698 500 peccatu
722 421 874 491 peccatum
895 410 923 465 in
945 406 1055 467 Christi
1075 428 1186 481 carne,
1210 422 1245 469 ut

112 482 220 543 iustitia
238 484 326 563 Legis
351 484 550 575 compleretur
574 508 603 545 rn
629 486 713 547 nubis
737 486 829 563 (Rom
849 490 885 557 ὃ,
911 488 969 561 Ill:
1000 484 1051 544 nbi
1074 506 1137 543 non
1163 484 1242 545 aliud

113 558 358 638 complementum
372 562 512 653 desrssuat,
526 584 612 641 quan
632 562 711 641 quod
731 560 925 641 imputatione
945 562 1164 639 consequimur.
1195 562 1241 621 Eo

114 634 192 695 enim
212 636 275 695 iure
294 650 490 699 communicat
508 639 660 699 nobiseum
678 638 826 697 Dominus
837 637 969 695 Christus
989 658 1070 696 suam
1089 637 1245 711 iustitiam,

114 722 148 771 ut
165 710 432 791 mirabiliqundarn
452 714 554 785 modo,
575 727 715 793 quantum
734 714 863 795 pertinet
881 713 916 771 ad
935 712 993 771 Dei
1014 712 1164 787 iudicium,
1185 716 1243 773 vin

115 789 177 847 eius
196 788 227 847 in
247 810 301 849 nos
321 789 513 851 trarrssundat.
562 792 650 849 atiud
677 812 736 851 uon
757 791 879 849 sensisse
897 787 1013 847 abunde
1033 788 1125 867 liquet
1145 810 1180 849 ex
1200 788 1244 853 al-

113 866 356 937 termestudia,
380 888 466 943 quarn
487 866 575 947 paulo
596 877 664 927 ante
683 877 821 945 posuerat
839 865 939 943 (lions.
959 872 1090 940 5‚19.)‚
1114 886 1242 946 „quem

114 939 271 999 admodum
293 962 344 1021 per
364 942 447 1003 unius
465 942 696 1004 inobedientiam
716 943 866 1003 constituti
884 963 982 1001 sumus
1001 940 1242 1021 peccatoreqiu

113 1036 169 1097 pec
187 1016 384 1077 obedientiam
405 1018 488 1079 unius
506 1019 684 1079 iustificari.“
724 1019 805 1092 Quid
825 1016 900 1077 aliud
921 1018 1013 1078 estin
1035 1016 1148 1078 Christi
1168 1018 1243 1077 ulae-

116 1091 224 1151 dientia
245 1094 392 1153 collocare
412 1108 539 1155 nostram
564 1095 717 1169 iustitiam,
741 1095 796 1154 nisi
822 1113 950 1153 asserere
971 1114 1006 1154 eo
1027 1093 1093 1154 solo
1114 1116 1170 1153 nus
1192 1092 1242 1155 laa-

115 1166 179 1229 beri
194 1170 294 1241 iustos,
314 1172 379 1249 quia
394 1170 505 1231 Christi
518 1172 687 1232 obedientia
706 1170 792 1231 nobis
811 1182 929 1247 accepta
950 1170 1053 1243 fertur,
1071 1172 1129 1231 acsi
1142 1182 1243 1232 nostra

116 1245 210 1303 esset?
249 1244 352 1317 Quare
377 1248 445 1306 mibi
473 1248 685 1329 elegantissime
707 1247 823 1307 uidetur
845 1246 1062 1307 Ambrosius
1087 1248 1175 1307 buius
1200 1246 1243 1307 in·

115 1319 210 1379 stitiae
230 1324 394 1401 paradigma
415 1324 444 1383 iu
465 1324 671 1385 benedictione
692 1323 781 1383 laeub
800 1324 950 1393 statuisse,
974 1344 1080 1403 nempe
1100 1324 1245 1403 quemad-

117 1395 234 1455 modum
255 1396 304 1456 ille
324 1401 584 1481 primogenituram
605 1422 620 1459 a
644 1420 675 1459 se
696 1401 758 1480 ipso
780 1419 840 1457 uon
861 1400 997 1471 meritus,
1023 1400 1125 1459 babitu
1146 1400 1245 1460 fratris

116 1472 294 1541 occultatus,
313 1476 432 1555 eiusque
451 1490 530 1536 veste
550 1476 684 1550 indutus,
704 1495 777 1554 quae
797 1475 938 1553 optimum
959 1476 1081 1535 oderem
1101 1476 1246 1555 spirabat,

115 1568 148 1607 se
167 1548 260 1639 ipsum
281 1552 532 1633 insinuaritpatri‚
556 1566 587 1613 ut
606 1574 659 1613 stro
679 1551 834 1612 commodo
854 1552 907 1609 sub
928 1550 1021 1610 aliena
1041 1570 1168 1641 persona
1191 1550 1243 1609 be·

116 1624 314 1686 nedretiouem
335 1629 494 1707 acciperet:
521 1630 559 1689 ita
582 1650 635 1689 nus
654 1628 707 1689 sub
730 1627 838 1687 Christi
863 1626 1051 1709 primogenita
1071 1628 1165 1686 nostri
1187 1626 1246 1687 l'ra·

115 1700 169 1760 tris
187 1706 323 1780 pretiosa·
336 1708 462 1783 puritate
482 1705 669 1777 delitescere,
700 1715 732 1761 ut
755 1702 955 1761 testimonium
981 1702 1107 1761 iustitiae
1131 1724 1147 1761 a
1170 1724 1244 1763 cou-

116 1778 312 1918 neus
325 1780 492 1915 uun·
525 1778 1166 1931 nunnus”acaunus
1183 1780 1244 1917 u

117 1939 213 2003 „tasse
238 1880 405 2002 ἰΙΙ.υι1.ι·..κ·ῐΙ,’
420 1858 484 2013 dirici
502 1879 733 2022 'ionmopartbas
765 1904 968 2004 iustificamirr,
992 1932 1042 1992 sed
1063 1932 1134 1991 lide:
1148 1897 1243 2069 ’Ἔθ-

117 2008 216 2081 „niam
238 2008 358 2067 carnalis
379 2010 528 2069 infirmitas
542 2010 681 2089 operibus
701 2008 910 2087 impedimento
931 2020 984 2081 est,
1003 2007 1054 2067 sed
1073 2008 1140 2066 fidei
1162 2030 1179 2067 c
1208 2008 1244 2069 ri·

117 2094 182 2155 „tas
208 2084 351 2143 lactearum
379 2086 535 2146 ulrrrmbrat
559 2106 705 2158 errorem,
735 2104 809 2162 quae
836 2096 965 2144 rueretur
984 2085 1098 2144 ueniam
1119 2084 1243 2145 delicto-

128 2164 233 2231 ,cum.“
272 2160 310 2219 Et
328 2182 398 2220 sane
419 2161 457 2221 ita
478 2183 524 2221 res
544 2162 648 2221 habet:
677 2182 742 2221 nam
783 2180 821 2219 un
850 2162 878 2220 in
903 2162 1023 2221 salutem
1050 2182 1150 2221 curam
1172 2160 1244 2221 lucie

116 2198 177 2293 bei
196 2255 261 2297 cnm
284 2257 430 2307 areamns,
459 2238 542 2299 buno
563 2240 623 2298 eius
643 2238 735 2298 odore
760 2181 889 2317 iragrare
913 2260 968 2297 nus
993 2258 1111 2297 necesse
1130 2250 1194 2313 est,
1216 2250 1244 2299 ct

118 2309 179 2371 eius
199 2330 251 2390 per
265 2314 381 2373 ectiune
401 2315 466 2375 sitia
487 2328 587 2376 nostra
606 2314 709 2395 obtegi
726 2334 760 2373 ae
779 2313 905 2393 sepeliri.
1203 2328 1206 2335 '

492 2682 742 2753 CAPUT
793 2682 868 2751 Xll.

121 2874 167 2935 Ut
197 2877 295 2937 serio
321 2877 426 2938 nobis
450 2878 718 2957 persuadeatur
742 2876 903 2955 gratuita
929 2872 1176 2953 iustificatiu,
1206 2880 1242 2939 ad

317 2970 384 3029 Dei
409 2969 572 3031 tribunal
598 2968 782 3029 tollendas
804 2986 880 3025 esse
902 2978 1046 3026 menter.

187 3147 274 3201 Partes
292 3148 367 3199 liuius
386 3146 496 3217 Capitis:
519 3148 549 3216 l)
566 3147 678 3200 lustitiau
696 3145 745 3197 llei
762 3144 894 3197 meditatio
914 3164 1023 3213 operum
1042 3144 1166 3199 iustitiam
1184 3148 1245 3201 irua-

120 3232 243 3296 ginan’ara
261 3234 354 3291 evertit,
370 3246 399 3283 ut
417 3248 487 3302 patet
505 3254 534 3283 ex
551 3232 699 3283 testimoniis
718 3230 865 3298 Scripturae
883 3243 906 3278 et
923 3227 1026 3296 piorum
1046 3231 1247 3285 confessionibus

121 3336 151 3367 ac
169 3317 303 3385 exemplis,
328 3318 539 3371 suet.1-3.-
584 3318 616 3383 ⁶2)
634 3315 813 3368 Conscientiae
836 3313 895 3363 item
912 3313 1006 3363 serium
1031 3331 1153 3375 examen,
1175 3319 1246 3369 etad

123 3400 232 3451 coeleste
249 3400 361 3451 tribunal
380 3415 504 3471 perpetua
524 3402 624 3463 citatio,
640 3416 699 3459 sect.
717 3402 741 3451 d.
755 3392 782 3449 'et
799 3400 822 3451 5.
842 3428 873 3438 -
908 3398 940 3464 3)
958 3396 1036 3449 Unde
1052 3420 1108 3450 nnn
1127 3400 1247 3475 hypocri-

120 3485 153 3537 sis
172 3500 196 3535 et
211 3485 295 3535 meriti
312 3504 420 3554 operum
440 3506 504 3537 sana
523 3487 628 3555 opinio,
655 3488 699 3537 sed
718 3505 776 3535 vcra
805 3484 933 3534 humilitas
956 3483 983 3533 in
1002 3484 1126 3535 cordibus
1143 3487 1246 3554 piorum

120 3570 247 3629 irascitur,
264 3570 334 3637 qrtud
353 3570 502 3621 auctoritate
521 3570 669 3638 scripturae
687 3582 711 3620 et
728 3566 863 3619 Publiceni
882 3568 999 3635 cra-naplu
1017 3567 1174 3629 illustratur,
1188 3584 1246 3622 sect.

120 3654 144 3707 6.
152 3668 175 3705 et
186 3654 208 3705 7.
227 3684 258 3692 —
286 3652 317 3720 l)
336 3650 488 3725 Conclusio,
508 3654 679 3706 abiiciendam
699 3672 749 3705 esse
768 3652 938 3713 arrogantiam
956 3666 980 3701 et
996 3651 1174 3704 securitatem:
1192 3654 1247 3725 quia
1279 3716 1282 3721 Ι

121 3752 221 3789 tantnrn
238 3738 345 3806 quisque
362 3737 453 3790 obiicit
470 3737 648 3808 impedimenti
667 3736 768 3787 divinae
785 3735 980 3797 beneficentiae,
1006 3756 1084 3805 quam
1104 3736 1130 3789 in
1146 3758 1177 3791 ue
1192 3738 1246 3809 ipsu

122 3822 268 3891 acquiescit,
285 3836 343 3873 sect.
360 3822 386 3873 8.

198 3998 226 4055 1.
266 3988 347 4047 llaec
372 3988 469 4047 omnia
498 3990 611 4049 tametsi
637 3987 791 4048 luculentis
815 3988 987 4047 testimoniis
1012 3990 1162 4049 verissima
1188 4012 1248 4051 esse

121 4079 218 4147 patet,
247 4077 345 4125 tannen
367 4086 452 4144 quam
473 4067 632 4125 necessaria
652 4065 726 4137 sint,
754 4085 813 4122 non
835 4065 913 4143 prius
933 4063 1018 4122 nobis
1038 4064 1119 4124 clare
1139 4066 1248 4127 consti-

118 4144 200 4215 terit,
219 4162 305 4221 quam
327 4162 360 4199 ea
380 4141 466 4202 uubis
486 4140 526 4200 nb
548 4142 650 4203 oculos
670 4140 862 4233 posuerimus,
882 4160 956 4219 quae
975 4141 1249 4222 totiusdisputatin·

119 4220 165 4281 nis
183 4220 373 4279 fundamenta
393 4238 454 4279 esse
475 4218 594 4279 debent.
630 4218 729 4277 Prrnei
752 4218 781 4277 io
795 4237 866 4297 ergo
887 4216 972 4277 nubis
990 4231 1143 4280 succurrat
1162 4218 1249 4280 illud:

119 4314 180 4357 nun
199 4295 237 4356 de
256 4293 375 4355 humani
395 4294 454 4355 luci
474 4296 592 4370 iustitia,
610 4294 660 4355 sed
673 4239 807 4355 eoelistis
827 4293 990 4369 tribunalis,
1009 4314 1179 4357 sermonem
1190 4316 1250 4359 esse
