2596 4726
120 220 179 287 m
480 208 557 273 titt.
575 206 632 270 lll.
671 208 762 273 CAP-
779 206 891 273 mli.

165 354 385 419 utuduontts
404 372 477 435 quae
503 352 588 415 citavi
615 352 786 435 exprimitur
809 352 1042 437 perseuerantis,
1066 346 1257 413 iullealbllmn

156 432 280 505 sotionis
299 430 491 493 constantiam
510 428 597 491 simul
615 440 767 492 teruntur.

202 516 249 575 11.
287 510 374 569 Nune
394 507 432 566 de
455 507 605 588 reprobis,
638 528 712 586 quos
735 506 821 567 simul
841 505 901 567 illie
920 504 1029 567 coniun
1052 504 1075 567 it
1094 500 1258 585 Apostolus

125 586 227 669 (Rom.
247 586 367 661 9,13.).
401 584 443 643 Ut
463 584 541 643 enim
562 582 664 657 Iacob,
681 582 824 644 nihildum
844 582 930 644 bonis
951 524 1091 662 operius
1112 580 1257 671 prqrneri·

125 676 183 740 tus,
202 660 356 722 assumitur
373 660 403 720 in
424 661 563 743 gratiatur
583 660 624 720 sic
636 660 724 733 Esau,
741 658 824 719 nullo
844 658 939 720 adbuc
956 658 1067 719 scelere
1078 656 1258 750 ipqusnatus,

125 740 198 802 odio
217 736 350 798 babetur.
388 734 422 796 Si
440 735 476 795 ad
496 754 588 815 opera
608 734 803 797 convertimus
816 734 929 809 oculos,
947 733 1081 795 iniuriam
1093 752 1258 827 irrogamus

125 814 291 897 Apostolo,
310 812 392 893 quusi
410 811 439 871 id
459 812 552 892 ipsum
572 811 652 891 qnod
671 810 760 874 nobis
806 811 969 891 erspicuum
989 822 1034 873 est
1056 830 1119 869 non
1137 807 1257 871 viderit·

127 892 224 953 Porro
245 889 420 952 nonvidisse
440 886 636 961 convincitur,
655 832 849 966 quantulos
863 887 1035 947 nominatim
1049 896 1150 967 urget,
1168 904 1256 965 quum

126 966 271 1029 nihildum
296 964 368 1025 boni
394 974 443 1023 aut
472 962 538 1022 mali
570 962 784 1044 designassent,
814 962 936 1023 alterum
962 961 1103 1035 electum,
1132 958 1257 1021 alterum

127 1044 285 1105 reiectum:
307 1052 339 1100 ut
358 1039 465 1119 probet
476 1038 590 1098 divinae
609 1038 879 1118 praedestinationis
899 1039 1119 1098 fundamentum
1138 1036 1257 1115 inope-

127 1118 209 1180 ribns
229 1138 290 1209 non
310 1135 381 1176 esse.
425 1114 548 1205 Deinde·
560 1114 611 1174 ubi
633 1114 831 1207 obiectionerq
851 1115 969 1205 movit,
984 1134 1057 1205 num
1079 1112 1201 1203 iniquus
1215 1110 1258 1203 ste

79 1338 81 1343 .
128 1188 422 1352 ltnlllllttl
437 1190 1259 1357 tilssttssttl¹tlt:ttttlltttltllt‘tl:

128 1344 285 1406 malitiosus
304 1342 355 1404 sed
375 1342 485 1433 diuersa
505 1342 654 1433 solutione
673 1353 903 1434 eontentnsoest,
922 1342 1002 1423 quod
1022 1362 1053 1401 m
1073 1341 1152 1401 bunc
1169 1340 1258 1399 duem

130 1417 434 1555 excitenturreprobi,
452 1417 554 1477 utDer
571 1418 666 1511 gloria
681 1438 735 1555 per
752 1418 819 1510 illos
833 1419 1003 1509 illustretur.
1040 1420 1173 1551 qunrq
1187 1414 1259 1476 rub·

128 1495 407 1647 ⁰i2¹li.⁰li⁰ii.i.'¹'’
425 1494 522 1630 lde
537 1516 626 1630 tlt
641 1504 1260 1661 {litlt‘l‘tnttttttllll'ttf

143 1647 223 1710 erati
259 1650 341 1738 Ergo
360 1647 385 1707 si
409 1667 470 1707 non
496 1664 649 1735 possumus
672 1658 816 1737 ranpnem
834 1666 992 1727 assignare,
1011 1667 1065 1706 cor
1082 1664 1157 1735 suos
1172 1661 1259 1735 mug-

130 1723 257 1787 ricordia
277 1725 425 1805 dignetur,
445 1723 499 1782 nisi
516 1742 654 1813 quoniam
673 1735 713 1782 ita
732 1723 775 1782 illi
796 1722 904 1802 placet:
926 1742 1022 1803 neque
1041 1721 1127 1782 etiam
1148 1740 1179 1779 ιι
1197 1720 1260 1810 aliis

129 1799 323 1880 reprobandis
342 1797 419 1859 eliud
440 1798 611 1857 habebimus
652 1819 715 1857 nam
736 1800 797 1858 eius
816 1798 1005 1859 voluntatem.
1058 1799 1162 1872 Quum
1181 1816 1259 1856 enim

131 1876 239 1967 dicitur
256 1875 339 1935 Deus
356 1874 403 1935 vel
422 1873 577 1963 indurare,
601 1820 649 1934 vel
672 1874 866 1965 misericordia
892 1874 1029 1955 prosequi
1049 1870 1261 1963 quem-volue-

131 1964 187 2087 pit,
219 1971 256 2011 eo
277 1951 474 2011 admonentur
497 1949 631 2011 hommes
650 1950 721 2010 nibil
742 1970 845 2011 causae
864 1970 1004 2031 quaerere
1024 1962 1103 2010 extra
1122 1969 1185 2009 eius
1203 1966 1262 2009 vu·

145 2038 286 2089 untatem.

478 2321 563 2391 CA
589 2320 680 2393 PU
706 2323 739 2391 Τ
790 2323 916 2392 Xlllll.

132 2513 323 2573 Relutatio
344 2512 625 2588 calumniarum,
652 2513 785 2592 quibus
804 2512 895 2574 baec
920 2514 1092 2573 doctrina
1116 2529 1262 2592 semper

501 2604 626 2683 inique
646 2618 790 2688 gravata
811 2606 893 2666 suis

200 2780 310 2835 Constat
330 2782 382 2834 boc
400 2796 478 2852 caput
499 2795 611 2852 quatuor
633 2783 763 2853 partibus,
789 2803 856 2853 quse
873 2783 1024 2851 praecipuas
1041 2779 1202 2833 obiectiones
1218 2798 1262 2854 '⁸3

133 2868 233 2936 tiaeque
251 2865 455 2919 adversariorum
479 2866 610 2920 instantias
635 2881 660 2920 et
677 2866 852 2936 exceptiones,
876 2868 908 2917 ab
933 2868 970 2917 liis
988 2865 1179 2918 obiectionibus
1196 2882 1262 2933 pen·

134 2956 236 3014 dentes,
252 2950 379 3003 telettum
413 2948 459 3002 llis
476 2953 648 3019 praemittitur
664 2952 687 3003 1.
704 2966 762 3004 sect
779 2952 897 3003 refutatio
915 2971 1021 3013 eorum,
1043 2948 1088 3020 qui
1107 2948 1261 3001 electionem

132 3038 252 3096 latentur,
267 3032 478 3102 reprobationem
495 3050 595 3100 negant.
629 3034 732 3086 Deinde
748 3035 863 3104 seqnitur

200 3116 232 3181 1)
247 3114 351 3167 Primae
372 3117 524 3170 obiectionis
540 3120 659 3171 ndversus
676 3118 821 3172 doctrinam
841 3121 873 3170 dc
890 3116 1016 3169 electione
1033 3132 1057 3168 et
1075 3114 1261 3186 reprobatione

133 3199 312 3259 consideratio,
328 3214 387 3252 sect.
404 3202 491 3253 2-5.
509 3230 541 3238 -
575 3204 606 3265 2)
625 3204 665 3253 nd
683 3205 823 3255 secundam
842 3200 1013 3254 obiectioncm
1033 3200 1182 3270 responsio,
1199 3212 1260 3250 sert.

131 3282 219 3336 6-9.
238 3311 269 3321 -
302 3281 334 3349 3)
353 3282 536 3336 Obiectionem
555 3285 662 3346 tertiam,
680 3287 845 3354 eiusdemque
859 3285 1082 3338 confirmationem
1100 3282 1183 3345 diluit,
1200 3296 1260 3336 sect.

133 3365 173 3417 10.
194 3378 218 3415 ct
235 3366 275 3420 11.
293 3392 324 3402 -
359 3366 391 3434 d)
408 3365 507 3433 Quarta
530 3368 655 3420 refellitur
670 3385 730 3423 sect.
749 3372 789 3425 12.
808 3384 832 3422 et
850 3372 899 3433 13,
921 3369 1008 3421 addita
1024 3384 1084 3423 sect
1102 3367 1143 3423 ll·
1160 3368 1219 3421 utili
1236 3380 1261 3419 et

132 3448 273 3501 necennria
291 3449 418 3502 cautione.

129 3632 134 3639 ·
213 3622 241 3679 1.
279 3616 361 3675 llaec
380 3633 451 3674 vero
471 3614 539 3674 dum
564 3618 644 3677 audit
668 3617 822 3678 humanum
846 3618 1012 3697 ingenium,
1038 3620 1187 3681 contineri
1207 3638 1261 3679 ne·

137 3692 201 3772 quit
220 3693 279 3752 eius
299 3690 463 3771 protervia,
493 3692 564 3769 quin
582 3693 715 3753 velutad
735 3694 878 3755 canticum
898 3696 1006 3755 classici
1026 3697 1102 3755 varie
1123 3707 1155 3755 et
1172 3715 1261 3775 supra

134 3768 254 3827 modum
273 3767 475 3827 tumultuetur.
513 3767 557 3827 Ac
579 3768 664 3829 multi
704 3771 814 3842 uidem,
847 3771 904 3830 acsi
928 3771 1064 3831 invidiam
1089 3771 1192 3831 aDeu
1212 3790 1261 3831 re-

134 3844 246 3924 pellere
265 3843 388 3916 vellent,
417 3842 591 3904 electionem
615 3846 655 3905 ita
680 3792 806 3906 litentur
832 3857 864 3905 nt
888 3860 997 3929 negent
1015 3867 1191 3927 quemqnam
1211 3864 1261 3907 re·

134 3920 256 3999 probari
276 3920 343 3997 [vid.
362 3921 504 3978 Bernard.
523 3920 552 3978 in
574 3921 622 3980 die
640 3923 827 3983 decensionis
845 3924 1000 4003 cermel-J:
1018 3924 1069 3984 sed
1089 3922 1193 3984 inscite
1213 3923 1261 3981 ni-

136 3997 190 4055 mis
211 4008 241 4054 et
260 3996 427 4073 pueriliter,
458 3996 573 4073 qnando
604 3997 664 4075 ipsa
688 3999 793 4059 electio
819 4000 874 4056 nisi
899 4000 1101 4078 reprobationi
1120 3999 1259 4078 opposita

134 4093 197 4131 non
215 4083 314 4132 staret.
353 4071 631 4152 Dicitursegregnre
644 4075 734 4148 Deus,
754 4096 827 4154 quos
847 4075 967 4155 adoptat
987 4077 1016 4135 in
1036 4076 1172 4136 salutem:
1195 4076 1258 4134 lor-

134 4150 208 4208 tuito
227 4146 299 4209 alios
319 4148 454 4228 adipisci,
487 4152 531 4208 vcl
551 4170 601 4208 sna
621 4151 761 4210 industria
779 4151 946 4231 acquirere,
967 4154 1046 4232 quod
1064 4151 1126 4212 sola
1147 4150 1255 4211 electio

132 4226 231 4305 paucis
251 4225 378 4300 conlert,
397 4223 460 4305 plus
479 4246 565 4303 quam
583 4226 691 4287 insulse
711 4229 830 4288 dicetur.
871 4228 955 4302 Quos
975 4250 1047 4310 ergo
1067 4228 1148 4288 Deus
1167 4246 1255 4306 prae·

130 4302 211 4379 terit,
228 4300 386 4380 reprobet:
407 4320 502 4382 neque
523 4301 578 4365 alia
598 4303 634 4364 de
653 4325 735 4367 causa
748 4303 802 4365 nisi
811 4304 892 4385 quod
911 4304 948 4366 ab
960 4304 1148 4383 haereditate,
1168 4323 1253 4383 quarn
