2700 4732
492 231 860 296 mmmm
1191 222 1328 306 ω’

105 398 144 441 ac
168 376 305 439 devotam
333 388 395 440 tum
423 378 573 453 canendo,
604 389 666 438 tum
701 372 870 456 loquendo:
922 396 976 439 uae
1004 377 1193 459 peculiariter
1210 383 1247 445 ad

106 456 300 517 enarrandam
320 455 605 536 praedicandamque
625 455 685 513 llei
706 454 820 513 laudem
841 399 961 515 condita
981 470 1034 516 est
1075 458 1247 521 Potissimus

106 538 207 593 tamen
230 531 269 591 lio
294 552 435 593 uacusus
456 532 549 592 estin
575 529 759 591 orationibus
784 530 924 610 publicis,
955 554 1030 613 quae
1060 534 1089 594 in
1117 535 1246 596 fidelium

105 620 257 681 conventu
273 551 437 669 dabentur:
458 608 564 687 quibus
586 608 642 667 boc
661 608 767 688 agitur,
787 619 820 665 ut
829 608 937 682 Deum,
957 630 1042 688 quem
1064 632 1124 670 ιιιιο
1142 614 1247 690 spiritu

107 684 272 763 eademque
292 686 350 745 fide
371 684 505 759 colimus,
526 684 674 744 communi
695 705 752 742 una
771 703 845 744 voce
866 697 895 743 et
909 685 998 745 veluti
1018 687 1121 745 eodem
1143 708 1246 749 omnes

107 781 165 822 ore
183 760 294 841 pariter
314 759 525 844 glorificemus:
553 762 641 839 idque
668 760 777 838 palam,
803 771 835 819 ut
864 781 967 821 omnes
987 763 1126 838 vicissim,
1149 785 1165 823 a
1191 786 1245 825 suo
1334 766 1338 773 '

108 836 235 930 quisque
262 839 369 928 fratre,
389 837 617 928 ococtlessionem
643 837 712 897 fidei
739 837 899 916 accipiant,
930 839 966 897 ad
992 840 1054 899 cius
1079 840 1244 921 exemplum

106 925 270 974 anvrtentur
289 926 320 973 et
339 925 508 973 incitentur.
744 926 747 931 '

186 996 234 1055 32
274 990 408 1053 Cauendi
427 1010 498 1049 vero
518 990 550 1049 in
570 988 700 1049 ecclesiis
720 989 807 1049 ritum
828 990 878 1067 (ut
896 989 925 1048 id
943 1011 1063 1070 quoque
1082 991 1182 1052 obiter
1201 993 1246 1053 di-

107 1067 189 1144 cam)
208 1087 269 1126 non
290 1067 381 1126 modo
401 1066 624 1126 vetustissimum
646 1085 708 1125 esse
729 1077 859 1139 constat,
883 1066 934 1125 sed
954 1067 1106 1146 Apostolis
1126 1090 1246 1150 quoque
1294 1080 1297 1085 ’

106 1143 141 1203 ἰιι
161 1164 215 1205 usu
235 1142 332 1214 luisse,
352 1162 386 1201 ex
405 1142 460 1201 illis
481 1142 564 1201 Pauli
585 1142 681 1202 verbis
701 1141 842 1223 colligere
862 1142 933 1202 licet
953 1144 992 1220 (l.
1007 1145 1079 1203 Cor.
1099 1152 1147 1219 14,
1168 1149 1243 1223 15.)=

107 1218 244 1296 „Canem
263 1219 378 1299 spiritu,
398 1240 499 1279 cauum
521 1231 550 1277 et
569 1224 699 1278 mente.“
737 1217 813 1278 ltem
834 1218 868 1278 ad
891 1219 1081 1281 Colossenses
1099 1224 1144 1299 (3,
1164 1228 1245 1301 16.):

106 1296 283 1372 „Doccntes
313 1308 344 1355 et
369 1294 665 1356 commonefacientes
684 1315 739 1354 vos
762 1308 865 1355 mutuo
884 1296 915 1354 in
938 1296 1059 1376 hymnis,
1079 1299 1194 1376 psalmis
1215 1311 1246 1360 et

108 1372 229 1432 canticis
255 1394 268 1432 s
291 1370 469 1445 iritualibus,
494 1383 632 1431 canentes
652 1392 717 1431 cum
739 1372 831 1452 gratia
851 1371 881 1430 in
902 1372 1041 1432 cordibus
1062 1376 1162 1434 vestris
1181 1377 1246 1436 llo·
1336 1428 1339 1433 .

105 1448 226 1509 anino.“
263 1394 369 1509 driore
390 1449 467 1507 enim
489 1446 574 1519 loco,
601 1467 676 1507 voce
696 1460 727 1507 et
751 1448 841 1508 corde
866 1449 1029 1519 canendum
1050 1471 1111 1510 esse
1131 1454 1245 1531 praeci-

104 1525 168 1606 pit:
200 1522 294 1585 altero
315 1524 473 1586 cantilenas
502 1523 664 1603 spirituales
684 1523 887 1599 commendat,
906 1524 1011 1604 quibus
1030 1546 1062 1585 se
1082 1539 1185 1588 mutuo
1204 1528 1245 1607 pii

106 1600 274 1662 aedificent.
313 1602 347 1660 Id
368 1613 464 1661 tamen
486 1600 648 1661 universale
669 1621 729 1661 non
750 1602 838 1660 luisse
858 1612 980 1661 testatur
990 1603 1170 1683 Augustinus
1190 1606 1244 1696 [cl.

109 1677 250 1740 Conless.
269 1678 320 1738 lib.
339 1685 367 1742 9.
388 1700 412 1738 c.
432 1680 488 1756 7.],
520 1678 569 1756 qui
596 1677 688 1736 relect
711 1676 765 1737 sub
786 1677 945 1737 Ambrosio
969 1675 1085 1738 demum
1111 1701 1245 1759 coepisse

110 1774 218 1816 mucre
244 1754 394 1814 ecclesiam
420 1754 686 1813 Mediolanensem:
714 1775 801 1832 quum
826 1754 972 1814 saeviente
996 1754 1131 1816 adversus
1158 1758 1245 1818 fidem

107 1830 304 1892 orthodoxam
316 1832 426 1891 Iustina
436 1830 634 1890 Valentiniani
646 1842 747 1905 matre,
768 1829 893 1909 populus
911 1830 1002 1891 solito
1015 1834 1105 1913 magis
1117 1834 1245 1895 assiduus

107 1909 141 1967 in
166 1906 270 1990 vigiliis
295 1920 383 1969 esset:
418 1907 544 1986 reliquas
571 1907 675 1967 deinde
707 1906 903 1968 occidentales
933 1906 1067 1968 ecclesias
1097 1923 1244 1988 sequutas.

105 1983 205 2044 Paulo
225 1984 302 2044 enim
323 1996 391 2044 ante
411 1984 520 2043 dixerat
540 1983 575 2043 ab
587 1984 776 2043 orientalibus
795 1982 964 2118 profectum
976 1983 1063 2044 luisse
1082 1984 1160 2045 bunc
1181 2007 1246 2047 mo-

107 2081 184 2121 rem.
234 2061 349 2122 lodicat
380 2064 464 2120 etiarn
498 2060 749 2121 Retractationum
775 2060 795 2118 li
819 2065 874 2122 .2.
899 2083 947 2120 sua
974 2073 1069 2120 aetate
1100 2061 1187 2122 luisse
1215 2065 1245 2123 in

74 2190 82 2203 .,
106 2135 212 2201 Africa
230 2150 392 2218 receptum.
432 2137 584 2212 „Hilarius
597 2137 725 2216 quidem,
744 2137 849 2215 inquit,
869 2137 1103 2212 virtribunitius,
1123 2160 1247 2217 morem,

109 2214 184 2293 „qni
203 2224 274 2275 tunc
295 2234 357 2274 esse
376 2215 452 2293 aptid
467 2214 574 2274 Cartha
598 2215 675 2271 inem
695 2226 845 2292 coeperat,
866 2225 897 2273 ut
912 2212 1017 2295 'hymni
1037 2214 1071 2274 ad
1092 2214 1181 2276 altare
1202 2217 1257 2275 di·-

109 2302 272 2367 „cerentur
292 2292 328 2351 de
348 2290 529 2350 Psalmorum
551 2233 639 2363 tidro,
658 2289 703 2349 vel
723 2302 790 2349 ante
811 2290 1002 2363 oblationem,
1022 2290 1166 2371 velquum
1187 2293 1248 2353 dis-

108 2366 313 2446 „tribuerctur
339 2366 451 2447 popolo
473 2366 552 2446 quod
573 2366 674 2427 luisset
693 2365 836 2440 oblatum,
855 2366 994 2426 maledica
1015 2369 1248 2447 reprehensione

109 2445 303 2522 „ubicunque
321 2456 441 2523 poterat
459 2442 615 2503 lacerabat.
639 2444 716 2503 lluic
727 2443 876 2522 respondi,
896 2443 1064 2503 iubentibus
1077 2444 1246 2506 iratribus.“

110 2524 153 2582 Et
172 2534 252 2580 certe
278 2519 302 2580 si
326 2521 361 2579 ad
389 2541 468 2593 eam,
494 2540 569 2599 quae
597 2520 653 2579 Dei
680 2532 711 2579 et
734 2519 908 2600 angelorum
935 2533 1126 2600 conspectum
1151 2523 1247 2599 decet,

111 2601 285 2683 gravitatem
306 2609 514 2677 attemperatus
533 2599 570 2656 sit
590 2609 704 2671 cantus,
729 2618 797 2655 cum
817 2597 990 2678 dignitatem
1011 2609 1040 2655 et
1060 2599 1181 2677 gratiam
1201 2621 1247 2659 sa·

112 2675 172 2738 cris
191 2673 354 2746 actionibus
375 2672 523 2747 conciliat,
542 2685 603 2732 tum
625 2675 660 2732 ad
681 2672 846 2733 excitandos
867 2674 895 2731 in
910 2693 1008 2731 verum
1029 2675 1168 2751 precandi
1185 2690 1248 2735 stu·

112 2752 195 2813 dium
215 2750 407 2829 ardoremque
428 2752 540 2809 animos
561 2750 716 2828 plurimum
736 2748 820 2808 valet.
872 2749 1041 2809 Cavendum
1062 2761 1159 2808 tamen
1181 2750 1247 2809 dili·

111 2838 232 2911 genter,
251 2846 288 2885 ne
308 2826 343 2886 ad
364 2827 595 2886 modulationem
615 2826 788 2886 intentiores
804 2825 862 2883 sint
881 2844 976 2898 aures,
996 2847 1081 2904 quam
1103 2826 1190 2885 animi
1210 2827 1248 2885 ad

93 2928 126 2967 ·s
148 2902 295 2963 iritualem
315 2904 474 2963 verborum
494 2923 619 2962 sensum.
660 2903 731 2976 Quo
751 2901 884 2993 periculo
904 2921 934 2960 se
954 2914 1119 2979 permotum
1142 2901 1249 2963 latetur

111 2979 224 3043 aicubi
252 2980 329 3040 idem
357 2980 537 3061 Augustinus
569 2978 721 3058 [Confess.
743 2979 792 3037 bb.
813 2985 860 3042 to.
886 2999 910 3037 c.
929 2977 1008 3058 33],
1036 2988 1069 3036 ut
1099 2978 1248 3039 interdum

112 3057 226 3139 optarit
245 3056 357 3116 institui
378 3077 490 3117 morem
511 3057 546 3115 ab
566 3055 935 3125 Athanasioobsertatum,
956 3056 1005 3133 qui
1025 3053 1166 3113 lectorem
1187 3068 1247 3115 tam

112 3134 234 3197 modico
253 3134 333 3195 vocis
352 3135 427 3193 llexu
447 3132 569 3192 iubebat
587 3152 709 3203 sonare,
736 3144 769 3191 ut
793 3132 996 3210 pronuntianti
1015 3130 1139 3191 vicinior
1157 3130 1249 3217 soret,

111 3230 202 3292 quam
222 3209 348 3270 canenti.
387 3212 512 3283 Verum,
533 3231 622 3288 quum
643 3209 885 3281 reminisceretur,
905 3218 1041 3286 quantam
1060 3207 1118 3267 sibi
1137 3207 1249 3270 utilita-

111 3300 176 3349 tem
196 3296 298 3347 cantus
321 3286 500 3361 attulissent,
531 3289 561 3345 in
589 3286 707 3345 alteram
733 3297 843 3365 partem
874 3284 1041 3347 inclinabat.
1090 3284 1156 3345 llac
1175 3304 1249 3367 ergo

111 3362 245 3426 adbibita
264 3363 484 3438 moderatione,
508 3361 579 3421 nibil
601 3362 720 3421 dubium
740 3361 810 3441 quin
831 3360 1039 3421 sanctissimum
1059 3359 1150 3439 sitae
1170 3362 1249 3421 salu-

112 3440 277 3502 berrimum
296 3440 469 3500 institutum.
510 3438 766 3514 Quemadmodum
788 3458 895 3511 rursus,
914 3437 1082 3517 quicunque
1101 3438 1136 3496 ad
1156 3438 1251 3499 suavi·

111 3528 206 3579 tatem
237 3516 375 3577 duntaxat
403 3517 574 3595 auriumque
599 3514 829 3574 oblectationem
856 3512 1012 3593 compositi
1039 3525 1108 3573 suut
1138 3526 1251 3589 cantus,

114 3612 174 3652 nec
194 3592 332 3653 eeclesiae
352 3594 530 3653 maiestatem
551 3592 672 3666 decent,
697 3610 753 3651 nec
772 3592 839 3651 Deo
861 3610 923 3663 non
941 3609 1128 3670 summopere
1149 3589 1250 3670 displi-

117 3687 188 3730 cere
205 3682 338 3749 possuut.
782 3700 787 3707 ·
1196 3736 1200 3743 ¹

193 3752 240 3812 33.
281 3747 353 3822 Quo
374 3747 460 3807 etiam
481 3745 568 3825 plane
584 3755 713 3819 constat,
733 3764 793 3803 non
814 3761 922 3825 graeco
941 3741 1020 3801 inter
1041 3740 1173 3815 Latinos,
1194 3760 1255 3803 nec

114 3820 209 3883 latino
228 3825 307 3883 inter
328 3823 429 3882 Gallos
450 3835 498 3882 aut
516 3823 628 3904 Auglos
646 3824 696 3899 (ut
715 3820 853 3880 hactenus
874 3818 976 3898 passim
998 3817 1157 3877 factitatum
1179 3821 1249 3894 est),

115 3898 168 3961 sed
198 3898 333 3980 populari
359 3920 494 3960 sermone
519 3898 725 3978 concipiendas
754 3912 816 3956 esse
845 3895 976 3976 publicas
1005 3895 1171 3977 oratiopes,
1199 3894 1252 4029 qui

116 3975 208 4057 vulgo
229 3998 244 4035 a
266 3987 330 4034 toto
352 3990 438 4036 coetu
459 3975 581 4058 intelligi
601 3975 708 4054 possit:
736 3973 973 4053 quandoquidem
993 3970 1022 4029 in
1042 3972 1135 4031 totius
1155 3986 1255 4037 eecev
1315 3996 1318 4003 ·

116 4052 179 4111 siae
198 4053 430 4113 aedificationem
450 4053 513 4111 lieri
533 4052 687 4123 convenit,
706 4050 743 4109 ad
763 4065 848 4128 quatu
869 4070 902 4108 ex
920 4067 996 4111 sono
1017 4067 1078 4106 non
1098 4046 1251 4107 intellecto

118 4126 217 4187 nullus
235 4128 352 4209 penitus
372 4131 483 4189 fructus
503 4130 587 4188 redit.
634 4127 721 4208 Apud
743 4146 817 4205 quos
835 4145 905 4186 rero
932 4122 1012 4203 nulla
1032 4134 1077 4183 est
1100 4142 1157 4185 nec
1177 4122 1251 4183 cari-

118 4203 198 4278 tatis,
218 4225 273 4266 nec
294 4206 479 4267 humanitatis
499 4206 586 4280 ratio,
606 4205 628 4276 ii
646 4203 747 4264 saltem
768 4201 851 4261 Pauli
871 4203 1045 4262 auctoritate
1064 4199 1176 4262 moveri
1196 4197 1251 4259 ali-

119 4281 292 4363 quantulum
313 4272 476 4358 debebant'3
507 4283 587 4343 euius
606 4281 695 4341 uerba
714 4278 834 4340 minime
853 4277 990 4360 ambigua
1007 4287 1097 4339 sunt·
1124 4274 1180 4354 „Si
1199 4274 1253 4336 be·

118 4358 708 4440 „nedireris(inquit'l.(lor.1l,16.)
735 4357 855 4437 spiritu,
884 4354 908 4416 is
934 4352 991 4435 ,qui
1018 4350 1124 4435 implet
1152 4350 1261 4418 locunt·

144 4458 371 4507 minutissimus
385 4461 419 4509 ιι.
1034 4432 1055 4494 8
1147 4486 1150 4493 .
