2700 4732
429 186 505 263 bllh
524 198 577 263 ll'.
616 200 704 263 Chl’.
721 200 775 261 ῙΧζ
1111 188 1168 262 ’181

72 358 116 401 us:
146 338 197 401 sed
221 342 301 419 quod
327 343 422 403 addita
442 356 485 404 est
504 345 652 421 conditio,
684 345 725 405 ita
744 340 951 403 deiilrim'loie
971 338 1169 403 Christutn'ln

72 416 144 476 tedio
164 416 309 491 Consilii,
334 420 356 479 si
375 421 407 479 in
425 440 478 483 suo
498 422 616 481 nomine
636 420 842 513 congregetur.
890 418 994 493 Quare
1011 428 1045 475 ut
1063 413 1169 476 millies

72 493 252 572 piscoporum
278 494 408 556 Concilia
432 498 586 556 nominent
608 498 779 570 adversaru,
806 506 910 575 parum
938 491 1169 573 promovebunt:

73 586 104 627 ec
127 580 194 628 ante
215 570 343 631 ellicient
369 584 402 630 ut
427 574 575 633 credamus
601 573 678 653 quod
710 571 922 643 contendunt,
938 570 1003 663 regi
1023 590 1039 628 a
1058 569 1170 645 Spiritu

73 656 159 717 tuctu,
179 666 263 724 quarn
285 646 371 707 lidem
390 648 522 723 fecerint,
542 649 713 731 congregari
732 650 762 707 in
775 647 885 709 Christi
903 656 1032 705 nomine.
1070 645 1170 723 Siqui-¹

73 740 115 779 ern
141 732 199 778 tam
231 735 352 803 possunt
382 724 463 804 impii
496 725 681 805 improbique
712 724 842 814 episcopi
867 714 1009 782 adversus·
1020 720 1170 780 Christum

73 797 231 875 suspirare,
251 820 335 877 quam
355 798 426 859 boui
452 812 481 859 ct
500 802 586 881 probi
605 806 635 860 in
656 801 716 859 eius
737 818 856 859 nomme
876 798 965 857 coire.
1012 796 1106 857 Huius
1126 797 1170 855 rei

73 872 198 932 reuleuto
230 872 315 933 nohis
343 873 519 937 documento
548 889 615 937 sunt
633 876 912 959 plurimadecreta,¹
935 892 1008 953 quae
1028 892 1051 930 a
1064 872 1169 933 talibus

73 947 191 1008 lonciliis
215 950 376 1029 prodiere.¹
398 954 457 1011 Sed
483 952 537 1013 hoc
562 964 662 1045 postea
681 951 834 1012 videbitur.
871 953 958 1011 Nune
977 960 1170 1008 tantum'uno

73 1024 336 1105 erhorespondeo,
358 1028 504 1087 Christum
516 1028 586 1087 nihil
599 1028 730 1107 polliceri
749 1028 804 1087 nisi
823 1026 918 1105 iisqui
937 1026 967 1083 in
985 1045 1038 1085 suo
1051 1026 1172 1084 nomine

73 1112 275 1181 angregautur.
313 1102 394 1176 Quid
420 1124 491 1185 ergo
520 1105 590 1165 illud
615 1105 653 1163 sit
677 1104 854 1163 definiamus.
892 1102 978 1181 Nego
1004 1101 1033 1159 iu
1059 1100 1172 1161 Christi

73 1176 174 1233 omine
192 1182 363 1257 congregari
384 1199 443 1253 eos,
463 1180 512 1260 qui
532 1182 646 1241 abiecto
667 1180 724 1239 Dei
743 1176 892 1253 mundato,
912 1198 972 1257 quo
991 1188 1068 1235 rctat
1088 1176 1171 1254 quic·¹

73 1271 136 1309 uam
156 1251 221 1310 a'ddi
232 1253 322 1313 verbo
343 1276 395 1314 suo
415 1268 465 1315 aut
485 1256 611 1331 detrahi,
651 1278 684 1315 ro
708 1257 751 1315 rio
762 1255 884 1315 arbitrio
896 1253 1006 1331 quidvis
1025 1258 1169 1313 statuunt:

74 1328 101 1385 ui
122 1347 180 1389 non
202 1331 333 1388 cdnt'euti
352 1331 519 1411 Scriptum
540 1276 752 1405 assentiebar
772 1342 840 1405 est,
854 1331 938 1389 unica
956 1329 1107 1409 perfectae
1125 1332 1172 1387 s'a·

73 1402 179 1462 lentiae
197 1406 308 1487 regula,
328 1408 364 1465 de
383 1410 542 1487 suocapite
562 1429 669 1468 novum
680 1406 787 1488 aliquid
799 1406 1170 1479 comminiscuntur(lleut.

74 1485 127 1549 ‚2
152 1480 255 1559 Apose
277 1485 415 1559 2218).
461 1486 550 1544 Certe
571 1506 657 1564 quum
685 1505 744 1543 non
770 1482 913 1541 Conciliis
938 1480 1116 1560 quibuslibet
1139 1498 1171 1539 se

74 1554 209 1614 llutnrum
229 1560 396 1637 promiserit
415 1560 563 1635 Christus,
593 1561 643 1621 sed
669 1558 969 1641 peculiarcm'nota'm
990 1555 1171 1643 apposuerit,

74 1652 109 1689 ua
129 1652 196 1691 veru
217 1646 246 1691 et
270 1632 396 1714 legitima
418 1636 453 1695 ab
480 1637 541 1697 aliis
566 1636 757 1696 discerneret:
787 1654 841 1694 nos
867 1634 941 1691 hauc
966 1632 1172 1692 discretionem

74 1707 170 1765 tinime
189 1707 338 1789 negligere
358 1714 504 1771 convenit.
552 1714 619 1772 Hoc
639 1724 682 1772 est
705 1722 821 1791 pactum
840 1710 917 1789 quod
938 1708 1008 1767 olim
1028 1729 1093 1766 cum
1113 1708 1172 1765 Le-

73 1783 143 1843 iticis
163 1784 370 1846 Sacerdotibus
391 1789 470 1847 lleus
502 1790 628 1869 pepigit,
657 1800 691 1846 ut
714 1787 856 1846 docerent
882 1804 917 1843 ex
943 1802 1067 1857 ore-suo
1081 1782 1171 1859 (Mat.

74 1861 151 1934 .'l·).
189 1860 255 1921 Hoc
279 1882 393 1941 semper
417 1885 433 1922 a
453 1865 608 1944 Prophetis
633 1864 809 1943 requisivitz·
824 1861 900 1922 hanc
927 1878 1046 1950 quoque
1076 1857 1171 1939 legem

74 1934 179 1994 idemus
198 1938 347 2015 Apostolis
370 1940 454 1999 luisse
475 1942 647 2020 impositam.
687 1939 748 2011 Qui
769 1938 826 1999 hoc
845 1948 960 2016 pactum
980 1934 1100 2007 uolunt,
1120 1954 1172 1994 eos

74 2030 107 2069 ec
127 2010 240 2071 honore
258 2016 430 2088 sacerdotii,
450 2036 505 2076 nec
526 2018 582 2075 ulla
608 2016 782 2075 auctoritate
801 2013 938 2095 'dignatur
957 2013 1046 2071 Deus.
1084 2012 1173 2071 llunt

75 2086 160 2145 udum
182 2088 250 2146 mihi
269 2090 382 2150 solvant
398 2094 559 2167 adversaii,
578 2093 601 2151 si
612 2091 703 2151 velint
720 2090 806 2149 fidem
826 2109 921 2149 meam
940 2087 1089 2148 hominum
1108 2084 1172 2167 pla·

79 2162 114 2223 tis
134 2164 203 2223 citra
223 2166 280 2223 Dei
299 2167 418 2227 verbum
439 2170 622 2247 mancipare.¹
847 2194 850 2201 ·
935 2196 938 2203 ·
1092 2196 1096 2205 ·

125 2244 153 2303 S
192 2241 265 2299 Nam
285 2243 364 2321 quod
385 2246 414 2303 iu
435 2245 554 2305 ecclesia
575 2264 726 2304 remanere
736 2244 889 2305 veritatem
900 2262 962 2301 uon
982 2250 1095 2319 putant,
1113 2240 1171 2299 nisi

75 2316 273 2376 rterPastores
285 2333 409 2390 constet,
429 2341 483 2380 nec
504 2320 653 2380 ecclesiam
673 2324 761 2401 ipsam
782 2320 950 2389 consistere,
970 2316 1025 2375 uisi
1045 2318 1074 2375 in
1088 2316 1171 2375 Chn-

78 2389 124 2450 liis
143 2394 327 2472 generalibus
348 2398 487 2456 emineat:
520 2399 641 2456 multum
672 2398 754 2456 abest
779 2396 848 2475 quin
876 2394 905 2453 id
924 2410 1031 2451 'verum
1056 2406 1173 2471 semper

74 2466 149 2541 serit,
167 2471 270 2529 sirera
291 2472 326 2530 de
346 2474 402 2532 suis
421 2474 603 2553 temporibus
623 2472 787 2532 testimonia
807 2468 893 2530 nohis
906 2469 1087 2547 reliquerunt
1096 2468 1172 2527 Pro·

75 2544 166 2602 hetae.
205 2548 277 2604 Erat
296 2548 404 2608 lesaiae
430 2564 564 2629 tempore
589 2549 709 2609 ecclesia
729 2545 956 2625 Hierosolymis,
985 2542 1172 2624 quam-Deus

75 2619 180 2679 endum
201 2621 375 2683 deseruerat·
413 2626 458 2685 De
479 2626 648 2686 Pastorihus
667 2645 736 2685 vcro
755 2627 796 2684 sic
815 2622 946 2701 loquitur
958 2612 1172 2697 (ledono->s

75 2692 277 2774 Speculatores
298 2702 357 2759 eius
377 2703 459 2760 coeci
476 2724 586 2776 omnes,
605 2721 700 2781 neque
719 2702 872 2781 quicquam
888 2708 1049 2756 noverunt:
1070 2713 1172 2753 omnes

75 2791 159 2831 canes
178 2776 258 2848 muti,
280 2797 332 2835 nec
353 2778 449 2837 valent
469 2778 586 2837 latrare:
606 2780 732 2837 iacentes
751 2776 914 2841 dormiunt,
936 2784 966 2830 et
985 2781 1082 2828 amant
1101 2768 1173 2828 dor·

76 2846 233 2924 mitiorem,
252 2863 282 2909 et
302 2854 435 2911 Pastores
456 2856 508 2931 ipsi
528 2854 598 2913 uihil
619 2855 723 2925 sciunt,
742 2850 797 2909 n'ec
821 2848 988 2927 intelligunt
1008 2847 1086 2905 etin
1106 2846 1173 2903 utti-

76 2940 186 2983 tersum
206 2930 364 3006 respiciunt
384 2932 418 2987 ad
431 2931 490 2988 rias
509 2936 603 2989 suas;“
629 2930 663 2987 ln
676 2928 798 2986 eundem
812 2925 930 2983 modum
945 2924 1053 2981 lloseas
1064 2922 1171 2998 (9‚S·-)t
1236 2996 1240 3003 ι

76 2998 246 3078 §peculator
267 3005 401 3099 Ephraim
427 3028 491 3065 cum
510 3007 593 3081 llen,
619 3005 734 3085 laqueus
755 3000 887 3082 aucupis,
912 3000 1010 3058 odium
1030 2998 1061 3056 in
1081 2998 1171 3085 domp

76 3076 162 3133 llei.“
200 3078 259 3139 Ubi
285 3083 404 3140 'rnoulce
436 3104 485 3141 cos
511 3082 577 3141 Deo
596 3080 809 3161 coniungens,
838 3076 991 3137 evanidum
1017 3074 1173 3132 sacerdotri

76 3163 230 3212 raetcxtum
251 3176 311 3217 esse
333 3157 428 3217 docet.
474 3159 603 3217 llurahat
623 3170 742 3237 quoque
762 3154 882 3215 ecclesia
903 3152 937 3211 ad
958 3164 1076 3230 tempus·
1091 3148 1173 3207 lere·

79 3227 134 3288 iae.
173 3231 329 3291 Audiamus
350 3237 416 3313 quid
438 3236 473 3293 de
494 3235 661 3293 Pastoribus
682 3227 1002 3307 dicut(ler.'6,1il.):
1029 3225 1076 3298 „lt
1096 3226 1172 3284 Pro·

76 3300 159 3381 pheta
180 3328 271 3387 usque
291 3312 325 3367 ad
347 3312 535 3369 Sacerdotem
557 3312 678 3389 quisque
698 3318 825 3369 sectatur
844 3305 1057 3363 mendacium.“
1096 3302 1172 3361 ltem

76 3384 120 3454 ld,
140 3386 212 3459 ld.):
242 3387 429 3464 „Prophetae
459 3387 638 3446 mendacium
667 3384 846 3465 prophetant
876 3382 905 3439 in
938 3378 1058 3439 nomine
1088 3398 1172 3436 meo:

76 3476 161 3535 puum
191 3478 247 3541 ego
281 3484 340 3521 non
373 3465 497 3522 miserim
524 3483 588 3535 eos,
617 3483 713 3541 neque
740 3456 937 3539 praeceperim
962 3457 1033 3514 eis.“
1071 3454 1116 3512 lle
1135 3474 1173 3512 ne

77 3532 155 3591 ‚·oliri
175 3538 295 3595 nimium
316 3539 344 3596 in
365 3539 519 3601 recitandis
541 3542 599 3597 eius
619 3538 713 3596 verbis
733 3528 995 3614 sinrus,··legantur
1014 3550 1089 3609 quae
1108 3540 1173 3587 toto

78 3612 275 3673 cesimotcrtlo
301 3616 396 3694 capite
428 3628 458 3674 et
489 3615 706 3695 quadragesimo
739 3610 860 3690 scripsit.
908 3606 995 3696 Tune
1020 3626 1054 3663 es
1084 3605 1173 3664 altera

77 3696 133 3757 tete
165 3689 256 3747 nihilo
288 3694 384 3751 mitius
416 3692 445 3750 in
479 3693 595 3749 eosdem
624 3689 815 3748 invehebatur
842 3682 979 3745 Ezechiel
1008 3684 1076 3757 (Ἠ,
1095 3684 1174 3769 tha)

77 3762 247 3823 Coniuratio
268 3769 393 3845 (inquit)
414 3768 472 3827 Pro
496 3768 627 3825 betarum
647 3768 676 3824 in
697 3765 795 3825 medio
817 3763 876 3821 eius
895 3760 970 3819 sicut
990 3756 1037 3816 leo
1058 3775 1175 3837 rugiens

77 3850 101 3897 et
121 3841 171 3917 qui
191 3845 266 3919 rapit
286 3846 431 3921 praedam.
460 3845 642 3903 Sacerdotes
663 3842 723 3901 eius
743 3838 924 3900 violaverunt
942 3836 1052 3925 begem
1071 3852 1176 3905 meam,

77 3926 101 3973 et
121 3916 348 3994 profanaverunt
361 3932 458 3980 sancta
469 3942 542 3995 urea,
564 3919 781 3977 nectliscrimeu
802 3918 935 3975 lecerunt
954 3922 1032 3969 rnter
1042 3920 1176 3967 sanctum

77 4002 103 4049 st
122 3992 312 4070 profanum,“
340 4008 369 4055 et
390 4009 503 4055 caetera
525 4014 598 4076 quoe
618 3994 768 4075 subiungit
788 3994 817 4051 in
837 4012 903 4049 euru
923 4005 1047 4047 sensum.
1088 3982 1176 4042 Simi-

78 4090 92 4125 s
113 4072 314 4149 querimoniae
333 4075 438 4151 passim
459 4084 571 4133 exstant
589 4073 619 4131 in
631 4069 799 4150 Prophetisz
818 4080 850 4127 ut
869 4063 941 4123 nihil
959 4061 1017 4121 illic
1037 4060 1176 4139 frequen·

77 4165 107 4205 us
127 4159 267 4205 recurrat.
769 4168 782 4177 ··

127 4226 154 4283 4.
194 4223 351 4283 Sedenim
379 4226 408 4284 id
436 4225 513 4285 sorte
537 4226 615 4286 iuter
634 4225 759 4285 Iudaeos
784 4218 924 4281 valuerit:
947 4224 1082 4275 nostrum
1104 4228 1176 4271 vero

78 4296 196 4360 ¹eculurn
216 4319 233 4362 a
253 4312 337 4364 tanto
356 4302 434 4365 malo
452 4304 582 4365 immune
596 4306 653 4367 'est
692 4302 811 4364 Utinam
831 4294 948 4381 quidm
967 4300 1055 4370 ΜΒ
1073 4304 1177 4353 '‘¹¹²¹'‘
