2700 4732
104 186 165 257 lbb
467 184 546 249 atu
561 172 624 249 111.
662 183 757 250 Cbl'r
772 182 859 249 vm
931 196 945 217 ¹

106 331 292 415 ,unionem
311 328 437 393 Domini
471 350 569 413 neque
589 330 723 393 afficiaris
741 330 856 407 taedio,
915 350 966 393 um
984 327 1023 391 ab
1042 348 1082 393 eo
1099 326 1243 413 argueris·
1263 368 1292 393 -

106 412 229 503 „Quem
241 409 320 525 enipi
331 407 428 504 diligit
439 374 533 485 licus,
552 409 690 503 corripit:
710 418 741 469 et
759 428 837 501 eum,
855 427 891 470 re
904 418 937 467 ut
954 418 1040 488 pater
1056 405 1161 484 tilium,
1181 425 1292 499 am·-

106 490 284 631 stltttttt
304 485 402 643 all:
416 485 1180 643 ‹lttlttti'ttttttttt'ttt’,tttttttttttt
1191 492 1292 621 ι’ἔῗ

106 654 241 705 aeratos
261 638 394 700 homines
412 638 537 716 imitari,
568 640 618 719 qui
642 637 790 700 maleficiis
814 636 1028 699 induruerunt?
1065 635 1170 697 Perdit
1189 655 1292 699 no-

140 740 191 779 eus
210 716 265 777 nisi
284 736 301 777 a
321 734 353 777 se
377 714 513 796 delapsos
538 715 728 797 correptione
752 727 886 775 revocat:
916 724 951 774 ut
972 725 1055 774 recte
1078 712 1130 773 ille
1155 713 1292 790 diest.

106 816 165 858 nos
183 795 299 875 spurios
311 811 385 867 esse,
402 813 465 851 non
484 791 570 866 filios,
590 794 614 853 si
633 803 711 853 extra
723 791 904 871 disciplinam
923 790 1292 871 sumus(lleb.128·)—

106 869 322 935 Perrersissimi
340 887 413 952 ergo
428 889 538 944 sumus,
555 868 580 929 si
598 868 692 949 ipsum
712 870 790 929 serre
810 889 870 929 non
891 888 1054 948 possumus,
1073 868 1142 927 dum
1160 886 1292 927 attan-

107 949 198 1010 nobis
217 943 454 1006 benevolentiam
475 956 505 1005 et
524 966 609 1025 quam
631 945 720 1005 habet
738 945 776 1004 de
794 944 887 1006 salute
906 956 1007 1004 nostra
1026 964 1124 1004 curam
1144 942 1292 1004 decla-

107 1038 164 1087 rat.
202 1024 270 1084 Hoc
289 1023 367 1094 inter
386 1021 554 1082 incredulos
569 1032 600 1081 et
610 1020 712 1082 fideles
726 1022 867 1082 interesse
880 1021 967 1082 docet
978 1021 1142 1101 Scriptura,
1162 1018 1292 1101 qnot-

107 1101 171 1175 illi,
188 1099 273 1160 velut
290 1099 469 1161 inveteratae
488 1109 625 1159 recoctae
648 1118 685 1157 ue
704 1120 742 1159 ue
764 1098 851 1158 uitiac
870 1098 1028 1178 mancipia,
1047 1097 1170 1181 llagellis
1191 1096 1292 1157 de—

106 1178 234 1240 teriores
253 1176 343 1234 modo
364 1196 397 1235 ac
417 1120 727 1236 obstinatiorsslinnt:
743 1120 789 1251 iti,
808 1195 862 1236 ceu
881 1173 933 1234 lilii
953 1175 1136 1256 ingenuitate
1155 1192 1292 1254 prae—

108 1255 173 1329 diti,
191 1252 226 1315 ad
245 1251 459 1389 poenitentiam
478 1251 647 1332 proliciunt.
684 1251 860 1335 Eligendum
881 1272 959 1311 nunc
978 1264 1046 1313 utro
1065 1252 1098 1313 in
1118 1270 1292 1311 numeru

108 1351 172 1393 erse
197 1350 243 1389 ma
257 1329 289 1389 ἰ.
338 1328 399 1390 Sed
440 1329 560 1389 uoniam
577 1330 615 1390 de
639 1328 694 1392 bac
711 1346 746 1390 re
764 1328 834 1391 alibi
854 1328 964 1390 dictum
989 1341 1051 1407 est,
1083 1339 1292 1391 contentufl

107 1407 239 1470 breviter
256 1405 398 1489 attigisse,
417 1350 506 1466 linem
525 1404 640 1473 faciam.
1097 1442 1101 1450 -

184 1490 214 1551 7.
251 1483 350 1544 Porro
369 1483 524 1566 singularis
543 1483 592 1545 illa
612 1496 657 1546 cst
675 1485 859 1563 consolatio,
887 1485 939 1547 ubi
964 1506 1020 1567 pro
1045 1483 1156 1546 iustitia
1175 1502 1292 1565 per—

106 1562 315 1644 sequutionem
327 1562 462 1642 patimur.
491 1561 672 1623 succurrere
684 1563 763 1622 enim
778 1578 841 1624 tum
862 1563 960 1637 debet,
980 1573 1091 1644 quanto
1111 1581 1168 1621 nos
1189 1561 1292 1622 bo—

107 1660 184 1703 nore
204 1640 233 1699 di
257 1651 344 1699 netur
361 1639 459 1715 Deus,
484 1639 564 1719 quod
584 1638 624 1700 ita
644 1659 697 1699 nos
718 1640 858 1720 peculiari
877 1641 997 1701 militiae
1016 1658 1085 1701 suae
1103 1648 1177 1699 nota
1197 1638 1292 1697 in—

107 1718 208 1802 signit
274 1716 512 1796 ersequutiouem
552 1716 592 1775 ati
602 1737 657 1809 pro
678 1718 784 1777 iustitia
802 1718 880 1791 dictu
902 1738 962 1777 non
982 1729 1095 1777 tanturn
1116 1715 1167 1795 qui
1187 1734 1292 1797 μω

109 1794 265 1877 Evangelii
285 1793 475 1869 defensioue,
493 1738 550 1853 sed
565 1810 620 1873 qtu'
634 1814 689 1874 pro
710 1792 844 1873 quolibet
862 1795 992 1855 iustitiae
1010 1792 1180 1876 patrocinio
1201 1792 1271 1853 la-

108 1872 230 1939 borant.
279 1871 349 1930 Sive
374 1888 447 1953 ergo
479 1870 510 1929 in
535 1870 689 1931 asserenda
712 1870 847 1931 advorsus
867 1871 993 1932 Satanae
1013 1868 1164 1930 mendacia
1185 1868 1261 1931 nei

108 1950 248 2023 veritate,
277 1949 338 2009 sive
368 1946 399 2006 in
424 1947 609 2027 suscipienda
634 1946 889 2028 bonorum'atque
914 1948 1117 2009 innocentium
1137 1958 1260 2009 coum

107 2027 313 2108 improborum
333 2023 455 2083 iniurias
474 2024 581 2098 tutela,
600 2044 718 2085 necesse
739 2037 782 2084 est
801 2025 951 2085 incurrere
971 2025 1002 2085 in
1021 2024 1124 2084 mundi
1143 2024 1248 2085 olleo·

109 2106 207 2164 siones
228 2116 258 2162 et
278 2102 361 2175 odia,
391 2101 470 2161 unde
489 2101 634 2162 nutritae
654 2114 789 2177 nostrae,
819 2114 870 2162 aut
888 2101 1032 2178 fortunis,
1062 2113 1112 2162 aut
1131 2099 1246 2161 honori

107 2180 271 2261 periculum
291 2178 455 2237 immineat:
476 2198 514 2239 ne
533 2198 620 2258 grave
638 2179 676 2238 sit
694 2178 782 2238 nobis
800 2191 850 2240 aut
869 2180 1023 2241 molestum
1044 2190 1166 2239 eatenus
1187 2179 1244 2239 im·

108 2257 241 2350 pendere
261 2275 316 2314 nos
336 2254 420 2328 Deo,
451 2266 503 2315 aut
521 2274 560 2314 ne
578 2255 700 2315 miseros
720 2256 750 2314 in
770 2256 805 2316 iis
826 2277 880 2316 nos
899 2268 1051 2336 putemus,
1083 2257 1114 2316 in
1135 2254 1242 2335 quibus

107 2352 172 2413 rpse
191 2353 244 2392 suo
265 2350 318 2398 ore
339 2352 395 2392 uos
420 2331 521 2392 beatos
546 2331 748 2410 pronuntiavit
766 2331 887 2411 (blattb.
908 2340 942 2408 5,
961 2333 1032 2407 tit).
1076 2333 1243 2411 Paupertas

108 2409 243 2490 quidem,
273 2410 297 2467 si
317 2407 348 2466 in
366 2426 399 2467 sc
419 2408 480 2487 ipsa
505 2410 690 2483 aestimetur,
720 2408 834 2467 miseria
855 2420 912 2470 est:
943 2409 1077 2471 similiter
1100 2408 1243 2485 exsilium,

108 2496 312 2566 contemptus,
336 2503 451 2557 carcer,
475 2484 652 2567 ignominias
677 2503 757 2545 mors
781 2486 849 2543 deni
873 2505 909 2544 ue
933 2485 994 2566 ipsa
1015 2497 1177 2546 extremum
1198 2496 1257 2547 est.

108 2563 240 2625 omnium
261 2560 466 2621 calamitatum.
516 2562 627 2620 Verum
651 2561 702 2620 ubi
726 2562 834 2640 aspirat
853 2508 936 2622 lavor
955 2564 1012 2621 ltei
1032 2563 1142 2638 nostri,
1165 2560 1243 2623 nibil

109 2650 154 2700 est
183 2640 306 2699 istorum
345 2638 425 2717 quod
460 2657 521 2695 non
552 2640 583 2696 in
626 2637 795 2698 felicitatem
831 2638 918 2698 nobis
949 2640 1042 2699 cedat.
1094 2638 1243 2700 Contenti

108 2736 182 2799 ergo
207 2715 305 2797 potius
328 2715 417 2773 simus
437 2712 549 2774 Christi
573 2715 758 2788 testimonio,
786 2736 873 2795 quam
900 2714 970 2775 salsa
995 2715 1087 2775 earnis
1107 2717 1244 2777 aestima-

107 2794 202 2853 tione.
252 2792 297 2851 lta
317 2790 368 2850 fiet
385 2802 419 2849 ut
438 2789 650 2871 Apostolorum
674 2792 807 2872 exemplo
827 2792 1019 2873 gaudeamus,
1050 2794 1166 2869 quoties
1181 2804 1245 2855 'nos

109 2866 258 2951 reputabit
278 2868 393 2949 dignos,
413 2869 463 2959 qui
482 2888 538 2946 pro
557 2888 612 2927 suo
633 2870 754 2928 nomine
774 2869 981 2929 contumeliam
1000 2870 1254 2949 patiamur(Act.·

106 2954 136 3021 5,
157 2947 232 3024 41.).
283 2944 366 3019 Quid
386 2944 485 3005 enim?
503 2944 527 3004 si
546 2945 721 3005 innocentes
739 2966 772 3005 ac
791 2945 878 3005 nobis
897 2945 974 3004 bene
993 2946 1114 3020 conscii,
1134 2946 1245 3025 impio-

107 3044 173 3083 rum
198 3021 309 3082 scelere
334 3020 465 3080 eruimur
491 3020 691 3097 facultatibus,
723 3022 759 3081 ad
784 3021 912 3101 inopiam
938 3022 1056 3102 quidem
1081 3023 1246 3103 redigimur

108 3101 186 3181 apud
207 3099 358 3173 homines,
389 3098 440 3159 scd
465 3117 535 3158 rere
566 3098 644 3177 npud
663 3099 759 3157 Deum
785 3100 814 3158 in
840 3099 930 3158 coelis
951 3099 1066 3160 divitiae
1091 3099 1132 3159 ita
1153 3098 1245 3162 nobis

107 3187 294 3238 accrescunt:
318 3176 341 3236 si
362 3174 517 3255 penatibus
537 3176 644 3235 nostris
664 3176 858 3250 extrudimur,
885 3196 921 3234 co
942 3176 1064 3235 interius
1082 3176 1247 3255 recipimur

106 3253 137 3312 iu
157 3251 215 3311 Dei
236 3251 389 3311 familiam:
410 3253 435 3312 si
453 3272 590 3311 vexamur
610 3263 640 3310 et
658 3254 889 3327 contemnimur,
909 3272 946 3313 eo
966 3253 1110 3313 firmiores
1129 3253 1247 3333 agimus

106 3328 139 3389 in
160 3329 279 3389 Christo
300 3328 426 3388 radietas
449 3329 473 3388 si
494 3328 611 3407 probris
630 3347 664 3387 ae
683 3329 692 3386 i
715 3330 844 3389 nominis
865 3342 1016 3403 notamur,
1042 3350 1078 3389 eo
1098 3330 1247 3408 ampliore

106 3405 177 3466 loco
197 3426 294 3463 sunrus
314 3405 343 3462 in
362 3424 458 3486 regno
479 3405 553 3463 ttei:
573 3406 597 3464 si
614 3347 804 3482 emetiamur,
825 3407 864 3466 ita
885 3408 971 3467 nobis
991 3409 1137 3488 ingressus
1158 3417 1246 3486 pate-

106 3483 141 3541 fit
158 3481 194 3541 ad
220 3481 334 3540 beatam
353 3483 449 3540 vitam.
500 3481 616 3541 Pudeat
633 3502 689 3541 nos
707 3483 829 3543 minoris
848 3486 1018 3559 aestimare,
1050 3483 1157 3562 quibus
1174 3494 1247 3559 tan·

105 3570 170 3618 tum
191 3558 317 3638 pretium
337 3556 482 3618 Dominus
502 3558 622 3636 statuit,
651 3580 738 3638 quam
763 3559 932 3620 umbratiles
956 3573 988 3619 et
1011 3560 1145 3620 evanidas
1163 3561 1248 3621 ritae

105 3634 269 3719 praesentis
288 3633 450 3694 illecebras.

182 3720 211 3777 8.
251 3710 353 3785 Quum
373 3731 445 3791 ergo
466 3709 510 3770 bis
530 3723 561 3770 et
584 3708 727 3773 similibus
750 3711 870 3771 monitis
889 3712 1007 3773 abunde
1026 3712 1139 3774 soletur
1159 3712 1245 3774 Scri·

105 3800 204 3869 ptura,
224 3809 295 3867 quas
315 3806 370 3868 pro
390 3787 515 3847 iustitiae
536 3787 708 3850 defensione
732 3789 905 3850 sustinemus
925 3791 971 3850 vel
994 3790 1172 3871 ignominias
1193 3792 1246 3852 vel
1284 3860 1287 3865 ,

106 3866 298 3938 calamitates,
325 3866 408 3924 nimis
428 3865 536 3944 ingrati
555 3888 652 3926 sumus
672 3865 728 3924 nisi
748 3866 876 3926 libenter
894 3880 982 3945 atque
1003 3868 1134 3926 hilariter
1154 3886 1204 3927 eas
1225 3888 1246 3929 e

104 3962 195 4002 tnanu
214 3940 338 4001 Domini
355 3942 544 4022 suscipiutusr
568 3946 738 4022 praesertim
758 3964 847 4021 quum
867 3944 904 4002 sit
925 3945 996 4003 baec
1015 3944 1108 4003 crucis
1126 3967 1139 4003 s
1163 3944 1255 4005 ecies:

105 4018 235 4079 lidelium
261 4017 382 4077 maxime
408 4020 539 4097 propria,
568 4040 622 4098 qua
642 4017 705 4079 vult
725 4020 858 4081 Christus
887 4021 917 4079 in
949 4020 1034 4082 nobis
1066 3964 1244 4155 gloribcari:

24 4160 30 4169 ,
105 4095 405 4187 quemadmodum'et
422 4094 530 4186 Petrus
553 4094 641 4155 docet
659 4095 699 4173 (l.
720 4096 784 4155 Pet.
799 4103 838 4187 Ιιί,
858 4099 1015 4173 11-14.).
1079 4099 1145 4170 ,luia
1164 4116 1245 4157 rero

103 4194 242 4255 tngeuurs
271 4182 383 4231 naturts
411 4171 545 4231 acerbius
576 4184 621 4232 est
645 4173 854 4232 coutumeltaut
875 4194 962 4252 quam
987 4184 1105 4233 centurn
1128 4185 1245 4235 mortes

104 4249 178 4331 pati,
196 4246 371 4310 nominatim
384 4248 525 4310 admouet
533 4249 652 4325 Paulus,
671 4270 733 4309 nou
747 4249 836 4310 modo
857 4252 1100 4329 persequutiones
1112 4270 1168 4311 nos
1178 4271 1245 4313 ma·
