2700 4732
833 144 850 179 l

62 213 84 276 r
202 223 207 228 ·
480 219 485 233 ⁴
516 190 751 272 rmrrr'rro
804 164 808 173 ’

13 410 25 447 ,Ἰ
65 350 277 461 benignitate
301 356 404 433 nobis
426 356 599 448 redditur,
631 356 751 434 saltem
778 355 979 461 postliminii
1002 358 1077 433 iure
1103 386 1202 434 suam

67 474 307 578 antiquitatem
339 477 494 580 recipere
528 475 686 551 debebat.
711 518 757 532 -
808 476 842 548 2.
873 479 925 549 Ex
951 472 1077 550 eodem
1103 477 1204 579 igno-

66 591 200 668 rantiae
224 592 322 669 sonte
342 623 410 697 pro
425 591 531 669 dubia
555 594 755 693 incertaque
782 590 927 669 habent:
952 592 1023 666 hoc
1040 591 1203 694 profecto

67 725 120 784 est
152 708 249 812 quod
272 711 448 786 Dominus
486 739 551 814 per
580 711 796 814 Prophetam
834 735 936 784 suum
968 709 1204 811 conqueritur,

67 831 205 903 Borem
227 826 433 930 cognovisse
457 855 702 930 possessorem
735 856 836 903 suum
868 841 903 901 et
936 825 1069 901 asinum
1103 856 1205 930 prae-

66 943 398 1048 sepedominorum
422 972 586 1032 suorum,
613 971 741 1021 senon
764 943 905 1045 agnosci
934 970 954 1018 a
984 943 1119 1047 populo
1138 974 1203 1021 suo

68 1061 158 1160 (Ics.
185 1063 298 1158 1,3.).
349 1069 485 1137 Verum
509 1077 587 1138 utut
611 1063 648 1138 iu
673 1062 746 1137 eius
771 1057 1048 1138 incertitudinem
1072 1059 1206 1152 ludant,

69 1179 97 1256 si
127 1208 189 1256 sua
222 1179 289 1257 illis
325 1180 472 1284 proprio
506 1181 690 1285 sanguine,
726 1180 886 1282 vitaeque
917 1175 1101 1281 dispendio
1140 1179 1206 1255 ob·

50 1296 238 1403 -signanda
262 1315 361 1389 esset,
382 1296 501 1373 liceret
524 1315 681 1402 spectare
697 1297 817 1401 quanti
840 1296 884 1374 ab
903 1294 1047 1372 illisliat.
1062 1384 1065 1389 4
1081 1294 1207 1402 Longe

69 1413 136 1492 alia
164 1433 284 1493 nostra
309 1414 438 1493 fiducia
470 1432 538 1505 est,
571 1446 661 1520 quae
695 1445 761 1491 nec
792 1415 910 1490 mortis
939 1430 1107 1505 terrores,
1140 1445 1207 1493 nec

69 1532 160 1610 adeo
183 1535 298 1640 ipsum
324 1534 391 1610 Dei
417 1532 568 1609 tribunal
593 1533 773 1610 formidat·
799 1576 849 1635 ,-
907 1536 942 1610 3.
969 1532 1078 1632 Quod
1100 1534 1206 1610 mira-

67 1650 146 1729 cula
171 1682 192 1730 a
216 1653 319 1730 nobis
332 1650 519 1756 postulant,
541 1651 705 1754 improbe
724 1650 871 1728 faciunt:
892 1652 1071 1727 nonenim
1083 1680 1206 1730 recens

69 1770 212 1876 aliquod
227 1769 456 1874 Evangelium
474 1766 644 1859 cudimus,
666 1767 728 1844 sed
753 1766 839 1844 illud
865 1768 981 1873 ipsum
1007 1771 1207 1861 retinemus,

12 1884 16 1894 ¹
70 1889 168 1965 cuius
179 1885 444 1965 confirmandae
455 1887 588 1964 veritati
610 1887 764 1963 serviunt
782 1885 910 1976 omnia,
934 1915 1024 1990 quae
1048 1916 1207 1992 unquam

70 2021 106 2081 et
131 1994 288 2084 Christus
310 2024 345 2084 et
364 2003 524 2112 Apostoli
546 2004 712 2082 miracula
738 2002 931 2082 ediderunt.
988 2011 1034 2081 At
1058 2005 1093 2081 id
1119 2034 1208 2111 prae

71 2123 175 2200 nobis
196 2123 328 2201 habent
345 2122 528 2228 singulare,
550 2121 648 2225 quod
660 2122 804 2200 assiduis
823 2123 858 2198 in
872 2124 967 2201 hunc
983 2153 1095 2228 usque
1112 2125 1207 2201 diem

71 2240 245 2317 miraculis
276 2240 385 2316 fidem
417 2269 516 2317 snam
547 2241 755 2316 confirmare
781 2259 936 2344 possunt.
986 2251 1064 2319 lmo
1090 2244 1208 2346 potius

71 2355 222 2463 allegant
247 2356 424 2447 miracula,
449 2387 540 2461 quae
558 2359 712 2434 animum
725 2355 856 2462 alioqui
869 2360 959 2436 bene
970 2362 1206 2464 compositum

71 2474 282 2553 labefactare
305 2491 449 2579 queant:
474 2474 564 2551 adeo
591 2492 650 2563 aut
674 2476 799 2552 frivola
822 2494 950 2555 suntet
966 2477 1123 2569 ridicula,
1147 2495 1208 2555 aut

70 2622 161 2668 vana
187 2609 221 2668 et
247 2592 440 2671 mendacia.
483 2598 560 2670 Nec
574 2611 702 2685 tamen,
724 2595 857 2671 etiamsi
876 2593 978 2672 valde
1005 2595 1208 2700 prodigiosa

70 2728 194 2801 essent,
219 2729 341 2788 contra
352 2710 420 2786 Dei
441 2712 621 2787 veritatem
650 2710 754 2788 ullius
777 2713 945 2818 momeqti
970 2742 1045 2790 esse
1064 2731 1207 2816 oporte-

68 2830 144 2908 bat:
155 2827 299 2934 quando
312 2829 518 2905 nomenDei
532 2829 737 2906 sanctificari
751 2830 881 2934 ubique
891 2846 1206 2934 etsempercom'e-¹

72 2948 134 3039 nit,
159 2949 232 3025 sive
247 2944 427 3052 portentis,
442 2949 514 3026 sire
537 2945 685 3023 naturali
709 2975 828 3023 rerum
847 2945 980 3043 ordine.
1009 2948 1211 3052 speciosior

69 3065 193 3142 forsan
221 3094 297 3140 esse
322 3065 422 3141 lucus
444 3083 592 3170 poterat,
617 3065 680 3140 nisi
706 3063 751 3140 de
775 3065 847 3140 fine
867 3093 1003 3168 usuque
1023 3065 1209 3144 miraculo·

48 3199 150 3260 ‘rum
164 3182 319 3286 legitimo
333 3183 511 3288 Scriptura
533 3212 599 3258 nos
614 3181 830 3259 admoneret.
869 3184 975 3285 Signa
989 3184 1096 3274 enim,
1118 3213 1209 3287 quae

55 3299 327 3405 ”Apostolorum
353 3299 650 3404 praedicationem
672 3317 818 3402 sequuta
843 3316 938 3389 sunt,
959 3300 996 3375 in
1024 3301 1098 3376 eius
1122 3302 1209 3378 con'·

70 3417 306 3494 firmationem
333 3417 425 3493 edita
451 3418 555 3493 luisse
575 3415 686 3492 vdocet
708 3422 851 3492 Marcus
872 3418 948 3514 (16ss
972 3419 1066 3515 2⁰.):
1104 3420 1153 3495 sic
1176 3436 1210 3494 et

68 3540 184 3611 Lucas
197 3536 392 3612 Dominum
417 3534 723 3637 sennoni·gratiae
735 3563 817 3609 suae
841 3530 1034 3611 reddidisse
1054 3537 1210 3613 testimo·

69 3653 169 3728 nium
190 3668 320 3744 narret,
344 3681 453 3755 quum
477 3652 574 3755 signa
598 3668 634 3725 et
656 3667 820 3754 portenta
833 3653 957 3727 tierent
980 3682 1045 3756 per
1056 3660 1210 3757 Aposto-

68 3768 187 3847 lorum
210 3797 336 3844 manus
362 3771 468 3869 (Act.
493 3770 557 3856 14,
582 3768 643 3863 3.).
701 3768 773 3843 eut
799 3767 1010 3844 simillimum
1039 3787 1091 3846 est
1122 3770 1210 3848 illud

67 3885 240 3990 Apostoli,
263 3885 417 3963 Salutem
442 3884 646 3962 annuntiato
673 3884 863 3989 Evangelio
886 3887 1001 3962 fuisse·
1022 3889 1211 3966 confirma·

1 4043 2 4050 κ
68 4020 150 4094 tam,
171 4016 387 4080 contestante
398 4005 562 4090 Domino
585 4002 689 4106 signis
713 4020 747 4078 et
770 4005 938 4107 portentis
964 4020 998 4078 et
1024 4007 1127 4082 variis
1142 4008 1211 4082 vir·

68 4120 200 4197 tutibus
226 4118 405 4218 (Hebr.·2,
422 4121 481 4217 4.).
534 4124 635 4219 Quae
649 4149 733 4197 vero
760 4119 921 4197 audimus
933 4124 1113 4227 Evangelii
1136 4153 1210 4200 esse

69 4234 257 4342 signacula,
284 4266 369 4313 eane
391 4238 435 4333 ad
462 4235 669 4313 diruendam
688 4236 872 4340 'Evangelii
895 4232 1009 4316 fidem*
1028 4258 1210 4331 converto-

64 4355 170 4434 tuus?
191 4354 430 4459 quaerentati
451 4372 585 4432 tantum
605 4354 844 4463 obsignandae
872 4375 952 4435 sunt
974 4354 1143 4461 destinata
1164 4388 1209 4437 an
