2700 4732
363 206 707 275 mmmm
1039 156 1203 295 ω’

89 352 371 447 demontrarent
389 350 419 412 id
440 372 505 413 exse
525 352 654 415 nendum
673 354 823 417 ministros
834 353 900 420 dele
921 358 954 429 it,
972 358 1016 420 illi
1034 380 1104 443 per-

89 454 122 495 ae
146 434 238 493 tradit
262 430 471 511 impellendos:
502 374 593 491 Satan
620 431 730 511 alioqui
760 454 865 513 pravos
914 437 1102 499 baldaeorum

110 508 263 569 venenatis
290 507 349 567 suis
373 506 480 567 aculeis
506 509 541 567 ad
561 510 790 588 perpetrandum
810 510 840 569 id
859 512 1000 594 flagitium
1020 512 1104 575 insti·

89 586 150 647 lad
169 584 339 645 iniustitiam
358 583 468 642 furiose
488 596 589 658 ruunt,
608 585 764 663 omniaque
784 586 914 647 membra
922 588 1033 649 scelere
1044 590 1102 649 ob·-

89 672 119 723 nt
134 682 171 723 ac
196 660 406 721 contaminant.
458 660 583 740 Proprie
609 681 682 743 ergo
706 682 795 743 agere
819 662 926 723 dicitur
950 666 1039 726 Satan
1071 668 1102 727 in

89 736 642 893 i’ligqulglioussglguzsfueum’„holte
659 738 885 875 {ptuplequitiaq
902 754 1026 876 epercet
1046 741 1101 802 Di-

775 835 837 875 ιιιε

89 892 118 951 tit
133 892 197 951 ine
215 890 294 967 cios)
345 910 380 950 ro
404 889 466 950 eius
498 835 573 949 ulrtii
596 912 632 949 ao
650 891 774 970 imperio
785 818 968 971 1bucldlldrid¹
970 828 1102 955 ¹illiibul'd

89 968 149 1061 tpd
168 909 354 1045 exsequenda
372 964 433 1025 eius
453 965 528 1025 iusta
548 965 662 1027 iudicia.
706 966 822 1027 Omitto
843 968 891 1028 bic
911 968 1102 1029 uuis’ersalem

89 1056 222 1116 strouern,
239 1042 319 1101 unde
339 1053 489 1103 creaturae
509 1062 611 1103 omnes
630 1055 664 1102 ut
677 1044 868 1115 sustinentur,
887 1046 926 1105 ita
938 1044 1101 1107 efficaciam

106 1118 214 1201 agendi
239 1118 358 1178 ducunt
415 1118 462 1177 De
487 1118 537 1178 illa
560 1118 678 1197 speciali
702 1120 819 1181 actione
844 1131 956 1181 tautrun
982 1121 1091 1201 loquor

89 1213 295 1333 ppgp'ppuppspe
313 1193 445 1331 {pcinorp
463 1208 592 1274 apparet.
631 1195 713 1254 ldcm
725 1215 813 1331 bergspl
824 1196 932 1257 lacinus
945 1164 1101 1290 neusa!

99 1360 131 1409 et
147 1347 242 1441 mpdo
260 1290 732 1427 giuliniiillibuindllllplalislldi
745 1294 863 1409 libelli
872 1275 1102 1412 ’celbieblmslii

89 1423 574 1561 attereret:aeas
595 1424 759 1559 ιιιιπίο
777 1445 809 1485 ⁸⁰
828 1426 947 1517 ιιι·
993 1393 1026 1518 ·'

89 1598 129 1639 em
148 1578 181 1638 in
199 1575 254 1637 bac
277 1520 359 1668 piite
384 1522 875 1657 relornridlliil‚⁵¹lbiidilenrieilelilrire
887 1514 1101 1656 psentiappipppp}

89 1676 129 1715 rm
148 1654 188 1713 de
206 1654 345 1734 operibus
364 1653 422 1713 Dei
440 1653 976 1747 irreverenterobloqucndiaperiant.
1001 1654 1100 1729 Quam

89 1743 159 1792 rtem
178 1740 212 1789 ut
230 1729 391 1804 exosculor,
410 1731 449 1791 ita
461 1730 579 1790 minime
596 1728 791 1811 periculosum
801 1731 911 1804 iudico,
929 1733 952 1791 si
963 1728 1101 1810 simplici·

89 1828 187 1869 eamm
205 1806 286 1887 quod
306 1806 459 1886 Scriptura
477 1807 575 1867 tradit.
611 1808 658 1867 Ne
678 1807 905 1887 Augustinus
924 1808 1040 1885 quidem
1052 1804 1101 1865 illa

89 1886 179 1944 itione
197 1883 346 1943 interdum
366 1883 477 1944 solutus
501 1894 560 1943 est:
591 1883 836 1963 quemadmodum
865 1883 916 1943 ubi
942 1882 1014 1943 dicit
1032 1880 1100 1961 (lib.

89 1960 177 2021 edest.
202 1972 234 2019 et
262 1961 397 2042 gratia),
426 1959 642 2019 indurationem
674 1973 704 2019 et
723 1961 959 2021 excoecationcm
978 1980 1040 2019 uon
1063 1954 1101 2018 ad

89 2058 174 2097 onem
194 2036 266 2111 Dei,
284 2036 335 2095 scd
355 2036 390 2095 ad
410 2036 631 2118 praescientiam
649 2049 790 2117 spectare.
828 2040 869 2096 At
887 2037 955 2096 istas
975 2034 1102 2117 argutiae

89 2114 198 2193 cipiunt
215 2124 263 2173 tot
281 2113 449 2193 Scripturas
469 2112 674 2192 loquutiones,
703 2134 776 2192 quae
797 2112 862 2193 plus
893 2110 1002 2191 aliquid
1031 2109 1090 2169 Dei

89 2190 299 2251 »nescientiam
318 2190 495 2249 intervenire
520 2188 597 2249 clare
624 2190 794 2250 ostendunt.
850 2190 890 2248 Et
919 2152 1102 2270 Augustiuui

89 2270 112 2359 b.
134 2280 241 2327 eontra
266 2265 412 2326 Iulianum
431 2274 458 2331 5.
479 2266 567 2359 longa
593 2267 727 2326 oratione
747 2266 919 2338 contendit,
950 2285 1011 2324 uon
1031 2284 1101 2344 per·

92 2366 115 2405 ιι
133 2356 247 2403 tantum
267 2355 318 2402 aut
337 2344 493 2422 patientiae
513 2343 628 2403 drviuae
648 2362 711 2403 esse
730 2354 860 2434 peccata,
880 2341 931 2403 sed
945 2342 1031 2401 etiam
1044 2358 1101 2421 po-

89 2434 150 2495 ,ut
168 2422 210 2481 sic
230 2421 327 2499 priora
349 2431 467 2498 peccata
485 2421 653 2499 puniantur.
712 2418 855 2479 Similiter
874 2417 954 2497 quod
975 2418 1012 2477 dc
1030 2436 1101 2496 per-

89 2517 110 2557 ιε
128 2496 272 2567 afferunt,
292 2495 410 2555 dilutius
434 2508 478 2555 est
498 2517 582 2575 quam
603 2509 636 2555 ut
654 2495 798 2556 subsistat.
854 2493 1028 2574 Saepissime
1051 2511 1102 2551 ex-

89 2573 218 2632 rdicitur
237 2573 317 2632 Deua
336 2584 366 2630 et
385 2572 522 2631 indurare
540 2573 700 2651 reprobos,
731 2592 833 2631 corum
863 2572 953 2631 corda
976 2581 1102 2642 vertere,

89 2670 125 2723 re,
143 2649 305 2728 impellere,
324 2659 358 2707 ut
376 2648 444 2708 alibi
466 2648 555 2709 lusius
575 2649 663 2708 docui
700 2648 750 2707 lib.
770 2656 797 2711 1.
818 2650 929 2723 c.18.).
968 2642 1102 2725 quuale

89 2748 219 2806 puaquam
241 2726 413 2804 explicatur,
432 2724 456 2784 si
476 2725 646 2806 confugitur
666 2653 701 2783 ab
721 2725 943 2803 praescientiam
965 2734 1015 2782 aut
1035 2742 1102 2801 pcr-

89 2824 149 2861 em.
206 2804 268 2862 Nos
289 2822 360 2882 crgo
380 2801 488 2881 duplici
508 2804 623 2861 ratione
644 2800 854 2882 respondemus
873 2800 901 2857 id
922 2799 994 2858 fieri.
1053 2796 1103 2854 Si-

89 2900 201 2958 .quum
220 2877 334 2938 sublato
354 2877 415 2937 eius
440 2878 564 2952 lumine,
595 2878 668 2936 nibil
694 2898 780 2957 quam
805 2876 900 2957 caligo
926 2886 956 2934 et
975 2873 1103 2935 coecitas

89 2966 111 3014 t:
150 2976 239 3034 quum
260 2954 357 3013 ablato
379 2954 440 3013 cius
460 2955 584 3034 Spiritu,
604 2955 693 3014 corda
714 2964 814 3012 nostra
834 2956 863 3011 in
884 2951 992 3030 lapides
1008 2948 1104 3008 obdu-

89 3052 105 3088 .:
134 3052 224 3111 quum
257 3042 388 3091 cessante
414 3032 474 3091 eius
494 3032 676 3103 directione,
705 3032 735 3089 in
756 3029 960 3107 obliquitatem
981 3036 1104 3085 contor-

89 3129 132 3167 ιιι
151 3108 209 3168 rite
228 3126 395 3182 excoecare,
414 3107 565 3183 indurare,
585 3106 724 3168 inclinare
744 3105 867 3177 dicitur,
886 3102 991 3183 quibus
1011 3100 1104 3161 lacul-

89 3184 213 3257 ridendi,
244 3183 382 3263 parendi,
411 3196 492 3243 recte
512 3184 687 3263 exsequendi
707 3183 816 3242 adimit.
861 3179 998 3240 Secunda
1018 3176 1092 3236 ratio

89 3260 158 3321 tulto
180 3260 300 3341 propius
320 3260 434 3319 accedit
457 3260 493 3319 ad
520 3260 677 3320 verborum
703 3259 934 3340 proprietatem,
963 3253 1042 3334 quod
1068 3217 1104 3311 ad

89 3338 223 3427 enda-sua
243 3336 349 3397 iudicia
369 3357 422 3416 per
440 3335 603 3397 ministrum
618 3337 678 3395 irae
690 3357 759 3397 suae
777 3334 914 3393 Satanam
931 3343 962 3391 et
980 3329 1104 3391 consilia

102 3414 232 3485 destruat,
252 3433 312 3493 quo
331 3414 423 3473 visum
450 3424 509 3486 est,
537 3425 567 3473 et
592 3414 757 3472 voluntates
778 3411 897 3480 excitat,
928 3420 958 3467 et
981 3418 1104 3467 conatus

116 3490 165 3549 Sic
187 3490 238 3549 ubi
258 3491 361 3549 recitat
381 3491 478 3549 bloses
503 3490 606 3567 (Dent.
626 3498 655 3562 2,
674 3488 754 3562 30.)‚
780 3485 882 3546 Sebou
902 3504 1003 3565 regern
1024 3494 1105 3540 tran·

89 3586 134 3625 rou
156 3567 272 3625 dedisse
292 3564 414 3645 populo,
434 3566 499 3644 quia
519 3566 705 3624 induraverat
724 3564 806 3622 Deus
825 3584 838 3620 s
860 3562 958 3620 iritum
979 3559 1056 3632 eius,
1075 3566 1106 3615 et

89 3641 267 3715 firmaverat,
297 3642 384 3701 finem
411 3640 523 3701 consilii
543 3662 611 3699 mor
630 3641 734 3699 subiun
757 3642 779 3698 it
856 3651 868 3697 t
888 3637 969 3697 daret
989 3654 1054 3692 eum
1075 3632 1106 3689 iu

92 3732 218 3808 nostras,
237 3718 343 3796 inquit.
380 3716 461 3798 Ergo
482 3717 548 3794 quia
569 3716 714 3796 perditum
727 3660 808 3777 lieris
823 3713 955 3788 volebat,
975 3707 1107 3770 obstina-

89 3794 260 3867 *drs‚d1vina
281 3794 336 3854 l’uit
355 3794 391 3851 ad
412 3794 524 3851 ruinam
546 3795 738 3873 praeparatio.

115 3871 286 3962 Secundum
323 3870 452 3951 priorem
489 3870 633 3928 rationem
670 3868 745 3929 istud
775 3866 892 3928 videtur
923 3862 1033 3921 dictum
1053 3860 1105 3937 *):

89 3958 102 4007 t
118 3947 229 4008 labsum
249 3969 266 4008 a
284 3945 452 4021 veracibus,
476 3957 508 4005 et
530 3946 675 4006 rationem
695 3944 775 4006 tollit
794 3966 810 4005 a
829 3940 1005 4003 senioribus.
1043 3936 1107 3996 ltu-

89 4276 178 4330 Eserb.
196 4278 221 4339 7.
236 4279 280 4334 26.
297 4276 339 4329 1¹..
355 4278 416 4341 107,
432 4278 474 4333 tlt.
491 4277 549 4330 lob.
567 4277 608 4341 12,
626 4278 668 4332 20.
685 4278 727 4331 2d.
745 4274 791 4326 les.
806 4271 850 4333 63,
865 4269 906 4323 17.
923 4266 1007 4319 Exod.
1023 4264 1050 4327 1,
1066 4264 1109 4321 2¹.

100 4346 163 4401 lbid.
181 4348 222 4409 1⁰.
233 4352 257 4404 1.
275 4360 301 4400 et
317 4347 343 4409 Β,
362 4345 402 4402 19.
