2596 4726
113 212 174 277 ω
496 200 647 265 amur.
689 202 884 265 canem.

193 355 222 413 4.
260 348 323 407 Iom
343 347 367 409 si
387 346 418 405 in
437 345 599 426 Apostolos
620 346 772 429 respicias:
792 347 890 409 multis
903 347 1022 427 quidem
1042 360 1076 409 et
1094 348 1262 435 insignibus

119 428 225 509 elogiis
245 424 506 499 commendantur,
527 423 608 503 quod
628 424 691 482 Lux
710 425 770 483 sint
788 425 906 499 mundi,
925 437 955 483 et
974 424 1026 485 Sal
1046 438 1161 488 terrae:
1179 426 1260 509 qood

118 527 174 587 pro
201 502 320 563 Christo
352 500 509 560 audiendi:
542 501 621 579 quod
649 520 840 579 quaecunque
865 502 895 559 in
920 513 998 561 terra
1029 502 1192 584 ligaverint
1212 516 1260 565 aut

118 579 278 652 solverint,
302 577 390 659 ligata
412 588 500 637 eruut
519 588 569 635 aot
587 575 681 635 soluta
702 576 733 635 in
753 578 897 654 coelur).
929 578 1042 639 Verum
1063 600 1119 639 suo
1141 580 1259 641 nomine

119 682 190 742 prae
210 656 364 731 scierunt,
384 664 525 737 quantam
545 652 602 713 sibi
623 653 650 711 iu
671 674 726 713 suo
746 674 869 713 inuuere
890 654 1063 745 permissum
1078 656 1136 715 ait:
1157 676 1259 739 nempe

119 740 144 799 si
165 734 398 817 apostolieum,
423 752 461 793 ne
486 728 619 815 garriant
638 728 704 809 quia
728 728 776 789 uid
797 728 960 789 collibitum
982 731 1089 791 luerita
1108 732 1164 793 sed
1183 754 1256 793 mau—

122 816 187 875 data
199 813 271 885 eius,
290 832 306 871 a
327 832 386 891 quo
399 809 475 871 missi
495 822 573 881 sunt,
592 806 672 866 bona
684 752 741 865 fide
755 805 916 885 perierant.
956 807 995 866 Et
1013 809 1085 867 satis
1098 808 1177 869 clara
1195 822 1256 869 sunt

121 890 231 953 Christi
245 886 345 961 verba,
365 887 469 965 quibus
486 907 586 945 eorum
608 881 786 964 legationem
808 882 991 943 terminavit:
1012 906 1104 963 quum
1116 886 1255 945 mandarit

120 968 187 1039 illis,
207 978 240 1025 ut
259 965 338 1023 irent
361 984 394 1023 ac
421 963 564 1021 docerent
590 983 691 1022 enarres
719 971 822 1041 gentes
844 981 1036 1037 quaecunque
1059 974 1251 1041 praeceperat.

122 1044 206 1119 Quin
227 1043 288 1121 ipse
310 1060 427 1129 qnoque
448 1038 521 1097 hanc
540 1057 573 1099 se
593 1037 687 1117 legem
708 1045 760 1114 (ne
773 1037 819 1097 eui
840 1055 903 1095 eam
916 1038 1084 1097 detrectare
1103 1036 1149 1097 las
1168 1038 1253 1111 esset)

120 1119 248 1198 recepit,
268 1118 382 1194 sibique
402 1114 550 1205 imposuit.
590 1116 769 1187 ,‚l)octrina,
799 1114 913 1193 iuquit,
933 1133 1014 1185 mea,
1034 1134 1096 1171 non
1119 1126 1165 1173 est
1183 1135 1252 1173 mea:

120 1196 172 1257 sed
193 1194 254 1253 eius
275 1195 324 1272 qui
344 1212 391 1249 me
412 1192 509 1265 nusit,
534 1190 659 1251 Patris.“
709 1192 737 1251 Is
757 1192 806 1269 qui
828 1192 928 1250 terricus
954 1210 988 1249 ac
1008 1202 1148 1249 aeternus
1168 1190 1251 1249 Patris

122 1268 307 1332 conciliarius
327 1290 442 1348 semper
462 1270 526 1341 suit,
547 1267 753 1347 quillominus
774 1290 806 1327 ac
821 1268 957 1345 Magister
969 1266 1101 1323 orranium
1124 1278 1168 1325 est
1186 1288 1250 1325 roo-

121 1350 239 1409 stitutus
259 1367 274 1405 a
295 1346 398 1403 Patre:
420 1345 487 1423 qnia
508 1357 604 1403 tamen
625 1345 751 1405 docendi
772 1344 934 1401 ministerio
957 1341 1100 1422 frangitur,
1121 1342 1250 1401 ministris

122 1422 259 1483 omnibus
278 1442 338 1493 suo
354 1421 486 1499 exemplo
508 1422 689 1499 praescribit,
710 1444 794 1500 quam
815 1420 845 1478 in
866 1418 1001 1477 doeemlo
1022 1418 1156 1498 regulam
1175 1417 1249 1497 sequi

123 1500 260 1558 debeant.
309 1498 376 1555 Nou
399 1511 443 1556 est
468 1498 557 1577 igitur
583 1498 721 1558 ecelesiae
743 1509 869 1579 potestas
889 1494 1019 1569 infinita,
1049 1494 1100 1555 sed
1127 1494 1250 1557 subiecta

122 1576 215 1637 verbo
236 1573 358 1633 Domini
380 1586 409 1631 et
429 1573 459 1631 in
481 1594 516 1634 eo
537 1576 618 1653 quasi
638 1576 758 1634 inclusa.

199 1658 227 1715 5.
267 1650 358 1728 Atqui
379 1672 466 1729 (quum
489 1650 544 1709 hoc
570 1650 606 1709 ab
631 1652 717 1711 initio
743 1656 772 1710 in
799 1648 919 1711 ecelesia
944 1648 1086 1723 valuerit,
1111 1646 1250 1727 hodieque

123 1728 221 1788 ualere
242 1726 359 1797 debeat,
381 1726 508 1805 nequid
536 1726 662 1787 doceant
684 1730 759 1788 servi
779 1728 835 1787 Dei
856 1727 933 1805 quod
960 1748 1020 1785 non
1041 1726 1077 1785 ab
1100 1728 1163 1804 ipso
1182 1724 1249 1783 didi-

124 1806 232 1866 cerint:
258 1824 311 1882 pro
334 1816 498 1880 temporum
520 1816 616 1863 tamen
636 1806 772 1864 varietate
793 1805 917 1864 diversas
943 1803 1108 1862 habuerunt
1127 1796 1249 1860 discendi

123 1882 262 1941 rationes.
296 1878 337 1936 Ea
358 1900 427 1937 vero
450 1900 523 1957 quae
544 1902 622 1941 nnnc
643 1894 695 1957 est,
717 1882 871 1959 plurimum
892 1902 908 1939 a
928 1880 1130 1959 superioribus
1149 1876 1248 1936 dissert.

123 1958 291 2036 Principio,
311 1956 333 2013 si
354 1976 454 2013 veram
476 1958 618 2035 estquod
638 1958 677 2016 ait
698 1958 846 2029 Christus,
866 1956 945 2034 quod
967 1976 1057 2013 nenio
1078 1956 1194 2014 Patrem
1212 1951 1248 2010 ri·

125 2034 203 2093 derit
234 2032 287 2091 uisi
307 2030 398 2089 Filius
423 2043 453 2089 et
484 2032 530 2089 cui
556 2033 679 2092 voluerit
702 2034 791 2093 Filius
815 2034 947 2092 revelare
967 2032 1088 2109 (blauh.
1110 2030 1247 2103 listi-h

126 2110 260 2189 oportuit
279 2120 360 2167 certe
380 2106 415 2165 ab
437 2120 555 2165 aeterna
576 2109 623 2168 illa
648 2111 787 2191 sapientia
808 2130 923 2188 semper
944 2108 1047 2188 dirigi,
1074 2108 1124 2187 qui
1144 2106 1180 2166 ad
1198 2102 1247 2163 bei

125 2187 261 2247 notitiam
293 2185 445 2263 pervenire
474 2183 592 2243 vellent.
643 2187 806 2260 Quomodo
839 2186 917 2245 enim
952 2186 1008 2245 Dei
1041 2184 1177 2265 mysteria
1205 2192 1247 2241 aot

125 2264 224 2324 animo
245 2260 552 2340 comprehendissent,
577 2274 626 2319 aut
647 2262 778 2341 eloquuti
799 2274 911 2335 esseut,
932 2262 985 2321 nisi
1006 2261 1135 2321 docente
1154 2279 1189 2318 eo
1208 2256 1248 2317 cni

125 2339 182 2399 soli
208 2348 310 2416 patent
336 2357 438 2394 arcana
463 2336 576 2397 Patris?
621 2340 717 2397 Deum
746 2340 834 2415 igitur
860 2360 920 2397 nou
945 2338 1029 2397 aliter
1054 2344 1247 2397 contererent

126 2414 196 2473 olim
215 2412 307 2471 sancti
330 2412 472 2485 homiues,
485 2434 569 2490 qnam
592 2416 685 2491 ipsum
707 2416 735 2473 in
750 2416 837 2488 l'ilin,
850 2414 930 2473 velut
949 2413 980 2473 in
1000 2360 1135 2493 sperulis,
1153 2409 1246 2471 intuiti.

125 2491 193 2549 lloc
214 2510 302 2566 quum
325 2487 406 2559 dico,
435 2488 568 2567 intelligo
590 2490 684 2548 Deum
707 2514 766 2549 cirin
789 2491 842 2550 alia
862 2514 892 2550 se
913 2513 1040 2570 unquam
1062 2491 1177 2549 ratione
1194 2508 1246 2545 ma-

126 2566 279 2625 nifestasse
305 2562 470 2621 lrorrrinibus
492 2586 577 2641 quana
605 2588 657 2643 per
676 2568 799 2639 Filium,
822 2568 877 2627 hoc
899 2580 959 2641 est,
980 2570 1092 2626 unicam
1115 2588 1190 2625 suam
1207 2584 1246 2623 sa·

148 2642 280 2711 ientiam,
312 2639 406 2697 lucem
433 2662 466 2699 ac
487 2642 646 2701 veritatem.
698 2644 739 2701 Ex
771 2643 828 2703 hoe
861 2645 943 2701 fonte
977 2644 1136 2701 hauserunt
1156 2642 1246 2709 sitam,

124 2666 208 2792 hoe,
238 2716 403 2788 Abrabam,
425 2716 519 2791 Isaac,
541 2718 628 2776 laceb
651 2720 763 2793 etalii,
784 2721 917 2799 ‹pricquid
939 2720 1107 2779 habuerunt
1126 2715 1246 2779 coelestis

126 2797 287 2855 doctrinae.
332 2795 373 2850 Ex
394 2794 497 2851 endem
521 2796 685 2874 Prophetae
706 2818 806 2856 omnes
833 2796 990 2855 hauserunt
1010 2807 1040 2854 et
1066 2795 1120 2870 ipsi
1142 2808 1247 2875 qnoque

126 2872 264 2953 quicquid
297 2870 467 2929 coelestium
499 2872 684 2932 oraculorum
717 2874 880 2931 ediderunt.
925 2874 1087 2931 Enimvero
1116 2872 1185 2931 haec
1211 2888 1246 2927 sa·

126 2951 236 3029 pientia
258 2970 317 3005 riou
342 2970 400 3004 nrm
422 2948 511 3005 modo
532 2970 648 3026 semper
673 2970 704 3008 se
729 2950 861 3009 exseruit.
904 2950 991 3029 Apud
1012 2948 1192 3009 l'atriarehas
1209 2964 1247 3004 ar·

126 3025 205 3085 canis
225 3024 452 3082 revelationibus
474 3036 517 3081 est
537 3046 617 3083 risus:
644 3027 694 3084 sed
715 3026 800 3084 sinml
826 3026 861 3085 ad
883 3047 928 3085 eas
950 3026 1163 3086 confirmandas
1182 3022 1246 3080 eiur-

126 3102 205 3159 modi
226 3102 306 3190 signa
332 3100 478 3172 adhibuit,
514 3111 544 3155 ut
565 3101 682 3159 minume
704 3103 824 3159 dubimn
849 3101 903 3159 illis
930 3124 990 3160 esse
1016 3114 1133 3179 posset,
1163 3100 1247 3157 Deum

126 3196 188 3235 esse
210 3198 258 3253 qur
280 3176 464 3251 loquebatur.
503 3174 687 3233 l'atriarchae
702 3179 779 3255 quud
792 3190 976 3255 acceperant,
995 3181 1030 3235 ud
1055 3190 1187 3258 posteros
1205 3191 1248 3254 ptr

125 3272 226 3310 manus¹
246 3251 482 3307 transmiserunt:
505 3270 538 3307 en
560 3251 635 3308 enim
658 3253 722 3332 lege
743 3257 817 3331 apud
840 3256 915 3330 ipsus
929 3256 1105 3332 deposuerat
1120 3254 1205 3323 Deus,
1220 3259 1248 3305 ul

126 3328 165 3386 ita
187 3336 393 3405 propagarent.
433 3326 500 3383 Filii
520 3346 593 3383 vern
615 3350 646 3387 ae
668 3344 805 3407 nepotes,
831 3331 896 3388 Deo
918 3332 994 3389 intus
1016 3331 1162 3403 dictante,
1184 3329 1248 3387 scit-

127 3405 199 3463 bant
220 3423 235 3459 e
256 3401 341 3459 coelo
364 3421 505 3459 essenon
528 3422 560 3459 ex
582 3416 669 3477 terra,
689 3407 767 3483 ‹piiod
789 3407 954 3464 audiebant.

202 3485 230 3541 6.
270 3476 329 3533 Ubi
350 3490 446 3535 autem
468 3479 534 3535 lieo
562 3480 652 3537 visam
679 3495 721 3539 est
752 3482 938 3541 illustriorem
967 3483 1109 3541 ccclesiae
1137 3484 1247 3543 formam

127 3555 266 3625 excitare,
299 3552 419 3609 verbmu
444 3577 527 3611 suum
549 3558 678 3615 mandari
699 3560 809 3636 scripto
831 3580 863 3615 ae
892 3559 1058 3639 consignari
1085 3559 1192 3631 voluit,
1221 3565 1249 3612 ut

126 3633 195 3692 inde
228 3639 362 3709 peterent
387 3632 553 3689 sacerdotes
578 3636 655 3710 quod
683 3638 794 3714 populo
826 3635 989 3706 traderent,
1021 3647 1112 3713 utque
1137 3635 1172 3695 ad
1195 3650 1249 3692 eam

128 3708 257 3789 regulam
279 3706 388 3776 omnis,
409 3727 482 3783 quae
503 3709 682 3783 traderetur,
713 3712 845 3770 doctriua
873 3712 1037 3789 erigeretur
1057 3711 1141 3787 (atat.
1160 3716 1188 3785 ⁶2,
1205 3710 1249 3783 'id

127 3785 231 3863 Itaque
251 3794 318 3862 post
337 3782 424 3861 Legis
451 3785 713 3871 promulgationem
735 3809 822 3865 quum
850 3787 989 3845 iubentur
1013 3790 1178 3847 sacerdotes
1203 3784 1249 3842 do·

127 3881 194 3921 cere
216 3880 248 3917 ex
269 3878 321 3917 ore
341 3858 479 3932 Dornim,
511 3881 609 3921 seusus
631 3876 689 3937 est,
722 3886 759 3922 ne
781 3865 849 3942 quid
871 3876 1039 3922 extraneum
1060 3878 1111 3922 aut
1135 3865 1249 3921 alienum

126 3938 163 3996 ab
186 3958 221 3996 eo
243 3935 393 3993 doctrinae
415 3955 524 4015 genere
550 3938 686 4012 doceant,
708 3941 786 4017 quod
808 3941 889 3998 Deus
910 3941 940 3997 in
961 3942 1041 4019 Lege
1063 3938 1249 4019 comprehen-

127 4014 223 4073 derat:
245 4011 352 4070 addere
365 4030 434 4070 vero
456 4033 488 4070 ac
508 4013 639 4073 minuere
654 4016 735 4074 nefas
755 4016 810 4075 illis
832 4017 895 4074 suit.
935 4017 1061 4096 Sequuti
1074 4012 1248 4076 suntdeinde

195 4262 223 4329 ⁴)
242 4260 375 4321 attrahes,
393 4262 431 4314 13.
450 4275 473 4313 et
493 4262 531 4317 14.
567 4264 628 4314 Luc.
647 4266 688 4327 10,
706 4269 745 4321 16.
780 4268 870 4319 loanu.
888 4271 930 4331 20,
947 4271 989 4322 ἳ3.
1024 4270 1108 4339 Atque
1126 4267 1248 4332 deinceps:

124 4326 219 4383 blattb.
235 4330 277 4392 28,
294 4328 335 4383 19.
368 4328 559 4393 loann.7,16.
