2700 4732
234 96 293 161 234
603 88 679 149 oto.
699 90 741 150 lt.
781 86 871 153 CAP.
893 90 961 163 vu.

233 230 336 325 „neth
358 231 439 293 etin
459 244 560 295 nostra
578 234 748 297 infirmitate
766 234 820 321 sqb
840 234 923 371 Lupe
947 234 1059 369 lepipati
1091 232 1237 295 ¹adiutori

234 322 317 387 „true
336 307 463 389 poscere'
478 310 677 373 noverimne
710 312 790 372 Item
809 312 878 373 Asel
892 332 938 371 ror
956 354 977 387 „
1022 275 1094 373 ilit’as
1106 308 1236 392 begises

234 387 366 464 „minem
385 386 423 445 de
441 408 492 447 sua
510 387 679 449 infirmitate
697 389 868 463 convincat,
892 400 924 449 et
941 388 1053 470 gratiae
1072 387 1237 447 medicinan

235 464 288 540 „in
308 463 429 525 Christo
449 475 504 537 est,
523 464 688 555 implorare
702 464 888 544 compellat.“
925 466 1001 525 Item
1021 463 1237 554 adulnnoccnti

234 560 371 631 mannent
389 540 501 615 „Iubet
518 540 592 600 Lex:
613 554 706 623 gratia
724 544 801 603 vires
818 542 926 623 agendi
944 540 1176 631 ειιιιιιιὶιιιιιιιιι..ιι
1213 541 1237 599 It

234 616 786 773 ltlllltslltt,lttrt‘ttt{¹
804 630 1237 769 ltttmttltlt‘tllt

235 782 318 862 „rete
344 773 390 835 rei
408 769 478 861 tacti
496 771 654 832 timeretis:
684 773 838 863 timqntcs,
857 771 1071 853 indulgentiam
1091 770 1231 850 peteretis

235 846 1237 985 ”t'ltltt¹⁸ltttttltlfltlrl‘z'ttslllt‘dt?tt

234 944 579 1076 :ituberegmorbuneu
602 1022 637 1063 ac
655 1002 697 1061 sic
715 971 817 1083 ibops,
846 1000 978 1083 indigus,
1010 1020 1045 1059 ac
1063 1018 1174 1081 egenus
1193 998 1228 1059 ad

235 1074 478 1157 „conlugercs.“·
505 1077 613 1139 Postea
632 1097 798 1137 sermonem
817 1078 854 1137 ad
873 1077 975 1137 Deum·
990 1077 1104 1159 dirigit:
1142 1073 1210 1150 „Ita
1235 1099 1237 1107 ¹

237 1154 372 1244 „minen
391 1154 447 1245 itu·
462 1152 509 1214 lac
536 1154 709 1245 'misericors
742 1154 891 1213 Domines
929 1155 1041 1233 imperu
1072 1152 1152 1232 quod
1184 1172 1237 1211 nor

236 1228 386 1309 „rmplem
437 1251 499 1291 rmo
534 1251 645 1310 impera
674 1230 755 1310 qnod
785 1232 904 1291 nonnisi
931 1251 987 1311 per
1014 1234 1136 1313 gratiam
1164 1240 1237 1288 tuen

236 1305 389 1397 „impleris
427 1318 462 1366 ut
496 1328 587 1387 quum
624 1307 758 1367 homiues
787 1307 817 1366 id
838 1307 978 1387 ¹implere
1016 1327 1072 1388 per
1099 1326 1165 1366 suas
1200 1306 1237 1364 rit

236 1394 423 1473 „qucrcnqt‚
454 1403 544 1445 omne
572 1405 606 1444 os
636 1383 821 1475 obstruatur,
859 1397 890 1443 et
920 1404 1009 1445 nemo
1039 1383 1096 1475 sibi
1125 1401 1237 1462 magum

235 1458 891 1627 peternesse?'nense
909 1460 1085 1597 lenm
1101 1458 1237 1670 seges

237 1632 392 1707 properum
411 1632 488 1692 opus
506 1625 655 1694 scripserit
673 1626 789 1675 sanctus
807 1612 858 1672 ille
877 1613 939 1688 vir,
962 1613 1009 1673 cui
1028 1612 1146 1703 titulqm
1179 1622 1237 1670 ecrt

236 1702 298 1749 tatu
314 1701 342 1748 et
359 1688 453 1748 litem
504 1690 672 1751 Secundum
691 1691 860 1769 proiectum
880 1710 943 1749 non
962 1700 1021 1747 tam
1040 1687 1237 1771 significanter

192 1818 198 1827 .
237 1764 295 1840 bit,
312 1765 359 1825 vel
379 1767 460 1845 quod
480 1766 648 1847 dependere
668 1785 702 1825 ex
722 1765 775 1826 illo
796 1767 896 1847 priore
916 1778 1052 1838 noverat,
1083 1762 1130 1823 vel
1149 1762 1230 1843 quod

236 1840 335 1921 probe
352 1842 485 1917 tenebat,
503 1842 549 1903 vel
568 1843 648 1923 quod
668 1842 757 1905 verba
776 1864 838 1903 non
859 1842 995 1918 babebat,
1014 1840 1120 1921 quibus
1132 1851 1237 1901 rectum

237 1940 354 1981 sensum
374 1919 416 1979 itu
436 1919 572 1981 distincte
592 1932 623 1981 et
641 1920 796 1999 perspicue
815 1919 980 1999 explicaret.
1030 1920 1136 1997 Neque
1153 1928 1237 1975 tamer

238 1996 341 2075 probis
361 2016 481 2131 quoqne
499 1997 568 2131 ippis
586 1994 711 2077 primum
733 1996 790 2056 hoc
809 1997 897 2078 Legis
917 1996 1047 2081 officium
1067 2004 1167 2053 cessat
1193 1992 1237 2067 Qu

238 2072 319 2133 enim
339 2094 405 2132 cum
444 2071 490 2132 liis
539 2074 567 2131 ei
587 2093 648 2132 non
669 2071 818 2151 bucusque
837 2082 977 2153 pergunt,
995 2083 1029 2131 nt
1046 2069 1237 2151 postcarnisr

238 2168 307 2209 uern
327 2148 471 2209 interiore
490 2149 608 2210 bomine
627 2161 808 2207 renoventur
827 2170 861 2208 ac
881 2149 1089 2219 reflorescant,
1117 2146 1170 2206 sed
1195 2146 1237 2224 pri

238 2244 308 2285 rore
327 2224 446 2285 attoniti
464 2225 495 2284 in
521 2225 727 2317 desperatione
753 2224 862 2285 iacent:
894 2226 1045 2305 pertinent
1071 2235 1169 2282 temen
1189 2221 1227 2281 ad

238 2302 371 2362 cundem
391 2300 481 2361 divini
500 2301 598 2361 tudini
617 2302 811 2379 aequitatem,
841 2302 984 2361 eiusmodi
1007 2301 1145 2360 ssuctibus
1169 2319 1237 2357 euru

238 2379 373 2437 scientias
393 2379 540 2459 exagitari.
577 2378 729 2457 Siquidem
749 2378 878 2439 libenter
896 2398 1012 2456 semper
1030 2376 1152 2456 cupiunt
1167 2374 1238 2434 adrc

239 2452 379 2513 iudicium
398 2454 598 2535 tergiversari:
617 2476 696 2515 nuuc
715 2455 769 2515 illo
788 2456 920 2516 nondum
940 2455 1099 2534 patefacto,
1118 2453 1206 2533 Legis
1223 2462 1237 2509 t

239 2530 440 2622 cppscientiae
459 2529 630 2592 testimonio
648 2534 690 2593 sic
710 2533 901 2607 consternati,
920 2532 951 2591 iu
963 2552 995 2591 se
1005 2530 1074 2612 ipsis
1087 2529 1237 2610 produnt«

238 2619 290 2667 rrtr
307 2618 375 2667 scut.

316 2690 363 2749 10·
402 2683 571 2745 Secundum
590 2685 678 2767 Legis
698 2686 829 2746 officium
850 2697 911 2757 est,
932 2697 965 2744 ut
985 2684 1034 2763 qui
1054 2681 1134 2742 nulla
1153 2682 1220 2741 iusti

239 2780 321 2835 cura,
339 2760 396 2821 nisi
416 2761 528 2835 coacti,
558 2772 736 2843 tanguntur,
766 2762 834 2821 dum
855 2763 977 2822 andiunt
996 2762 1072 2819 diras
1093 2762 1121 2817 in
1142 2779 1176 2818 ea
1196 2778 1238 2816 sac

149 2837 152 2851 '
239 2848 434 2899 coerceantur
452 2838 555 2899 saltem
574 2859 735 2918 poenarum
757 2838 925 2899 formidine.
976 2840 1162 2898 Goercentur
1180 2845 1237 2895 autc

239 2913 320 2993 qnod
340 2914 467 2974 interior
485 2937 589 2975 eorum
609 2918 722 2977 animus
741 2927 946 2995 permoventur
966 2926 1016 2974 arrt
1034 2915 1194 2973 alliciatur:
1228 2932 1237 2969 s

240 3002 379 3069 tanquam
409 2992 518 3052 iniecto
554 2992 641 3053 freno
666 3015 768 3053 manus
792 2992 831 3053 ab
853 2992 992 3051 exteriori
1018 3009 1109 3070 opere
1141 2987 1237 3047 contir

239 3088 320 3127 snam
339 3068 513 3146 pravitatem
531 3068 610 3129 intus
630 3070 786 3143 cobibent,
818 3092 904 3149 quam
931 3068 1040 3147 alioqui
1063 3064 1233 3145 petulanter

239 3156 333 3203 erant.
372 3144 415 3203 Ex
435 3165 472 3204 eo
493 3165 549 3205 nce
567 3146 706 3206 meliores
725 3147 842 3225 quidem
861 3158 944 3220 sunt,
974 3165 1029 3203 nec
1055 3142 1132 3222 apud
1152 3141 1237 3199 Deun

240 3240 298 3279 res.
356 3220 432 3280 Nem
456 3222 574 3281 tametsi
597 3223 643 3282 vel
667 3234 784 3282 terrore
807 3222 853 3283 vel
872 3222 986 3301 pudore
1006 3218 1138 3299 impediti
1158 3237 1237 3276 exerc

239 3295 360 3371 audent,
379 3298 460 3376 quod
480 3299 580 3359 animo
600 3312 819 3377 conceperunt,
854 3320 909 3357 nce
928 3318 1000 3358 suae
1017 3296 1145 3357 libidinis
1170 3292 1237 3351 luris

240 3372 353 3448 efflare,
372 3394 426 3433 cor
444 3386 542 3435 tamen
563 3397 624 3434 non
645 3376 756 3434 babent
779 3378 975 3455 compositum
1004 3375 1040 3434 ad
1069 3374 1208 3432 timorem

240 3448 380 3509 dientium
399 3450 471 3511 Ilei:
503 3453 564 3511 imo
584 3473 644 3531 quo
665 3451 755 3532 magis
774 3474 837 3511 sese
857 3454 998 3527 retinent,
1029 3472 1065 3510 eo
1086 3449 1191 3508 lortius
1210 3466 1237 3504 ec

241 3536 299 3601 tur,
319 3526 444 3602 fervent,
463 3526 600 3603 bulliunt,
641 3530 712 3588 arati
732 3529 844 3609 quidvis
864 3529 976 3602 lacere,
998 3540 1028 3587 et
1047 3526 1150 3606 quovis
1169 3544 1237 3602 pror

240 3603 296 3663 uisi
315 3602 362 3662 bic
380 3614 480 3663 terror
497 3605 586 3684 Legis
604 3550 745 3665 obstaret.
784 3606 848 3666 Nec
867 3607 896 3665 id
916 3606 1028 3677 solum,
1053 3603 1103 3663 scd
1124 3602 1235 3680 Legem

240 3678 331 3769 ipsam
350 3681 474 3760 pessime
493 3680 632 3757 oderunt,
652 3693 682 3740 et
701 3682 797 3743 Deum
809 3682 1018 3764 Legislstorem
1039 3690 1235 3745 exsecrantur,

240 3778 266 3814 ει
286 3769 421 3837 possent,
450 3757 573 3815 maxime
605 3756 696 3817 velint
726 3759 851 3834 tollere,
889 3780 975 3837 quem
1012 3778 1068 3817 nee
1099 3766 1178 3815 recta
1214 3754 1237 3811 iu

241 3852 297 3893 nec
335 3852 404 3893 suae
442 3833 597 3893 maiestatis
637 3846 857 3915 contemptores
896 3834 1086 3895 ulciscentem
1127 3832 1205 3890 lcrre

242 3908 318 3969 otiis
357 3908 476 3989 quidem
511 3908 680 3983 obscurius,
724 3914 787 3973 aliis
823 3913 943 3987 clarius,
989 3909 1126 3970 omnibus
1161 3920 1237 3967 tame

242 3984 311 4043 dum
331 3986 510 4078 regeneratis
530 3986 577 4046 bic
595 4009 696 4048 seusus
716 3991 807 4063 inest,
840 4001 873 4048 ut
896 4010 957 4049 nou
983 3985 1147 4047 voluntaria
1172 3982 1237 4042 subt

240 4061 293 4121 sed
311 4062 396 4123 inviti
415 4083 449 4123 ac
469 4064 644 4137 restitantes,
663 4076 776 4127 tuntum
795 4066 909 4127 timoris
928 4063 1067 4125 violentia
1086 4062 1122 4121 ad
1141 4059 1230 4141 Legis

117 4142 120 4151 '
184 4182 188 4195 .
241 4138 403 4199 trabuntur.
441 4139 502 4200 Sed
520 4151 618 4200 tamen
638 4139 711 4203 baec
730 4155 832 4205 coacta
851 4162 1041 4231 expressaque
1065 4138 1189 4211 institia,
1213 4156 1237 4193 ιιΙ

242 4214 440 4297 tatpublicee
458 4217 611 4281 bominum
631 4221 849 4295 communitati,
870 4219 950 4282 cuius
969 4218 1015 4278 lnc
1026 4212 1228 4296 tranquillitati
