2596 4726
78 170 139 269 m
473 190 842 281 mmmm

79 340 233 428 provincia
252 359 321 401 suae
363 338 550 415 atriarchiae,
570 339 627 399 hoc
646 349 709 413 est,
734 336 764 397 in
785 334 916 411 ecelesiis
933 335 1163 413 suburbicariis,
1185 349 1217 401 ut

81 441 177 483 canon
193 417 298 498 synodi
351 420 468 495 ipaenae
488 418 629 496 loquitur.
656 413 847 475 Ordinationi
866 434 978 475 annexa
997 426 1065 475 erat
1080 412 1216 497 epimelas

80 494 235 576 synodicae
258 494 371 567 missio,
402 495 510 573 inqua
537 492 631 552 nihilo
651 491 785 571 superior
805 501 868 551 erat
885 490 958 551 eliis.
998 490 1147 551 Solehant
1163 492 1215 553 l‘a-

80 574 227 635 triarchae
245 573 344 629 statim
369 582 437 649 post
460 592 538 631 suam
566 570 819 629 consecrationem
843 566 973 627 sollenni
998 569 1057 629 aeri
1080 568 1212 629 tolidem

82 671 162 711 suam
183 646 372 727 consignare:
398 666 458 726 qno
485 645 700 726 profitebantur
718 663 749 704 se
774 643 882 703 sanctis
902 656 933 703 et
952 642 1044 705 ortho
1067 644 1129 703 osis
1146 664 1214 705 ton·

85 726 160 787 ciliis
180 722 374 784 subscribere.
425 722 469 781 Ita
490 722 602 781 reddita
627 718 695 779 fidei
720 739 790 779 suae
814 720 945 794 ratione,
981 732 1089 781 mutuo
1113 740 1147 781 ae
1168 720 1213 781 alil

83 803 145 863 aliis
166 798 379 891 approbabant.
418 796 451 857 Si
471 797 544 857 hanc
561 794 778 856 consessionem
799 796 957 875 recepisset
975 795 1013 857 ab
1035 796 1100 857 aliis
1110 794 1213 858 Rotna-

84 902 140 939 uus
153 896 318 956 episcopus,
329 886 359 933 et
372 893 432 932 non
447 873 583 947 dedisset,
604 893 639 931 eo
652 872 754 933 luisset
765 873 879 955 agnitus
892 873 1045 952 superior:
1065 872 1117 934 aed
1131 894 1212 965 quun

85 952 256 1035 oportuerit
274 971 335 1010 non
355 950 449 1009 minus
470 948 539 1008 dare
550 970 633 1026 quam
653 947 690 1009 ah
711 949 772 1009 aliis
792 949 919 1026 exigere,
939 960 971 1008 et
989 970 1143 1011 commune
1161 948 1212 1029 legi

85 1049 149 1091 esse
168 1027 343 1100 subiectum,
364 1035 444 1084 certe
463 1024 611 1085 societatis
630 1026 745 1105 signum
765 1024 794 1084 id
816 1025 881 1097 suit,
900 1046 962 1085 non
983 1024 1120 1086 dominii.
1150 1024 1212 1085 llius

84 1109 131 1167 rei
151 1103 312 1195 exemplum
339 1099 462 1159 hahetur
487 1102 516 1160 in
542 1101 665 1180 epistola
686 1100 826 1181 Gregorii
845 1101 882 1163 ad
902 1100 1089 1161 Anastasium
1109 1113 1142 1161 et
1158 1100 1214 1181 Cy·

85 1184 196 1243 riarum
218 1178 598 1256 Constantinopolitanum,
619 1189 649 1235 et
668 1176 738 1237 alibi
756 1177 791 1238 ad
812 1196 914 1238 omnes
931 1176 1017 1239 simul
1036 1176 1215 1239 l'atriarthat

86 1259 141 1338 (cl.
160 1256 211 1316 lih.
232 1262 259 1320 1.
280 1274 326 1334 ep.
345 1258 392 1317 2t.
414 1266 443 1312 et
462 1261 509 1318 ts.
530 1265 560 1312 et
580 1253 629 1313 lib.
648 1260 677 1317 6.
698 1273 744 1334 ep.
763 1256 857 1332 169.).
985 1322 989 1331 ,

162 1339 190 1397 7.
229 1330 401 1421 Sequuntur
420 1328 626 1391 admonitiones
645 1330 690 1390 uel
713 1351 868 1405 censurae,
891 1328 999 1411 quibua
1020 1340 1057 1391 ut
1081 1328 1154 1393 olira
1174 1328 1214 1391 usi

86 1421 155 1473 runt
167 1408 292 1467 llomam
313 1408 443 1487 episcopi
464 1428 532 1489 erga
552 1407 633 1477 alios,
652 1407 694 1467 sie
713 1426 761 1467 eas
780 1406 906 1467 vicissim
946 1406 1122 1467 tetulerunt.
1155 1408 1215 1469 ire·

86 1506 177 1547 naeus
190 1486 341 1543 Victorem
360 1483 487 1563 graviter
507 1483 659 1562 corripuit,
679 1483 758 1562 qnod
779 1494 889 1542 temere
909 1428 1025 1544 obrem
1047 1483 1132 1544 nihili
1151 1504 1214 1566 per·

87 1563 201 1623 nicioso
215 1560 334 1620 dissidio
356 1560 488 1620 turbaret
507 1559 668 1620 eeclesiam.
692 1559 794 1619 Paruit
812 1559 873 1633 ille,
893 1581 953 1620 non
975 1558 1154 1625 reclamavit.
1174 1558 1215 1619 Ea

86 1640 208 1699 libertas
227 1648 297 1696 tune
319 1637 420 1697 usitata
439 1637 494 1697 luit
512 1639 617 1697 sanctis
638 1636 793 1716 episcopis,
811 1649 844 1696 ut
863 1636 996 1696 fraterno
1014 1636 1079 1696 iure
1098 1649 1213 1697 uteren-

87 1728 151 1789 tur,
176 1714 340 1773 ltomanum
366 1714 531 1774 Praesulem
556 1713 757 1785 admonendo,
786 1723 817 1772 et
839 1712 1025 1795 castigando,
1052 1712 1214 1793 siquando

86 1801 233 1872 peccaret.
273 1790 328 1848 llle
347 1790 482 1863 vicissim,
504 1790 554 1849 ubi
573 1810 619 1848 res
639 1787 816 1869 postulabat,
833 1788 905 1849 alios
925 1786 1214 1861 admonebatolfieii,

87 1880 119 1928 et
138 1868 162 1927 si
182 1866 249 1945 quid
271 1866 405 1926 eratvitii
425 1866 667 1947 reprehendebat.
704 1867 778 1925 Nam
791 1865 956 1945 Cyprianus
967 1864 1212 1955 (lib.3.ep.13.),

87 1965 179 2025 quum
191 1943 371 2021 Stephanum
393 1943 536 2015 hortatur,
557 1955 588 2002 ut
599 1953 718 2002 moneat
729 1939 844 2001 Galliae
864 1942 1032 2021 episcopos,
1050 1962 1115 2002 non
1132 1950 1211 2002 sumit

87 2030 289 2102 argumentum
311 2040 343 2078 ex
363 2020 498 2098 ampliori
518 2031 673 2098 potestate,
691 2019 742 2079 sed
763 2038 796 2076 ex
816 2018 963 2078 communi
983 2018 1048 2079 iure
1068 2018 1149 2098 quod
1167 2016 1210 2077 ha·

87 2097 162 2157 hent
181 2096 258 2155 inter
276 2115 307 2153 se
328 2097 502 2155 sacerdotes.
546 2096 666 2168 Quaeso
684 2096 709 2157 si
729 2092 843 2154 Galliae
867 2107 938 2154 tunc
957 2094 1133 2173 praefuisset
1150 2094 1209 2155 Ste-

87 2174 216 2254 phanus,
241 2192 340 2230 annon
361 2172 489 2231 dicturus
510 2184 571 2231 erat
593 2172 774 2252 Cyprianus,
803 2170 950 2231 Coerceas
969 2171 1058 2247 istos,
1089 2168 1210 2251 quintal

88 2248 177 2310 sunt?
204 2248 255 2305 sed
276 2246 365 2329 longe
385 2248 471 2307 aliter
496 2247 633 2328 loquitur.
672 2248 760 2323 „lloc
781 2247 906 2307 fraterna
925 2247 1040 2327 (inquit
1058 2247 1096 2308 ad
1115 2247 1209 2335 Pomp

88 2337 170 2386 cont.
183 2324 264 2402 epist.
275 2322 394 2402 Steph.)
412 2326 548 2399 societas,
568 2325 634 2403 quia
654 2325 732 2385 inter
751 2345 805 2384 nos
824 2324 950 2384 devincti
968 2345 1080 2399 sumus,
1098 2325 1209 2404 requirit

88 2413 123 2461 ut
143 2411 244 2458 mutuo
265 2408 467 2460 monearnus.·‘
513 2404 553 2460 Et
572 2402 700 2461 videmus
721 2404 806 2461 etiam
826 2414 932 2482 quanta
955 2400 1117 2461 verborum
1135 2418 1206 2461 aret·

88 2478 181 2536 hitate
201 2477 245 2533 vir
264 2475 372 2553 alioqui
394 2479 535 2536 mansueti
556 2478 668 2556 ingenii
689 2479 719 2536 in
741 2479 834 2556 ipsum
855 2474 1038 2568 Stephanum
1058 2477 1207 2547 invehatur,

88 2554 140 2613 uhi
163 2552 245 2610 nimis
258 2571 322 2609 eum
343 2551 519 2611 insolescere
531 2554 678 2612 existimat.
717 2554 796 2633 Ergo
820 2554 966 2613 hacetram
987 2553 1016 2612 in
1037 2567 1123 2634 parte
1142 2573 1205 2613 non·

89 2631 158 2689 dum
179 2640 309 2707 apparet,
331 2627 388 2687 ullo
410 2629 608 2689 iurisdictione
629 2629 790 2708 praeditum
812 2630 898 2690 fuisse
919 2630 1086 2691 Romanum
1105 2628 1204 2711 episco-

89 2729 160 2787 pum
181 2707 314 2764 adversus
335 2726 396 2778 eos,
416 2706 466 2785 qui
485 2727 554 2765 suae
575 2706 742 2786 provinciae
763 2728 824 2766 non
845 2719 949 2767 essent

164 2786 192 2846 8.
233 2782 384 2856 Quantum
405 2784 440 2843 ad
461 2783 589 2863 synodos
609 2784 828 2856 convocandas,
849 2784 905 2843 hoe
925 2795 988 2842 erat
1007 2781 1204 2863 Metropolitae

88 2860 229 2938 cuiusque
251 2860 397 2932 officium,
417 2872 450 2917 ut
473 2859 680 2939 provincialem
701 2861 844 2938 synodum
865 2861 945 2919 statis
966 2861 1147 2952 temporibus
1164 2876 1204 2918 eo·

89 2949 182 3017 geret.
222 2935 286 2995 lllic
311 2936 384 2994 nihil
409 2937 477 2996 iuris
503 2937 604 2996 hahuit
623 2936 771 2995 llomanus
791 2939 960 3015 episcopust
986 2938 1147 2996 universale
1163 2953 1202 2994 aa·

88 3026 148 3073 tem
169 3013 326 3073 concilium
347 3013 476 3070 indicere
495 3013 573 3073 solus
593 3012 757 3092 Imperator
778 3026 902 3092 poterat.
922 3013 954 3071 Si
975 3013 1039 3092 quis
1061 3015 1136 3072 enim
1153 3006 1203 3096 epi:

88 3109 246 3166 stuporum
268 3089 324 3146 hoe
345 3100 497 3161 tentasset,
522 3110 581 3147 non
607 3090 695 3148 modo
716 3089 862 3149 vocationi
888 3109 948 3149 non
969 3088 1149 3168 paruissent,
1164 3104 1203 3165 qut

89 3176 168 3222 extra
190 3165 369 3242 provinciam
391 3175 491 3234 erant,
518 3165 568 3223 sed
595 3165 733 3224 tumultus
758 3167 855 3224 statim
877 3178 993 3225 exortus
1013 3178 1101 3225 esset.
1136 3166 1203 3242 Ergo

1 3306 2 3314 ἵ
89 3239 256 3318 Imperator
276 3241 410 3299 omnihus
431 3259 577 3317 exaequo
599 3253 630 3299 ut
650 3242 784 3301 adessent
801 3242 999 3301 denuntiabat.
1038 3238 1204 3319 lielertqul·

89 3315 155 3373 dem
177 3316 313 3374 Socrates
334 3318 462 3394 (tripart.
485 3318 548 3374 hist.
569 3315 619 3373 lih.
639 3320 698 3395 4.),
718 3318 823 3376 lulium
845 3340 909 3377 cum
932 3318 1135 3378 Orientalibus
1152 3312 1205 3395 tpi-

88 3391 183 3468 scopis
204 3390 408 3468 expostulasse,
429 3393 506 3470 quod
528 3412 558 3451 se
577 3393 611 3451 ad
632 3394 774 3472 synodum
801 3394 1015 3454 Antiochenam
1037 3416 1099 3455 non
1118 3410 1206 3454 voe*

86 3480 170 3540 sent,
195 3489 283 3544 quum
309 3470 429 3525 vetitum
455 3480 530 3526 esset
556 3470 717 3529 canonibus
744 3472 806 3531 sine
826 3470 951 3530 Romani
972 3471 1124 3533 Pontiheis
1146 3486 1206 3531 eet·

87 3542 208 3604 scientia
228 3544 372 3621 quippiam
394 3545 521 3603 decerni.
561 3546 620 3603 Sed
641 3548 703 3625 quis
724 3568 784 3606 non
805 3547 887 3604 videt
907 3547 962 3606 hoc
983 3546 1020 3606 de
1040 3548 1077 3607 iis
1097 3542 1207 3607 decretis

88 3620 322 3701 intelligendum,
344 3640 418 3697 quae
438 3622 599 3680 universam
612 3625 761 3682 ecclesiam
782 3622 989 3703 obstringunt?
1029 3624 1126 3683 Porro
1145 3614 1206 3681 nihil

88 3698 194 3755 mirum
215 3696 237 3755 si
258 3719 321 3755 cum
351 3696 428 3753 urhis
454 3698 620 3776 antiquitati
640 3711 670 3758 et
689 3700 886 3778 amplitudini,
907 3712 967 3758 tum
988 3700 1067 3760 sedis
1087 3692 1207 3779 dignitati

89 3773 119 3831 id
140 3774 234 3844 datur,
255 3793 291 3830 ne
313 3770 433 3831 ahsente
446 3773 579 3835 llornano
601 3776 740 3857 episcopo
763 3776 923 3835 universale
945 3777 982 3834 de
1002 3778 1148 3855 religione
1166 3774 1207 3833 dt·

90 3861 202 3909 cretum
224 3850 288 3922 liat,
312 3848 454 3927 siquidem
480 3849 620 3910 interesse
640 3873 700 3910 non
722 3864 844 3910 recuset.
884 3853 993 3911 Verum
1016 3854 1085 3932 quid
1107 3853 1161 3912 hoc
1179 3844 1208 3909 ad

88 3925 178 3985 totius
200 3925 338 3985 eeclesiae
359 3925 539 3985 dorninium?
565 3928 668 4006 Neque
689 3929 765 3986 enim
787 3949 876 3986 unum
896 3949 930 3988 er
950 3930 1048 4008 praeci
1071 3930 1113 3989 uis
1132 3926 1208 3987 luisse

88 4023 242 4082 negamus:
266 4002 316 4061 sed
338 4002 467 4079 recipere
488 4002 623 4061 nolumus
644 4004 722 4082 quod
749 4027 827 4065 nunc
847 4006 1032 4065 contendunt
1079 4021 1209 4065 omauen·

89 4099 144 4153 ses,
165 4078 296 4137 habuisse
316 4077 345 4137 ln
367 4099 468 4136 orrrues
488 4078 652 4157 imperium.

163 4162 192 4217 9.
232 4155 373 4233 Superest
398 4166 498 4233 quarta
532 4153 643 4234 species
670 4157 841 4234 potestatis,
873 4177 947 4236 quae
979 4150 1210 4241 appellationis
1245 4182 1248 4187 ·

89 4241 212 4291 constat.
254 4230 405 4291 Summum
423 4230 577 4307 imperium
599 4250 688 4307 penes
709 4254 773 4293 eum
787 4254 849 4294 esse
864 4247 989 4309 constat,
1009 4235 1045 4294 ad
1065 4232 1146 4293 euius
1165 4243 1210 4290 trr-

87 4304 175 4367 buual
201 4320 387 4387 provocatur.
424 4306 511 4367 Multi
533 4325 621 4387 saepe
640 4307 805 4371 llornanum
825 4310 1000 4373 Pontificem
1024 4308 1211 4393 appellarunt,
