2700 4732
916 58 926 91 Ι
970 91 974 99 .

105 126 165 189 m
487 105 859 202 mmmm

105 264 188 328 statis
216 261 295 326 illius
323 282 410 333 seusu
438 265 567 327 animum
593 279 727 328 nostrum
758 264 843 325 leriri
865 276 1012 348 oporteat.
1061 265 1118 341 Qu

105 341 229 403 istorum
250 341 320 403 facit
337 341 510 423 participes,
541 363 594 404 eos
613 343 736 423 quadam
754 341 880 424 fulgoris
899 343 944 403 sui
963 341 1088 404 scintilla
1108 343 1118 402 i

106 429 142 478 ut
159 419 217 480 siut
236 439 291 498 pro
311 439 365 479 suo
386 421 449 512 quis
473 440 508 479 ue
528 419 596 480 loco
615 419 799 501 spectabiles.
838 420 885 479 Ite
906 418 956 497 qui
976 419 1065 480 nobis
1084 439 1118 480 es

107 495 139 554 in
160 514 198 557 eo
217 495 345 556 divinum
364 441 472 576 aliquid
492 509 630 576 reputare
650 509 781 576 parcet:
802 498 869 575 quia
890 496 1019 558 divinum
1038 496 1118 557 titula

106 571 171 632 siue
195 593 281 634 eausa
299 573 385 655 gerit.
426 573 488 647 Qui
507 573 645 654 princeps
666 584 726 647 est,
751 574 800 654 qui
825 573 976 648 domiuus,
1003 573 1118 635 habeti

106 646 163 709 lam
182 647 305 711 honoris
326 671 390 709 cum
409 649 478 708 Deo
499 653 747 710 communionem.

130 764 134 773 ·
179 731 228 791 36.
269 725 463 805 Quapropter
486 725 652 807 ambiguum
673 745 816 787 essenon
843 725 1035 806 debet,quin
1056 725 1105 786 bic

103 801 193 863 talem
219 802 350 883 regulam
369 802 514 863 Dominus
540 815 661 862 statuat:
688 823 795 882 nempe
819 816 909 884 prout
935 822 1082 883 quemque
1106 824 1118 861 r

104 898 167 939 esse
185 877 272 940 nobis
291 878 353 940 e'ius
373 878 561 940 ordinatione
582 878 778 958 praelectum,
798 892 831 939 ut
849 882 942 960 ipsum
963 878 1118 939 reverentia

106 955 227 1029 dientia‚
246 953 438 1037 gratitudine,
460 968 490 1017 et
509 954 615 1035 quibus
634 977 787 1036 possumus
800 957 905 1016 olliciis
924 975 1118 1035 prosequemu

105 1030 239 1107 intereat,
259 1032 380 1114 dignine
393 1052 430 1091 au
450 1031 564 1114 indigni
583 1033 652 1106 sint,
671 1032 776 1113 quibus
797 1033 895 1092 bonor
914 1033 970 1091 iste
990 1032 1118 1092 deseratu

107 1107 326 1188 qualescunque
343 1106 402 1168 sint
420 1108 556 1182 taudem,
586 1130 647 1169 uon
680 1122 777 1169 tamen
797 1110 860 1169 sine
879 1107 937 1167 Dei
957 1109 1118 1188 providenti

51 1256 53 1260 .
106 1183 206 1245 locum
231 1183 377 1263 assequuti
402 1196 486 1257 suut,
513 1186 594 1253 cuius
620 1184 733 1245 ratione
758 1187 822 1265 ipsc
841 1183 1007 1266 Legislator
1027 1205 1078 1244 eos
1099 1184 1116 1242 b

106 1260 210 1323 voluit.
259 1260 438 1321 Nominatim
459 1274 558 1321 tamen
578 1261 615 1320 de
634 1275 789 1342 parentum
809 1262 974 1322 reverentia
994 1280 1118 1341 praecep

105 1358 161 1399 uos
180 1337 211 1397 iu
232 1335 308 1398 banc
326 1338 414 1397 vitam
434 1337 627 1399 sustulerunt:
654 1339 689 1398 ad
710 1360 796 1418 quam
817 1349 919 1398 natura
939 1338 1001 1418 ipsa
1021 1337 1118 1428 quoda

103 1413 259 1475 instituere
278 1433 333 1474 nos
354 1414 452 1474 debet.
503 1414 636 1476 Monstra
657 1415 735 1474 enim
761 1427 845 1488 suut,
877 1435 938 1474 non
965 1413 1099 1474 hommes

104 1492 190 1551 triam
209 1502 386 1584 potestatem
399 1491 575 1552 contumelia
587 1491 634 1551 vel
647 1492 807 1584 pervicacia
821 1490 998 1574 infringunt.
1032 1488 1106 1549 ldeo

104 1568 276 1661 parentibus
295 1568 501 1650 immorigeros
520 1568 658 1628 trucidari
677 1568 760 1628 iubet
772 1568 929 1642 Dominus,
949 1579 982 1627 ut
999 1565 1117 1627 bruelio

105 1644 259 1727 indiguos,
288 1647 340 1725 qui
359 1666 422 1706 nou
440 1657 674 1728 recognoscunt,
701 1667 827 1726 quorum
848 1665 940 1724 opera
959 1643 989 1703 in
1009 1663 1074 1711 eam
1093 1664 1118 1725 p=

2 1740 4 1745 ·
105 1721 195 1781 riutf·
212 1722 252 1781 Ar
274 1743 311 1782 ue
331 1742 364 1783 ex
382 1721 469 1783 variis
489 1721 606 1802 quidem
626 1721 714 1804 Legis
734 1721 946 1803 appendicibus
970 1730 1108 1800 apparet,

106 1818 169 1859 esse
190 1743 271 1878 quod
288 1800 502 1873 annotavimus,
521 1811 581 1859 tres
600 1819 663 1859 esse
684 1799 805 1861 honoris
819 1799 855 1858 de
873 1819 932 1878 quo
953 1796 1001 1856 bic
1021 1794 1117 1876 iuquit

105 1885 168 1951 tes,
193 1874 405 1950 re'verentiam,
427 1875 642 1947 obedientiam,
672 1876 891 1958 gratitudinem.
941 1874 1069 1933 Primam
1094 1872 1118 1931 l]

16 1972 20 1981 ·
105 1952 244 2029 saucit*)
268 1951 336 2041 dum
356 1952 482 2042 ipterfiri
513 1953 669 2031 praecipit,
689 1953 740 2032 qui
764 1951 944 2043 malediperit
968 1950 1044 2043 patri
1069 1960 1118 2009 aut

107 2027 346 2164 quandoquidem
363 2026 423 2087 rllrc
442 2040 643 2119 contemptum
663 2049 698 2089 ac
719 2027 927 2089 contumeliam
946 2027 1086 2086 rrnd1cat.

128 2125 187 2179 am,
207 2104 276 2163 dum
296 2104 432 2165 aduersus
451 2104 566 2163 immori
591 2124 657 2165 eros
676 2117 707 2164 et
725 2104 850 2165 rebelles
870 2123 997 2184 poenam
1017 2102 1118 2163 mortis

104 2180 153 2240 Ad
177 2181 291 2239 tertiam
333 2180 443 2239 ertinet
467 2180 547 2260 quud
568 2125 796 2242 iniecturus
816 2181 922 2241 lllattb.
943 2188 1005 2256 15„
1025 2198 1060 2238 ex
1079 2198 1118 2270 pr.

83 2256 166 2316 'Dei
186 2274 248 2316 esse
268 2202 533 2317 urbenesaciamus
552 2257 732 2337 parentibus.
769 2257 942 2337 Etaquoties
962 2253 1092 2315 mandati
1105 2257 1118 2316 't

105 2351 174 2392 uem
195 2332 264 2391 lacit
284 2331 400 2405 Paulus,
420 2332 616 2397 obedientiam
637 2334 668 2394 in
689 2353 726 2393 eo
746 2334 855 2413 requiri
874 2335 1096 2412 iuterpretatur.

180 2414 229 2473 37.
269 2408 462 2468 Subnectitur
502 2410 651 2487 remissio,
671 2408 932 2471 commendationis
952 2409 1032 2483 vice,
1054 2429 1118 2488 quai

105 2482 274 2559 admoneat,
294 2504 380 2565 quam
395 2431 555 2566 gratallleo
575 2487 622 2562 sit,
642 2507 716 2567 quae
736 2486 783 2546 bic
804 2485 889 2546 nobis
903 2486 1063 2565 imperatur
1075 2484 1119 2544 sul

104 2560 196 2621 Istum
222 2562 301 2620 enim
332 2561 465 2621 eculeum
499 2563 651 2623 excitando
683 2564 799 2643 torpori
830 2575 934 2623 nostro
960 2562 1098 2621 admovet

128 2659 195 2697 uum
216 2637 287 2698 dicit
305 2638 473 2699 mandatum
498 2639 554 2699 boc
581 2660 644 2700 esse
663 2640 788 2720 primum
809 2662 875 2699 cum
896 2638 1099 2719 promissione.

105 2658 172 2774 dem
197 2735 271 2796 quae
297 2715 326 2774 in
350 2766 356 2783 ,
379 2716 449 2775 rima
480 2714 580 2775 tabula
612 2717 784 2796 praecessit,
814 2737 875 2774 non
907 2714 1039 2795 specialis
1065 2725 1097 2773 et

104 2791 191 2852 unius
210 2792 338 2852 mandati
357 2736 424 2868 luis,
443 2793 493 2852 sed
514 2793 550 2852 ad
570 2791 612 2852 Le
635 2813 680 2853 em
701 2793 862 2863 universam
884 2790 1102 2853 extendebatur.

106 2869 148 2929 sic
167 2868 336 2949 accipienda
356 2869 426 2929 baec
446 2881 499 2930 est.
535 2813 725 2930 Peculiariter
744 2868 884 2929 Israelitis
905 2866 1118 2947 loquebaturll

15 2974 18 2979 »
106 2945 143 3005 de
162 2956 252 3020 terra,
272 2965 357 3024 quam
377 2944 433 3004 illis
452 2947 626 3026 promiserat
649 2947 679 3005 in
705 2946 931 3005 haereditatem·
976 2944 1008 3002 Si
1028 2962 1101 3026 ergo

105 3021 294 3101 benignitatis
313 3020 439 3081 arrhabo
460 3033 523 3081 crat
539 3035 636 3081 terrae
655 3023 816 3103 possessio,
846 3043 904 3081 nou
932 3021 1071 3078 miremur
1089 3019 1114 3080 si

107 3117 162 3158 uus
180 3099 283 3157 testari
294 3098 421 3158 voluerit
440 3120 520 3157 suam
532 3100 665 3180 gratiam,
686 3100 761 3158 vitae
772 3098 984 3179 longitudinem
997 3096 1118 3178 largiens

107 3195 193 3253 quam
214 3174 315 3246 fiebat,
335 3187 369 3234 ut
388 3174 540 3234 diuturnus
567 3178 719 3254 caperetur
739 3176 783 3234 sui
811 3174 945 3233 beneficii
972 3174 1093 3232 fructus.

106 3268 180 3332 ergo
201 3262 258 3310 est:
289 3251 414 3310 Honora
439 3263 551 3342 patrem
571 3263 601 3310 et
620 3264 757 3326 matrem,
782 3273 841 3330 quo
862 3272 916 3330 per
933 3250 1057 3331 bugum
1077 3251 1118 3307 vit

105 3327 179 3385 tium
200 3326 259 3385 frui
282 3326 338 3386 tibi
358 3326 407 3386 diu
428 3326 512 3387 lrreat
530 3347 564 3385 ea
583 3329 888 3408 terraepossess‘mue,
908 3347 982 3406 quae
1001 3325 1058 3384 tibi
1079 3325 1118 3385 lut

104 3405 137 3461 in
157 3402 266 3485 gratiae
284 3422 368 3464 meae
387 3402 595 3464 testimouium.
646 3404 820 3475 Caeterum,
840 3404 907 3482 quia
926 3415 987 3464 tota
1007 3414 1087 3461 terra
1105 3403 1118 3461 l

105 3477 263 3540 benedicta
289 3491 350 3554 est,
380 3491 563 3560 praesentem
592 3479 680 3540 vitam
710 3480 788 3539 iuter
805 3481 865 3538 Dei
890 3479 1115 3541 benedictiones

106 3547 289 3637 repdnimus.
352 3556 454 3630 Quare
483 3556 519 3614 ad
551 3575 607 3617 nos
637 3556 771 3616 similiter
806 3567 919 3636 spectat
950 3559 1041 3615 istaec
1074 3578 1118 3637 pri

107 3643 250 3712 quatenus
285 3630 397 3692 scilicet
431 3632 545 3691 divinae
579 3632 806 3694 benevolentiae
841 3633 1050 3692 documentum
1082 3653 1118 3692 no

105 3708 270 3789 praesentis
302 3708 378 3769 ritae
411 3708 535 3768 duratio.
593 3711 663 3770 Nou
694 3710 771 3768 enim
798 3730 831 3769 ea
854 3721 904 3768 aut
930 3708 1020 3769 uobis
1049 3729 1118 3788 pror

106 3796 157 3847 aut
184 3785 326 3866 promissa
361 3784 418 3844 l'uit
448 3784 579 3861 ludaeis,
622 3786 703 3877 quasi
734 3785 945 3846 beatitudiuem
980 3787 1012 3844 iu
1041 3804 1075 3844 se
1104 3807 1118 3846 r

106 3873 167 3922 ret:
205 3863 257 3923 sed
295 3860 363 3940 quia
397 3861 561 3942 symbolum
599 3863 654 3941 piis
685 3882 748 3923 esse
772 3863 849 3922 solet
882 3861 996 3921 divinae
1030 3860 1118 3937 indul,

108 3937 212 4015 Quare
231 3938 255 4000 si
275 3937 428 4020 contingat
447 3950 516 3998 aute
536 3950 679 3999 maturam
699 3936 824 3999 aetatem
837 3936 1050 4018 obsequentem
1063 3959 1118 4018 par

173 4186 203 4259 ⁸)
217 4186 306 4246 Exod.
323 4189 373 4253 21.
390 4191 429 4247 17.
471 4188 548 4242 levit·
565 4192 615 4253 20,
638 4191 663 4245 9.
707 4187 784 4243 Prov.
801 4190 848 4253 20,
864 4189 905 4245 20·
928 4216 962 4231 ·-
990 4187 1069 4242 Dent.
1084 4188 1118 4245 Ἡ

104 4252 198 4316 Mb
215 4260 293 4322 ibe.
324 4256 420 4332 Ephcs.
437 4259 463 4323 d,
480 4260 504 4315 1.
541 4257 641 4313 Colore.
656 4258 684 4321 ³,
697 4259 741 4313 2⁰·
1115 4264 1118 4271 '
