2700 4732
107 194 168 257 ara
222 250 225 255 .
501 189 580 252 nm.
600 187 659 275 11.¹
680 187 770 253 cae.
791 187 843 250 vr.

109 314 226 398 fastidio
238 344 290 395 est.
330 334 506 426 Quanquam
519 353 592 416 ergo
611 333 739 407 humano
759 334 788 392 in
812 332 880 394 enin
893 352 956 394 non
975 324 1139 413 respondet

109 415 216 474 dicatio
237 410 342 484 crucis,
363 412 511 471 humliter
530 423 628 470 tamen
650 431 713 471 earn
733 352 870 489 ampdeeti
890 421 1024 501 oportet,
1042 409 1067 469 si
1086 408 1149 469 adl

109 491 243 570 opificem
263 498 396 549 nostrum
417 500 447 546 et
466 489 622 560 lictorem,
641 508 657 546 a
678 507 737 566 quo
760 508 858 546 sumus
882 486 1015 561 alicnati,
1038 485 1137 545 redire

108 589 184 639 mus,
202 577 235 625 nt
254 564 341 626 nobis
360 565 466 624 iterum
477 566 564 623 Pater
576 583 638 623 esse
658 563 786 642 incipiat.
825 562 917 625 Certe
936 574 1004 643 post
1023 561 1137 641 lapsum

64 666 66 671 ·
109 642 234 703 hominis
261 640 339 701 nulla
371 642 405 700 ad
435 641 556 702 salutern
576 639 669 699 valuit
688 640 745 698 Dei
770 660 805 700 eo
830 640 903 699 nitio
928 640 1039 718 absque
1058 638 1149 699 Media

109 721 256 799 quianon
277 718 384 776 desua
405 729 516 777 tantum
537 728 632 776 aetate
657 715 789 795 loquitur
808 659 958 788 Christus,
987 716 1038 777 sed
1058 716 1149 776 omnir

108 794 173 856 cula
192 793 431 873 comprehendit,
451 815 540 872 quum
561 794 632 852 dicit
650 792 725 852 hanc
746 812 808 852 esse
828 793 912 853 vitam
933 803 1098 865 aeternam,
1124 814 1149 853 et

106 891 191 933 scere
211 872 328 929 Patrem
349 890 450 929 verum
473 892 560 928 unum
581 868 689 941 Deum,
708 880 738 927 et
758 890 843 947 quern
864 867 914 928 ille
935 869 1014 927 misit
1033 867 1131 928 Iesum

106 961 182 1011 stum
203 946 404 1025 (10.17‚3.).
445 946 515 1021 Quo
538 945 654 1005 foedior
674 956 717 1006 est
743 965 846 1004 eorum
869 945 1024 1018 socordia,
1052 947 1102 1036 qui
1123 965 1149 1006 ct

106 1024 238 1106 profanis
257 1035 288 1083 et
312 1023 469 1082 incredulis
490 1022 668 1102 quibuslibet
694 1022 886 1101 patefaciunt,
917 1021 1027 1100 absque
1048 1040 1110 1081 eius
1136 1040 1149 1099 t

107 1122 194 1181 quem
215 1099 366 1179 Scriptura
387 1099 489 1179 passim
510 1098 598 1157 docet
615 1100 730 1158 unicam
757 1118 819 1158 esse
839 1098 965 1170 ianuam,
984 1119 1041 1177 qua
1064 1096 1093 1157 in
1114 1119 1145 1159 aa

105 1176 298 1256 ingredimur.
358 1175 473 1250 Quodsi
510 1174 573 1253 quis
605 1176 640 1233 ad
678 1174 831 1255 Evangelii
868 1173 1137 1254 promulgationem

107 1253 217 1315 Christi
238 1252 348 1311 dietum
380 1253 557 1331 restringere
577 1252 663 1326 velit,
692 1252 721 1310 in
755 1262 893 1330 promptu
919 1250 1057 1309 refutatio
1078 1261 1139 1325 est,

107 1329 245 1389 omnihus
270 1338 300 1387 et
330 1327 452 1387 saeculis
484 1339 514 1400 et
538 1326 685 1388 Gentibus
711 1326 873 1386 communis
900 1327 955 1385 luit
981 1328 1054 1386 ratio
1079 1325 1146 1401 illa,

105 1425 193 1486 posse
212 1404 322 1484 absque
343 1403 583 1464 reconciliatione
604 1403 719 1483 placere
738 1402 816 1475 Deo,
838 1404 888 1482 qui
901 1403 1024 1463 alienati
1043 1414 1148 1463 sunta

106 1495 138 1541 et
156 1480 303 1541 maledicti
343 1479 551 1539 renuntiantur
570 1501 603 1539 ac
624 1479 674 1538 filii
694 1480 764 1538 irae.
803 1481 869 1539 Huc
889 1479 963 1539 adde
983 1480 1063 1559 quod
1084 1500 1149 1559 resp

107 1559 241 1620 Christus
270 1501 387 1616 mulleri
418 1556 614 1615 Samaritanae
639 1557 850 1634 (10.t‚2‘t.):
883 1557 966 1629 „Vos
998 1555 1125 1615 adoratis

106 1636 237 1695 nescitis:
265 1655 320 1694 nos
344 1644 439 1693 antem
461 1632 614 1691 adoramus
656 1633 713 1692 uod
735 1633 855 1691 scimus:
881 1634 948 1711 quia
972 1630 1047 1693 salus
1069 1653 1102 1691 ex
1122 1632 1149 1691 lu

106 1717 183 1771 est.“
235 1711 351 1785 Quibus
382 1708 478 1769 verbis
510 1721 540 1767 et
569 1654 712 1786 quaslibet
743 1707 884 1768 Gentium
915 1708 1073 1789 religiones
1104 1708 1149 1769 lala

106 1787 241 1861 damnat,
266 1798 297 1847 et
315 1787 459 1846 rationem
479 1785 620 1865 assignat,
644 1785 710 1864 qnia
729 1785 785 1844 soli
807 1784 902 1846 electo
945 1785 1035 1865 opulo
1056 1783 1147 1845 suerit

104 1864 207 1923 missus
227 1864 397 1943 redemptor
416 1862 470 1922 sub
491 1863 586 1944 hoger
620 1861 697 1920 unde
717 1863 864 1940 sequitur,
889 1807 1001 1921 nullum
1020 1883 1148 1941 unquam

107 1940 218 2001 cultum
246 1941 404 2019 placuisse,
435 1939 491 1999 nisi
512 1941 561 2017 qui
588 1938 618 1998 in
644 1938 792 1999 Christum
817 1939 986 2016 respiceret.
1037 1938 1125 1998 Unde

106 2017 234 2076 affirmat
253 2017 359 2077 Paulus
379 2016 470 2096 (Eph.
489 2020 518 2087 2,
538 2016 615 2092 12),
649 2014 762 2074 Gentes
788 2035 889 2075 omnes
921 2014 1030 2093 absque
1050 2016 1118 2076 Deo
1140 2017 1149 2075 l

105 2105 137 2153 et
156 2113 208 2173 spe
228 2095 302 2154 vitae
322 2093 448 2153 orbatas.
488 2092 547 2151 lam
590 2114 657 2151 uum
677 2091 783 2150 doceat
802 2091 929 2151 loannes
948 2092 993 2167 (1,
1012 2094 1072 2170 4.),
1091 2093 1148 2153 vita

104 2170 190 2230 initio
212 2170 298 2230 luisse
318 2170 347 2229 in
360 2169 491 2242 Christo,
511 2179 542 2226 et
561 2189 575 2226 a
618 2188 652 2228 ea
669 2167 806 2226 excidisse
826 2179 920 2226 totum
941 2167 1092 2242 mundum,
1112 2170 1148 2230 ad

103 2257 166 2306 tem
197 2247 278 2306 illurn
309 2246 405 2305 redire
430 2263 548 2304 necesse
574 2256 631 2303 est:
662 2255 690 2303 at
713 2264 748 2302 ue
778 2244 846 2303 ideo
868 2244 1011 2317 Christus,
1031 2257 1149 2324 quatem

127 2322 294 2402 ropitiator,
313 2342 344 2382 se
364 2323 450 2382 vitam
470 2340 531 2381 esse
552 2320 661 2380 asserit.
715 2321 739 2379 't
757 2341 828 2379 sane
848 2343 909 2379 non
929 2321 963 2380 ad
984 2320 1055 2381 alios
1076 2343 1149 2400 quan

103 2344 181 2459 hlios
206 2399 333 2478 pertinet
354 2397 505 2459 coelorum
531 2396 692 2457 haereditas
716 2397 776 2473 (lo.
796 2405 848 2468 15,
868 2398 921 2472 6.).
970 2396 1114 2458 Filiorum
1139 2420 1149 2458 a

103 2473 172 2535 loco
200 2487 231 2535 et
255 2475 360 2534 ordine
385 2475 497 2534 censeri
527 2474 645 2532 minime
671 2487 899 2535 consentaneum
922 2484 981 2546 est,
1002 2475 1051 2552 qui
1076 2495 1139 2535 non

102 2562 173 2611 sunt
193 2551 221 2609 in
243 2573 350 2630 corpus
369 2549 513 2630 unigeniti
533 2550 609 2608 litii.
653 2551 692 2609 Et
711 2550 788 2609 clare
815 2561 936 2609 testatur
955 2549 1082 2611 loannes
1125 2553 1149 2611 ul

105 2627 178 2688 dunt
196 2627 225 2686 in
246 2627 308 2687 eius
328 2648 448 2699 nomen,
468 2625 544 2686 hlios
563 2627 620 2685 llei
640 2625 711 2685 heri.
741 2626 801 2686 Sed
822 2627 888 2705 quia
910 2628 946 2686 de
965 2626 1023 2685 lide
1042 2627 1113 2689 inC
1136 2651 1149 2687 r

103 2725 138 2764 ex
157 2703 290 2783 professo
311 2702 452 2764 disserere
477 2703 548 2763 mihi
573 2703 704 2762 nonduin
724 2708 907 2783 propositum
928 2715 988 2780 est,
1020 2703 1051 2762 in
1071 2716 1149 2767 trans

102 2781 233 2862 attigisse
251 2778 319 2841 satis
340 2780 436 2841 luerit.

179 2863 207 2921 2.
246 2857 290 2918 Ac
311 2857 435 2937 proinde
453 2855 547 2918 veteri
568 2855 677 2936 populo
700 2877 847 2935 nunquam
867 2877 897 2916 se
910 2856 992 2915 Deus
1013 2857 1145 2918 ostendit

102 2933 220 3015 pitiana,
238 2955 294 2994 nee
312 2954 394 3012 spem
412 2934 523 3027 gratiae
542 2955 668 3013 unquam
682 2934 759 2993 'lecit
779 2933 888 3012 absque
907 2933 1080 2993 lllediatore.
1120 2934 1148 2995 0

102 3009 243 3071 sacrificia
255 3010 353 3089 Legis,
373 3013 477 3089 quihus
497 3010 590 3089 palam
611 3022 642 3069 et
660 3021 761 3090 aperte
782 3010 880 3068 edocti
901 3010 1020 3069 luerunt
1039 3010 1149 3085 fideles,

22 3086 28 3101 '
104 3086 173 3147 alibi
193 3108 277 3165 quarn
298 3090 329 3146 in
350 3087 533 3166 expiatione,
554 3107 627 3166 quae
653 3108 668 3146 a
691 3086 756 3145 solo
779 3085 898 3146 Christo
920 3099 1035 3164 peracta
1056 3099 1116 3161 est,
1146 3120 1149 3139 ι

103 3162 223 3223 rendam
243 3163 364 3223 salutem
385 3184 456 3223 esse.
494 3163 562 3222 Hoc
581 3174 694 3222 tantum
714 3163 797 3235 dico,
817 3162 933 3223 beatum
955 3175 984 3223 et
1005 3163 1121 3225 felicem
1140 3184 1149 3224 t

103 3241 164 3299 siae
183 3251 288 3299 statum
307 3260 425 3318 semper
443 3240 475 3299 in
496 3238 603 3299 Christi
624 3260 750 3331 persona
770 3239 857 3299 luisse
877 3239 1038 3299 fundatum.
1083 3242 1149 3301 Nan

102 3315 185 3376 Deus
205 3327 300 3376 totam
318 3316 455 3375 Abrahae
476 3314 608 3375 sobolem
630 3338 659 3374 an
682 3316 803 3375 loedere
822 3337 875 3376 suo
896 3317 1064 3394 complexus
1084 3328 1145 3393 est,

103 3393 211 3452 denter
228 3404 324 3452 tamen
345 3394 537 3453 ratiocinatur
556 3391 663 3451 Paulus
683 3390 765 3468 (Gal.
785 3399 814 3466 3,
834 3393 913 3469 16.),
945 3393 1095 3454 Christum
1116 3415 1149 3473 pr

103 3488 285 3529 essesemen
305 3468 387 3543 illud,
408 3469 437 3528 in
450 3489 508 3548 quo
529 3467 747 3531 benedicendae
759 3481 842 3529 erant
853 3488 954 3528 omnes
970 3469 1097 3530 Gentes:
1118 3492 1149 3550 qt

103 3546 209 3605 scimus
229 3566 289 3604 non
304 3566 417 3619 omncs,
439 3546 489 3625 qni
508 3545 668 3604 secundum
688 3566 804 3605 carnem
826 3566 859 3604 ex
880 3566 916 3604 eo
936 3547 1029 3626 geniti
1048 3556 1149 3623 sunt,:

102 3632 181 3683 latos
201 3621 289 3682 luisse
309 3623 338 3682 in
358 3622 478 3683 semine.
528 3619 604 3681 Nam
631 3632 664 3680 ut
683 3621 720 3680 de
740 3621 862 3682 Ismaele
889 3633 920 3680 et
943 3622 1004 3682 aliis
1027 3635 1149 3685 taceam.

103 3698 213 3759 lactum
233 3710 276 3759 est
303 3710 336 3758 ut
360 3719 394 3758 ex
413 3698 528 3759 dhobus
548 3696 613 3758 liliis
633 3698 730 3773 Isaac,
755 3718 861 3778 nempe
881 3698 957 3757 Esau
977 3711 1007 3758 et
1025 3700 1117 3765 Iacob
1138 3701 1149 3760 l

103 3773 158 3835 bus
177 3775 318 3858 geminis,
350 3795 438 3852 quum
459 3775 553 3833 adhuc
578 3775 607 3832 in
629 3787 714 3835 utero
740 3777 838 3835 matris
858 3776 1008 3836 coniuncti
1028 3789 1143 3852 essent,

26 3908 31 3925 ,
104 3850 201 3915 electo
230 3851 305 3910 alter
328 3848 550 3929 repudiaretur?
588 3850 654 3909 lmo
681 3851 730 3930 qui
763 3850 952 3925 factumest,
983 3864 1014 3931 ut
1034 3853 1149 3935 primog

103 3929 216 3989 reiecto
236 3927 334 3986 minor
353 3938 423 3985 natu
442 3927 521 3986 solus
542 3928 662 4003 gradum
684 3927 831 3987 tenuerit?
870 3929 957 3986 Unde
979 3929 1066 3988 etiam
1087 3951 1143 3990 coo

104 4016 138 4065 ut
157 4004 249 4063 maior
269 4024 334 4083 pars
354 4003 557 4065 abdicaretur?
609 4005 696 4067 Putet
717 4003 806 4083 igitur
830 4005 860 4064 in
880 4026 940 4064 uno
962 4007 1120 4085 praecipue
1140 4030 1149 4065 c

104 4081 217 4139 censeri
229 4080 365 4139 Abrahae
384 4099 499 4140 semen:
520 4102 575 4141 noc
594 4081 715 4153 salutern
737 4081 905 4170 promissam
918 4094 1061 4152 constare,
1082 4083 1149 4142 donc

105 4154 255 4217 Christum
278 4169 398 4217 ventum
424 4157 526 4230 luerit,
556 4158 637 4217 cuins
670 4157 799 4216 ollicrum
830 4171 873 4216 est
893 4178 967 4237 quae
988 4156 1056 4217 dissi
1079 4172 1126 4219 ata

104 4230 174 4292 colli
196 4251 255 4291 ere.
292 4233 390 4292 Prima
415 4233 511 4312 itaque
538 4234 625 4292 electi
650 4232 752 4312 populi
774 4233 894 4311 adoptio
916 4256 931 4294 a
950 4235 1042 4314 gratia
1060 4182 1149 4295 liudi.-

102 4248 261 4389 pendebat.
300 4309 393 4383 Quod
412 4311 466 4371 etsi
486 4331 547 4370 non
567 4311 642 4370 adeo
663 4310 746 4369 elaris
766 4310 862 4373 verbis
882 4312 1053 4392 exprimitur
1070 4310 1149 4393 apud
