2700 4732
501 190 622 253 11111.
661 190 751 253 cte.
768 190 851 249 xtv.
1184 190 1242 253 121

103 351 203 472 Eque.
244 334 384 418 Legimus
413 334 492 397 enim
521 336 552 397 iu
584 336 707 397 historia
725 300 838 409 1011),
862 331 943 393 illum
968 332 1121 393 resistere
1140 351 1242 391 eorm

153 432 174 471 o
192 410 231 472 ad
253 413 422 493 excipienda
440 414 584 486 mandata,
604 432 660 473 nec
678 431 804 493 pergere
817 412 925 469 audere
940 409 975 469 ad
989 410 1100 469 lacinus
1119 407 1242 487 aliquod

107 488 282 547 obeundum
308 490 363 549 uisi
387 490 540 566 impetrata
564 488 711 549 facultate.
750 488 801 547 Sic
822 499 852 546 et
872 508 960 564 quum
986 485 1176 565 decipiendus
1196 496 1242 543 est

106 564 230 639 Achab,
243 566 305 625 reci
328 568 351 625 it
369 586 401 625 se
421 566 487 625 lore
503 565 637 645 spiritum
657 563 800 624 mendacii
818 564 849 623 iu
870 584 924 623 ore
937 561 1240 642 omniuml’ropheta-

106 662 188 699 nn:
214 652 247 699 et
266 662 281 701 a
302 588 434 702 domino
455 642 638 713 amandatus,
657 641 686 701 id
706 652 841 721 praestat.
887 638 951 698 Hac
972 638 1084 697 ratione
1105 650 1135 695 ct
1154 637 1241 716 spiri·

106 728 157 777 tus
176 716 297 776 Domini
318 716 410 777 malus
429 718 537 777 dicitur
556 718 606 797 qui
625 716 784 795 torquebat
802 716 887 789 Saul,
934 714 991 775 uod
1018 734 1054 772 eo
1075 713 1166 773 reluti
1185 714 1240 772 lla-

130 792 190 851 ellu
216 794 414 885 puniebantur
442 794 523 872 impii
542 795 626 886 'cr-gis
645 805 774 873 peccata.
822 792 861 851 Et
879 738 948 851 alibi
967 790 1120 862 scribitur,
1139 789 1239 869 plagas

110 865 887 1025 suumnunsrun.rurus
906 865 1032 1005 stu„
1056 867 1241 1003 erm

111 1040 180 1079 uem
198 1022 417 1082 incredulorum
437 1044 511 1101 opus
532 1044 593 1083 esse
605 1024 672 1095 Dei,
692 1044 780 1101 quum
799 1033 884 1081 antea
894 1032 1025 1082 vocasset
1035 1019 1239 1099 operationem

112 1096 247 1157 saurae.
296 1098 425 1159 Constat
449 1120 523 1177 ergo
551 1099 683 1161 sublici
709 1109 851 1176 potestate
876 1117 938 1157 esse
964 1098 1115 1169 Satanam,
1144 1108 1175 1153 et
1199 1094 1240 1153 sic

114 1172 202 1309 {prim
222 1186 295 1233 nutu
314 1176 377 1251 regi
404 1188 436 1234 ut
459 1178 631 1253 obsequium
655 1175 779 1233 reddere
804 1174 831 1234 ei
850 1187 983 1253 cogatur.
1031 1172 1128 1231 Porro
1149 1192 1240 1249 quum

135 1270 160 1309 rt

161 1252 233 1309 imus
250 1250 388 1311 Satauam
402 1252 469 1312 Deo
490 1256 634 1327 resistere,
655 1263 684 1310 et
703 1250 780 1309 illius
799 1270 888 1329 opera
909 1272 974 1309 cum
995 1248 1079 1307 huius
1099 1247 1241 1327 operibus
1304 1284 1308 1305 .

116 1324 269 1399 dissidere,
292 1328 368 1387 haue
394 1331 614 1409 repugnantiam
642 1340 672 1386 ct
693 1327 748 1387 hoc
768 1339 914 1386 certamen
934 1347 951 1385 a
969 1326 1028 1385 Ilei
1047 1324 1240 1405 permissione

115 1402 242 1479 pendere
258 1404 518 1465 simulasseriums.
556 1404 767 1465 Deroluntate
785 1405 841 1462 ianr
862 1423 922 1463 nou
943 1401 1060 1481 loquor,
1079 1421 1134 1459 nec
1154 1401 1240 1459 etiam

118 1476 155 1537 de
172 1490 293 1549 conatu,
321 1480 371 1539 sed
397 1482 434 1539 de
458 1482 568 1559 eslcqtu
593 1494 713 1539 tantum.
766 1479 894 1553 Quando
920 1479 997 1537 enim
1022 1477 1175 1571 improbus
1196 1487 1241 1535 est

120 1554 371 1631 nataradiabolus,
390 1556 510 1617 minime
530 1558 564 1617 ad
585 1555 781 1617 obedientiam
802 1555 913 1615 divinae
929 1555 1086 1615 voluntatis
1107 1574 1161 1633 pro
1185 1572 1239 1610 rn-

122 1650 166 1691 ns
187 1642 243 1705 est,
269 1634 321 1693 ted
351 1644 433 1693 totus
457 1634 492 1693 ad
519 1638 730 1695 contumaciam
755 1645 786 1691 et
806 1632 998 1691 rebellionem
1023 1631 1125 1690 l'ertur.
1201 1648 1239 1689 oc

125 1704 135 1719 “
154 1706 207 1767 ‘tar
222 1726 240 1767 a
256 1728 288 1767 se
307 1710 371 1788 ipso
390 1730 500 1789 suaque
520 1709 647 1789 nequitia
668 1708 771 1781 hahet,
794 1722 826 1768 ut
845 1709 1003 1787 cupiditate
1023 1720 1054 1767 et
1071 1706 1240 1788 proposito,

77 1736 105 1858 qb
155 1784 377 1847 restrueretur.
416 1787 480 1847 Hac
499 1786 685 1866 improbitate
706 1784 904 1844 exstimulatur
925 1785 960 1843 ad
981 1796 1118 1843 conatum
1140 1802 1239 1839 earum

129 1876 214 1947 11111111
232 1882 299 1941 quas
324 1862 445 1922 maxime
470 1864 646 1923 adversarias
670 1880 732 1921 esse
750 1861 818 1921 Deo
846 1873 937 1938 putat.
987 1860 1046 1919 Sed
1071 1860 1137 1939 quia
1157 1858 1240 1916 Deus

133 1930 202 1995 thura
232 1940 381 2017 potentiae
414 1960 483 1999 suae
512 1940 597 1999 irruo
632 1939 762 1997 vinctum
798 1938 1046 2015 constrictumque
1075 1947 1173 2006 tenet,
1204 1953 1239 1992 ea

134 2010 210 2071 nodo
231 2014 396 2097 exsequitur
419 2037 493 2094 qnae
517 2016 572 2076 sibi
598 2015 734 2075 divinitus
759 2033 896 2073 concessa
927 2012 1050 2072 luerint:
1080 2023 1168 2090 atque
1199 2010 1239 2069 ita

134 2088 240 2147 erertmi
253 2110 318 2165 suo,
337 2090 406 2150 velit
418 2092 504 2164 nolit,
524 2092 704 2185 obsequitur,
724 2090 791 2169 quia
811 2089 927 2171 cogitur
945 2088 1137 2149 ministerium
1153 2106 1240 2169 prae·

133 2156 205 2235 ltere,
219 2186 392 2246 quocunque
411 2168 460 2227 ille
480 2170 634 2250 impulerit.

200 2246 238 2305 lb·
273 2242 334 2302 trus
360 2264 430 2303 vero
454 2248 521 2323 quia
545 2246 627 2307 Deus
650 2246 815 2306 immundos
839 2245 971 2325 spiritus,
1003 2254 1092 2324 prout
1122 2241 1238 2303 libitum

137 2322 188 2385 etl,
211 2316 261 2377 buc
289 2319 359 2380 illuc
391 2320 529 2394 inflectit,
566 2322 621 2382 hoc
651 2324 781 2403 regimen
814 2324 853 2382 ita
882 2333 1042 2401 temperat,
1078 2332 1110 2380 ut
1138 2320 1238 2380 fideles

136 2394 272 2470 pugnando
295 2410 463 2469 exerceant,
489 2399 659 2459 adoriantur
683 2400 806 2473 insidiis,
830 2398 1044 2459 incursionibus
1068 2397 1239 2471 sollicitent,

134 2472 270 2557 pugnando
290 2486 430 2553 urgeant,
455 2475 576 2555 latigcnt
601 2477 685 2537 etiam
705 2496 806 2555 saepe,
838 2473 1031 2548 conturbent,
1057 2474 1240 2552 parciaciant

132 2548 308 2631 arrrtrrdmn
329 2550 499 2623 etcinerem,
523 2552 574 2609 sed
595 2574 741 2631 nurrquam
762 2556 878 2611 vincant
897 2570 952 2610 nee
972 2553 1153 2630 opprimant:
1182 2551 1240 2608 im-

80 2644 85 2651 ·
133 2638 188 2707 [uos
203 2637 292 2682 autem
311 2625 449 2685 subactos
468 2627 591 2699 trahant,
612 2630 639 2686 in
661 2651 763 2689 corum
783 2629 883 2687 animis
904 2639 933 2686 et
953 2629 1126 2706 corporibus
1146 2628 1239 2706 impc-

77 2734 80 2739 -
133 2714 195 2755 rrum
212 2713 370 2774 exerceant,
390 2704 536 2762 adomnia
558 2705 667 2785 lingitis
679 2704 757 2764 velut
777 2705 925 2781 mancipiis
938 2705 1102 2763 abutantur.
1134 2702 1239 2775 Quan-

77 2806 80 2819 =
132 2778 184 2829 lum
201 2776 233 2832 ad
243 2776 340 2835 fideles
352 2779 467 2851 attinet,
487 2781 552 2856 quia
566 2782 601 2838 ab
623 2782 763 2841 eiusmodi
784 2782 913 2839 hostibus
934 2782 1147 2858 inquietantur:
1170 2780 1238 2838 irleo

80 2862 85 2871 ’
134 2842 177 2905 bas
201 2852 409 2913 exhortationes
440 2858 561 2915 audiunt
591 2858 680 2935 (Eph.
701 2866 735 2930 4,
754 2865 800 2921 ⁸27.
822 2857 844 2915 Ι.
866 2858 945 2914 Pctr.
965 2865 998 2929 5,
1017 2860 1076 2929 S.):
1110 2856 1238 2929 „Nolite

135 2918 217 2983 lucum
231 2930 444 2990 darelliabolo.
484 2931 625 2991 Diabolus
646 2934 734 2994 hostis
754 2948 848 2993 sester
869 2946 899 2991 nt
920 2933 967 2990 leo
989 2935 1105 3013 rugiens
1125 2933 1239 3005 circuit,

137 3016 258 3131 quaereus
276 3027 361 3085 quem
383 3009 521 3068 devoret:
544 3012 589 3069 cui
610 3012 733 3069 resistite
754 3012 844 3068 sortes
865 3010 965 3079 sule,“
987 3021 1017 3067 rt
1035 3010 1151 3068 similes.
1191 3009 1238 3068 Ab

156 3094 185 3133 ut
227 3101 306 3141 encre
339 3086 506 3143 certaminis
538 3106 568 3144 se
600 3108 658 3144 nou
694 3088 778 3145 luisse
812 3087 967 3144 immunem
1002 3087 1107 3145 latetur
1131 3086 1239 3148 Paulus

142 3098 263 3223 (1ιὲοι
280 3168 328 3229 12,
347 3163 408 3236 7.),
436 3184 523 3240 quum
545 3162 645 3221 scribit
665 3165 700 3221 tul
723 3164 880 3220 reurcdium
901 3163 1065 3221 domandae
1084 3163 1239 3243 superbiae

146 3226 189 3315 “bt
203 3230 286 3293 latum
306 3236 433 3295 Satanae
452 3237 601 3318 angelum,
626 3261 640 3297 a
662 3260 720 3316 qno
742 3238 948 3298 humiliaretur.
1000 3240 1144 3298 (homibus
1166 3258 1238 3316 crgo

146 3296 257 3391 11111ὓεὶ
279 3333 435 3371 eornmune
455 3327 498 3373 est
522 3315 550 3372 it
577 3317 755 3375 exercitium.
801 3316 878 3389 Quia
900 3328 995 3373 autom
1016 3317 1170 3394 promissio
1191 3318 1240 3377 itta

149 3376 259 3464 (9²23,
274 3394 335 3464 15.)
357 3391 393 3448 de
413 3392 595 3451 conterendo
616 3392 741 3451 Satanae
762 3394 866 3470 capite,
887 3391 920 3449 arl
936 3391 1083 3450 Christum
1100 3406 1129 3451 et
1143 3396 1240 3454 omnia

152 3466 326 3549 erm-umbra
347 3468 544 3526 communiter
572 3469 715 3548 pertinet,
746 3468 813 3526 irlro
846 3488 922 3547 nego
943 3468 1018 3526 sinci
1046 3491 1170 3547 unquam
1192 3471 1239 3530 vel

152 3542 286 3619 0111111111
308 3564 346 3601 eo
368 3542 468 3602 fideles
488 3565 580 3622 posse.
613 3545 849 3603 Consterumrtur
869 3543 986 3620 quidem
999 3566 1095 3624 saepe,
1116 3546 1239 3605 sednon

77 3632 81 3639 ·
151 3620 427 3697 fleumtuturqninse
439 3621 626 3699 recolligant:
639 3620 941 3679 cotrcirluntviolentia
955 3621 1128 3693 ictuum,setl
1138 3636 1240 3700 postea

148 3698 280 3769 ‘ftgtttlurz
303 3696 503 3767 vulnerantur,
520 3698 570 3755 sed
591 3720 649 3755 non
668 3695 809 3754 letaliter:
828 3696 1004 3773 deniquesic
1021 3697 1155 3756 laborant
1174 3711 1237 3758 toto

145 3772 204 3817 11111·
212 3769 355 3843 curriculo,
369 3772 442 3830 utin
454 3773 510 3829 line
523 3775 672 3832 victoriam
685 3773 851 3832 obtineant:
864 3774 942 3849 quod
957 3785 1050 3832 tamen
1065 3776 1098 3831 ad
1109 3774 1240 3854 singulos

77 3854 82 3927 ,-
142 3848 206 3897 aetus
216 3862 265 3929 uon
277 3848 433 3926 restringo.
463 3849 576 3907 Scimus
594 3854 682 3923 enim,
696 3850 766 3908 iusta
778 3850 834 3906 llri
847 3850 970 3909 vindicta
979 3852 1104 3907 Satanae
1117 3852 1240 3929 permis-

77 3930 82 3997 1
140 3916 273 4005 ramlense
286 3924 322 3981 acl
342 3938 457 4003 tenipus
469 3927 619 3998 Davidem,
641 3941 672 3985 ut
692 3927 752 3983 eius
773 3926 893 4002 impulsu
916 3926 1054 4005 populum
1075 3939 1241 3985 numeraret

77 4002 83 4051 Γ
141 3987 373 4083 lll.baur.·2.t,1.):
388 4022 442 4057 nec
453 4002 556 4061 frustra
570 4024 650 4080 spem
663 4003 764 4059 reniae
776 4002 1025 4081 relinquitl'aulus
1039 4004 1136 4073 etiaur,
1154 4004 1177 4061 si
1190 4003 1240 4080 qui

77 4086 79 4103 ¹
142 4064 229 4129 debeb
245 4075 352 4155 laqueis
371 4076 475 4135 irretiti
489 4078 664 4157 iueriut(ll.
678 4080 704 4137 T
708 4081 871 4154 lusurus).
897 4079 969 4137 ldco
990 4077 1059 4135 alibi
1080 4079 1240 4138 ideurPau·

148 4182 605 4207 Nu———ae———a—...m-
616 4200 807 4208 ...-.....-...-
824 4201 920 4207 -.....
937 4199 997 4206 ..-.
1016 4198 1238 4208 ----——-...,

193 4248 217 4315 ¹)
232 4252 282 4305 loh.
301 4254 367 4313 1,6.
387 4268 411 4305 et
429 4254 453 4313 ⁸2,
472 4254 495 4305 1.
531 4260 568 4311 rlc
586 4257 720 4328 deinceps:
737 4256 759 4312 l.
777 4256 837 4322 lieg.
854 4258 897 4319 2¹2,
914 4256 956 4308 Ἦ).
991 4252 1010 4304 l.
1027 4253 1096 4307 Sans.
1113 4257 1155 4318 16,
1173 4258 1205 4313 1-1
1217 4276 1241 4314 et

142 4311 218 4376 1⁸11st
247 4320 277 4375 ll.
295 4321 386 4376 Thess.
401 4322 428 4385 ⁸1,
443 4324 467 4377 9.
483 4327 523 4379 11.
