2700 4732
453 216 575 279 mut
612 216 703 281 cte.
721 216 807 277 xus
1015 180 1018 185 ’
1165 224 1202 285 st

89 384 205 423 mus
227 360 420 423 Trinitmersr
441 362 545 423 dixeris
563 384 624 423 rino
643 362 736 424 verbo
778 361 839 423 nod
853 360 1022 443 Scriptum
1043 361 1206 443 loquuntur

89 442 239 501 ·.inanem
268 440 475 518 loquacitatem
501 441 716 519 compresseris.
793 458 863 497 orro
890 440 914 498 si
939 452 1097 519 questam
1122 441 1206 501 anxia

89 518 244 597 instringit
264 516 447 595 superstitio,
472 529 507 576 ut
531 516 602 576 baec
622 517 741 577 nomina
761 536 822 575 non
844 515 955 576 lerant:
986 536 1075 575 nemo
1105 528 1205 576 tamen

89 616 131 665 m,
149 594 197 654 rel
218 596 243 653 si
265 606 430 671 rumpatur,
454 593 575 653 inficiari
594 594 717 672 poterit,
745 613 835 672 quum
856 613 947 651 unum
967 592 1138 667 audirimus,
1158 594 1204 654 in-

89 670 258 751 tlligendaus
280 688 345 729 esse
365 670 544 729 substantiae
564 674 721 729 unitatem:
734 691 837 749 ·quum
864 680 923 729 tres
943 668 1076 731 audimus
1093 669 1125 728 in
1145 689 1204 730 arna

89 748 203 819 ssentia,
220 766 367 826 personas
385 748 484 807 notari
503 746 533 804 in
553 745 608 807 bac
627 746 784 805 Trinitate.
829 746 901 819 Quo
921 766 983 805 non
1003 746 1207 807 fraudulenter

89 822 220 897 culmo,
238 822 331 882 rerba
351 822 426 881 nibil
445 843 602 881 moramur.
642 823 701 882 Sed
723 834 856 901 expertus
876 823 990 900 pridem
1009 844 1074 882 sum
1093 835 1124 883 et
1138 824 1205 902 qui-

90 920 135 959 em
154 902 280 979 saepius,
309 899 481 991 quicunque
500 900 537 957 de
554 899 651 960 verbis
671 899 847 979 pertinacius
867 898 993 979 litigant,
1025 898 1130 959 lorero
1152 919 1205 961 oe-

89 974 178 1034 ultun
197 976 294 1035 sirus:
315 988 350 1035 ut
368 996 460 1057 uragrs
481 974 613 1055 expediat
632 996 684 1037 eos
703 975 783 1036 ultro
802 996 976 1056 provocare,
996 997 1082 1055 quam
1099 976 1131 1035 in
1150 994 1206 1037 eo-

89 1072 131 1110 am
148 1054 274 1133 gratiam
295 1050 449 1113 obscurius
469 1052 560 1130 loqui.

102 1168 105 1173 -
140 1134 169 1191 s
208 1128 371 1189 Caeterum
391 1129 497 1189 omissa
516 1129 553 1188 de
571 1128 696 1189 vocibus
716 1126 931 1209 disputatione,
957 1129 1013 1189 iarn
1034 1128 1072 1189 de
1090 1150 1125 1189 re
1143 1127 1205 1211 ipsa

90 1204 163 1263 icere
182 1204 351 1285 aggrediar.
389 1204 551 1264 Personam
575 1205 665 1288 igitur
693 1224 770 1265 roco
794 1205 1012 1265 subsistentiam
1033 1205 1063 1265 ln
1082 1206 1141 1266 Dei
1161 1226 1207 1267 es·

89 1282 167 1351 entia,
187 1300 264 1359 quae
284 1282 319 1340 ad
340 1281 416 1341 alins
435 1280 536 1355 relata,
559 1304 615 1361 pro
638 1281 742 1341 rietate
761 1281 1032 1341 incommunicabili
1051 1282 1207 1365 distingui·

89 1378 124 1415 ur.
160 1357 379 1417 subsistentiae
404 1358 525 1417 nomine
550 1304 635 1418 aliud
654 1358 788 1449 quiddam
809 1357 935 1441 intelligi
954 1358 1088 1419 volumus
1116 1380 1205 1439 quant

89 1438 231 1493 scentiam.
272 1433 306 1491 Si
327 1433 406 1494 enirn
426 1436 532 1493 Sermo
551 1434 722 1515 simpliciter
741 1446 817 1493 esset
835 1434 928 1509 Deus,
947 1436 1061 1495 interea
1078 1456 1139 1496 non
1153 1438 1205 1497 ba-

89 1522 153 1569 teret
172 1509 285 1590 aliquid
327 1510 469 1590 rnprium,
498 1531 649 1591 perperam
682 1512 799 1571 dixisset
828 1510 956 1573 loannes
980 1512 1069 1572 luisse
1088 1533 1207 1593 semper

89 1586 144 1663 tpud
156 1586 267 1645 Deum.
334 1586 364 1646 bi
379 1588 522 1659 continuo
542 1601 610 1667 post
629 1589 723 1662 addit,
741 1588 839 1647 Deum
859 1609 979 1669 quoque
999 1589 1088 1649 luisse
1110 1589 1207 1671 ipsum

89 1658 261 1740 Sermonem,
292 1663 330 1723 ad
360 1664 476 1723 unicam
501 1666 652 1725 essentiam
684 1685 740 1723 nos
768 1677 897 1725 revocat.
955 1666 1016 1725 Sed
1044 1666 1112 1745 quia
1128 1666 1211 1747 apud·

89 1736 163 1798 dnm
182 1758 248 1799 esse
268 1761 332 1800 non
353 1740 450 1819 potuit
468 1743 538 1819 quin
559 1743 702 1801 resideret
720 1743 750 1800 in
771 1741 877 1817 Patre,
910 1741 979 1801 lrinc
1004 1742 1131 1823 emergit
1156 1742 1206 1803 illa

89 1814 265 1891 absistentia,
299 1836 376 1897 quae
396 1818 451 1877 etsi
470 1817 621 1878 individuo
642 1839 717 1877 nexu
737 1839 803 1876 curn
823 1820 948 1877 essentia
974 1820 1132 1879 coniuncta
1152 1829 1207 1895 est,

89 1904 240 1973 repsisse
258 1894 406 1973 separari,
423 1894 579 1973 specialem
597 1908 696 1955 tarnen
729 1893 818 1953 habet
843 1906 955 1965 notam,
986 1914 1043 1972 qua
1072 1893 1110 1953 ab
1142 1895 1205 1975 ipsa

90 1964 273 2051 distinguatur.
311 1968 374 2029 lom
405 1990 439 2029 ex
470 1971 565 2030 tribus
593 1971 789 2032 subsistentiis
814 1990 1051 2048 unamquamque
1075 1971 1143 2031 dico
1168 1972 1207 2031 atl

90 2041 139 2105 alias
156 2044 280 2105 relatam
321 2048 481 2127 roprietate
501 2048 648 2130 distingui.
687 2046 803 2105 Relatio
828 2045 875 2105 bic
895 2048 1002 2107 diserte
1022 2048 1206 2128 exprimitur:

90 2121 138 2198 qaia
156 2122 206 2181 ubi
224 2124 303 2203 simp
317 2142 351 2182 ex
369 2124 402 2181 fit
420 2124 478 2184 Dei
497 2126 608 2184 mentio
629 2137 659 2185 et
678 2123 841 2191 indefinita,
861 2145 922 2184 non
942 2124 1085 2183 minusad
1097 2124 1205 2184 Filium

91 2198 260 2277 etSpiritum
282 2201 412 2277 pertinet
434 2222 543 2260 nomen
568 2201 626 2262 boc
651 2223 737 2281 quam
762 2199 798 2257 ed
825 2201 954 2260 Patrem.
993 2200 1087 2260 Simul
1107 2213 1204 2263 autem

92 2275 337 2351 atquel‘atereum
349 2275 428 2335 Filio
448 2277 611 2349 conlectus,
630 2300 681 2337 sua
702 2296 848 2355 quemque
868 2276 1033 2370 proprietas
1052 2277 1088 2337 ab
1109 2278 1204 2337 altero

93 2346 217 2411 discernit.
257 2353 366 2443 Tertio
388 2354 526 2489 quicquid
547 2355 668 2436 singulis
687 2353 840 2435 proprium
853 2366 908 2425 est,
928 2354 1206 2417 incommunicabile

93 2442 138 2485 tare
164 2448 278 2503 assero,
310 2452 378 2509 qma
402 2452 432 2488 tn

108 2502 206 2595 alequid
227 2506 264 2564 ad
285 2520 387 2567 noum
409 2507 591 2567 discretionis
610 2508 749 2567 tribuitur
768 2506 856 2567 Patri.
901 2510 947 2566 Ne
970 2526 1006 2565 ue
1035 2527 1107 2568 reru
1133 2509 1206 2568 mibi

108 2578 203 2659 isplrcet
222 2582 451 2643 Tertulliani
473 2585 605 2643 delinitio
621 2584 686 2663 [lib.
698 2596 801 2642 coutru
817 2530 980 2663 Praxeanih
1001 2584 1092 2644 modu
1106 2585 1206 2643 dextre

98 2669 215 2717 sumatur:
260 2679 352 2734 „esse
373 2661 516 2738 quandam
538 2662 566 2719 in
588 2663 653 2719 lleo
675 2662 900 2737 dispositionem
921 2662 966 2719 vcl
991 2663 1207 2737 oeconomiam,

102 2750 155 2807 qtae
172 2735 205 2793 de
225 2738 370 2795 essentiae
392 2739 503 2794 unitate
523 2738 593 2796 nibil
615 2746 736 2796 nrutet.“

153 2816 178 2873 i·
211 2812 386 2893 Priusquam
407 2825 503 2871 tamen
525 2814 641 2895 lougius
661 2817 830 2911 progediar,
849 2813 1003 2895 probanda
1023 2814 1078 2872 erit
1095 2826 1126 2874 et
1138 2816 1161 2873 F
1164 2816 1207 2874 ilii

103 2882 249 2962 tlSpititus
268 2890 365 2948 sancti
384 2890 490 2949 deltos:
520 2891 642 2964 deiude,
667 2903 700 2949 ut
727 2906 805 2953 ruter
823 2914 854 2953 se
874 2892 1015 2951 differant
1032 2890 1206 2951 videbimus.

103 2954 173 3045 (erte
189 2984 271 3041 quum
292 2966 351 3025 Dei
371 2965 491 3024 r'erbum
513 2967 598 3025 nobis
618 2972 796 3047 proponitur
821 2973 849 3028 in
869 2968 1032 3045 Scriptura,
1057 2967 1205 3029 absurdis-

104 3054 180 3120 tttrum
196 3042 282 3100 luerit
302 3043 456 3123 imaginari
476 3044 578 3101 fltrxarn
600 3045 739 3105 duntaxat
764 3059 794 3106 et
815 3045 966 3105 evanidam
987 3062 1109 3115 vocem,
1129 3067 1205 3123 quae

107 3120 218 3175 uatrrrr
238 3121 341 3178 emissa
361 3120 485 3199 prodeat
507 3133 585 3179 extra
605 3129 698 3200 ipsum
720 3125 831 3183 Deum:
852 3120 1015 3182 cuiusmodi
1036 3132 1066 3179 et
1088 3122 1207 3183 oracula

108 3182 209 3275 lusibus
226 3196 314 3267 edita,
334 3209 365 3255 et
388 3195 559 3274 prophetiae
579 3218 680 3255 omues
703 3199 834 3259 luerunt:
857 3220 946 3277 quum
963 3209 1102 3274 perpetua
1115 3200 1206 3280 magis

111 3264 222 3341 lutearia
242 3274 390 3331 indicetur
408 3273 484 3350 apud
505 3273 599 3332 lleunr
621 3276 767 3351 residens,
799 3277 877 3335 unde
898 3286 929 3331 ct
949 3272 1067 3332 oracula
1088 3287 1117 3332 et
1137 3296 1209 3355 pro-

112 3336 193 3411 }tlttiae
216 3368 319 3408 omnes
340 3350 524 3428 prodierunt.
563 3351 630 3407 Non
658 3353 734 3411 enim
760 3355 856 3411 suiuus
885 3356 979 3429 (teste
999 3350 1090 3408 Petro
1116 3350 1140 3409 l.
1162 3372 1207 3433 ep.

113 3420 132 3479 li
145 3423 190 3505 ll.)
209 3424 323 3503 loquuti
344 3438 413 3497 sunt
433 3426 545 3503 Spiritu
567 3426 677 3487 Christi
699 3442 812 3489 veteres
832 3426 1000 3507 l'ropbetae
1020 3448 1106 3504 quam
1126 3428 1211 3507 Apo-

113 3493 169 3563 sut,
180 3511 203 3557 et
214 3504 382 3580 quicunque
403 3515 504 3581 postea
516 3503 674 3563 coelestem
687 3507 850 3565 doctrinam
863 3502 1109 3563 administrarunt.
1131 3506 1210 3577 Quis

113 3582 165 3651 505⁰
184 3578 308 3637 nondum
336 3580 536 3637 manifestatus
562 3592 623 3638 erat
648 3583 792 3657 tjtntsrrs,
823 3600 942 3641 necesse
967 3591 1011 3637 cst
1035 3581 1211 3640 Sermonem

111 3646 240 3731 intelligere
260 3668 332 3714 arrte
351 3656 467 3715 saecula
487 3676 520 3713 ex
540 3658 627 3715 Patre
647 3664 788 3737 genitum.
848 3656 964 3731 Quodsi
985 3658 1136 3715 Sermonis
1158 3659 1214 3717 luit
1297 3705 1302 3713 .

111 3717 147 3779 rlle
161 3726 286 3807 Spiritus,
319 3734 401 3792 cuius
422 3753 531 3808 organo
554 3736 673 3793 luerunt
692 3736 872 3815 Pruplretae,
905 3733 1026 3791 indubie
1047 3731 1213 3813 colligimus

107 3814 181 3861 terum
197 3810 285 3869 luisse
306 3810 414 3867 Deum.
453 3814 552 3887 Atque
573 3812 628 3870 boe
649 3816 679 3870 in
700 3813 801 3871 muudi
822 3811 970 3871 creatione
987 3810 1054 3867 satis
1071 3809 1214 3869 claredu-

104 3890 139 3935 eet
153 3880 251 3956 dloses,
276 3886 454 3945 Sermonem
476 3887 556 3945 illurn
578 3887 784 3949 intermedium
805 3902 942 3947 statuens.
985 3887 1047 3944 (Jur
1068 3886 1145 3943 enirn
1167 3886 1212 3943 di-

101 3968 277 4041 ftrlcnarrat.
299 3962 398 4021 Deum
419 3964 540 4040 siugulis
560 3966 700 4043 uperilrus
722 3966 853 4025 creandis
875 3965 988 4034 elisisse,
1008 3962 1073 4021 Fiat
1093 3962 1150 4022 ltoc
1168 3964 1215 4021 vel

99 4028 166 4107 tlsud,
183 4040 237 4096 nisi
259 4052 292 4098 ut
314 4041 352 4097 im
376 4042 587 4121 errestigabilis
608 4043 665 4100 llei
684 4043 779 4123 gloria
800 4044 829 4100 in
851 4042 979 4122 imagine
998 4060 1047 4097 sua
1068 4038 1216 4098 reluceat?

94 4105 192 4197 llasutis
211 4128 242 4174 et
262 4062 388 4197 garrulis
409 4116 465 4174 buc
485 4118 604 4177 eludere
626 4132 795 4199 promptum
817 4130 903 4189 esset,
922 4134 1026 4173 rueem
1047 4117 1141 4197 accipi
1159 4136 1215 4195 pro

91 4208 155 4246 rrrssu
175 4204 204 4251 et
223 4195 367 4272 imperio:
400 4194 450 4251 scd
472 4194 608 4256 meliores
628 4202 807 4275 interpretes
827 4193 969 4275 Apostoli
990 4190 1088 4269 (lleb.
1109 4200 1137 4266 1,
1155 4194 1218 4270 2.),

93 4266 135 4341 qui
154 4272 270 4329 trasluut
291 4291 345 4349 per
365 4269 473 4329 Filium
494 4275 607 4332 saecula
629 4294 689 4333 esse
711 4273 841 4341 condita,
862 4284 891 4329 ct
912 4281 1030 4348 portare
1043 4270 1142 4327 omnia
1163 4288 1218 4347 pu·

91 4346 157 4403 tenti
175 4368 227 4405 suo
248 4348 352 4407 serbo.
405 4348 462 4407 llic
487 4351 565 4409 enirn
589 4350 724 4411 ridemus
747 4350 871 4408 verbum
896 4368 951 4427 pro
972 4356 1048 4404 nutu
1071 4345 1117 4405 vel
1135 4364 1218 4405 rnen.

476 2431 566 2489 'ilium
587 2444 757 2509 competere
776 2429 821 2488 vel
843 2430 994 2489 transferri
1014 2450 1076 2489 nou
1096 2444 1208 2511 potest,
