2596 4726
460 188 936 288 mmmm·
1169 226 1211 289 u

68 366 198 449 speciosi
217 367 371 429 dubitandi
390 368 524 445 colores,
555 370 606 463 qui
630 390 686 430 nos
710 379 860 429 excusent.
910 365 1117 448 Quaecunque
1135 386 1209 448 ergo

69 445 175 526 passim
196 457 358 506 occurrunt
376 446 406 505 in
427 446 587 525 Scripturu
614 445 799 522 testimonia,
826 445 931 524 quibus
956 443 1044 505 nobis
1064 445 1161 523 praeci
1184 445 1210 504 i·

68 535 118 581 tur
137 522 196 581 Dei
220 522 385 597 invocatio,
413 524 538 583 totidem
570 536 641 583 autc
671 523 773 583 oculos
795 534 912 583 nostros
942 521 1073 604 figuntur
1090 466 1209 597 vexilla,

92 620 146 658 uae
167 598 253 659 nobis
279 599 412 659 fiduciam
438 601 593 680 inspirent.
643 601 830 659 Temeritatis
857 610 933 658 esset
959 617 1153 677 prorumpere
1178 598 1209 659 in

68 622 126 735 bei
148 687 357 755 conspectum,
383 677 437 735 nisi
459 678 520 757 ipse
540 688 738 736 anteverteret
757 698 811 736 nos
832 676 992 744 vocando!
1013 681 1053 733 ita
1078 695 1114 733 ue
1133 674 1210 735 viam

70 752 157 812 nobis
176 774 228 812 sua
248 773 319 813 voce
340 754 477 831 patefacit
488 754 591 830 (Zach.
604 761 652 828 13,
663 757 724 831 9.);
746 752 870 826 „Dicam
891 751 957 826 illis,
975 696 1107 830 Populus
1127 770 1210 811 meus

68 850 135 890 vos:
169 830 269 890 dicent
288 830 374 902 mihi,
400 828 448 890 Tu
468 830 700 890 Dens.noster.“
742 829 889 889 Videmus
919 839 951 887 ut
981 828 1109 888 cultores
1141 848 1210 893 suos

70 907 256 985 praeveniat,
274 905 405 985 velitque
424 907 573 985 subsequi,
585 907 721 985 ideoque
741 906 900 965 timendum
921 902 984 964 non
1005 915 1079 982 esse,
1099 924 1138 963 ne
1159 925 1211 983 pa·

68 1005 133 1042 rum
151 983 246 1041 ausvis
265 983 303 1042 sit
323 983 394 1043 baec
413 984 539 1043 melodia
559 1004 647 1063 quam
666 984 728 1063 ipsc
750 983 849 1043 dictat.
901 981 1020 1063 Insigne
1039 983 1211 1060 praesertim

69 1058 142 1118 illud
163 1059 220 1118 Dei
241 1057 368 1140 elogium
390 1060 477 1120 nobis
496 1061 526 1118 iu
549 1071 675 1120 mentem
696 1059 812 1131 veniat,
843 1078 904 1137 quo
934 1057 1002 1117 lreti
1032 1058 1133 1118 omnia
1154 1058 1211 1119 ob-

69 1135 180 1196 stacula
201 1134 284 1195 nullo
305 1135 429 1217 negotio
449 1136 652 1216 superabimus
671 1136 762 1216 (Psal.
782 1142 831 1210 65,
849 1137 907 1211 3.):
927 1133 1000 1211 „Tu
1020 1134 1102 1194 Deus
1123 1154 1211 1195 exau·

71 1212 154 1272 diens
175 1214 393 1293 precationem:
420 1213 455 1272 ad
476 1223 506 1272 te
527 1234 619 1292 usque
640 1212 733 1272 omnis
754 1233 823 1273 caro
844 1213 977 1273 veniet.“
1023 1211 1105 1287 Quid
1130 1212 1209 1285 enirq

70 1289 163 1371 magis
183 1288 309 1349 amabile
327 1289 372 1348 vel
391 1287 542 1365 blandum,
562 1311 647 1381 quam
659 1289 757 1349 Deum
779 1287 834 1349 boc
854 1288 942 1380 lll⁰l⁰
962 1287 1055 1363 indui,
1075 1288 1125 1368 qui
1145 1309 1211 1349 cer-

10 1368 15 1417 ἰ
70 1366 164 1427 tiores
186 1385 239 1425 rros
260 1367 378 1438 reddat,
404 1365 475 1425 nihil
495 1388 540 1425 ma
565 1388 588 1425 rs
614 1386 676 1427 esse
705 1377 827 1426 naturae
857 1370 931 1426 erus'
950 1367 1102 1446 proprium
1124 1387 1212 1445 quam

68 1442 234 1523 supplicum
256 1443 331 1503 rotis
356 1441 505 1503 annuere?
543 1385 623 1502 ilinc
653 1442 769 1503 ianuam
798 1453 900 1521 patere
925 1442 1040 1524 colligit
1058 1442 1212 1523 Propheta

68 1541 132 1581 non
159 1519 273 1599 paucis,
303 1519 355 1579 sed
380 1519 492 1579 cunctis
517 1518 705 1583 mortalibus:
738 1519 808 1599 quia
827 1519 916 1579 etiaru
935 1539 1039 1580 omnes
1064 1518 1117 1580 bac
1137 1538 1212 1580 voce

68 1594 232 1677 compellat
251 1595 342 1670 (Psal.
362 1602 409 1670 50,
429 1598 510 1674 tto:
541 1598 673 1672 „invoca
697 1616 745 1655 me
769 1596 800 1655 in
821 1595 868 1654 die
892 1594 1076 1656 afflictionis:
1110 1614 1212 1655 eruam

68 1684 109 1748 te,
132 1687 163 1732 et
204 1671 361 1733 lorificabis
382 1678 459 1731 nre.“
499 1674 668 1734 Secundum
688 1670 908 1755 hancregulam
923 1671 1017 1731 David
1038 1672 1212 1751 promissio·

67 1770 139 1809 nem
159 1692 216 1810 sibi
236 1749 332 1808 datam
354 1748 472 1824 obiicit,
496 1762 529 1808 ut
549 1751 684 1809 obtineat
703 1749 783 1830 quod
810 1749 884 1829 petit
900 1747 966 1825 ¹(ll.
987 1748 1065 1808 Satn.
1085 1754 1115 1823 7,
1132 1750 1210 1823 27.)=

66 1826 141 1901 „Tu
161 1827 243 1886 Deus
264 1824 400 1884 revelasti
421 1825 450 1884 iu
476 1847 575 1887 aurem
600 1827 675 1887 servi
700 1827 755 1885 tul:
785 1837 948 1906 propterea
975 1825 1088 1885 invenit
1111 1845 1211 1886 servus

68 1914 139 1962 tuus
159 1924 214 1964 cor
230 1924 330 1977 suum,
350 1913 383 1961 ut
403 1910 533 1962 oraret.“
573 1903 661 1962 Unde
680 1901 845 1984 colligimus
865 1900 1001 1982 pavidum
1021 1901 1125 1976 fuisse,
1156 1901 1212 1962 nlsi

66 1980 216 2058 quate'nru
236 2000 303 2038 cum
325 1979 478 2058 promissio
501 1991 641 2039 erexerat.
693 1979 742 2040 Sic
774 1979 842 2038 alibi
867 1979 999 2059 generali
1024 1978 1159 2040 doctrina
1178 1997 1212 2038 ae

66 2056 193 2116 instruit
211 2055 302 2127 (Psal.
323 2057 491 2133 145,19.):
518 2056 729 2131 „Voluntatem
750 2056 916 2115 timentium
936 2054 1106 2129 setaciect‘
1143 2056 1210 2117 Iuro

64 2131 141 2193 baec
163 2134 193 2191 in
213 2131 333 2192 Psalmis
353 2133 583 2193 animadvertere
603 2132 682 2205 licet,
702 2133 782 2212 quasi
803 2131 931 2210 abrupto
947 2131 1053 2192 orandi
1071 2143 1212 2201 contextu
1254 2156 1263 2179 x

64 2211 226 2270 transitum
246 2208 309 2268 fieri
331 2231 409 2269 nunc
430 2211 465 2269 ad
485 2209 543 2268 Dei
583 2211 740 2283 otentiam,
771 2230 848 2269 nunc
869 2209 903 2267 ad
926 2208 1104 2286 bonitatem,
1130 2229 1210 2268 nuuc

65 2288 105 2345 ad
125 2287 214 2345 fidem
236 2286 473 2365 promissionum.
515 2231 616 2346 Vialeri
635 2297 736 2365 posset
755 2284 958 2364 intempestive
973 2286 1069 2346 David
1089 2297 1211 2346 senten·

10 2402 12 2407 ·
66 2365 123 2424 tias
144 2363 211 2427 illas
227 2363 376 2436 inserens,
425 2382 505 2422 reses
524 2362 640 2422 mutilas
660 2363 797 2422 reddere:
822 2362 873 2422 sed
899 2383 952 2420 usu
977 2374 1006 2421 et
1031 2362 1212 2443 experientia

10 2486 12 2493 ·
66 2451 255 2520 compertum
277 2385 512 2514 hahenthdeles,
533 2440 722 2521 languescere
741 2439 876 2498 ardorem
898 2437 952 2497 nisi
963 2440 1122 2498 adhibeant
1133 2459 1211 2500 nova
1270 2494 1272 2498 ,

67 2517 219 2578 fomenta:
240 2516 368 2595 ideoque
387 2516 506 2575 minime
527 2516 605 2575 inter
625 2516 803 2599 precandum
815 2535 993 2595 supervacua
1014 2530 1058 2576 est
1077 2529 1134 2576 tam
1156 2537 1211 2576 ne-

67 2606 155 2654 turae
174 2593 231 2652 Dei
251 2614 337 2672 quam
357 2591 442 2669 verbi
463 2594 623 2652 meditatio.
662 2594 761 2672 Atque
781 2595 820 2652 ita
841 2590 973 2671 exemplo
991 2592 1112 2654 Davidir
1132 2595 1211 2653 inse·

43 2690 138 2749 ‚rere
159 2690 198 2729 ne
219 2670 328 2751 pigeat,
349 2688 423 2749 quae
444 2669 597 2751 languidos
618 2672 731 2728 animos
752 2690 830 2728 novo
851 2668 877 2726 vi
900 2690 952 2728 ore
972 2670 1113 2729 reficiant.

147 2754 196 2813 14.
237 2750 280 2805 hc
301 2745 405 2804 mirum
427 2757 472 2805 est
492 2758 572 2806 tanta
598 2745 825 2825 promissionum
847 2688 1004 2804 dulcedine
1024 2745 1070 2804 eel
1091 2745 1210 2828 frigide,

66 2823 115 2886 rel
136 2823 222 2884 nullo
243 2822 305 2883 lere
325 2823 416 2881 modo
436 2843 491 2882 nos
511 2823 598 2896 allici,
618 2833 650 2880 ut
671 2841 723 2901 per
743 2820 826 2880 amba
850 2841 880 2880 es
890 2821 1024 2902 vagando
1046 2823 1125 2883 bona
1145 2843 1211 2902 pars

10 2936 12 2943 ·
64 2901 153 2961 malit
173 2899 276 2959 relicto
296 2919 436 2978 aquarum
446 2900 603 2960 viventium
618 2899 702 2957 sonte
720 2898 776 2958 sibi
797 2840 899 2958 fodere
915 2898 1008 2963 aridas
1021 2900 1212 2975 cisternas*),

68 2999 158 3058 quam
179 2977 238 3034 Dei
263 2974 466 3036 liberalitatem
493 2976 572 3036 ultro
598 2974 653 3035 sibi
680 2975 808 3034 oblatam
834 2974 978 3055 amplecti.
1028 2976 1109 3051 „llrx
1129 2976 1211 3036 iocr-

67 3051 240 3137 pugnabilis
260 3073 368 3111 nomen
389 3052 513 3112 Domini
539 3052 651 3132 (inquit
670 3051 823 3127 Salomo),
848 3052 884 3112 ad
910 3072 973 3111 eam
994 3052 1147 3134 confugiet
1165 3053 1212 3132 iu·

10 3180 12 3185 .
67 3144 142 3208 stus,
163 3142 192 3189 et
212 3129 406 3189 servabitur.“
446 3128 511 3188 Ioc'l
532 3150 619 3205 vero,
639 3140 792 3208 postquam
814 3130 851 3188 de
871 3128 1007 3188 horribili
1027 3151 1102 3210 quae
1122 3131 1212 3191 insta·

69 3208 122 3269 bat
146 3206 231 3269 clade
254 3206 427 3265 vaticinatus
454 3217 515 3278 est,
542 3205 760 3266 memorabilem
782 3204 860 3266 illam
881 3206 1056 3266 sententiam
1077 3206 1211 3268 subiicit:

67 3283 236 3363 „Quisquis
259 3282 444 3342 invocaverit
469 3303 577 3341 nomen
598 3282 736 3355 Domini,
761 3283 854 3343 salvus
875 3283 967 3344 crit:“
994 3304 1081 3363 quam
1105 3285 1234 3345 scimur'

69 3361 194 3443 proprie
218 3360 253 3419 ad
279 3380 394 3419 cursum
420 3359 572 3441 Evangelii
602 3371 744 3439 spectare.
794 3361 848 3418 Vix
880 3355 1055 3421 centesimus
1087 3363 1211 3441 quisque

67 3448 218 3508 movetur,
239 3448 271 3495 ut
290 3437 321 3493 in
342 3457 496 3495 occursum
517 3437 583 3496 Deo
605 3436 738 3517 prodeat.
779 3435 893 3496 Clamat
919 3436 981 3515 ipse
1001 3458 1055 3516 per
1075 3438 1211 3498 lesaiam:

67 3513 275 3591 „invocabitis
294 3533 351 3581 mc,
373 3524 403 3571 et
423 3513 569 3571 exaudiam
584 3535 644 3573 vos.
683 3513 749 3572 lmo
760 3526 914 3592 antequam
926 3513 1065 3588 clametis,
1086 3535 1211 3594 respon-

69 3592 151 3653 debo
171 3591 286 3651 robis.“
336 3590 403 3648 Hoc
424 3610 543 3668 quoque
568 3591 673 3649 eodem
700 3590 815 3649 honore
847 3588 917 3649 alibi
941 3602 1034 3649 totam
1060 3590 1211 3651 ecclesiam

19 3682 22 3687 '
67 3668 269 3730 communiter
293 3666 444 3748 dignatur:
475 3666 561 3726 sicuti
592 3667 627 3725 ad
645 3666 755 3726 ‘omnia
782 3665 891 3726 Christi
916 3667 1046 3726 mcmbrr
1072 3667 1211 3746 pertinet.

66 3744 242 3823 „Clamavit
261 3743 297 3802 ad
318 3764 364 3802 me
397 3743 545 3802 exaudiam
567 3763 647 3802 eum:
668 3763 733 3802 cum
753 3742 818 3823 ipso
831 3764 894 3802 surn
915 3745 944 3803 iu
959 3742 1159 3818 tribulatione,
1170 3754 1213 3804 ut

11 3838 24 3891 ξ
69 3821 193 3902 eripiam
215 3825 313 3879 eum.“
381 3839 456 3899 eque
476 3831 573 3878 tamen
593 3822 643 3896 (ut
663 3820 718 3879 iam
739 3819 811 3896 dixi)
831 3816 912 3879 locos
933 3840 1036 3889 omnes
1056 3839 1212 3880 numerare
1251 3858 1261 3875 t

14 3906 25 3963 t
68 3897 258 3979 propositum
279 3908 335 3955 est:
355 3897 406 3958 sed
428 3897 546 3956 eximios
567 3913 698 3975 quosque
711 3893 852 3976 deligere,
873 3914 906 3953 ex
926 3895 1031 3974 quibus
1051 3908 1211 3978 gustemus,

14 3962 26 4061 l
70 3998 158 4057 quam
181 3973 348 4034 humaniter
367 3973 403 4031 ad
424 3992 455 4032 se
476 3994 529 4031 nos
550 3972 631 4032 Deus
651 3971 773 4045 alliciat,
805 3983 834 4031 et
860 3992 946 4050 quam
976 3974 1063 4033 arctis
1086 3973 1211 4034 vinculis

14 4076 27 4197 q
69 4052 232 4113 constricta
252 4052 291 4110 sit
315 4060 414 4110 nostra
436 4049 634 4132 ingratitudo,
662 4048 711 4108 ubi
732 4049 810 4109 inter
830 4060 889 4109 tarn
908 4068 990 4108 acres
1009 4048 1142 4110 stimulos
1160 4050 1212 4111 ad·

73 4211 85 4218 ο
96 4208 355 4226 ..o—anans-——mn
365 4211 390 4217 -,
407 4213 411 4216 .
442 4209 487 4216 ψ..
497 4210 521 4216 .-
543 4206 845 4217 .-υ-...ι--ω--σ-ι
1041 4209 1174 4217 --.-
1182 4212 1208 4219 -.,

14 4234 30 4371 i
139 4258 399 4370 *fler-2:18.-
433 4299 640 4366 Prov.1t,1(t
673 4300 843 4367 tacebat
886 4298 995 4367 tmffi,
1015 4301 1109 4356 24-
1142 4282 1210 4356 Pht.

65 4365 115 4433 91,
131 4368 172 4424 lb·
206 4367 274 4423 lbid.
292 4368 351 4435 145,
368 4368 408 4425 18·
893 4396 897 4405 ·
