2700 4732
510 193 588 259 ΜΒ.
607 196 661 256 tv.
701 194 791 259 cst.
809 194 863 257 tx.
1194 201 1251 264 ³11

111 341 188 400 tales
204 351 373 419 nequeunt,
394 341 465 419 quin
485 338 536 399 fiat
554 351 585 399 et
608 338 728 409 Christo
749 351 780 400 et
795 359 882 400 sacro
902 338 964 400 eiua
983 336 1251 403 institutoiniuria.

110 415 153 476 Et
173 417 231 476 hnc
250 415 380 495 postulat
399 417 486 490 ratio,
504 427 539 476 ut
558 417 609 508 qui
628 416 780 477 eeclesiam
795 414 1009 478 offenditmalo
1026 415 1171 496 exemplo,
1188 415 1250 477 sol·

111 493 196 553 lenni
217 494 419 571 poenitentiae
440 494 639 554 declaratione
658 493 883 566 offendiculum,
902 492 981 572 quod
993 493 1134 567 excitavit,
1153 491 1249 554 tollat.

110 569 220 639 Ratio,
242 591 327 648 quam
348 571 496 630 adducunt
522 569 565 629 illi
591 572 642 648 qui
667 582 771 630 contra
791 569 938 642 sentiunt,
969 570 1052 629 nimis
1074 581 1117 629 est
1136 569 1250 650 lrigida.

107 647 282 718 Mandabat,
301 647 452 726 inquiunt,
473 647 606 708 Christus
628 646 677 706 bus
718 657 795 706 artes
814 643 962 720 eeclesiae,
983 667 1072 725 quum
1093 667 1153 706 non
1175 657 1251 706 esset

109 724 294 802 magistratus
314 726 363 803 qui
384 735 601 802 exsequeretur.
639 668 831 783 &Concidit
855 743 1067 803 saepenumero
1087 734 1120 782 ut
1139 724 1176 784 sit
1195 742 1250 782 ne·

110 799 277 881 gligentior
295 800 494 881 magistratus:
525 799 585 858 imo
612 821 823 891 nonnunquam
851 798 929 858 sorte
949 811 981 858 ut
1000 799 1039 859 sit
1057 798 1181 880 ipsemet
1201 820 1249 859 ea-

107 877 274 958 stigandus:
295 876 377 956 quod
396 887 426 936 et
446 877 618 937 Theodosio
632 877 750 937 Caesari
770 875 905 957 contigit.
945 875 1064 937 Adhaee
1078 875 1249 936 tantundem

110 952 171 1013 dici
213 953 304 1013 otcrit
325 952 361 1012 de
382 964 448 1014 toto
466 952 530 1013 fere
549 955 633 1013 verbi
657 952 829 1013 ministerio.
873 952 1057 1034 Nuusergo
1088 951 1250 1012 seeundum

110 1049 165 1090 eos
185 973 319 1090 desinant
337 1029 555 1110 reprehendere
575 1029 712 1090 Pastores
731 1029 881 1089 manifesta
901 1028 1025 1110 flagitia:
1046 1029 1181 1090 desinant
1192 1027 1249 1088 ob-

112 1107 247 1187 iurgare,
277 1126 416 1187 arguere,
447 1107 609 1185 increpare.
659 1106 736 1166 Sunt
763 1107 843 1165 enirn
870 1104 1029 1167 Christiani
1054 1105 1248 1186 magistratus,

111 1185 163 1262 qui
184 1183 297 1263 legibus
319 1194 349 1242 et
366 1182 465 1264 gladio
486 1184 597 1243 debent
622 1183 694 1243 haee
723 1182 882 1264 corrigere.
933 1182 973 1242 ht
1002 1182 1250 1263 quemadmodum

109 1259 312 1340 magistratus,
338 1260 506 1339 puniendo,
532 1273 562 1320 et
581 1282 668 1321 manu
689 1261 868 1333 coercendo,
897 1278 1023 1396 purgare
1044 1258 1134 1321 debet
1153 1257 1249 1319 eecle-

108 1337 183 1396 siam
204 1335 405 1396 offendiculis:
434 1338 474 1398 ita
501 1338 583 1397 verbi
607 1337 740 1398 minister
762 1335 885 1396 vicissim
905 1335 958 1398 sub
973 1356 1057 1396 evare
1078 1334 1167 1395 debet
1186 1355 1249 1395 rna·

109 1413 275 1494 gistratum,
297 1434 334 1472 ne
353 1425 412 1473 tam
432 1413 516 1473 multi
532 1427 672 1492 peccent.
712 1413 761 1473 Sic
782 1414 957 1474 coniunctae
978 1413 1248 1492 debentesseope-

109 1509 173 1562 rae,
192 1502 225 1548 ut
245 1489 335 1548 altera
355 1491 393 1550 sit
411 1492 581 1550 adiumento
601 1490 697 1564 alteri,
717 1511 778 1550 non
799 1490 1018 1570 impedimento.

189 1573 218 1628 d.
256 1567 296 1625 Et
323 1588 393 1625 sane
423 1568 447 1627 si
478 1570 541 1647 quis
572 1569 691 1647 propius
721 1565 865 1659 expendat
890 1566 1001 1627 Christi
1026 1563 1130 1641 verba,
1162 1561 1249 1624 lacile

108 1642 269 1724 perspiciet
287 1655 393 1702 statum
415 1656 445 1703 et
485 1657 637 1724 erpetuum
659 1644 799 1704 ecclesiae
825 1644 977 1717 ordinem,
1008 1641 1250 1721 non“tempora·

108 1722 187 1779 rium
208 1718 266 1780 illie
287 1720 422 1781 describi.
460 1666 567 1801 beque
592 1723 669 1780 enirn
694 1732 924 1781 consentaneum
944 1731 1004 1794 est,
1032 1730 1063 1778 nt
1083 1716 1249 1798 quimoni-

109 1797 241 1857 tionibus
261 1798 367 1857 nostris
388 1796 593 1878 obtemperare
615 1797 774 1872 noluerint,
794 1818 845 1857 eos
865 1797 901 1857 ad
921 1792 1249 1891 magistratumdelcra·

110 1895 193 1933 mus:
215 1875 294 1951 quod
315 1886 412 1933 tamen
433 1895 552 1933 necesse
573 1874 652 1934 soret
669 1874 693 1934 si
714 1874 744 1933 in
763 1874 858 1935 vicem
879 1872 1019 1947 ecclesiae
1037 1871 1090 1932 ille
1107 1869 1249 1931 succede·
1307 1880 1318 1903 ⁸

109 1963 167 2013 ret.
207 1950 290 2025 Quid
310 1950 365 2011 ista
385 1951 555 2032 promissio,
581 1972 618 2011 an
638 1950 725 2011 unius
745 1951 813 2010 anni
836 1950 960 2015 dicenda
980 1949 1052 2023 erit,
1070 1947 1116 2010 rel
1136 1967 1247 2028 pauco-

110 2049 192 2088 rum:
212 2028 328 2100 „Amen
349 2046 435 2087 amen
448 2026 616 2102 dicbvobis,
636 2027 774 2118 quiequid
793 2026 952 2109 ligaveritis
962 2029 1002 2088 in
1014 2025 1133 2087 terra'l“¹
1157 2024 1248 2085 Prae·

109 2117 193 2165 terea
207 2105 342 2165 Christus
363 2104 434 2163 nibil
455 2104 503 2165 hic
523 2125 630 2164 novum
651 2105 790 2164 instituit:
810 2105 861 2164 sed
881 2103 1123 2165 consuetudinem
1144 2100 1174 2160 in
1193 2119 1249 2160 re-

109 2181 168 2242 te'ri
209 2182 283 2242 entis
308 2202 377 2241 suae
403 2181 523 2242 ecclesia
551 2201 668 2262 semper
691 2180 893 2254 observatam,
921 2193 1061 2261 sequutus
1091 2188 1151 2239 est:
1186 2195 1246 2257 quo

109 2202 283 2341 signiicavit
313 2280 374 2318 non
395 2278 480 2338 posse
500 2278 599 2317 carere
620 2257 772 2319 ecclesiam
784 2257 927 2337 spirituali
941 2255 1152 2329 iurisdictione,
1171 2271 1247 2334 quae

111 2338 149 2395 ab
170 2336 254 2396 initio
276 2302 383 2395 inisset.
423 2335 522 2413 Atque
548 2335 575 2393 id
597 2336 726 2394 omnium
747 2346 914 2413 temporum
935 2354 1079 2395 consensu
1101 2330 1156 2390 luit
1173 2352 1247 2391 con·

110 2415 267 2473 firmatum.
317 2414 421 2492 Neque
442 2414 520 2470 enirn
540 2411 591 2471 ubi
611 2423 775 2491 coeperunt
800 2412 991 2490 imperatores
1011 2422 1042 2471 et
1060 2409 1246 2488 magistratus

111 2490 233 2553 Christo
261 2509 370 2548 nomen
396 2489 480 2560 dare,
507 2488 643 2567 protinus
667 2488 809 2568 abrogata
830 2500 873 2548 est
892 2484 1246 2566 spiritualisiurisdittio:

108 2566 161 2628 sed
182 2569 222 2626 ita
243 2565 380 2624 duntaxat
392 2566 537 2638 ordinata,
558 2585 595 2624 ne
616 2564 685 2643 quid
706 2565 785 2625 cirili
801 2566 967 2645 derogaret,
986 2576 1113 2624 anteum
1128 2580 1248 2621 eaenu-

110 2644 294 2703 lunderetur.
334 2643 372 2701 Et
392 2642 511 2714 merito,
531 2663 592 2700 non
613 2643 690 2700 enim
711 2643 905 2723 magistratus,
924 2642 946 2702 si
967 2642 1030 2722 pius
1047 2651 1100 2712 est,
1121 2638 1247 2720 eximere

99 2741 142 2780 se
163 2720 242 2779 volet
262 2718 411 2778 communi
432 2718 558 2777 liliorum
580 2719 636 2777 Dei
661 2719 860 2792 subiectione,
893 2719 974 2777 cuius
1003 2737 1064 2775 non
1098 2725 1247 2795 postrema

110 2818 178 2876 pars
206 2808 264 2870 est,
298 2794 436 2854 ecelesiae
463 2788 612 2853 er'verbo
638 2794 695 2853 Dei
720 2795 859 2854 iudicanti
883 2815 915 2853 se
939 2794 1100 2853 subiicere:
1131 2796 1246 2878 tantum

110 2874 196 2932 abest
216 2885 247 2931 ut
268 2871 403 2930 iudicium
424 2871 495 2931 illud
516 2870 623 2930 tollere
642 2871 756 2931 debeat.
780 2870 884 2944 „Quid
905 2870 982 2929 enim
1003 2869 1248 2928 honorificentius

109 2950 244 3028 ,‚(inquit
263 2945 480 3008 Ambrosius
502 2967 547 3026 ep.
566 2954 613 3011 32.
634 2947 670 3007 ad
690 2947 834 3025 Valent),
855 2968 940 3025 quarn
961 2957 994 3006 ut
1014 2944 1152 3007 ecclesiae
1173 2942 1247 3001 ilius

109 3022 437 3103 „dicatuilmperatori
456 3025 709 3103 Imperatorenim
731 3023 836 3096 bonus,
856 3025 934 3083 intra
946 3021 1109 3095 ecelesiam,
1128 3039 1248 3083 nonsu-

107 3126 186 3183 „per
197 3103 347 3164 ecclesiam
368 3108 441 3163 cst.“
481 3102 582 3176 Quare
602 3101 646 3160 illi
671 3101 720 3181 qui
743 3114 775 3161 ut
795 3102 993 3179 magistratum
1013 3110 1132 3173 ornent,
1152 3093 1248 3155 ecele-

107 3183 179 3243 siam
200 3181 328 3260 spoliant
349 3180 401 3239 bac
421 3190 582 3260 potestate,
612 3199 674 3238 non
701 3179 789 3239 modo
818 3179 887 3238 falsa
906 3175 1152 3256 interpretatione
1182 3192 1249 3232 tor·

109 3270 251 3338 rumpunt
282 3257 391 3316 Christi
416 3255 607 3327 sententiam,
638 3256 688 3315 sed
718 3267 834 3315 sanctos
860 3274 962 3314 omnes
995 3254 1165 3332 episcopos,
1196 3248 1247 3327 qui

106 3347 167 3393 tam
188 3333 271 3394 multi
291 3355 306 3392 a
326 3344 461 3412 tempore
475 3333 689 3411 Apostolorum
707 3333 888 3404 exstiterunt,
908 3351 970 3389 non
986 3329 1088 3389 leviter
1099 3330 1250 3399 damnant,

110 3411 191 3499 quod
212 3411 355 3470 honorem
377 3410 566 3488 officiumque
585 3409 770 3490 magistratus
789 3409 861 3469 laiso
880 3418 1031 3488 praetextu
1049 3407 1106 3468 sibi
1126 3424 1247 3483 usurpa·

108 3497 214 3547 verrnt.
782 3510 785 3517 ·
961 3516 963 3521 ·

188 3571 217 3626 5.
259 3561 318 3619 Sed
338 3561 395 3622 hoe
416 3583 534 3642 quoque
556 3562 720 3623 exadverso
735 3560 980 3643 operaepretium
997 3571 1040 3620 est
1053 3558 1162 3630 ridere,
1205 3555 1247 3621 uis

111 3640 202 3698 suerit
222 3637 292 3697 olim
313 3659 397 3699 verus
417 3661 483 3698 usus
505 3638 712 3700 ecclesiasticae
732 3639 958 3711 iurisdictionis,
982 3649 1013 3696 et
1032 3646 1156 3714 quantus
1177 3654 1193 3693 a
1215 3654 1249 3691 u·

111 3738 159 3776 sus
181 3714 362 3792 obrepserit:
393 3727 425 3774 ut
444 3716 566 3775 sciamus
585 3716 654 3795 quid
676 3715 877 3798 abrogandum
898 3715 953 3786 sit,
979 3711 1098 3790 etquid
1120 3729 1153 3769 ex
1172 3712 1248 3769 anti-

134 3792 223 3849 uitate
246 3790 473 3865 restituendum,
492 3792 515 3851 si
535 3791 682 3866 volumus,
704 3813 805 3852 everso
826 3812 919 3884 regnu
939 3789 1128 3862 Antichristi,
1147 3805 1249 3845 verum
1300 3830 1304 3837 .

111 3815 223 3929 Christi
245 3887 367 3946 regnum
388 3868 492 3926 iterum
513 3870 637 3947 erigere.
677 3870 808 3928 Primum
836 3868 884 3928 hrc
909 3888 1015 3946 scopus
1036 3877 1096 3938 est,
1115 3874 1148 3922 ut
1166 3883 1250 3922 scan-

111 3945 183 4004 dalis
211 3945 330 4004 obviam
357 3956 454 4005 eatur:
487 3946 591 4023 quodsi
617 3946 686 4026 quid
712 3945 839 4006 scandali
859 3957 992 4005 exortum
1012 3942 1059 4016 ait,
1087 3940 1250 4002 aboleatur.
1315 3994 1318 3999 .

111 4024 147 4080 ln
169 4044 222 4080 usu
243 4022 302 4080 duo
323 4033 391 4080 sunt
411 4022 631 4082 consideranda.
673 4023 714 4081 Ut
734 4044 748 4081 a
770 4023 833 4081 iure
853 4021 941 4104 gladii
962 4041 1080 4100 prorsus
1099 4026 1252 4096 separetur

111 4099 184 4158 haec
204 4098 362 4178 spiritualis
383 4110 525 4177 potestas:
559 4100 665 4160 deinde
684 4120 723 4160 ne
743 4100 827 4159 unius
848 4099 984 4168 arbitrio,
1006 4096 1058 4156 sed
1079 4114 1131 4175 per
1151 4091 1253 4172 legiti-

112 4198 191 4234 mum
207 4195 380 4252 ¹cons-esaum
392 4175 632 4250 administretur.-
659 4177 867 4268 Utrumquejn
879 4175 1002 4256 puriqre
1014 4172 1136 4245 eeclesia
1147 4170 1251 4257 obser·
1341 4199 1342 4202 ¹

112 4263 209 4327 vatum
224 4251 286 4311 ¹suit
300 4250 347 4338 ql.
369 4250 441 4312 Cor.
462 4258 491 4324 ti,
511 4256 563 4328 2.).
598 4256 718 4335 Neque¹
733 4275 810 4320 enam
831 4251 877 4319 vel
899 4250 1034 4326 mulctis,
1060 4249 1252 4334 veleamus:

113 4328 179 4400 bns,
199 4330 244 4388 vet
265 4329 327 4388 aliis
347 4329 479 4390 civilibus
499 4331 612 4411 poenis
633 4331 1253 4414 potestatenr1suauausereeerunt·sanetr
