2700 4732
484 183 562 244 uus
581 183 634 243 tv.
675 138 764 245 ear.
783 139 866 244 rus.
1025 152 1072 181 ’··
1184 140 1265 249 aas

107 326 157 387 illa
178 325 326 388 Christum
346 302 535 406 prdmissum‚
555 348 644 407 quum
663 325 757 387 adhuc
777 337 1005 406 exspectaretur,
1022 324 1246 400 adumbrarunt,

107 403 179 464 haec
198 405 255 463 iam
296 403 444 464 raestitum
465 415 495 463 et
516 403 673 463 exhibitum
694 415 847 464 testantur.
1337 465 1338 468 Ἴ

184 486 232 544 21.
303 501 352 539 aec
372 480 422 540 ubi
465 500 496 539 er
517 493 612 560 partes
633 501 665 540 ac
684 479 833 560 sigillatim
854 478 999 538 declarata
1019 478 1148 554 suerunt,
1168 477 1244 538 mul·

109 568 141 616 to
163 557 285 617 clariora
306 557 387 617 fient.
455 557 619 616 ircumcisio
640 556 756 635 Iudaeis
776 556 941 636 symbolum
970 567 1041 630 erat,
1061 576 1119 634 quo
1140 556 1243 616 admo-

109 647 267 708 nerentur,
298 633 436 714 quicquid
460 653 493 693 cx
514 633 638 693 hominis
658 634 769 693 semine
790 633 904 712 prodit,
926 632 983 692 hoc
1004 645 1057 706 cst,
1078 632 1242 692 universam

109 708 260 770 huminum
281 723 412 770 naturam
433 722 599 789 corruptam
621 731 693 789 esse,
712 710 926 791 putationeque
939 710 1047 768 babere
1058 730 1145 788 opus:
1159 729 1244 788 prae·

109 798 190 845 terea
212 788 416 846 documentum
437 807 470 847 ac
491 785 678 861 memoriale,
708 807 768 868 quo
797 805 860 847 sese
885 785 1095 845 confirmarent
1119 786 1148 844 in
1170 806 1243 863 pro-

109 864 249 923 missione
268 864 404 923 Abrahae
425 863 490 922 data
510 864 546 921 de
567 863 676 922 semine
697 863 867 935 benedicto,
891 863 1001 942 inquo
1023 862 1244 921 benedicendae

109 951 207 998 esseut
227 961 328 999 omnes
348 939 482 998 nationes
502 952 599 999 terrae
624 938 718 1016 (Gen.
737 945 786 1012 22,
805 941 884 1015 18.);
916 958 932 998 a
958 960 1017 1018 quo
1044 950 1074 998 et
1098 958 1148 998 sua
1172 937 1243 1016 ipsis

110 1014 278 1076 benedictio
299 1016 489 1095 exspectanda
510 1028 579 1076 erat.
618 1018 714 1076 Porro
735 1015 859 1076 salutare
878 1014 950 1075 illud
970 1034 1070 1075 semen
1087 1014 1244 1093 (quemad-

110 1090 230 1151 modum
255 1113 271 1150 a
296 1092 388 1152 Paulo
408 1090 521 1172 (Galat.
541 1100 571 1165 5,
589 1094 651 1168 16.)
671 1093 827 1169 docemur)
858 1103 921 1151 erat
946 1091 1095 1165 Christus,
1123 1092 1153 1150 iu
1183 1111 1243 1170 quo

109 1167 176 1248 solov
194 1181 365 1248 recepturos
385 1189 449 1229 sese
469 1168 660 1247 confidebant
679 1169 797 1249 quodio
811 1169 905 1228 Adam
922 1168 1119 1247 perdiderant
1140 1167 1243 1241 Quare

109 1244 168 1302 illis
198 1257 260 1305 erat
286 1245 495 1318 circumcisio,
527 1247 605 1325 qnod
631 1244 767 1306 Abrahae
793 1245 881 1304 fuisse
906 1245 995 1304 tradit
1013 1243 1120 1303 Paulus
1140 1243 1242 1322 (Rom.

109 1327 139 1393 4,
159 1323 234 1396 th),
251 1321 433 1396 signaculum
450 1322 563 1384 scilicet
581 1326 705 1381 iustitiae
713 1320 808 1402 fidei:
827 1320 884 1380 hoc
905 1335 949 1382 est
968 1321 1093 1402 sigillum
1107 1342 1166 1400 quo
1180 1341 1244 1380 cer·

110 1401 166 1456 tius
196 1398 455 1472 confirmarentur,
485 1421 564 1459 suam
588 1399 690 1473 fidem,
732 1419 767 1458 ua
787 1417 887 1457 semen
907 1397 1002 1477 ipsum
1024 1396 1242 1489 exspectabant,

109 1473 165 1532 sibi
185 1494 200 1531 a
220 1475 294 1532 Deo
314 1495 368 1553 pro
394 1475 502 1534 iustitia
532 1487 679 1556 acceptam
711 1421 791 1533 ierri.
843 1473 902 1532 Sed
932 1495 987 1533 uos
1018 1475 1142 1534 meliore
1172 1473 1245 1534 alibi

109 1551 188 1639 (cap.
208 1556 256 1613 16.
276 1572 298 1608 s.
318 1554 345 1614 3.
367 1562 396 1609 et
415 1552 461 1627 4.)
481 1553 634 1611 occasione
648 1549 888 1613 circumcisionis
903 1550 1104 1629 baptismique
1122 1570 1244 1630 compa·
1314 1603 1316 1606 ,

108 1638 254 1684 rationem
267 1627 382 1705 longius
395 1648 607 1706 prosequemur
616 1629 660 1706 a),
698 1627 877 1707 Baptismata
891 1639 921 1685 et
933 1625 1151 1706 purificationes
1162 1648 1244 1688 suam

110 1701 165 1760 illis
187 1703 415 1776 immunditiem,
443 1705 623 1782 spurcitiam,
653 1703 849 1784 pollutionem
870 1714 938 1763 ante
959 1702 1061 1762 oculos
1082 1702 1245 1781 ponebant,

110 1799 167 1855 qua
186 1780 218 1835 in
234 1800 286 1838 sua
306 1791 408 1838 natura
428 1779 616 1839 contaminati
636 1792 735 1842 erant:
761 1778 837 1839 aliud
858 1799 931 1840 vero
952 1779 1099 1839 lavacrum
1140 1778 1244 1839 olliue-

108 1853 227 1927 bantur,
247 1864 305 1933 qrto
326 1875 428 1914 omnes
448 1866 670 1938 extergereutur
690 1868 720 1916 et
738 1855 929 1916 abluerentur
948 1876 1050 1916 eorum
1065 1799 1176 1916 sordes.
1205 1857 1245 1915 Et

108 1928 168 1989 hoc
189 1928 332 1991 lavacrum
354 1930 486 1991 Christus
507 1945 584 2007 erat,
606 1934 685 1994 cuius
703 1932 846 2014 sanguine
866 1932 974 2005 abluti,
1005 1933 1065 1992 eius
1086 1933 1243 2011 puritatem
1323 1950 1326 1955 '

109 2006 259 2066 asserimus
279 2007 308 2065 iu
330 2020 519 2086 conspectum
535 2009 603 2080 Dei,
624 2021 655 2069 ut
673 2010 893 2087 inquinamenta
914 2010 1012 2068 omnia
1034 2021 1134 2068 nostra
1154 2021 1244 2089 tegat.

111 2083 258 2142 Sacrificia
278 2083 345 2142 illos
364 2104 433 2144 suae
453 2086 611 2164 iniquitatis
632 2086 810 2167 arguebant,
837 2085 982 2164 simulque
1003 2085 1160 2159 ducebant,
1190 2107 1244 2145 ue-

110 2160 261 2219 cessariam
283 2180 345 2218 esse
365 2160 487 2240 aliquam
507 2161 746 2235 satisfactionem,
766 2182 841 2242 quae
861 2161 972 2221 iudicio
993 2161 1052 2239 Dei
1071 2162 1243 2222 solveretur.

109 2235 134 2294 F
138 2256 189 2295 ore
210 2256 282 2319 ergo
302 2257 445 2296 summum
466 2238 611 2317 quendam
632 2238 823 2312 Pontificem,
843 2237 921 2297 inter
939 2237 1037 2296 Deum
1059 2250 1089 2298 et
1109 2238 1244 2302 homines

109 2313 312 2385 mediatorem,
333 2312 383 2390 qui
402 2314 470 2374 Deo
490 2314 670 2375 satisfaceret
689 2334 743 2394 per
761 2315 909 2395 sauguinis
929 2313 1115 2390 ellusionem,
1135 2337 1168 2376 ac
1190 2315 1244 2376 ho·

109 2388 181 2448 stiae
202 2389 458 2465 immolationem,
507 2412 559 2451 uae
595 2393 625 2450 in
651 2390 854 2458 remissionem
877 2402 1065 2471 peccatorum
1085 2392 1244 2453 sulliceret.

109 2462 169 2544 Hic
187 2488 314 2525 summus
334 2467 469 2527 sacerdos
486 2412 545 2526 luit
566 2467 714 2528 Christus:
748 2468 900 2548 proprium
924 2470 985 2547 ipse
1005 2468 1176 2550 sanguinem
1198 2469 1243 2535 el-

109 2541 196 2617 fudit,
216 2542 329 2602 victima
351 2544 411 2621 ipse
432 2534 501 2619 luit:
520 2565 551 2604 se
573 2546 648 2604 euim
668 2546 747 2605 Patri
768 2544 959 2605 obedientem
976 2545 1006 2602 in
1018 2558 1142 2605 mortem
1154 2546 1243 2606 obtu-

109 2617 157 2676 lit:
180 2641 235 2697 qna
257 2618 426 2679 obedientia
446 2615 571 2681 huminis
592 2622 823 2682 inobedientiam
849 2620 988 2693 abolevit,
1013 2642 1088 2700 quae
1113 2622 1172 2681 Dei
1195 2624 1243 2681 in·

110 2695 309 2774 dignationem
331 2711 542 2774 provocaverat
561 2699 649 2777 (Phil.
670 2704 699 2772 2,
718 2704 746 2763 R
765 2698 852 2757 Rom.
872 2705 902 2772 5,
924 2699 995 2774 19.)-

186 2777 234 2833 22.
275 2773 427 2844 Quantum
447 2773 481 2832 ad
502 2787 603 2833 nostra
628 2775 748 2848 attinet,
778 2773 927 2834 Christum
959 2793 995 2832 eo
1028 2773 1131 2850 clarius
1156 2773 1243 2834 nubis
1306 2819 1309 2824 -

111 2846 252 2920 ollerunt,
273 2869 332 2936 qno
353 2849 472 2938 propius
493 2851 690 2910 manifestatus
711 2861 755 2910 est
773 2849 956 2922 hominibus,
986 2869 1019 2908 er
1039 2869 1098 2928 quo
1119 2871 1134 2908 a
1153 2848 1243 2910 Patre

110 2944 190 2995 vere,
211 2924 300 3001 qualis
322 2946 478 3013 promissus
500 2925 605 2999 luerat,
625 2926 766 2987 exhibitus
787 2926 851 2985 luit.
890 2921 932 2985 Ba
956 2925 1039 2997 tisma
1058 2925 1135 2983 enirn
1156 2925 1244 2989 uobis
1296 2948 1304 2955 ·

112 3000 192 3079 quod
214 3012 329 3081 purgati
349 3012 379 3058 et
398 2999 490 3059 abluti
509 3006 596 3062 simus
608 3003 792 3062 testificatur:
815 2947 1139 3079 Coenallucharistiae,
1160 3002 1242 3078 quod

112 3077 265 3154 redempti.
306 3077 340 3135 ln
362 3097 435 3154 aqua
456 3078 597 3158 figuratur
616 3078 741 3138 ablutio:
762 3080 791 3137 in
811 3079 954 3160 sanguine
965 3078 1133 3138 satisfactio.
1159 3081 1243 3141 Haec

112 3154 171 3212 duo
192 3155 222 3211 in
244 3152 362 3213 Christo
381 3157 580 3232 reperiuntur,
609 3156 658 3234 qui
680 3159 727 3233 (ut
747 3156 788 3215 ait
806 3156 934 3216 Ioauues
954 3155 1036 3233 Lep.
1053 3161 1082 3227 5,
1101 3159 1145 3234 6.)
1170 3175 1243 3232 „ve-

112 3231 156 3289 nit
176 3231 206 3288 in
228 3252 301 3308 aqua
322 3242 352 3289 et
370 3232 541 3311 sauguine,“
562 3231 693 3306 hoc-est,
713 3245 745 3292 ut
765 3243 904 3313 purgaret
924 3243 954 3291 et
973 3232 1141 3291 redimeret.
1180 3233 1262 3296 Cu·⁴

111 3305 155 3364 ius
176 3307 218 3364 rei
238 3308 318 3367 testis
339 3327 457 3387 quoque
477 3319 531 3382 est,
551 3308 676 3385 Spiritus
696 3308 763 3369 Dei.
802 3311 867 3368 lmo
894 3321 953 3368 tres
978 3308 1008 3367 in
1028 3328 1089 3366 uuo
1109 3321 1178 3369 sunt
1197 3322 1243 3369 te·

111 3392 180 3457 stes,
201 3382 295 3462 Aqua,
315 3384 451 3465 Sanguis,
472 3397 510 3459 et,
521 3384 657 3465 Spiritus.
696 3385 731 3444 In
757 3407 831 3465 aqua
852 3397 882 3444 et
899 3384 1042 3466 sanguiue
1061 3385 1244 3476 purgationis

112 3468 142 3515 et
163 3459 370 3538 redemptionis
392 3460 763 3524 babemustestimuuium:
785 3464 806 3522 S
830 3462 912 3520 iritus
932 3483 1003 3521 vero
1044 3462 1178 3522 rimarios
1196 3475 1244 3523 te-

112 3534 162 3593 stis
184 3534 347 3596 huiusmodi
369 3539 526 3598 testimonii
547 3550 654 3598 certam
677 3540 761 3600 uobis
781 3483 868 3600 fidem
896 3537 973 3598 lacit.
1012 3481 1145 3616 dublinpe
1165 3538 1243 3599 istud

112 3614 279 3688 mysterium
313 3615 460 3692 praeclare
488 3615 575 3676 nobis
599 3615 631 3675 iu
652 3615 762 3677 Christi
786 3634 873 3676 cruce
893 3626 1041 3675 ostensum
1063 3625 1121 3687 est,
1153 3618 1269 3694 quum‘

112 3706 187 3763 aqua
208 3700 238 3746 et
257 3692 372 3769 sanguis
393 3691 568 3751 effluxerunt
588 3711 621 3750 ex
639 3713 723 3752 sacro
744 3695 805 3753 eius
824 3691 914 3751 latere
934 3690 994 3767 (Io.
1005 3697 1053 3761 19,
1063 3693 1140 3766 34.):
1162 3691 1243 3770 quod

114 3783 177 3822 eam
198 3764 237 3824 uh
258 3786 370 3825 causam
391 3768 653 3849 iurelhugustinus
672 3769 767 3843 (hom.
788 3771 817 3828 in
838 3769 1016 3844 Ioann.20.)
1036 3764 1243 3827 Sacramentu-

112 3861 176 3898 rum
197 3853 365 3901 nostrorum
386 3845 499 3903 iontem
519 3845 645 3904 vocavit:
668 3847 704 3905 de
723 3846 828 3925 quibus
847 3856 944 3904 temen
966 3842 1054 3934 paulo
1075 3843 1163 3903 insius
1184 3844 1244 3904 dis·

111 3919 267 3976 serendum
289 3920 353 3978 erit.
394 3921 476 3994 Quin
495 3919 618 3982 uberior
634 3922 724 3982 ‘etiam
746 3922 873 4002 Spiritus
898 3933 991 4002 gratia
1016 3920 1063 3980 hic
1088 3939 1119 3979 se
1139 3920 1243 3999 prose-

111 4006 167 4071 rat,
185 3999 209 4055 si
230 4007 344 4073 tempus
364 4018 429 4055 cum
449 4009 584 4077 tempore
604 4019 773 4080 compares,
792 4019 854 4059 nou
874 3998 996 4058 dubium
1017 4008 1071 4057 est.
1111 3996 1187 4056 Nam
1211 3996 1243 4056 id
1271 4017 1274 4020 ·

181 4245 209 4315 *)
228 4246 268 4297 Ci.
286 4245 527 4311 Hebr.9.1-1⁴l.
546 4264 572 4302 at
609 4251 721 4322 epaulo
738 4263 812 4322 posti
834 4249 854 4305 I.
872 4249 967 4306 loauu.
985 4249 1010 4304 1.
1027 4267 1050 4302 c.
1066 4247 1091 4302 7.
1133 4244 1243 4317 Apoeal.

113 4312 178 4376 Cb
212 4313 278 4368 Hch.
295 4315 321 4382 d,
339 4317 379 4375 ll.
403 4318 469 4385 eth,
486 4319 510 4374 5·
527 4333 555 4374 et
587 4320 652 4384 ,11.
884 4324 886 4328 ’
