2596 4726
119 202 181 263 ata
514 198 591 261 LIB.
610 199 654 262 lt.
695 198 786 299 CdP.
804 201 847 263 V.

121 338 249 402 serratio
274 352 335 416 est,
366 362 453 429 qnam
483 341 563 403 idem
589 345 652 424 ipae
677 344 756 405 inter
779 345 895 427 regulas
915 344 1034 407 Tieonii
1057 345 1163 426 quinto
1188 341 1261 405 loco

123 430 284 492 enumerat,
303 431 337 478 ut
356 419 433 480 bene
453 420 664 503 distinguamus
683 423 763 483 inter
780 422 893 517 Legem
914 435 944 483 et
965 423 1189 501 promissiones,
1208 420 1262 481 rel

122 495 201 554 inter
220 496 353 555 mandata
374 508 403 555 et
422 497 553 576 gratiam.
598 499 675 558 liant
694 516 773 560 nunc
792 520 843 578 qur
869 520 903 559 ea
922 499 1085 579 praeceptis
1104 496 1261 579 colligunt,

123 571 228 650 ecquid
249 570 338 631 bomo
358 572 452 632 valeat
472 573 507 633 ad
528 574 737 648 obedientiam,
757 587 790 634 ut
808 578 867 636 Dei
887 577 1009 658 gratiam
1031 575 1185 654 perimant,
1205 593 1263 666 per

122 667 210 727 quam
230 661 390 727 praecepta·
408 650 467 727 ipsa
486 649 691 730 adimplentur.
731 652 859 712 Secundi
878 653 997 733 generis
1018 672 1121 729 praece
1145 662 1173 708 ta
1190 672 1262 711 arm-

123 723 208 814 plieia
228 735 306 813 sunt,
326 724 430 803 quibus
442 726 539 785 Deum
560 728 669 803 colere,
690 729 905 789 eiusvoluntati
926 729 1035 788 seruire
1048 740 1078 787 et
1090 672 1262 802 adbaerere,

124 820 185 859 erus
207 800 311 878 placita
332 800 503 873 observare,
536 803 597 863 eius
618 804 782 864 doctrinam
801 807 884 885 sequi
904 805 1047 864 iubemur.
1092 803 1152 862 Sed
1172 803 1261 862 innu-

123 876 196 935 meri
215 887 284 936 sunt
308 876 386 963 loci,
399 881 447 957 qui
467 879 662 939 testificentur
685 881 761 940 illius
781 902 844 941 esse
865 883 992 953 donum,
1018 880 1156 970 quicquid
1175 880 1260 939 iusti·

124 953 193 1024 tiae,
212 953 388 1027 sanctitatis,
408 955 539 1034 pietatis,
580 957 692 1017 usitatis
711 957 813 1017 haberi
831 969 938 1037 potest.
976 960 1018 1015 Ex
1037 968 1127 1015 tertre
1149 974 1261 1036 genere

124 1041 188 1087 erat
207 1028 271 1099 illa,
292 1051 366 1108 quae
387 1052 401 1089 a
423 1031 503 1091 Luca
523 977 651 1108 relectus
670 1033 751 1110 (Act.
771 1040 822 1109 13,
841 1039 920 1109 43.),
951 1025 1034 1093 Fauli
1055 1045 1086 1092 et
1105 1031 1260 1092 Barnabae

123 1105 288 1165 exhortatio
312 1105 347 1163 ad
376 1106 490 1182 lideles,
521 1119 554 1167 ut
583 1110 611 1167 in
638 1111 729 1190 gratia
750 1110 808 1169 Dei
834 1120 1048 1190 permanerent.
1099 1108 1160 1167 Sed
1181 1109 1261 1166 unde

75 1236 78 1241 .
124 1180 172 1243 illa
194 1182 376 1241 constantiae
396 1189 485 1243 virtus
516 1187 642 1264 petenda
672 1188 727 1261 sit,
759 1186 826 1246 alio'
845 1186 913 1246 loco
941 1187 1018 1245 idem
1038 1183 1146 1245 Paulus
1172 1185 1261 1243 tradit

62 1308 68 1319 .
140 1257 300 1337 Epheso,
320 1265 393 1323 to).
431 1260 545 1334 „Quod
565 1274 714 1352 superest,
735 1263 848 1341 inquit,
870 1264 988 1332 fratres,
1008 1262 1072 1322 sitis
1093 1263 1187 1320 sortes
1208 1278 1262 1339 per
1284 1330 1288 1341 ¹

139 1336 314 1394 lominum.“
355 1333 436 1394 lllibi
457 1348 535 1396 vetat
554 1337 640 1414 (ibrd.
658 1345 694 1411 4,
712 1344 792 1413 30.),
826 1359 863 1397 ne
888 1340 1094 1398 contristemus
1114 1336 1260 1415 Spiritum

31 1483 33 1488 .
121 1411 192 1487 Dei,
213 1432 272 1490 quo
283 1409 432 1492 obsignati
449 1434 546 1472 sumus
567 1414 596 1472 in
617 1414 695 1472 diem
714 1414 927 1494 redemptionis
946 1426 1073 1473 nostrae.
1106 1411 1167 1471 Sed
1178 1407 1260 1490 quod

123 1487 182 1547 illic
203 1487 306 1566 exigit,
327 1489 395 1566 quia
416 1491 555 1568 praestari
580 1488 617 1549 ab
643 1488 809 1551 hominibus
830 1512 890 1551 non
911 1501 1043 1569 poterat,
1068 1486 1260 1548 'shessaloui-

124 1564 259 1624 censibus
280 1584 296 1621 a
316 1563 449 1625 Domino
470 1567 665 1645 imprecatur,
690 1588 795 1646 nempe
823 1579 855 1626 ut
881 1569 988 1648 dignos
1008 1566 1114 1625 habeat
1135 1585 1187 1624 eoa
1207 1584 1259 1622 ro·

123 1640 241 1701 catione
261 1661 311 1698 sua
331 1655 446 1711 sancta,
476 1654 508 1701 et
526 1643 646 1721 impleat
665 1642 777 1703 bonum
797 1656 886 1704 omne
913 1643 1095 1722 propositum
1116 1639 1260 1700 bonitatis

123 1737 192 1777 suae
220 1737 353 1796 opusque
380 1718 447 1776 fidei
473 1719 504 1777 in
530 1719 930 1795 iltis(tt.'rhess.1,1t.).
979 1717 1206 1778 Eodem‘modo
1226 1717 1258 1775 in

122 1792 249 1854 secunda
268 1795 305 1853 ad
320 1795 492 1855 Corinthios
511 1796 646 1876 epistola,
668 1797 704 1855 de
725 1798 920 1873 eleemosynis
940 1807 1078 1867 tractans,
1098 1792 1208 1854 bonam
1228 1803 1260 1851 et

123 1870 200 1950 piam
231 1888 335 1930 eorum
360 1870 540 1931 voluntatem
566 1874 680 1963 saepius
711 1876 912 1933 commendat:
964 1872 1031 1931 aulo
1062 1882 1130 1950 post
1159 1883 1260 1929 tamen

122 1947 229 2027 gratias
249 1968 263 2004 a
285 1947 308 2006 it
327 1946 409 2021 Deo,
430 1950 479 2027 qui
499 1950 598 2028 posuit
616 1971 646 2008 an
668 1950 795 2010 cordeT
798 1946 842 2024 iti,
861 1962 894 2008 ut
913 1894 1148 2009 eallortationem
1167 1947 1260 2005 susci·

123 2035 209 2159 peret
227 1965 284 2102 (lli
303 2023 374 2084 Gor·
394 2029 430 2098 8,
449 2033 496 2090 11.
516 2028 588 2103 to).
632 2028 666 2086 ὀὶ
691 2047 729 2086 ne
757 2027 817 2086 oris
838 2026 956 2106 quidem
977 2025 1107 2084 cilicium
1128 2022 1164 2081 ad
1184 2020 1259 2083 alios

145 2100 286 2161 ortandoa
336 2111 462 2159 raestare
487 2102 575 2163 'fitur
604 2103 719 2183 potuit,
747 2104 802 2163 nisi
835 2116 977 2181 quatenus
1002 2099 1146 2181 suggessit
1164 2098 1259 2173 Deus,

123 2177 275 2256 quomodo
296 2121 345 2235 alii
364 2176 399 2234 ad
419 2176 564 2259 agendum
584 2178 742 2239 voluntarii
762 2177 902 2254 luissent,
921 2179 976 2238 nisi
995 2177 1062 2237 Deo
1082 2176 1148 2257 ipso
1169 2174 1259 2256 eorda

124 2272 227 2315 eorum
248 2252 415 2335 dirigente?

200 2336 229 2398 9.
268 2327 450 2390 Cavillantur
473 2329 546 2403 haee
571 2331 671 2390 omnia
697 2331 864 2391 testimonia
896 2328 1063 2389 astutiores:
1093 2328 1161 2407 quia
1186 2325 1260 2387 nibil

124 2405 272 2485 impediat,
293 2404 448 2485 quominus
470 2406 527 2485 ipsi
547 2407 731 2466 conferamus
750 2411 959 2478 nostrasvires,
980 2418 1010 2464 et
1029 2405 1148 2464 infirmis
1168 2425 1260 2464 conv

123 2483 202 2545 tibus
228 2483 311 2567 Deuq
339 2485 487 2574 suppetias
512 2482 594 2542 serat.
644 2483 783 2543 Allerunt
814 2485 901 2543 etiam
930 2483 1011 2541 locos
1034 2502 1070 2539 er
1090 2481 1261 2560 Prophetis,

124 2560 175 2622 ubi
196 2560 395 2619 conversionis
416 2570 534 2619 nostrae
554 2558 678 2619 ell’ectus
699 2562 777 2620 inter
796 2561 893 2619 Deum
914 2570 945 2618 et
963 2579 1017 2617 nos
1037 2557 1153 2616 videtur
1173 2556 1261 2616 dimi-

124 2637 196 2698 diari
216 2636 319 2715 (Zacb.
340 2642 374 2711 1,
393 2638 453 2711 5.):
483 2635 725 2709 „Convertimini
752 2637 787 2696 ad
814 2656 876 2709 me,
908 2646 939 2693 et
964 2654 1021 2717 ego
1047 2643 1205 2692 convertar
1223 2632 1261 2693 ad

122 2715 207 2774 vos.⁰‘
247 2711 359 2786 Quales
378 2713 464 2772 nobis
482 2735 515 2772 su
539 2714 631 2803 petias
649 2713 796 2772 Dominus
817 2713 901 2788 serat,
921 2732 1006 2789 supra
1027 2710 1261 2769 demonstratum

124 2802 168 2854 est
186 2792 272 2866 (sect.
286 2796 315 2861 7,
327 2791 381 2864 8.),
401 2806 498 2868 neque
518 2733 565 2848 bre
585 2810 659 2868 opus
679 2802 722 2850 est
742 2802 886 2870 repetere.
926 2789 1024 2845 Unum
1046 2787 1102 2845 boc
1123 2785 1262 2845 duntaxat

49 2920 54 2932 .
123 2868 193 2928 mihi
220 2865 343 2927 concedi
368 2864 454 2941 volo,
482 2865 590 2926 frustra
615 2867 780 2946 implendae
805 2868 893 2947 Legis
920 2864 1087 2924 facultatem
1114 2862 1143 2919 in
1172 2861 1261 2923 nobie

122 2942 249 3022 requiri,
279 2943 346 3022 quia
373 2943 433 3003 eiua
458 2940 656 3002 obedientiam
681 2943 768 3005 nobis
792 2944 940 3002 Dominus
965 2942 1105 3019 imperet:
1139 2940 1260 3015 quando

123 3030 254 3093 constat,
286 3018 421 3079 omnibus
441 3019 500 3079 Dei
527 3020 690 3100 praeceptis
715 3020 908 3100 adimplendis
935 3031 965 3078 et
984 3015 1174 3076 necessariam
1197 3035 1260 3075 esee

108 3098 246 3182 'gratiam
268 3095 471 3187 Legislatoris,
498 3109 529 3156 et
548 3097 634 3156 nobis
654 3100 839 3177 promissam:
886 3097 931 3154 uia
952 3095 1020 3154 inde
1041 3103 1136 3172 patet,
1155 3088 1260 3151 saltem

122 3174 188 3256 plus
208 3194 223 3232 a
246 3170 330 3232 nobis
356 3173 430 3252 exigi
451 3194 537 3253 quarn
561 3174 650 3234 aimus
677 3174 830 3234 solvendo.
895 3177 941 3232 *ec
967 3191 1040 3229 vero
1067 3168 1130 3226 ullis
1151 3167 1261 3229 cavittia

123 3249 195 3312 dilui
217 3261 314 3329 potest
332 3247 404 3310 illud
417 3249 559 3309 leremiae
572 3253 722 3328 (31,32.·),
744 3251 857 3309 irritum
879 3250 966 3308 luisse
987 3259 1104 3328 pactum
1114 3244 1171 3303 Dei
1214 3264 1261 3303 er·

122 3346 237 3390 cussum
258 3348 322 3385 cum
350 3326 442 3386 veteri
465 3326 594 3406 populo,
627 3330 693 3405 quia
719 3327 832 3386 literale
851 3338 963 3386 tantum
985 3336 1061 3384 erat:
1094 3343 1154 3380 oon
1175 3266 1262 3380 aliter·

122 3416 219 3466 autem
239 3402 355 3476 sanciri,
374 3423 460 3484 quam
480 3402 530 3462 ubi
550 3405 664 3464 accedit
675 3405 812 3496 Spiritus,
832 3405 881 3482 qni
903 3404 938 3462 ad
951 3399 1149 3460 obediendum
1169 3398 1261 3460 corda

122 3481 239 3542 format.
278 3480 383 3558 Neque
410 3499 513 3539 eorum
539 3481 634 3539 errori
658 3481 829 3561 astipulatnr
848 3481 997 3539 sententia
1017 3477 1079 3535 illaa
1101 3476 1262 3548 „Conver-

123 3557 220 3620 timini
241 3555 276 3617 ad
296 3576 354 3631 me,
374 3568 404 3615 et
423 3568 579 3616 convertar
599 3558 634 3616 ad
655 3565 738 3618 vos.“
779 3558 931 3637 Siquidem
952 3556 1010 3615 illic
1023 3554 1079 3612 Dei
1104 3550 1260 3612 conversio

49 3692 54 3701 ‚
123 3645 256 3708 notatur,
281 3652 344 3691 non
365 3654 422 3712 qua
442 3654 495 3692 cor
514 3646 647 3692 nostrum
668 3636 703 3693 ad
724 3635 952 3713 resipiscentiam
973 3641 1110 3703 renovat,
1129 3630 1181 3689 scd
1202 3647 1260 3706 qua

121 3732 153 3774 se
174 3709 352 3770 benevolum
370 3729 404 3769 ac
425 3710 586 3789 propitium
612 3732 709 3769 rerum
737 3711 930 3790 prosperitate
951 3720 1092 3767 testatur:
1118 3704 1261 3782 quemad·

121 3787 243 3849 modum
269 3785 356 3845 rebus
387 3785 513 3847 adversis
539 3787 737 3847 offensionem
764 3787 909 3845 interdum
937 3787 1054 3844 indicat.
1107 3784 1260 3856 Quoniam

122 3866 214 3948 igitur
240 3863 338 3922 multia
371 3863 549 3923 miseriarum
576 3875 607 3922 et
638 3863 831 3923 calamitatum
857 3865 958 3922 formis
984 3873 1100 3920 vexatus
1122 3856 1261 3937 populus,

122 3962 254 4001 aversum
274 3959 291 4000 a
310 3958 341 4001 ae
353 3939 449 3998 Deum
462 3939 655 4029 querebatur:
676 3940 837 4019 respondet
858 3961 916 3998 non
932 3939 1096 3997 defuturam
1110 3936 1165 3995 illis
1177 3956 1261 3994 suam

121 4016 335 4099 benignitatem
366 4016 390 4076 si
410 4016 533 4075 advitae
552 4016 773 4089 rectitudinem,
794 4017 878 4075 etad
899 4037 929 4074 se
952 4017 1057 4094 ipsum,
1077 4016 1127 4091 qui
1149 4024 1193 4071 est
1213 4014 1259 4070 iu-

121 4095 215 4154 stitiae
235 4114 336 4173 exemp
351 4115 393 4167 ar,
415 4093 544 4153 redeant.
586 4094 742 4173 l'crperam
764 4114 835 4174 ergo
856 4094 1050 4170 detorquetur
1070 4090 1169 4160 loeus,
1190 4088 1260 4148 dum

123 4188 159 4229 eo
179 4170 304 4229 trahitur
329 4181 456 4251 etopus
476 4169 677 4230 conversionis
703 4171 834 4229 videatur
859 4170 937 4229 inter
956 4170 1052 4226 Deum
1075 4180 1105 4226 et
1125 4166 1260 4226 homines

123 4246 224 4326 partiri
243 4245 316 4325 (vid.
336 4267 400 4326 cap.
418 4252 447 4313 2.
467 4268 490 4308 a·
510 4250 583 4322 at).
623 4248 706 4309 Haec
726 4268 763 4308 eo
785 4247 900 4307 brevius
920 4245 1154 4325 perstrinximus,
1178 4240 1259 4329 quod
