2700 4732
32 174 136 238 rm
465 114 826 233 mmmm

77 312 170 391 „tanti
190 314 357 393 quoqudh
379 310 470 373 ostoli
494 309 635 372 memhris
665 311 750 389 erat)
781 308 939 371 remittitur
965 308 999 370 iu
1029 306 1220 385 batismate,

77 411 161 467 „nou
181 389 313 450 finitur.“
351 333 442 449 ilem:
468 388 600 469 „Legem
621 387 749 468 peccati,
775 387 858 447 cuius
878 386 1022 446 manentis
1040 329 1154 447 solutus
1175 397 1222 447 est

78 469 130 544 „in
152 466 297 546 baptismo
315 477 425 539 reatus,
444 465 617 525 Ambrosius
636 465 750 525 vocarit
768 463 968 542 iniquitatem:
1016 464 1062 523 uia
1082 463 1219 542 iniquum

78 555 148 621 „est
166 554 200 602 ut
219 562 289 604 caro
308 542 497 623 concupiscat
515 541 650 617 aduersus
668 541 833 622 spiritum.“
870 541 961 599 Item:
985 583 1005 616 „
1039 549 1221 601 artuumert

79 664 100 697 ‚‚
123 631 253 680 eccatum
273 619 304 678 in
325 639 361 679 eo
383 630 478 692 reatu,
499 638 559 697 quo
580 626 635 679 u'os
654 617 789 678 tenebat:
810 628 840 676 et
853 616 949 676 donec
961 615 1127 696 sepulturae
1147 635 1219 697 per·

79 643 232 771 „lectione
251 707 387 770 sanetur,
413 693 587 754 rebellat-et
605 698 788 769 mortuum.“
820 706 823 711 ·
845 692 911 753 Lib.
932 693 1037 771 quinto
1058 692 1221 753 etiamnum

78 774 223 853 apertius:
243 771 350 848 „Sicut
362 771 488 832 coecitas
501 771 599 832 cordis
620 782 650 830 et
669 783 821 850 peccatum
842 781 895 842 est,
915 791 975 849 quo
995 770 1026 829 in
1036 769 1134 832 Deum
1153 789 1221 830 uon

78 849 245 925 „creditum
279 859 309 907 et
340 867 436 927 poena
460 850 591 928 peccati,
622 868 678 927 qua
706 868 760 908 cor
783 847 946 927 superbum
970 846 1059 928 digna
1085 843 1219 906 animad-

79 926 239 1002 „versione
258 923 396 1004 punitur,
414 935 446 983 et
465 946 549 985 causa
570 924 692 1004 peccati,
711 945 800 1003 quum
821 923 928 1003 aliquid
949 924 1033 983 coeci
1052 921 1148 983 cordis
1168 940 1222 982 er·

79 1020 170 1080 „rore
189 1000 397 1065 committitur:
424 1001 465 1063 ita
485 1000 721 1080 concupiscentia
733 1000 839 1073 carnis,
862 999 996 1060 adversus
1015 999 1222 1078 quambouus

79 1076 283 1157 „concupiscit
301 1077 435 1157 spiritus,
466 1089 498 1138 et
517 1090 668 1157 peccatum
688 1088 748 1151 est,
774 1075 901 1156 quirilli
922 1077 998 1136 inest
1016 1074 1221 1136 inobedientia

79 1165 204 1232 „contra
220 1153 406 1213 'dominatum
427 1154 547 1214 mentis:
568 1165 599 1214 et
617 1173 713 1234 poena
755 1153 855 1228 cecati,
874 1152 943 1232 quia
962 1152 1143 1213 reddimen
1152 1169 1220 1211 me-

79 1229 167 1308 „ritis
186 1228 398 1291 inobedientis:
432 1244 463 1291 et
486 1252 571 1293 cansa
594 1231 708 1311 peccati
728 1174 896 1291 delectione
916 1228 1143 1303 consedtientis,
1170 1226 1222 1290 rel

79 1307 281 1388 „contagione
301 1308 477 1367 nascentis.“
527 1309 633 1368 -Vocat
661 1306 709 1368 hic
736 1307 800 1369 sine
828 1305 1020 1388 ambiguitate
1051 1317 1224 1387 peccatum:

81 1381 151 1463 quia
170 1393 321 1462 prostrato
341 1385 398 1444 iam
418 1395 583 1460 erroreset
601 1384 772 1445 confirmata
790 1384 926 1457 veritate,
946 1383 1103 1445 calumnias
1121 1382 1225 1443 minus

80 1470 210 1521 veretur.
251 1458 508 1548 Quemadmodum
528 1473 558 1521 et
577 1462 607 1520 iu
628 1460 783 1535 Ioannem,
802 1459 905 1520 homil.
924 1466 984 1533 «11,
1002 1458 1054 1519 ubi
1073 1478 1108 1519 ex
1126 1458 1223 1519 animi

79 1536 126 1597 aui
145 1554 233 1597 sensu
251 1556 315 1596 stne
336 1538 530 1618 contentione
549 1537 695 1618 loquitur:
726 1537 781 1614 „Si
800 1556 888 1599 carne
907 1536 996 1597 servis
1015 1535 1075 1619 legi
1094 1536 1224 1616 peccati,

80 1611 150 1689 „lac
170 1611 250 1692 quod
271 1612 312 1672 ait
330 1614 392 1693 ipse
412 1614 438 1673 Λ
461 1616 584 1690 ostolus,
603 1616 672 1675 Non
693 1626 798 1695 regnet
814 1625 966 1693 peccatum
982 1612 1014 1673 iu
1034 1610 1152 1672 mortali
1166 1632 1223 1673 ve-

81 1701 166 1768 „ttro
187 1709 326 1768 corpore,
358 1690 394 1750 ad
415 1636 616 1752 ollediendum
636 1690 785 1753 desideriis
805 1690 1109 1769 etus(tt0m.s‚12.).
1146 1690 1224 1751 Nom

84 1766 156 1842 „ait‚
175 1786 237 1825 uon
254 1769 305 1826 sit:
324 1767 386 1842 sed,
403 1788 465 1829 eurr
481 1778 589 1845 regnet.
628 1767 778 1843 Quamdiu
791 1767 881 1842 risis,
912 1779 1065 1846 peccatum
1096 1786 1225 1835 necesse

82 1852 148 1920 „est
167 1841 439 1978 pssebin“membns
459 1845 533 1906 tuis:
562 1844 664 1936 saltem
682 1864 808 1926 regnum
828 1844 870 1904 illi
895 1843 1061 1917 auferatur,
1086 1863 1149 1904 uon
1170 1842 1224 1934 hat

81 1918 1226 2084 ffissfflffifflfflfflfflffiffifflffli

82 2071 133 2145 rit,
152 2072 227 2151 parit
239 2079 422 2150 peccatum.“
441 2077 482 2133 tt:
506 2077 534 2135 ui
545 2075 628 2135 nullo
639 2075 762 2170 negotio
778 2077 834 2136 hoc
846 2018 1004 2134 refellitur:
1026 2073 1081 2134 nisi
1093 2072 1174 2135 euin
1183 2072 1225 2135 de

82 2146 154 2208 solis
174 2147 315 2228 operibus
334 2149 436 2223 malis,
459 2096 506 2211 vil
526 2153 562 2212 de
582 2163 710 2232 peccatis
728 2151 892 2213 actualibus
912 2149 1135 2232 intelligamus'

82 2222 182 2303 loqui,
213 2243 252 2284 ne
275 2225 352 2287 mala
377 2227 495 2318 quidem
519 2229 654 2289 voluntas
672 2228 704 2288 in
724 2241 845 2309 peceato
866 2227 1063 2308 deputabitur.
1181 2246 1223 2288 eo

82 2301 282 2392 autemtguod
302 2303 412 2384 llagitra
432 2317 463 2364 et
481 2325 569 2385 prava
588 2305 721 2366 facinora
740 2304 995 2386 concupiscentiae
1014 2313 1226 2383 partusrorat,

81 2387 171 2455 atque
189 2398 224 2436 us
243 2378 312 2457 ipsis
331 2381 445 2458 peccati
465 2402 574 2441 nomen
595 2381 716 2456 tribuit,
736 2404 798 2443 non
819 2382 955 2461 protinus
973 2381 1120 2461 sequitur,
1147 2379 1224 2463 quin

82 2454 294 2531 concupiscere
314 2477 361 2515 res
381 2457 522 2530 mala‘sit,
542 2470 573 2519 et
592 2478 689 2519 coram
708 2459 776 2519 Deo
798 2457 980 2518 damnabilis.
1164 2490 1167 2513 τ

110 2574 112 2579 ·
159 2536 208 2593 14.
246 2530 456 2611 Anabaptistae
467 2536 582 2614 quidam
596 2535 653 2596 hoc
663 2535 791 2609 saeculo,
807 2535 1009 2616 phreneticam
1020 2531 1225 2612 nescioquam

80 2602 288 2685 intemperiem
308 2630 364 2688 pro
383 2610 528 2688 spirituali
553 2613 779 2693 regeneratione
809 2610 1085 2672 comminiscuntur:
1102 2630 1226 2691 mempe

80 2681 114 2742 iu
135 2693 241 2742 statum
261 2683 450 2746 innocentiae
469 2689 621 2750 restitutus
640 2688 697 2749 Dei
717 2689 810 2763 filios,
835 2689 891 2747 iam
916 2708 978 2747 non
998 2697 1141 2766 oportere
1160 2686 1227 2749 sul·

84 2756 181 2819 licitos
202 2779 265 2819 esse
285 2762 321 2820 de
342 2761 464 2824 libidine
485 2766 579 2827 carnis
603 2765 791 2826 refrenanda:
822 2765 963 2845 Spiritum
989 2763 1093 2823 ducem
1117 2762 1225 2825 subse-

82 2835 233 2916 quendum
254 2857 327 2915 esse,
346 2839 400 2899 sub
422 2843 502 2903 cuius
522 2846 639 2905 actione
649 2864 798 2922 nunquam
815 2840 1020 2917 aberratur).
1041 2839 1227 2903 Incredibile

81 2924 158 2973 esset
180 2913 306 2975 hominis
326 2929 456 2977 mentem
476 2938 513 2978 eo
534 2922 666 2981 vesaniae
689 2919 821 2997 prolabi,
854 2917 909 2979 nisi
929 2917 1021 2997 palam
1042 2928 1074 2976 et
1093 2915 1228 2979 fastuosa

80 3009 164 3050 suum
187 2989 243 3051 hoc
263 2991 370 3085 dogma
390 2994 616 3056 deblaterarent.
674 2995 881 3077 Prodigiusum
908 3006 989 3054 certe
1014 2991 1132 3073 quidem
1159 3000 1224 3068 estj:

80 3066 132 3127 sed
152 3066 225 3128 tales
244 3069 403 3151 sacrilegae
423 3072 558 3134 audaciae
576 3093 687 3152 poenas
707 3072 789 3132 luere
810 3091 936 3150 aequum
954 3081 1017 3146 est,
1041 3069 1227 3148 quieverita·

79 3152 143 3202 tem
162 3144 220 3203 Dei
240 3146 271 3204 in
292 3147 476 3207 mendacium
496 3160 611 3208 vertere
630 3151 767 3209 animum·
783 3149 972 3207 induxerunt.
1028 3146 1113 3205 Itane
1138 3143 1226 3206 dele·

78 3229 147 3280 ctus
168 3221 263 3280 omnis
283 3222 377 3300 turpis
398 3235 428 3282 et
448 3223 574 3299 honesti,
595 3225 663 3287 iusti
684 3237 714 3285 et
733 3225 845 3300 iniusti,
865 3223 938 3283 boni
959 3235 990 3283 et
1008 3222 1087 3295 mali,
1105 3221 1226 3287 virtutis

80 3305 113 3354 et
132 3296 195 3353 vitii
215 3296 354 3358 tolletur?
374 3298 459 3376 Tale,
478 3301 626 3381 inquiunt,
646 3302 801 3362 discrimen
820 3313 866 3361 est
885 3321 919 3360 ex
938 3290 1226 3361 maledictione⁰re-

3 3420 13 3431 .
79 3371 151 3431 teris
170 3373 264 3462 Adae,
285 3395 302 3434 a
322 3396 379 3454 qua
399 3397 454 3437 uos
475 3398 529 3457 per
548 3377 697 3439 Christum
718 3380 843 3458 exempti
866 3399 974 3439 sumus.
1031 3377 1113 3456 Ergo
1141 3375 1226 3437 inter

79 3460 291 3509 scortationem
312 3463 343 3511 et
362 3453 540 3530 castitatem,
568 3455 766 3517 sinceritatem
788 3468 819 3515 et
836 3456 988 3528 astutiam,
1018 3456 1170 3514 veritatem
1190 3462 1226 3515 et

78 3525 274 3600 mendacium,
294 3530 470 3608 aequitatem
492 3543 521 3594 et
540 3552 570 3590 ra
595 3533 682 3605 inam,
703 3531 775 3592 nihil
794 3532 850 3591 iam
870 3532 1017 3590 intererit.
1056 3527 1145 3589 Tolle
1158 3530 1225 3608 (in-

82 3600 203 3680 quiunt)
217 3624 325 3677 ‘uanam
347 3606 544 3683 formidinem,
565 3554 692 3688 dpirttus
710 3606 783 3668 nihil
796 3607 851 3666 tibi
862 3608 928 3667 mali
940 3607 1108 3685 imperabit,
1127 3604 1225 3667 modo

1 3745 3 3753 ,
79 3698 183 3739 secure
204 3691 234 3740 et
252 3680 398 3761 intrepide
418 3682 494 3745 illius
513 3685 622 3745 actioni
641 3697 672 3745 te
691 3687 851 3766 permit-tas.
903 3684 980 3757 Quis
1000 3683 1036 3743 ad
1057 3683 1128 3743 ba'ec
1148 3702 1225 3762 pro·

67 3754 159 3846 'dlssla
179 3777 241 3817 non
261 3757 467 3839 obstupescat?
488 3761 643 3840 Popularis
672 3774 770 3823 tamen
791 3774 834 3822 est
854 3759 1040 3841 philosophia
1060 3757 1141 3839 apud
1159 3778 1226 3832 eos,

80 3852 132 3912 qur
152 3830 306 3893 libidinum
326 3838 450 3896 amentia
470 3840 627 3911 excoecati,
646 3859 763 3900 sensum
784 3857 969 3899 communem
984 3847 1135 3895 exueruut.
1159 3835 1225 3897 Sed

79 3929 180 3988 quem,
202 3911 339 3985 obsecro,
361 3913 510 3975 Christum
530 3914 617 3974 nohis
638 3915 828 3989 fabricantur,
849 3927 879 3975 et
899 3935 987 4006 quem
1007 3913 1139 3993 spiritum
1153 3932 1225 3971 eru-

79 3987 181 4049 ctant?
200 3987 263 4050 Nos
283 3991 363 4050 enim
383 3991 533 4052 Christum
553 4012 654 4070 unum,
674 3994 736 4055 eius
756 4014 847 4053 unum
866 3991 1010 4072 Spiritum
1030 3990 1225 4073 recognosci·

82 4188 160 4201 curru-—
173 4180 176 4185 '

147 4311 176 4381 *)
194 4308 233 4363 Cf.
251 4311 323 4365 Calv.
341 4313 461 4367 aduersus
478 4313 625 4373 Libertinos
643 4332 702 4384 cap.
719 4315 760 4370 18
