2700 4732
96 182 154 267 17²
474 178 548 245 ru.
568 179 625 241 ιιι.
664 182 752 244 car.
772 134 862 243 xxv'.

455 466 718 539 CAPUT
766 469 875 540 XXV.

703 596 714 631 Ι

404 656 456 717 Ile
482 661 764 721 resurrectione
787 661 925 722 ultima.

164 834 254 889 Partes
269 834 344 888 huius
354 834 451 904 Capitis
469 850 592 904 quatuor:
610 836 641 905 1)
659 835 830 890 orthodoxae
842 839 977 891 doctrinae
995 840 1032 893 de
1043 840 1223 895 mummium

96 920 194 983 ultima,
202 919 467 990 philosophisignota‚
481 920 583 981 utilitas,
593 920 737 983 necessitas,
753 923 852 985 veritas,
863 923 1026 977 adminicula
1042 922 1157 979 immota
1170 944 1224 995 pra·

95 1019 239 1073 ponuntur,
255 1019 314 1055 sect.
333 1006 417 1057 1-t.
434 1032 467 1045 -
501 1004 533 1071 2)
550 1005 708 1067 Atheorum,
733 1006 962 1071 Sadducaeorum,
987 1008 1224 1071 chiliastarum«

96 1088 208 1141 aliorum
225 1088 398 1139 fanaticorum
414 1086 541 1139 sinceram
565 1089 633 1140 hauc
656 1090 802 1143 doctrinam
825 1092 1036 1161 impugnantium
1052 1092 1225 1163 blasphemiae

95 1174 260 1234 refelluntur,
285 1186 344 1225 sect
362 1174 449 1225 5-7.
473 1202 504 1213 -
539 1172 571 1239 3)
594 1172 745 1242 Explicatur
770 1175 963 1229 resurrectionis
993 1177 1110 1229 ultimae
1134 1176 1226 1237 modu.

94 1273 154 1313 aect
171 1258 195 1312 8.
214 1272 238 1309 et
254 1257 279 1312 9.
301 1290 336 1304 ·-
370 1256 401 1327 4)
419 1256 461 1307 De
477 1271 580 1308 aeterna
597 1260 702 1309 tandem
716 1259 858 1311 electorum
876 1259 1013 1323 felicitate,
1030 1274 1057 1315 et
1073 1260 1225 1333 accipitrem

95 1344 271 1414 reproborum
288 1340 398 1404 miseria,
414 1354 474 1393 sect.
492 1341 608 1396 10-12
627 1340 717 1406 agitur.

103 1530 108 1537 ·
172 1515 201 1574 1.
239 1507 301 1569 Etsi
322 1506 467 1579 Christus,
484 1506 530 1568 sol
554 1507 693 1581 iustitiae,
712 1520 809 1568 morte
828 1508 941 1572 devicta
959 1530 1017 1591 per
1035 1512 1124 1573 Euan
1164 1512 1225 1573 lion

94 1584 228 1659 illucens,
246 1585 333 1645 vitam
353 1584 440 1653 nobis
459 1583 640 1659 illuminavit,
660 1583 848 1659 testePaulo,
866 1587 990 1645 undeet
1010 1589 1129 1649 creden
1150 1610 1169 1649 o
1186 1588 1226 1649 di·

95 1663 188 1723 cimur
207 1661 352 1721 transiisse
372 1682 388 1720 a
407 1672 503 1722 morte
522 1660 553 1720 in
572 1661 672 1719 vitam:
691 1682 773 1734 „non
791 1664 847 1720 iam
867 1664 1020 1745 peregrini
1039 1676 1075 1725 et
1095 1665 1226 1738 advenae,

92 1739 146 1801 sed
165 1740 241 1799 cives
259 1750 426 1797 sanctorum
447 1747 477 1796 et
488 1737 640 1797 domestici
650 1737 737 1809 Dei,“
756 1739 806 1816 qui
826 1758 880 1797 nos
900 1761 963 1799 cum
986 1741 1054 1819 ipso
1078 1740 1225 1825 unigenito

93 1816 197 1879 sedere
217 1814 286 1874 lecit
306 1815 336 1872 in
356 1812 541 1888 coelestibus,
560 1825 593 1871 ut
612 1814 647 1871 ad
669 1812 789 1891 plenam,
805 1813 973 1874 felicitatem
995 1816 1074 1877 nihil
1096 1817 1224 1893 desim:

93 1914 132 1953 ne
151 1904 250 1952 tamen
270 1890 424 1951 molestum
444 1889 482 1948 sit
501 1888 587 1950 nohis
608 1891 735 1949 exerceri
755 1889 849 1950 adhuc
867 1892 921 1950 suh
941 1892 1016 1951 dura
1037 1894 1160 1971 militia,
1174 1893 1226 1953 acsi

93 1968 190 2029 nullus
219 1966 362 2028 victoriae
391 1987 408 2024 a
438 1965 558 2027 Christo
587 1978 686 2045 partae
724 1966 833 2026 fructus
868 1979 1036 2043 constaret,
1069 1970 1225 2033 teneram

94 2045 238 2123 estquod
263 2043 332 2103 alibi
353 2043 477 2103 docetur
501 2043 537 2100 de
562 2043 624 2121 spei
649 2054 761 2101 natura·
802 2043 951 2117 Quoniam
976 2044 1061 2107 euim
1083 2066 1225 2127 speram

93 2144 168 2203 quae
188 2141 249 2180 non
269 2131 421 2210 apparent,
440 2130 528 2195 atque
547 2131 580 2177 ut
599 2118 810 2193 alihidicitur,
833 2120 925 2195 „fides
945 2132 992 2181 est
1010 2120 1225 2185 demonstratio

92 2219 192 2259 rerum
212 2196 437 2256 invisibilium:“
457 2193 594 2274 quamdiu
614 2195 706 2255 carnis
725 2197 872 2329 crpastulo
885 2218 983 2256 sumus
1003 2196 1131 2275 inclusi,
1150 2216 1225 2283 pece-

92 2275 243 2356 grinamur
274 2294 289 2332 a
319 2271 460 2331 Domino.
512 2270 579 2344 Qua
607 2273 721 2332 ratione
746 2272 817 2331 aibi
842 2273 920 2332 idem
944 2272 1020 2335 dicit
1039 2274 1157 2337 Paulus
1177 2294 1225 2337 ια

93 2370 156 2411 csse
177 2360 325 2421 mortuos,
353 2360 383 2407 ct
401 2347 489 2407 vitam
509 2360 638 2407 nostram
658 2369 723 2407 cum
744 2350 863 2409 Christo
889 2349 1101 2413 absconditam
1122 2352 1224 2415 cste'n

92 2426 176 2501 Deo,
201 2437 231 2485 et
250 2445 337 2502 quum
359 2425 436 2503 ipse,
468 2423 518 2501 qui
539 2424 596 2483 vita
620 2437 721 2484 nostra
741 2436 800 2499 est,
822 2426 1006 2505 apparuerit,
1031 2437 1112 2491 tunc
1132 2441 1164 2491 et
1178 2446 1224 2489 m

94 2523 160 2562 cum
180 2503 245 2579 ipso
264 2501 446 2579 appariturus
466 2500 496 2557 in
516 2498 619 2579 gloria.
668 2502 750 2559 Haec
779 2502 869 2582 igitur
892 2512 991 2561 nostra
1017 2504 1162 2567 conditio
1179 2514 1224 2577 tal,

93 2591 128 2638 ut
145 2577 244 2637 sobrie
264 2588 294 2637 et
313 2578 387 2635 iuste
407 2586 438 2634 et
456 2576 503 2655 pie
514 2576 641 2636 vivendo
663 2578 692 2635 in
713 2576 769 2637 hoc
788 2576 916 2650 saeculo,
934 2590 1146 2657 exspectemus
1163 2580 1223 2643 tu·

93 2666 151 2715 tam
171 2677 183 2714 s
207 2674 268 2728 em,
300 2665 330 2711 et
353 2652 506 2711 adrentum
531 2651 642 2744 gloriae
667 2655 764 2733 magni
783 2654 857 2729 Dei,
889 2667 920 2714 et
939 2654 1117 2717 Servatoris
1143 2654 1224 2719 noatti

93 2732 160 2791 Iesu
182 2676 299 2791 diuisit.
338 2728 396 2788 llic
417 2728 555 2807 patientia
575 2751 636 2788 uon
657 2730 766 2809 vulgari
783 2751 856 2809 opus
876 2743 929 2801 est,
949 2751 986 2788 ne
1009 2732 1169 2815 defatigati
1185 2728 1224 2791 rel

91 2808 324 2869 retroflectamus
348 2827 480 2880 cursum,
508 2806 557 2865 rel
581 2806 739 2866 stationem
759 2819 887 2866 nostram
908 2808 1091 2869 deseramus.
1132 2812 1225 2891 ltaque

93 2884 232 2965 quicquid
252 2885 391 2943 hactenus
412 2881 448 2941 de
467 2881 558 2942 salute
579 2892 685 2942 nostra·
699 2884 858 2962 expositum
880 2883 948 2955 fuit,
967 2897 1092 2947 mentes
1113 2888 1145 2947 in
1162 2904 1224 2947 eoe-

92 2962 153 3023 lum
175 2973 283 3019 erectas
303 2958 434 3039 flagitat,
464 2972 518 3033 „ut
538 2957 700 3032 Christum,
720 2980 806 3039 quem
827 2981 887 3019 non
907 2960 1041 3034 vidimus,
1065 2962 1224 3045 diligatam,

93 3048 124 3098 et
149 3038 178 3095 in
205 3058 271 3096 eum
297 3036 451 3095 credentes
476 3035 648 3095 exsultemus
681 3037 789 3095 laetitia
817 3035 1005 3096 inenarrabili
1032 3048 1067 3097 et
1093 3040 1225 3122 gloriosa,

93 3116 190 3175 donec
209 3134 241 3171 re
264 3124 393 3171 ortemus
413 3110 500 3170 finem
520 3112 588 3170 fidei
608 3118 755 3184 nostrae‚“
777 3124 808 3171 ut
827 3113 931 3172 Petrus
950 3112 1103 3175 admouet
1116 3116 1225 3195 (teet

92 3200 122 3266 1,
140 3192 194 3265 8.).
235 3135 302 3262 gua
323 3185 437 3247 ratione
455 3188 562 3248 Paulus
581 3189 663 3266 (Col.
677 3196 705 3263 1,
718 3190 761 3264 5.)
782 3188 868 3248 fidem
889 3201 919 3248 et
937 3189 1095 3250 caritatem
1118 3194 1226 3273 piorum

92 3266 239 3344 respicere
265 3264 336 3323 dicit
360 3264 417 3336 „ad
445 3285 525 3343 spem
546 3284 620 3342 quac
645 3265 674 3323 in
696 3266 781 3325 coelo
803 3278 846 3325 est
865 3265 1023 3344 reposita.“
1068 3268 1174 3343 Quum
1192 3269 1227 3328 ita

94 3341 185 3405 oculis
204 3343 234 3399 in
256 3340 405 3400 Christum
432 3339 528 3401 deliris
554 3360 570 3398 c
596 3341 682 3401 conlo
708 3341 884 3432 pendemus,
915 3341 1160 3424 necquicquam
1182 3364 1226 3405 eoa

91 3428 225 3479 moratur
243 3416 274 3475 in
293 3427 382 3484 terra,
402 3418 556 3494 quominus
568 3416 602 3475 ad
623 3438 791 3495 promissam
812 3418 1023 3477 beatitudinem
1045 3441 1109 3481 nos
1130 3424 1228 3493 serani.

93 3495 232 3574 impletur
263 3512 332 3551 vere
362 3492 448 3567 illud,
485 3513 537 3551 cor
567 3506 698 3553 nostrum
725 3513 786 3553 esse
813 3495 862 3552 uhi
883 3508 926 3553 est
949 3495 1115 3559 thesaurus
1135 3512 1227 3562 notter

92 3573 211 3651 (Matth.
230 3579 258 3643 6,
277 3573 349 3647 ⁶25).
368 3603 406 3614 -
443 3569 521 3627 llinc
540 3581 598 3628 tam
619 3591 681 3629 rara
701 3571 731 3629 in
752 3572 861 3629 mundo
881 3571 968 3645 fides,
995 3575 1084 3649 quod
1106 3574 1228 3639 tarditati

92 3661 210 3709 nostrae
232 3647 303 3708 nihil
324 3667 368 3705 rna
392 3646 414 3704 is
434 3644 553 3704 difficile
566 3660 706 3725 estquam
727 3666 780 3726 per
798 3648 950 3706 innumera
970 3648 1136 3715 obstacula
1153 3666 1229 3715 tna·

94 3726 236 3787 scendere
259 3666 411 3805 pergendo
433 3722 468 3782 ad
493 3722 618 3799 palmam
637 3743 779 3801 supernae
798 3723 966 3783 vocationis.
1006 3724 1055 3783 nd
1081 3730 1227 3813 ingente·

92 3803 274 3862 miseriarum
287 3799 445 3873 cumulum,
458 3819 516 3878 quo
538 3798 600 3858 sere
611 3798 772 3872 obruimur,
792 3801 934 3860 accedunt
953 3800 1160 3879 profanorum
1178 3806 1227 3865 ho·

92 3879 203 3938 minum
224 3876 358 3947 ludibria,
378 3874 482 3954 quihus
502 3874 651 3954 impetitur
667 3887 766 3934 nostra
786 3875 964 3956 simplicitas:
986 3877 1058 3937 dum
1082 3882 1227 3945 honorum

92 3953 287 4034 praesentium
313 3951 459 4012 illecebris
482 3964 589 4030 sponte
608 3952 823 4027 renuntiantes,
852 3953 983 4012 videmur
1002 3952 1228 4033 beatitudinem,

160 4234 189 4304 ⁸)
214 4232 431 4294 ll.'t'irn.1,1tl.
473 4234 511 4286 lo.
528 4237 558 4297 5,
574 4237 617 4288 ‘2-1.
658 4236 815 4304 llplr.2‚ti.
833 4236 871 4288 19.
912 4234 990 4287 lium.
1007 4236 1040 4297 8,
1058 4237 1225 4293 lli—18·-

43 4380 47 4385 ι
92 4300 176 4355 Paulo
194 4315 253 4371 post
271 4303 376 4355 consec:
395 4299 461 4355 Heu.
479 4304 520 4367 11,
540 4309 562 4360 1.
597 4303 630 4355 ll.
648 4303 708 4357 Cor.
726 4306 751 4366 ὗ,
768 4304 792 4357 θ.
827 4304 886 4357 Col.
903 4304 969 4365 ihil.
1005 4302 1059 4365 Tit,
1076 4308 1106 4369 ⁴2,
1128 4308 1169 4363 12

28 4398 69 4440 Ιι.
