2700 4732
203 135 263 196 m
586 126 664 188 LIB.
684 124 728 188 11.
768 127 857 189 CAP.
879 126 963 189 VIII.

203 274 289 335 tione
300 271 389 354 digna
402 288 465 362 non
477 280 531 330 est
567 268 638 362 Iure
657 269 749 353 Igitur
766 290 821 332 suo
837 268 975 346 decedit'
985 291 1075 362 quun
1093 230 1231 365 praenlrp

207 350 296 501 ppnit
319 360 429 409 nostrus
453 345 618 425 obsequns,
649 367 725 428 quae
749 368 811 409 non
832 347 911 409 ultro
932 368 988 408 ceu
1005 347 1140 411 rudebrta
1157 348 1231 411 exbrl

241 428 290 487 uid
308 437 406 488 autem
424 423 503 504 ipsae
523 424 611 484 nobis
629 444 733 504 perse
752 424 888 498 afferant,
907 425 1013 517 partim
1033 425 1143 485 dictum
1156 437 1217 502 est,

204 502 309 566 clarius
328 502 433 561 itemm
452 520 507 560 suo
526 498 594 560 loco
614 522 650 579 ap
673 500 774 560 arebit.
810 501 887 561 Satis
906 524 935 560 nr
978 501 1195 579 rossensis-est,
1214 524 1229 565 s

205 601 271 640 mus
289 600 322 640 ac
341 589 510 657 reputamus
530 596 592 636 esse
611 576 641 634 in
688 578 749 658 egis
774 524 1015 655 promissIonrbus
1040 598 1103 638 non
1127 578 1231 662 vulgar

205 656 305 719 stitiae
324 651 624 715 commendationem:
645 674 704 730 quo
725 652 832 713 certius
852 666 977 727 constet,
997 666 1181 735 quantopere
1200 655 1229 716 I)

206 754 222 794 c
241 745 271 792 at
290 731 351 791 eius
362 727 545 791 observatio:
565 731 731 789 sanctiones
751 729 780 788 In
792 730 931 790 maiorem
944 730 1101 791 iniustitiae
1112 750 1229 793 exsecra

206 830 271 870 esse
289 806 409 889 positas,
429 824 467 864 ne
487 804 623 864 vitiorum
644 804 792 866 blanditiis
803 806 949 868 delibutus
960 818 1111 887 peccator,
1132 807 1231 870 iudicis

207 882 355 968 gislatoris
374 880 431 943 sibi
449 891 580 962 paratum
601 881 796 946 obliviscatur.
1005 894 1012 905 ·

283 967 312 1026 5.
352 958 450 1018 Porro
471 957 549 1036 quod
570 957 716 1019 Dominus
735 958 882 1037 perfectae
902 959 1028 1019 iustitiae
1053 959 1185 1040 regulam
1216 973 1230 1021 t

205 1058 271 1115 rus,
302 1053 406 1095 omnes
430 1036 491 1093 eius
516 1047 613 1111 partes
633 1035 668 1094 ad
687 1033 867 1094 voluntatem
888 1057 967 1096 suam
988 1037 1154 1112 revocarit,
1184 1037 1216 1097 in

205 1116 319 1173 dicatur
337 1110 410 1172 nibil
430 1128 493 1170 esse
512 1110 554 1170 illi
578 1111 725 1190 acceptius
754 1111 931 1171 obedientia.
990 1111 1083 1185 Quod
1113 1133 1151 1171 eo
1171 1113 1230 1205 dilip

205 1188 422 1250 observandum
443 1197 502 1259 est,
532 1208 591 1266 quo
611 1185 775 1278 proclivior
805 1199 849 1247 est
879 1189 1022 1251 humanae
1041 1188 1148 1249 meutis
1166 1189 1230 1251 laser

150 1319 155 1327 .
205 1265 303 1327 varios
331 1263 492 1323 identidem
521 1263 733 1344 excogitandos
750 1262 859 1337 cultus,
892 1264 997 1342 quibus
1031 1264 1113 1323 illum
1144 1265 1230 1327 deme

204 1340 351 1403 Omnibus
376 1339 455 1399 enim
482 1338 604 1399 saeculis
631 1339 702 1399 lraec
725 1339 888 1422 irreligiosa
911 1341 1062 1422 religionis
1086 1340 1230 1405 assecutis

203 1418 334 1479 hnmano
354 1415 475 1496 iugenio
495 1413 666 1475 naturaliter
688 1415 773 1476 insita
800 1418 858 1494 est)
888 1436 919 1476 se
945 1417 1089 1496 prodidit,
1118 1439 1152 1479 ac
1177 1419 1230 1481 etit

204 1494 323 1576 prodita
348 1492 429 1573 qnod
448 1490 584 1551 bomines
603 1492 815 1571 comparandae
836 1494 960 1552 iustitiae
980 1494 1125 1554 rationem
1145 1508 1228 1575 praet

203 1571 325 1633 verbum
345 1587 462 1647 semper
481 1568 663 1629 comminisci
682 1568 810 1649 gestiunt
827 1570 872 1651 ff).
892 1569 980 1629 Unde
1000 1568 1031 1628 in
1052 1570 1149 1647 bonis,
1169 1594 1230 1652 qua

203 1650 335 1708 munitet
348 1655 516 1717 censentur,
535 1645 675 1724 operibus
695 1646 895 1725 angustiorem
915 1647 1012 1706 locum
1032 1659 1136 1706 tenent
1145 1648 1230 1731 Legis

204 1736 305 1804 cepta,
335 1723 489 1782 innumera
513 1720 562 1780 illa
583 1720 779 1781 bumanorum
799 1722 884 1782 turba
904 1734 1001 1783 totum
1022 1723 1084 1783 lere
1103 1726 1227 1815 spatium

225 1811 303 1878 ante.
350 1798 393 1858 At
411 1817 485 1859 uero
504 1798 574 1878 quid
593 1796 671 1858 aliud
691 1797 789 1858 Moses
809 1819 896 1877 qnam
917 1799 1061 1860 eiusmodi
1079 1799 1230 1861 libidinem

203 1823 277 1939 bere
295 1875 417 1947 studuit,
437 1896 528 1956 quum
545 1886 615 1954 post
633 1873 720 1955 Legis
740 1874 1006 1956 promulgationem
1031 1876 1073 1936 sic
1113 1876 1230 1956 opulum

204 1950 349 2035 pellaret?
387 1951 436 2012 Cs.
467 1951 556 2011 Dent.
583 1956 639 2026 12,
656 1956 686 2015 8·
705 1956 754 2017 28.
782 1963 812 2011 et
837 1959 866 2026 5,
885 1958 932 2016 32.
952 1956 1000 2016 33.
1039 1898 1229 2027 „Observata

206 2028 341 2106 „0mnIa,
361 2046 436 2106 quae
455 2027 605 2107 praecipio
625 2027 695 2103 ribi,
725 2040 759 2086 ut
783 2027 861 2087 bene
880 2030 917 2088 sit
936 2029 990 2088 tibi
1011 2040 1041 2087 et
1059 2029 1123 2089 liliis
1142 2030 1201 2090 tuis
1220 2053 1229 2111 p

206 2108 258 2182 „in
277 2104 502 2184 sempiternum,
534 2124 623 2182 quum
642 2102 747 2162 leceris
767 2105 846 2182 quod
867 2105 979 2165 bonum
999 2118 1059 2179 est,
1079 2117 1110 2164 et
1125 2106 1229 2195 placitu

206 2203 287 2259 „ram
306 2182 374 2240 Deo
396 2191 459 2240 tuo.
505 2179 597 2254 Quod
616 2179 764 2258 praecipio
783 2180 848 2253 tibi,
869 2181 925 2242 hoc
944 2192 1056 2242 tantum
1077 2183 1181 2243 laerte:
1203 2206 1229 2243 m

217 2259 288 2334 ‚das‚
306 2276 363 2316 nee
382 2256 525 2316 minuas.“
562 2257 660 2335 ¹Itque
680 2268 775 2325 antea,
795 2254 889 2334 quum¹
904 2270 1024 2319 testatus
1038 2271 1113 2320 emet
1125 2259 1229 2337 (Dent.

205 2303 283 2394 banc
303 2352 364 2393 esse
385 2332 445 2391 eius
465 2331 635 2423 sapientiam
657 2344 687 2391 et
705 2332 928 2413 intelligentiam
949 2355 1047 2394 coram
1066 2335 1188 2415 reliquis
1206 2356 1227 2397 n

204 2410 277 2484 bus,
307 2407 388 2489 quod
417 2408 539 2478 iudicia,
568 2409 691 2469 iustitias
712 2419 742 2468 et
760 2410 941 2470 ceremonias
961 2410 1121 2491 accepisset
1148 2410 1229 2481 a,l)2

205 2486 381 2555 subiecerat:
402 2485 549 2557 „Custodi
567 2485 657 2565 igitur
676 2497 706 2544 te
732 2485 824 2578 ipsum
847 2498 876 2546 et
896 2488 1021 2546 animam
1041 2500 1120 2548 tuam
1138 2488 1229 2550 solllci

205 2561 409 2640 „obliviscaris
428 2560 603 2636 verborum,
633 2583 706 2641 qnae
725 2561 861 2622 viderunt
880 2563 957 2621 oculi
977 2564 1035 2636 tuI,
1065 2576 1096 2623 et
1119 2586 1158 2624 ne
1178 2565 1229 2629 alit

205 2638 359 2716 „excidant
377 2656 395 2696 c
413 2637 503 2698 corde
522 2642 607 2697 tuo.“
645 2639 724 2712 Quia
742 2638 854 2698 scilicet
873 2640 1047 2717 providebat
1064 2640 1155 2712 Deus,
1176 2662 1229 2701 nor

205 2727 289 2776 turos
307 2713 469 2789 Israelitas,
488 2716 558 2793 quin
579 2727 697 2794 recepta
717 2716 798 2795 Lege
817 2736 906 2775 novas
925 2728 1077 2794 praeterea
1096 2719 1219 2779 iustitias

206 2792 317 2867 rirent,
345 2791 403 2850 nisi
431 2811 532 2851 severe
562 2791 774 2851 retinerentur:
810 2790 857 2850 bic
883 2793 1006 2852 iustitiae
1030 2793 1228 2872 perfectiones

206 2867 446 2948 comprehensam
466 2867 654 2948 pronuntiat,
679 2869 759 2948 quod
778 2867 979 2927 validissimum
999 2870 1193 2932 retinaculum
1213 2891 1228 2931 e

205 2944 311 3005 bebat:
331 2962 386 3002 nec
405 2955 503 3004 tamen
522 2943 558 3003 ab
578 2943 626 3003 illa
645 2956 802 3034 tantopere
813 2946 902 3004 vetita
914 2946 1031 3004 audacia
1044 2946 1228 3008 destiterunt.

206 3021 281 3081 nos?
300 3020 407 3080 eodem
425 3031 506 3080 certe
525 3019 606 3081 dicto
626 3020 867 3101 constringimur:
889 3043 949 3080 non
964 3023 1228 3103 enimdubiumqtu

230 3109 300 3156 etuo
331 3095 426 3156 valcat
444 3095 528 3168 illud,
557 3116 616 3187 quo
649 3096 811 3156 absolutam
842 3098 968 3157 iustitiae
990 3098 1154 3159 doctrinam
1174 3100 1228 3183 Lep

239 3172 353 3233 omlnus
377 3171 547 3234 viudicavit:
571 3171 623 3232 rlla
643 3184 739 3232 tamen
760 3193 822 3232 non
841 3174 992 3249 contenti,
1009 3175 1094 3235 bonis
1115 3179 1228 3255 operibr

206 3267 296 3328 super
314 3247 369 3309 alla
388 3247 589 3329 confingendis
609 3260 640 3308 et
664 3249 803 3308 cudendis
827 3249 996 3330 prodigiose
1026 3250 1202 3315 laboramus.

205 3323 336 3386 sanando
355 3326 427 3386 vitio
445 3326 606 3384 remedium
625 3325 769 3403 optimum
788 3325 853 3399 erit,
871 3326 895 3385 si
916 3339 1085 3388 constanter
1104 3329 1228 3391 insedcri

205 3400 363 3482 cogitatio,
387 3401 497 3481 Legem
516 3400 602 3461 uobis
621 3421 684 3460 esse
705 3401 841 3461 divinitus
867 3404 1016 3477 traditam,
1047 3425 1123 3485 quae
1149 3426 1207 3467 nos

170 3518 174 3523 -
204 3488 283 3538 ctam
302 3477 442 3537 iustitiam
462 3477 617 3537 edoceret:
635 3477 696 3538 illie
715 3498 775 3536 non
797 3477 880 3537 aliam
899 3480 1037 3539 iustitiam
1058 3482 1169 3552 doceri,
1188 3483 1228 3545 nis

206 3553 242 3612 ad
271 3555 484 3633 praescriptum
507 3554 622 3613 divinae
645 3553 802 3613 voluntatis
822 3555 966 3636 exigatur:
999 3556 1104 3617 frustra
1126 3558 1220 3638 Igitur

206 3648 331 3708 operum
351 3630 459 3689 formas
479 3629 513 3689 ad
534 3630 742 3689 demerendum
762 3630 858 3689 Deum
879 3633 994 3707 tentari,
1013 3634 1094 3693 cuius
1113 3633 1142 3694 le
1165 3636 1227 3697 itim

208 3717 253 3764 tus
271 3704 334 3767 sola
354 3716 470 3765 constat
488 3705 666 3767 obedientia.
724 3706 806 3781 Quin
830 3708 934 3785 potiusx
949 3711 1029 3800 quod
1049 3721 1128 3770 extra
1178 3713 1206 3773 ei
1224 3765 1227 3774 .

205 3792 346 3864 evagetur
360 3781 507 3842 bonorum
526 3803 650 3862 operum
669 3783 812 3858 studium,
831 3804 893 3843 esse
914 3785 1027 3846 divinae
1045 3807 1192 3868 veraeque
1210 3790 1227 3850 ir

204 3878 267 3919 non
293 3857 477 3919 tolerandam
505 3859 751 3938 profanationem.
810 3861 967 3922 Verissime
996 3883 1117 3944 quoque
1144 3866 1227 3950 Augu

271 4164 300 4233 ⁸)
316 4165 375 4223 vid.
393 4166 464 4225 Cale.
481 4168 526 4226 lib.
544 4171 578 4224 dc
592 4190 653 4226 vera
670 4170 792 4227 ecclesiae
809 4173 991 4229 reformandae
1006 4171 1114 4228 ratione.
