2700 4732
515 168 867 273 mmmmm
1211 215 1248 277 n

118 354 158 413 lis
176 350 380 442 purificantur:
407 365 440 411 ut
463 352 528 415 talis
551 354 661 414 institia
686 374 746 415 uno
766 352 858 413 uerbo
879 352 1020 435 appellari
1038 364 1127 434 queat
1145 370 1248 434 pecca·

117 442 221 491 torum
239 430 381 489 remissio.

196 510 245 595 22.
284 505 449 596 Utrpmque
478 505 582 568 horum
601 506 778 588 pulcerrime
797 504 889 585 liquet
915 525 948 566 er
967 505 1015 566 isti
1035 505 1118 598 Pauli
1136 504 1245 599 verbis,

117 600 271 716 ἓιῗιαιιεᾶιιιεῖιῐιΙΙ
280 582 639 732 sihilibhlodddiahdrhdd
658 583 808 734 iiiipiitiiis)
816 582 1057 719 hdiiiibihuldhhsa
1071 582 1244 733 ipelfilpppsqq

119 732 258 811 deposuit
275 732 351 813 apud
372 754 426 795 nos
437 735 557 795 rerhnm
577 734 853 796 reconciliationis.“
889 734 1006 793 Deinde
1021 754 1160 794 suminam
1175 754 1242 794 suae

118 806 276 889 legationis
295 808 406 869 subdit:
437 811 531 885 „Eum
552 812 601 891 qui
632 822 784 901 peccatum
813 831 873 870 non
904 824 1041 886 noverat,
1071 830 1127 889 pro
1155 810 1241 871 nohis

117 896 273 963 peccatum
293 884 378 959 lecit,
409 899 442 945 ut
460 888 567 947 iustitia
587 888 643 947 Dei
664 887 848 949 efficeremur
863 887 895 947 in
916 886 999 946 illo.“
1049 886 1192 946 Iustitiam
1212 897 1242 944 et
1301 934 1325 957 .,

116 959 389 1021 reconciliationem
408 961 456 1022 hie
496 964 639 1024 romiscue
658 966 802 1039 nominat,
820 974 853 1022 ιιι
870 962 993 1023 alterum
1012 962 1067 1023 snh
1085 962 1178 1023 altero
1198 962 1242 1020 ri-

118 1036 214 1096 eissim
234 1037 380 1097 contineri
404 985 607 1121 intelligamus.
657 1038 779 1101 Modum
807 1051 905 1098 antem
936 1039 1132 1119 assequendae
1156 1037 1241 1099 huius

116 1112 246 1185 iustitiae
265 1113 379 1187 docet„
393 1114 461 1173 dum
482 1115 567 1176 nohis
594 1115 699 1176 delicta
727 1136 789 1174 non
819 1116 1008 1195 imputantur.
1060 1115 1161 1189 Quare
1179 1134 1241 1173 non

117 1187 241 1268 posthae
268 1187 381 1250 dubites
400 1192 551 1269 quomodo
572 1213 626 1253 nos
645 1193 727 1251 Deus
745 1191 895 1264 iustificet,
926 1212 1014 1269 quum
1034 1191 1116 1251 andis
1134 1210 1240 1250 recon-

117 1263 219 1324 ciliare
238 1285 292 1324 nos
311 1265 383 1339 sihi,
401 1288 463 1326 non
481 1268 653 1347 imputando
665 1268 779 1327 delicta.
803 1266 853 1327 Sic
872 1267 907 1327 ad
918 1267 1067 1327 Romanos
1078 1270 1121 1343 (l,
1132 1273 1161 1330 6.
1172 1268 1241 1345 sq),

115 1339 239 1401 Daridis
257 1341 425 1403 testimonio
445 1344 561 1425 prohat,
581 1344 691 1404 homini
710 1344 845 1423 imputari
863 1344 998 1404 iustitiam
1009 1345 1074 1403 sine
1091 1342 1241 1422 operibus,

116 1417 186 1497 quia
204 1416 255 1475 ille
274 1416 390 1476 beatum
411 1423 583 1498 pronuntiat
600 1421 759 1493 hominem,
779 1419 859 1479 cuius
882 1420 1017 1479 remissae
1040 1431 1113 1481 sunt,
1133 1419 1240 1498 iniqui·

114 1504 208 1567 tates,
237 1495 319 1553 cuius
347 1506 423 1554 tecta
447 1508 515 1555 sunt
538 1508 671 1576 peccata,
700 1498 746 1557 cni
765 1496 910 1555 Dominus
935 1514 996 1554 non
1016 1495 1168 1575 imputavit
1188 1496 1239 1552 de-

114 1567 195 1628 licta.
214 1601 253 1612 —
289 1570 505 1630 Beatitudinem
532 1572 745 1652 proculdubio
770 1593 824 1649 pro
845 1571 952 1631 iustitia
972 1571 1030 1630 illie
1049 1572 1150 1650 ponit:
1177 1590 1239 1630 eam

138 1664 207 1703 uum
228 1654 335 1704 asserat
359 1646 388 1703 in
413 1647 585 1706 remissione
610 1661 795 1740 peccatorum
822 1648 997 1719 consistere,
1026 1667 1086 1706 non
1120 1658 1164 1707 est
1187 1667 1239 1705 cur

114 1666 203 1780 iliter
219 1718 311 1798 ipsam
331 1719 510 1782 definiamus.
548 1724 677 1784 Proinde
693 1723 845 1783 Zacharias
865 1734 947 1802 pater
965 1722 1084 1783 Ioannis
1093 1722 1240 1803 Baptistae

116 1797 317 1877 cognitionem
337 1796 435 1858 salutis
455 1799 484 1858 in
504 1800 674 1859 remissione
715 1810 881 1858 creatorum
906 1798 1029 1877 positam
1054 1796 1134 1857 canit
1151 1798 1239 1876 (Luc,

114 1880 146 1945 1,
156 1875 229 1950 π),
267 1874 364 1946 Quam
384 1874 512 1955 regulam
530 1887 669 1954 sequutus
688 1820 793 1935 lautus
812 1876 841 1933 in
860 1874 1017 1951 concione,
1036 1896 1120 1954 quam
1140 1873 1177 1933 de
1193 1893 1239 1933 sa·
1259 1876 1265 1891 '

115 1948 186 2009 lutis
210 1970 319 2010 summa
343 1951 420 2031 apud
438 1951 641 2012 Antiochenos
667 1951 782 2022 hahuit,
812 1950 990 2011 conclusisse
1014 1952 1044 2011 in
1073 1950 1151 2011 hunc
1173 1969 1238 2008 mo·

114 2025 187 2085 duna
204 2047 222 2088 a
240 2025 319 2085 Luca
338 2039 473 2087 narratur
491 2028 624 2104 (Act.13,
633 2034 680 2093 38.
689 2030 803 2103 et39.):
822 2027 902 2101 „l'er
921 2025 998 2087 hunc
1017 2026 1148 2086 remissio
1168 2045 1239 2105 pec·

114 2114 270 2177 „catorum
290 2101 373 2163 vohis
392 2105 594 2163 annuntiatur:
621 2116 651 2163 et
675 2105 712 2163 ah
732 2104 869 2164 oninihus
889 2103 923 2163 iis
942 2124 958 2162 a
978 2103 1081 2182 quihus
1102 2122 1162 2162 non
1183 2122 1237 2181 po·

114 2178 232 2255 „tristis
251 2178 398 2238 iustificari
417 2180 446 2237 in
466 2180 547 2261 Lege
565 2181 675 2254 iliosis,
694 2183 724 2239 in
746 2180 822 2240 huni:
842 2180 936 2239 omnis
956 2181 1005 2258 qiii
1026 2179 1135 2253 eredit,
1155 2178 1246 2238 iusti·-

113 2254 270 2329 „ficatur.“
314 2256 364 2315 Sic
388 2255 586 2316 remissionem
612 2270 797 2337 peccatorum
823 2256 972 2317 connectit
991 2255 1151 2335 Apostolus
1170 2274 1237 2314 cum

113 2332 240 2405 iustitia,
263 2344 297 2393 ut
315 2331 393 2390 idem
413 2353 531 2410 prorsus
550 2354 612 2392 esse
632 2334 778 2393 ostendat:
811 2333 890 2391 unde
908 2332 1014 2390 merito
1036 2330 1237 2407 ratiocinatur,

135 2409 267 2469 ratuitam
293 2427 355 2467 esse
383 2407 469 2467 nohis
499 2409 652 2483 iustitiam,
676 2432 759 2489 quani
779 2408 959 2490 indulgentia
979 2407 1036 2466 Dei
1056 2407 1233 2467 obtinemus.

112 2428 220 2565 licque
245 2485 379 2544 inusitata
398 2484 489 2543 videri
510 2487 598 2545 dehet
624 2486 773 2566 loquutio,
802 2486 892 2545 iustos
917 2505 978 2544 non
999 2482 1154 2564 operibus,
1184 2483 1235 2543 sed

113 2562 239 2645 gratuita
259 2561 430 2638 acceptione
450 2582 512 2621 esse
532 2563 630 2621 fideles
650 2584 747 2622 eoram
766 2563 845 2621 Deo:
866 2583 954 2640 quum
974 2573 1004 2619 et
1022 2561 1111 2620 toties
1131 2581 1235 2620 occur·

113 2653 160 2699 rat
190 2639 219 2698 in
240 2638 406 2714 Scriptura,
436 2649 465 2695 et
491 2652 603 2698 veteres
628 2638 713 2698 etiam
733 2638 879 2697 interdum
907 2637 947 2696 sic
979 2636 1146 2715 loquantur.
1185 2636 1235 2695 Sic

114 2717 194 2775 enim
219 2713 325 2774 alicubi
351 2714 576 2792 Augustinus
603 2715 656 2794 [el.
678 2717 714 2773 de
735 2714 821 2774 Civit.
841 2714 898 2771 Dei
925 2712 975 2771 lih.
998 2720 1044 2778 19.
1070 2734 1137 2802 cap..
1153 2712 1234 2802 27.]:
1342 2760 1345 2765 .

111 2795 310 2868 „Sanctorum
330 2789 435 2849 iustitia
461 2791 489 2849 in
520 2791 577 2849 boc
602 2792 712 2851 mundo
737 2794 827 2867 magis
847 2801 1034 2869 peecatorum
1064 2808 1237 2847 remissione

112 2880 245 2940 constat,
274 2887 360 2958 quam
379 2867 563 2945 perfectione
581 2868 749 2926 virtutiim.“
788 2868 846 2927 Cui
874 2865 1055 2944 respondent
1073 2864 1239 2942 praeclarae

111 2943 291 3008 bernardi
309 2942 471 3002 sententiae
491 2944 645 3023 [liernard.
665 2943 760 3002 Serm.
781 2950 827 3007 22.
846 2953 875 3001 et
893 2948 941 3006 ⁶23.
963 2941 992 2999 in
1013 2940 1127 3018 Cantl:
1146 2940 1235 3012 „Non

112 3041 248 3107 peccare,
268 3019 325 3078 Dei
345 3019 450 3079 iustitia
472 3034 530 3079 est:
553 3019 676 3079 hominis
691 3032 787 3079 autem
805 3017 925 3092 iustitia,
946 3017 1001 3076 Dei
1022 3017 1234 3097 indulgentia.“

79 3118 85 3131 ·
112 3107 193 3160 Ante
223 3109 319 3155 autem
349 3109 493 3154 asseverat
513 3097 660 3155 llhristum
692 3096 778 3156 nobis
809 3115 870 3155 esse
896 3094 1032 3153 iustitiam
1058 3093 1087 3151 in
1117 3093 1233 3152 absolu-

112 3179 212 3249 tionc,
235 3174 361 3252 ideoque
385 3171 464 3230 solos
484 3194 546 3232 esse
566 3174 668 3247 iiistos,
687 3173 737 3252 qui
756 3173 871 3232 reniam
892 3191 925 3230 eii
944 3170 1141 3231 misericordia
1161 3189 1234 3227 con-

112 3249 229 3331 sequuti
246 3261 322 3310 sunt.

190 3332 237 3390 23
273 3326 351 3384 llinc
372 3337 402 3382 et
420 3324 491 3382 illud
505 3326 668 3395 conficitur,
687 3325 749 3386 sola
768 3325 977 3386 intercessione
997 3320 1234 3383 iustitiaelihristi

110 3426 169 3465 nos
188 3401 333 3476 obtinere,
352 3413 385 3458 ut
403 3421 500 3459 coram
512 3402 578 3460 Deo
599 3401 793 3461 iristiliceniur.
833 3402 923 3475 Quod
944 3401 1066 3481 perinde
1081 3398 1159 3461 valet
1177 3398 1233 3457 acsi

111 3484 273 3552 diceretur,
299 3477 446 3537 hominem
467 3498 526 3536 non
548 3478 577 3535 in
597 3499 628 3538 se
647 3479 711 3556 ipso
736 3479 843 3537 iustum
868 3499 944 3549 esse,
967 3478 1018 3538 scd
1038 3478 1103 3556 quia
1125 3475 1234 3535 Christi

106 3556 218 3618 iustitia
238 3555 275 3613 im
300 3555 508 3613 utationeeuni
528 3554 580 3613 illo
600 3554 840 3629 communicatur,
859 3555 937 3633 quod
957 3565 1088 3614 assumta
1107 3549 1235 3611 animad-

67 3638 72 3649 '
108 3635 246 3693 versione
268 3576 387 3711 iignum
408 3643 460 3690 est.
499 3629 648 3710 Siquidem
669 3632 815 3689 evanescit
835 3644 1040 3711 nugamentum
1060 3627 1145 3700 illud,
1163 3627 1233 3686 ideo

107 3707 258 3770 iustificari
278 3706 425 3765 hominem
447 3706 519 3780 fide,
538 3708 673 3785 quonium
695 3706 742 3765 illa
763 3707 902 3786 Spiritum
915 3706 974 3765 Dei
991 3704 1156 3797 participat,
1175 3724 1234 3781 quo

109 3788 202 3845 iustus
225 3782 369 3842 redditur:
400 3783 478 3860 quod
510 3785 600 3863 inagis
626 3796 669 3843 est
693 3785 871 3842 contrarium
902 3781 1045 3862 superiori
1071 3778 1233 3849 doctrinae,

110 3882 198 3940 qnam
220 3872 253 3917 ut
279 3859 428 3918 conciliari
459 3880 584 3939 unquam
605 3871 700 3937 queat.
745 3859 849 3937 Neque
869 3860 946 3918 enim
966 3858 1085 3917 ilubium
1108 3855 1175 3935 quin
1197 3856 1236 3917 sit

108 3939 198 4014 inops
217 3935 354 4015 propriae
380 3935 514 4008 iustitiae,
534 3937 582 4014 qui
602 3936 736 3994 iustitiam
758 3948 836 3994 extra
855 3955 886 3994 se
905 3935 998 4015 ipsum
1018 3952 1158 4013 quaerere
1179 3932 1234 3990 do-

109 4026 204 4073 cetur.
242 4012 277 4069 Id
297 4022 392 4069 autem
413 4011 568 4070 clarissime
579 4012 680 4072 asserit
692 4012 850 4090 Apostolus
861 4010 917 4089 (ll.
929 4013 999 4071 (lor.
1010 4018 1039 4083 5,
1051 4009 1123 4081 at),
1144 4029 1233 4085 quum

109 4089 216 4150 scribit
235 4108 300 4146 enin
321 4090 370 4167 qui
391 4099 540 4166 peccatum
562 4110 621 4147 non
644 4101 779 4162 noverat,
797 4108 851 4166 pro
872 4088 958 4149 nohis
978 4086 1102 4145 hostiam
1123 4084 1236 4163 peccati

109 4166 299 4242 expiatricem
325 4183 386 4223 esse
413 4164 537 4237 lactuiii,
567 4176 601 4222 ut
630 4164 813 4223 efficeremur
837 4166 944 4224 iustitia
962 4163 1021 4222 Dei
1049 4163 1078 4221 in
1104 4162 1177 4241 ipso.
1197 4195 1235 4205 -

111 4242 203 4299 Vides
223 4262 284 4300 non
305 4240 334 4298 iii
356 4240 456 4313 nobis,
475 4242 525 4299 sed
545 4242 575 4299 in
598 4241 715 4300 Christo
737 4260 798 4301 esse
817 4241 954 4301 iustitiam
974 4252 1121 4309 nostram:
1151 4236 1236 4295 nobis

109 4330 230 4379 tautum
246 4338 284 4378 eu
305 4316 367 4378 iure
386 4330 565 4399 competere,
584 4318 650 4401 qnia
662 4318 773 4379 Christi
792 4338 888 4379 sumus
908 4318 1079 4401 participes,
1095 4314 1238 4396 siquidem
