2700 4732
882 40 889 73 l

5 184 161 253 -ιιι
374 203 377 209 ’
478 164 946 293 ιιιιιιῑοιιιιιιιιι.ι

99 327 1241 503 ,ι’ἱῖιῖἵζῖἓὶιξξὲἷῗέξ3ξίἳὶ’ἒὲἱῖἒέιὲἑ’ἱῗζὲιῗ”ῗὲἷὲἓίιὶῗῗὲ

99 492 205 564 postea
215 482 281 544 lieri
294 496 432 566 coeptum
453 496 512 547 eat:
532 485 584 547 red
595 486 734 579 qnoniam
743 487 799 547 nisi
814 489 859 546 sui
869 487 953 563 iuna,
975 498 1006 547 et
1023 486 1097 581 iugo
1116 486 1241 547 maritali

93 556 226 639 suturae,
246 560 431 622 functionem
450 562 532 623 illam
543 574 688 624 sustinere
707 584 768 625 non
789 575 919 644 possent.
958 561 1077 637 Quodsi
1097 563 1166 624 data
1185 563 1240 623 fide

16 656 18 661 ’
99 633 248 719 adnotes
267 636 384 719 nuptias
402 650 620 719 respectarent,
636 639 710 720 quid
730 639 787 700 boc
808 652 872 700 erat
891 639 984 715 aliud,
1003 661 1092 720 quana
1112 640 1173 701 Dei
1189 660 1239 701 vo·

99 714 249 775 sationem
269 712 426 776 excutere?
463 716 532 776 Non
553 716 643 810 igitur
660 716 766 776 mirum
785 717 868 796 qnod
891 716 997 777 talibus
1017 716 1174 779 desideriis
1198 714 1258 777 la·'

97 788 205 851 acirim
223 790 426 863 inclrlirtnm
445 810 494 853 eas
514 792 594 853 dicit.
633 793 741 855 Postea
760 814 832 853 vero
852 793 1046 873 amplificandi
1066 814 1153 855 causa
1170 793 1237 855 aub-

97 865 211 953 iungit,
230 867 307 929 adeo
326 870 403 948 ipsas
422 868 503 948 quod
523 867 664 943 ecclesiae
683 868 833 950 pollicitae
852 881 921 929 sunt
940 890 1002 930 non
1022 880 1189 962 praestare,
1206 880 1238 930 nt

96 942 223 1037 primam
234 964 354 1025 quoque
374 942 462 1033 ¹fidem
481 945 516 1038 in
526 946 676 1028 baptismo
688 946 785 1036 datam
794 945 914 1039 'violent
932 966 966 1006 ac
985 947 1100 1007 irratam
1119 947 1236 1007 sedant:

96 1019 1237 1194 tat,.l3⁰.32⁰..t:3l‘lltt,’.¹.t‚talliatllttsltattttll‘t

97 1171 207 1235 deinde
227 1173 392 1235 honestatis
409 1194 507 1235 curam
527 1174 707 1252 abnuerent,
731 1175 770 1236 ad
790 1195 909 1236 omnem
934 1175 1079 1238 lasciviam
1099 1186 1133 1235 et
1152 1188 1236 1257 petu-

97 1248 218 1312 lantiam
242 1268 276 1311 se
303 1250 533 1344 prostituerent,
564 1252 718 1314 licentiosa
738 1251 938 1332 dissolutaque
957 1252 1018 1312 rita
1044 1250 1121 1313 nibil
1143 1252 1236 1312 minua

96 1346 184 1407 qnam
205 1326 386 1389 Cbriatranas
405 1327 542 1397 mulieres
566 1350 637 1411 prae
660 1348 692 1390 re
718 1328 848 1391 lerrenta
873 1328 924 1409 qui
943 1327 1144 1391 sensnsmilri
1168 1346 1236 1421 prr·

93 1400 202 1487 placet.
240 1402 465 1485 Respondemus
485 1424 574 1487 ergo,
607 1426 682 1486 quae
712 1416 785 1467 tune
809 1404 847 1466 ad
870 1403 1022 1484 publicum
1041 1405 1234 1466 miniatemum

90 1478 318 1561 recipiebantur
333 1480 449 1556 viduae,
470 1500 517 1543 eas
537 1483 593 1544 sibi
637 1502 670 1541 er
692 1481 753 1542 etui
772 1480 934 1543 coelibatus
956 1480 1163 1542 conditionem
1182 1480 1234 1540 im·

92 1556 243 1693 posuisse:
262 1556 288 1619 si
305 1568 410 1637 postea
430 1556 589 1634 nuberent,
609 1501 694 1618 lidii
712 1557 808 1619 intelli
832 1558 903 1618 ’mus
923 1557 1062 1619 accidisse
1071 1558 1155 1639 quod
1166 1557 1234 1618 dicit

121 1632 215 1711 aulus,
236 1644 269 1695 ut
287 1633 424 1714 proiecto
445 1635 570 1715 pudore,
589 1635 797 1696 insolentiores
837 1645 1018 1715 erantquam
1031 1634 1154 1695 deceret
1171 1656 1234 1694 mn·

93 1706 182 1773 lieres
203 1710 390 1774 Christianos.
429 1710 475 1772 lta
495 1733 557 1772 non
576 1712 672 1773 solum
691 1731 843 1793 peccasse,
868 1710 957 1769 fidem
976 1710 1120 1773 ecclesiae
1140 1711 1233 1772 datam

93 1784 244 1866 sallendo,
273 1788 325 1849 sed
345 1808 361 1848 a
381 1789 529 1849 communi
554 1788 668 1869 piarum
688 1786 845 1847 mulierum
864 1787 931 1869 lege
952 1786 1120 1875 descivisse.
1173 1786 1230 1848 Sed

89 1864 220 1958 primum
241 1884 332 1947 nego,
351 1864 406 1925 alia
426 1862 541 1926 ratione
560 1865 705 1945 professas
719 1883 781 1924 esse
791 1864 980 1938 coelibatum,
999 1865 1056 1926 nisi
1072 1866 1142 1945 quia
1162 1884 1232 1925 eon·

91 1943 205 2023 augium
225 1962 292 2004 cunr
313 1962 347 2002 ea
371 1962 459 2021 quam
483 1942 625 2003 subibant
648 1941 803 2003 iunctione
831 1941 952 2001 minime
976 1941 1168 2003 conveniret:
1198 1961 1231 2001 ae

92 2019 218 2079 omuino
244 2038 278 2080 se
301 2017 338 2079 ed
363 2018 542 2080 coelibatum
566 2018 745 2092 astrinxisse,
774 2017 832 2077 nisi
857 2028 1001 2100 qnatenus
1027 2017 1121 2079 ferret
1145 2038 1230 2079 voca·

90 2094 183 2156 tionis
202 2114 272 2157 suae
295 2095 462 2156 necessitas.
510 2094 629 2155 Deinde
647 2093 687 2156 ita
712 2093 858 2175 obligatas
882 2114 944 2153 non
971 2094 1107 2156 concedo
1133 2095 1229 2169 luisse,

90 2171 243 2310 illidii
260 2184 336 2309 mii
353 2170 987 2329 ‘llll‘altrat.''titulati‘'
1001 2170 1228 2309 ·⁰t'.'¹.³.‘..²⁰'l.‘t

91 2336 217 2386 aetatem
239 2292 306 2386 dico
326 2344 342 2384 a
362 2271 651 2407 Panloqpraescribi,
672 2345 747 2406 quae
766 2324 804 2385 sit
824 2324 1021 2385 communiter
1044 2292 1229 2407 extra’peri·

3 2450 6 2455 .
90 2400 201 2478 culum,
220 2402 391 2484 praesertim
412 2423 502 2483 quum
522 2422 571 2462 eas
590 2414 702 2477 tantum
725 2401 812 2483 deligi
832 2400 942 2476 iubeat,
961 2420 1037 2480 quae
1057 2401 1147 2462 unico
1167 2422 1229 2460 ma·

89 2479 234 2540 trimonio
259 2488 419 2539 contentae
448 2478 649 2540 continentiae
679 2479 830 2558 specimen
855 2480 911 2537 iam
937 2488 1008 2537 ante
1029 2476 1225 2558 praebuerint.

90 2556 204 2618 Votum
216 2566 313 2625 autem
328 2554 492 2616 coelibatus
511 2575 574 2615 non
595 2555 650 2616 alia
669 2555 786 2615 ratione
805 2555 845 2614 im
867 2553 1017 2630 robamux,
1033 2553 1088 2613 nixi
1106 2553 1175 2632 quia
1195 2564 1226 2613 et

31 2682 35 2690 .
112 2655 148 2697 ro
168 2631 249 2695 cultu
269 2651 423 2713 perperam
442 2631 626 2706 aestimatur,
651 2643 682 2692 et
699 2644 813 2692 temere
833 2576 870 2692 ab
890 2632 924 2692 iis
946 2639 1137 2711 nuncupatur,
1158 2631 1226 2711 qui-

88 2654 146 2774 bus
165 2710 340 2772 continendi
359 2720 488 2792 potestas
507 2708 583 2769 iacta
603 2730 665 2769 non
686 2720 739 2769 est.

145 2784 216 2853 ‘19.
254 2786 301 2848 Ad
321 2786 464 2847 moniales
483 2804 555 2848 vero
576 2785 626 2866 qui
650 2785 769 2846 trahere
794 2785 876 2846 licuit
901 2786 981 2846 hunc
997 2778 1084 2844 Pauli
1106 2782 1227 2847 loctim?

88 2865 278 2929 Creabantur
305 2866 384 2926 enim
409 2864 606 2939 diaconissae,
635 2884 697 2923 non
728 2875 762 2923 ut
790 2864 978 2924 cantionibus
1002 2872 1056 2921 ant
1078 2881 1226 2923 murmure

87 2964 151 3005 non
182 2938 335 3003 intellecto
364 2942 463 3001 Deum
495 2939 714 3016 demulcerent,
749 2938 893 3019 reliquum
922 2937 1065 3020 temporis
1094 2939 1227 2999 virerent

88 3024 218 3083 otiosae:
249 3018 301 3079 sed
327 3029 360 3078 ut
382 3016 503 3097 publico
524 3018 664 3078 ecclesiae
682 3017 846 3077 ministerio
867 3037 936 3099 erga
955 3037 1015 3097 pan¹
1036 3034 1101 3076 eres
1122 3016 1226 3076 delun·

35 3116 56 3149 ”
89 3107 300 3232 ⁸⁸'‘¹¹l¹‘’.¹¹.‘
319 3036 1080 3232 a:1umcasalium:la
1099 3092 1225 3229 tl'ltl

87 3194 361 3323 ¹elillililarilrtnlleo,
386 3194 466 3327 quod
487 3267 502 3307 a
523 3248 633 3327 nuptiis
653 3215 848 3308 abstinerelat:
869 3247 920 3308 sed
945 3256 1061 3306 tantum
1081 3191 1164 3326 quod
1184 3265 1224 3307 es·

88 3338 155 3392 sent
173 3326 209 3387 ad
229 3325 445 3405 exsequendum
460 3345 544 3386 suum
564 3344 669 3384 munus
690 3325 892 3405 expeditiores.
931 3323 1070 3402 Denique
1090 3343 1153 3383 non
1173 3344 1224 3384 ro·

85 3405 198 3466 rebant
215 3401 262 3463 vel
281 3405 403 3462 ineunte
422 3400 637 3476 adolescentia,
655 3401 702 3460 vel
721 3402 819 3461 medio
839 3401 932 3461 adhuc
953 3400 1055 3459 aetatis
1075 3399 1170 3475 flore,
1192 3410 1223 3458 ut

78 3502 154 3546 uero
175 3491 277 3563 postea
289 3479 489 3559 experimento
511 3479 668 3555 discerent,
687 3491 827 3558 quantum
846 3500 877 3538 se
898 3477 927 3536 in
949 3475 1154 3558 praecipitium
1176 3476 1223 3536 de-

87 3559 210 3620 dissent:
231 3558 283 3618 sed
303 3579 368 3617 cum
388 3576 478 3617 omne
497 3555 659 3635 periculum
679 3574 830 3636 superasse
850 3554 1028 3627 viderentur,
1048 3574 1111 3612 non
1131 3553 1222 3612 minue

84 3648 182 3699 tutum
209 3656 296 3716 quam
319 3645 452 3694 sanctum
475 3643 577 3693 uotum
601 3634 819 3714 nuncupabant.
855 3633 967 3690 Verum
988 3642 1021 3691 ut
1041 3630 1100 3689 duo
1126 3630 1222 3709 priora

85 3734 148 3776 non
169 3733 305 3795 urgeam,
335 3710 402 3772 dico
432 3709 515 3770 nefas
542 3710 630 3771 luisse
655 3710 691 3768 ad
709 3709 872 3769 vovendam
897 3706 1112 3768 continentiam
1133 3705 1222 3786 recipi

84 3789 223 3853 mulieres
242 3801 311 3849 ante
329 3809 439 3850 annum
457 3787 680 3869 sexagesimum:
713 3808 802 3922 epum
822 3784 984 3867 Apostolus
1007 3782 1086 3843 solas
1106 3801 1244 3868 sexage-¹

84 3868 181 3929 nerias
205 3865 354 3940 admittat,
376 3864 509 3924 iuniores
534 3863 647 3925 nubere
671 3874 702 3923 et
739 3864 838 3924 iberos
862 3882 967 3942 parere
992 3859 1102 3919 iubeat
1143 3860 1221 3943 Ergo

83 3966 142 4007 nec
160 3943 208 4004 illa
229 3943 355 4024 primum
375 3940 543 4016 duodecim,
562 3940 668 4000 deinde
679 3941 792 4021 viginti,
812 3950 915 4019 postea
933 3939 1058 4020 triginta
1077 3956 1222 3997 annorum

85 4021 162 4084 lacta
180 4019 321 4081 relaxatio
340 4019 403 4079 ullo
431 4018 521 4087 modo
542 4016 670 4078 excusari
689 4029 802 4099 potesta
834 4028 864 4076 et
882 4016 977 4075 multo
997 4015 1093 4074 minus
1113 4014 1222 4073 tolera·

83 4094 144 4160 bile
165 4108 209 4159 est
228 4096 309 4177 quod
328 4096 454 4157 miserae
473 4093 606 4174 puellae,
625 4105 781 4175 antequam
800 4093 846 4154 vel
866 4114 921 4174 per
939 4104 1064 4152 aetatem
1085 4111 1117 4150 se
1138 4109 1223 4151 nosse

41 4212 45 4223 ·
82 4175 252 4256 potuerint,
277 4171 325 4234 rel
344 4170 436 4233 ullum
457 4173 501 4233 sui
522 4171 752 4252 experimentum
774 4191 897 4251 capere,
928 4181 962 4230 ut
985 4169 1016 4227 in
1043 4165 1112 4227 illos
1132 4166 1222 4227 male-

84 4253 180 4314 dictos
199 4250 320 4331 laqueos
339 4268 371 4310 se
390 4249 530 4323 induant,
554 4270 615 4308 non
637 4260 750 4309 tantum
775 4245 879 4308 fraude
904 4245 1099 4320 inducuntur,
1124 4243 1223 4305 sedai

82 4349 117 4392 ae
135 4327 221 4391 minis
240 4326 469 4410 compelluntur.
506 4324 545 4386 ln
562 4325 684 4406 reliquis
703 4322 822 4389 duobus
834 4323 915 4386 rotis
932 4320 1142 4406 impugnandis
1161 4338 1222 4382 nou
