2700 4732
1146 150 1154 189 ,
1221 140 1229 149 .

492 186 567 248 atu.
588 188 643 246 111.
685 188 773 250 cae.
794 187 873 249 xxt.
1200 200 1259 265 129

117 332 326 415 possideamus.
370 333 445 391 Nam
466 345 499 391 ut
523 331 794 411 deficiantomuia,
814 332 896 392 Deus
916 344 1014 393 tamen
1035 353 1182 415 uunquam
1203 359 1259 401 nos
1303 350 1307 359 '

119 410 274 483 destituet,
299 408 349 501 qui
374 409 621 488 exspectationem
646 430 678 469 ac
708 409 879 488 patientiam
899 430 1020 485 suorum
1041 409 1174 472 frustrari
1195 435 1258 475 nou
1317 426 1323 442 ¹

118 499 227 568 potest.
266 488 332 546 Errt
350 486 411 564 ipse
434 507 506 544 nnus
528 484 613 544 nobis
635 506 689 564 pro
703 484 850 557 omnibus,
870 485 989 564 quando
1010 484 1088 545 bona
1109 488 1206 550 ornnia
1226 490 1257 550 in

117 585 149 625 se
161 562 376 642 complectitur,
391 583 466 640 quae
486 560 558 621 olim
579 561 665 622 nubis
677 561 820 622 revelabit
841 562 870 620 in
884 562 931 620 die
941 561 1050 637 iudicii,
1061 585 1119 642 quo
1133 586 1163 622 re
1188 590 1255 626 num

117 661 202 700 suurn
223 638 309 718 piane
335 636 541 698 manifestabit
590 636 674 698 adde
695 638 775 718 quod
797 638 908 697 etiamsi
928 637 1014 698 nobis
1035 652 1145 700 annuat
1197 663 1257 721 eus,

117 738 180 776 nou
202 729 297 774 umen
318 735 433 794 semper
457 714 491 774 ad
520 713 655 773 disertam
680 713 742 773 voti
767 712 922 774 lormulam
947 716 1120 794 respondet:
1146 719 1197 778 sed
1223 721 1256 780 iu

117 792 245 874 speeiem
266 812 320 850 nos
330 790 520 870 suspendens,
534 790 623 851 modo
643 801 742 850 tamen
764 789 916 872 incognito
937 811 1039 870 preces
1059 805 1172 854 nostras
1185 798 1255 857 'non

116 888 204 929 vanas
234 867 321 927 luisse
354 867 492 928 ostendit.
551 866 619 927 Hoc
650 866 706 926 sibi
741 865 845 926 volunt
875 867 995 927 Ioannis
1025 867 1113 927 verba
1144 869 1185 947 (l.
1206 892 1252 931 e.

116 945 244 1021 5,15.):
276 942 332 1017 „Si
351 944 484 1003 novimus
532 943 591 1002 uod
618 942 698 1002 audit
718 963 790 1018 nus,
815 964 904 1023 quum
930 943 999 1023 quid
1025 946 1231 1024 petierimusa

117 1041 174 1094 eo,
205 1019 338 1081 norimus
390 1020 449 1080 uod
479 964 619 1080 babemus
648 1018 823 1100 petitiones,
858 1041 929 1099 quas
960 1020 1083 1101 petimus
1115 1022 1150 1081 ab
1185 1029 1253 1085 eo.“

116 1097 220 1157 Diluta
239 1097 354 1156 videtur
370 1042 444 1156 baec
464 1095 625 1155 verborum
644 1096 844 1174 superfluitas:
869 1096 920 1155 sed
949 1096 1080 1176 apprime
1105 1098 1183 1160 utilis
1208 1114 1253 1164 est

117 1173 292 1247 declaratio,
317 1173 398 1251 quod
417 1172 530 1233 scilicet
549 1172 640 1247 Deus,
661 1172 747 1231 etiam
767 1171 818 1231 nbi
838 1171 925 1233 nobis
945 1193 1059 1232 morem
1080 1196 1119 1234 uo
1162 1177 1251 1259 gerit,

116 1248 254 1342 precibus
272 1260 371 1309 tamen
392 1249 499 1309 nostris
520 1248 609 1309 facilis
629 1259 674 1307 est
692 1269 725 1308 ac
767 1247 915 1329 rupitius,
939 1261 971 1308 ut
991 1270 1056 1328 spes
1077 1197 1168 1312 verbo
1190 1254 1251 1317 eius

115 1325 214 1387 snuixa
246 1347 394 1405 uunquam
424 1347 479 1385 nos
510 1325 678 1384 frustretur.
728 1270 764 1382 ll

72 1420 75 1425 '
115 1422 247 1482 eousque
268 1424 341 1482 opus
362 1401 471 1462 babent
502 1401 617 1473 fideles,
649 1412 769 1460 utnon
815 1400 844 1461 iu
868 1401 1030 1461 constaturi
1055 1403 1193 1487 siotxnisi
1218 1406 1250 1469 iu

114 1500 179 1541 eam
211 1478 427 1539 recumberent.
477 1478 545 1538 Nun
573 1477 650 1537 enim
676 1475 787 1537 levibus
807 1477 1018 1557 experimentis
1045 1500 1112 1541 suos
1141 1481 1251 1562 probat

70 1626 77 1636 ι
112 1556 277 1629 Dominus,
301 1576 356 1616 nec
387 1555 516 1614 molliter
541 1565 673 1614 exercet:
705 1553 755 1613 sed
787 1553 817 1612 in
847 1565 972 1613 extrema
999 1560 1133 1635 quaeque
1162 1579 1250 1641 saepe

113 1633 221 1714 adigit,
246 1643 276 1690 et
296 1632 428 1704 adactos,
449 1631 498 1690 diu
517 1629 546 1689 io
567 1651 604 1690 eo
625 1630 688 1690 luto
709 1630 830 1690 haerere
849 1631 932 1704 sinit,
958 1642 1111 1710 antequam
1154 1647 1249 1696 ustum

115 1730 185 1771 suae
205 1707 366 1769 dulcedinis
387 1708 511 1787 aliquem
532 1707 587 1766 illis
609 1706 755 1787 praebeat.
781 1708 889 1786 Atque,
909 1719 942 1765 ut
954 1708 994 1766 ait
1005 1707 1109 1767 Haona
1121 1653 1159 1786 (l.
1169 1711 1247 1772 Sam.

114 1788 221 1922 adp:
254 1785 433 1859 „lllortilicat
460 1796 489 1842 et
520 1782 657 1856 vivificat,
690 1782 809 1846 deducit
837 1783 872 1842 ad
899 1782 1027 1857 inlesos,
1053 1796 1085 1844 et
1104 1786 1248 1849 reducit.“

117 1862 179 1939 Qui
220 1862 266 1921 bic
299 1873 398 1922 ossent
418 1859 471 1919 nisi
492 1859 584 1940 linqui
604 1860 715 1932 animis,
737 1871 767 1919 et
781 1860 812 1919 iu
825 1859 1057 1939 desperationem
1070 1881 1172 1923 ruere:
1193 1864 1249 1925 nisi

66 1958 69 1965 ·
113 1940 252 2014 afflictos,
274 1883 432 2009 desolatos,
453 1948 482 1996 et
502 1938 556 1995 iarn
576 1936 784 1996 semimortuos
804 1934 876 1996 baec
897 1935 1039 2017 cogitatio
1060 1935 1197 2019 erigeret,
1215 1960 1248 2001 ae

112 2036 131 2077 a
149 2016 219 2076 Deo
240 2014 361 2095 respici,
382 2025 411 2072 et
431 2013 519 2071 finem
540 2012 742 2092 praesentibus
768 2009 985 2073 malis'allore?
1024 2013 1182 2094 Utcunque
1203 2029 1246 2078 ta-

112 2113 183 2153 men
204 2092 265 2152 eius
289 2091 351 2170 spei
373 2090 529 2150 securitate
556 2088 731 2162 consistant,
763 2109 848 2148 orare
875 2087 987 2149 interea
1013 2110 1073 2149 non
1095 2090 1245 2161 desinunt:

112 2166 368 2257 quandoquidem,
389 2166 443 2226 nisi
462 2167 529 2226 assit
548 2166 579 2224 in
600 2164 735 2226 oratioue
754 2166 959 2246 perseverandi
980 2168 1154 2246 constantia,
1174 2169 1246 2232 nibil

111 2246 228 2307 orando
248 2264 367 2326 agimus.
433 2329 435 2333 ,

479 2581 742 2653 CAPUT
793 2583 886 2653 XXl.

106 2776 166 2835 De
187 2772 377 2833 electione
397 2785 564 2852 aeterna,
584 2796 651 2855 qua
667 2775 765 2835 Deus
785 2774 878 2835 alios
899 2776 939 2834 ad
959 2774 1131 2854 salntem,
1150 2777 1244 2839 alios

388 2868 430 2927 ad
451 2868 642 2929 interitum
662 2867 974 2949 praedestinavit

178 3048 267 3101 Partes
285 3047 360 3099 huius
378 3045 486 3115 Capitis:
514 3047 544 3114 1)
561 3044 713 3098 Necessitate
732 3063 756 3099 et
776 3046 883 3099 utilitate
906 3046 983 3100 buius
1001 3049 1033 3099 de
1058 3046 1185 3099 electione
1201 3066 1244 3101 ae·
1301 3076 1304 3081 ’

106 3153 184 3191 terna
201 3133 334 3186 doctrinae
351 3145 446 3200 aperta,
464 3130 570 3182 curiosis
588 3132 690 3182 frenum
708 3129 828 3193 inlicitur,
844 3146 904 3184 sect.
922 3133 945 3184 1.
958 3146 983 3182 et
997 3135 1021 3184 2.
1040 3160 1072 3173 -
1097 3131 1130 3199 2)
1140 3131 1244 3185 Deinde

106 3217 244 3274 nonnullis
261 3235 399 3287 perperam
417 3216 552 3283 modestia,
572 3216 616 3283 qui
636 3217 814 3269 tractationem
834 3219 866 3269 dc
883 3205 1118 3286 praedestinatione
1134 3216 1244 3280 fugiunt,

107 3303 210 3363 satisfit,
235 3316 295 3355 sect.
316 3302 341 3355 3.
364 3316 389 3353 et
411 3302 435 3353 4.
464 3329 496 3339 -
560 3298 592 3368 3)
621 3299 758 3354 Postremo
794 3295 940 3354 orthodoxa
979 3298 1099 3352 doctrina
1126 3297 1244 3364 traditur,

87 3402 172 3450 ‚sect
189 3388 274 3442 5-7.

187 3559 214 3618 1.
253 3552 396 3611 Iamvero
417 3550 496 3630 quod
518 3573 577 3611 non
598 3551 675 3630 apud
696 3570 797 3611 omues
818 3568 964 3631 peraeque
984 3547 1117 3609 bomines
1137 3549 1242 3609 foedus

106 3634 186 3694 vitae
205 3630 401 3710 praedicatur,
422 3640 451 3686 et
471 3629 545 3706 apud
567 3648 617 3689 eos
638 3627 742 3707 quibus
763 3628 956 3707 praedicatur,
976 3647 1035 3685 non
1051 3624 1175 3700 eundern
1197 3623 1243 3684 lo·

106 3729 177 3770 eum
195 3707 242 3768 vel
263 3705 423 3797 aequaliter
435 3704 480 3761 vel
502 3716 644 3784 perpetuo
666 3725 698 3763 re
721 3692 791 3763 erit:
812 3703 842 3763 in
864 3724 897 3764 ea
917 3702 1084 3761 diversitate
1104 3699 1242 3761 mirabilis
1263 3768 1269 3778 ,

106 3784 198 3846 divini
219 3783 317 3842 indicis
338 3779 461 3840 altitudo
481 3801 512 3839 se
533 3779 655 3859 profert.
693 3726 756 3841 dec
777 3783 854 3839 enim
875 3777 996 3839 dubium
1036 3781 1083 3836 uiu
1105 3791 1242 3858 aeternae

104 3861 168 3922 Dei
188 3859 340 3918 electionis
360 3857 481 3916 arbitrio
502 3856 573 3916 lraec
608 3878 704 3937 nuque
717 3858 838 3917 varietas
857 3856 971 3916 serviat.
1011 3800 1127 3928 guodsi
1147 3851 1258 3933 palam,
1305 3867 1317 3880 ⁴·

105 3949 165 4017 est,
183 3935 242 3995 Dei
263 3949 336 3994 nutu
355 3934 419 3993 fieri
446 3945 477 3992 ut
497 3933 559 3993 aliis
581 3879 657 3994 dltro
679 3934 821 4011 offeratur
840 3932 931 4006 salus,
956 3928 1004 3989 alii
1024 3930 1060 3990 ab
1081 3929 1141 3990 eius
1161 3929 1243 3991 aditu

106 4024 278 4076 arceantur:
312 4009 357 4070 bic
383 4029 505 4098 magnae
527 4022 557 4069 et
580 4010 687 4070 arduae
714 4009 848 4091 protinus
873 4017 1028 4088 emergunt
1047 4005 1243 4086 quaestiones,

108 4110 186 4168 qnae
206 4087 290 4147 aliter
314 4087 450 4167 explicari
471 4099 637 4164 nequeunt,
657 4094 742 4167 quatu
762 4086 786 4146 si
807 4086 842 4145 de
863 4083 1009 4145 electione
1028 4103 1065 4161 ac
1082 4081 1243 4164 praedesti·

107 4164 232 4224 natione
252 4165 442 4223 coustitutum
474 4161 602 4223 habeant
629 4164 692 4243 piae
712 4174 842 4236 mentes,
862 4161 941 4242 quud
961 4170 1065 4220 tenere
1091 4156 1241 4220 convenit.

106 4239 253 4321 Perplexa
271 4245 320 4320 (ut
338 4239 437 4299 multis
456 4238 755 4322 videtur)'quaestio;
784 4234 853 4321 quia
877 4236 950 4301 nihil
966 4236 1069 4321 ¹minus
1088 4242 1244 4301 consenta-

135 4340 229 4389 euun
243 4341 361 4390 mirum
374 4340 407 4387 n.
618 4334 621 4340 ·
673 4392 677 4405 ¹
1025 4319 1048 4382 9
1186 4331 1191 4341 ·

759 1346 792 1383 ac
823 1344 893 1385 vero
926 1322 1065 1404 patientia
1093 1330 1251 1392 sustentari
1334 1340 1341 1351 “
