2596 4726
466 189 589 252 urus
628 150 792 253 creat
1156 166 1225 273 aax

54 330 375 426 „leboaabtloqnutus
395 334 507 395 tibt'sts
524 334 557 397 in
575 305 650 427 galle
670 333 794 395 Horebs
811 353 916 398 vocem
935 331 1061 410 audisti,
1081 355 1196 428 'corpus
1271 328 1276 342 '

53 409 516 578 :acceleremus
530 409 1015 622 “itm:effugisset
1032 411 1122 550 tte
1137 410 1196 569 tt:

54 573 153 642 ponat
171 562 252 622 Deus
271 565 408 624 omnibus
427 564 540 645 figuruz
566 576 599 624 ut
617 564 740 626 aciamus
759 585 776 625 a
826 584 863 624 eo
889 564 1050 626 desciscere
1070 564 1196 646 quicun-

79 638 273 730 neovisibiles·
302 640 364 701 eius
395 638 504 701 formas
528 651 677 734 appetant.
726 640 768 732 lix
789 639 946 721 Prophetis
970 642 1097 703 sulliciet
1119 659 1196 711 ιιῐιιιο

73 736 175 788 esaias,
194 737 245 794 qur
264 737 296 775 ιιι
314 714 370 776 bae
388 715 640 808 demonstratione
658 716 799 796 plurimus
817 728 863 777 est
881 716 953 853 hm
965 724 1014 808 dli,
1032 722 1079 784 18.
1098 724 1135 785 41
1166 723 1196 810 ⁷:

56 799 105 857 29.
127 798 225 882 11529.
244 797 295 867 46,
314 795 368 870 b).
398 793 441 852 Ut
460 793 566 854 doceat
585 792 725 861 indecora
746 806 776 854 et
795 792 883 854 absur
904 815 919 853 a
940 794 1061 855 lictrone
1081 762 1197 859 loedarr

56 867 337 959 Deimpicstatem,
357 868 425 960 dum
446 869 638 962 incorporeus
657 870 778 960 materia
798 890 961 961 corporea,
979 870 1195 962 invisibilissi-

56 943 136 1035 sibila
154 943 323 1037 simulacro,
342 948 461 1038 spiratus
482 967 514 1036 re
534 957 707 1020 inanimata,
726 966 883 1006 immensus
902 966 999 1030 erigar
1019 945 1102 1028 ligni,
1122 946 1198 1040 lapi·

58 1019 583 1177 ltatt¹ttttl¹tlt²t÷¹j¹lth
596 1022 945 1178 „ittttlttltttt
963 1023 1215 1175 ttlht'ttz·

58 1172 264 1248 „stirpandum
284 1194 368 1246 auro,
389 1186 420 1234 et
436 1187 578 1253 argento,
597 1187 648 1235 aut
666 1174 755 1254 lapidi
774 1187 836 1235 arte
855 1174 988 1256 sculpto,
1006 1187 1057 1236 aut
1074 1178 1197 1259 invento
1289 1187 1292 1199 '

58 1248 220 1341 „bominis
234 1249 377 1340 Divinum
398 1250 614 1343 essesimilest‘·
648 1251 735 1311 Unde
756 1262 889 1325 conset,
921 1251 1061 1332 quicquid
1085 1263 1198 1345 statuq-

58 1327 872 1483 {lt‘Jttthttlttt“qttsltt‘ltttlll:¹:34⁶
896 1329 1053 1467 ,titltt’
1067 1328 1199 1487 ttttlt

61 1477 168 1541 ιιιίιιιιιι
188 1478 214 1538 si
235 1477 306 1538 bace
327 1499 344 1539 e
364 1479 451 1540 coelo
472 1480 600 1560 Spiritus
618 1493 735 1542 sanctus
755 1477 873 1542 oracula
892 1481 1032 1557 detonet,
1051 1502 1140 1561 quum
1161 1478 1200 1543 ad

59 1552 148 1614 talem
176 1552 395 1616 consessionem
420 1568 544 1618 eterra
576 1556 717 1617 edendam
748 1558 870 1620 miseros
896 1577 1016 1638 quoque
1040 1569 1072 1618 et
1091 1577 1199 1633 coecos

59 1628 231 1690 idololatras
250 1631 358 1712 cogat?
409 1631 488 1692 Nota
510 1646 553 1695 est
577 1631 625 1694 illa
646 1633 776 1694 Senecae
797 1635 997 1712 querimonia,
1026 1653 1102 1712 quae
1121 1630 1200 1726 apud

60 1707 307 1789 Angustiuum
327 1708 435 1789 legitur
454 1709 505 1787 (de
525 1711 601 1771 civit
621 1710 679 1770 Dei
699 1712 821 1788 c.10·):
842 1711 977 1784 „Sacros
997 1710 1122 1789 (inquit)
1142 1730 1199 1769 un-

60 1782 240 1859 „mortales,
259 1783 501 1866 inviolabilesque
521 1786 592 1855 deos
613 1786 643 1845 in
663 1789 782 1846 materia
801 1786 949 1858 vilissima,
967 1797 1057 1865 atque
1072 1782 1200 1867 ignobili

60 1860 240 1936 „dedicaot,
269 1859 384 1940 illisque
405 1861 555 1922 bominum
576 1874 606 1922 et
625 1862 752 1922 ferarum
772 1862 888 1923 babitus
908 1861 1048 1922 induunt:
1081 1862 1201 1941 quidam

62 1957 158 2010 „tero
179 1936 274 1999 mixto
293 1957 373 2012 sexu,
393 1949 423 1996 et
443 1938 562 2000 diversis
582 1938 769 2018 corporibus,
789 1960 823 1999 ae
843 1938 962 1998 numina
982 1949 1103 2001 vocant:
1124 1956 1200 2017 qnae

62 2012 744 2163 ”tlt“sst‘ttt'tlttt‘t'tttt‘utttl?
759 2014 1209 2155 ltlt'tttt‘lfflltttttf

63 2110 182 2225 dnntlu
204 2113 267 2233 aldis,
284 2166 373 2226 luisse
392 2168 493 2229 vetitas
514 2169 594 2248 quod
615 2168 649 2228 ad
670 2112 910 2246 supegrstitionldm
930 2112 1074 2248 proclides
1093 2177 1201 2227 essent.

68 2240 158 2316 Quasi
176 2263 248 2304 vero
268 2243 304 2303 ad
322 2256 442 2324 gentem
462 2266 550 2304 unam
575 2249 723 2326 pertineat
742 2244 822 2324 qnod
842 2244 924 2304 Dens
950 2262 984 2302 ex
1006 2255 1125 2304 aeterua
1150 2263 1202 2303 aua

67 2319 197 2395 essentia,
216 2331 248 2380 et
267 2321 410 2380 continno
431 2334 552 2380 naturae
572 2320 676 2380 ordine
695 2320 822 2380 adducit.
859 2320 965 2399 Neque
984 2340 1055 2379 vero
1075 2318 1202 2381 ludaeos

65 2392 170 2458 Paulus
189 2394 409 2474 alloquebatur,
427 2397 478 2465 sed
498 2396 704 2473 Athenienses,
724 2418 814 2479 quum
835 2416 967 2459 errorem
986 2397 1018 2456 in
1036 2395 1104 2458 Deo
1124 2395 1201 2479 figu-

63 2471 155 2531 rando
175 2470 337 2534 refelleret.
811 2480 841 2536 ι’

137 2555 167 2614 3.
206 2547 347 2608 Exhibuit
366 2548 482 2627 quidem
507 2546 655 2608 interdum
676 2549 758 2609 Deus
783 2549 871 2610 certis
895 2548 986 2632 signis
1009 2544 1138 2608 neminie
1156 2547 1202 2619 sui
1279 2608 1282 2613 .

62 2625 269 2715 praesentiam,
287 2636 323 2714 pt
342 2624 489 2718 diceretur
507 2627 631 2705 spectari
652 2625 726 2686 faule
746 2626 781 2685 ad
802 2625 922 2718 faeiem:
943 2625 994 2685 sed
1008 2625 1106 2715 omnia
1126 2644 1202 2715 quae

62 2701 1202 2867 tttthtl'ltlt‘lzt'tlttttd‘tllltlstetitiltttlstlttt

62 2853 166 2915 Nubes
188 2874 266 2912 emm
288 2864 319 2911 et
338 2854 433 2914 sumus
454 2867 484 2913 et
502 2855 634 2931 flamma,
658 2876 824 2935 quanquam
845 2854 977 2936 symbola
998 2865 1082 2914 erant
1101 2852 1202 2914 eoele-

62 2931 113 2993 stis
139 2929 255 3013 gloriae
278 2931 388 3008 (Dent
407 2936 544 3011 4‚11.)‚
575 2931 657 3011 quasi
682 2933 792 2992 iniecto
817 2931 903 2991 freno
935 2928 1116 2992 cohibebant
1138 2951 1204 2990 om·

62 3008 145 3067 nium
165 3019 281 3066 mentes
300 3026 339 3066 ne
359 3021 516 3087 penetrare
534 3008 618 3068 altius
638 3020 798 3068 tentarent.
837 3008 940 3083 Quare
961 3026 999 3065 ne
1018 3008 1117 3066 llloses
1157 3006 1205 3065 ni·

63 3083 131 3145 dean
162 3083 233 3161 (cui
256 3094 354 3143 tamen
385 3105 453 3164 prae
477 3084 540 3145 aliis
568 3084 788 3146 familiarissime
811 3104 843 3146 se
874 3083 1035 3164 patefecit)
1065 3082 1146 3161 preci
1170 3102 1205 3143 us

63 3162 189 3242 adeptus
209 3171 254 3219 est
273 3172 306 3219 nt
325 3158 430 3221 faciem
450 3160 529 3220 illam
549 3174 698 3222 cerneret:
719 3163 789 3241 quin
810 3181 982 3240 responsum
998 3178 1066 3220 acce
1088 3159 1122 3232 it,
1141 3178 1204 3218 nou

65 3256 127 3298 esse
148 3236 301 3297 bominem
322 3237 395 3296 tanti
419 3235 542 3317 fulgoris
568 3258 701 3317 capacem
731 3238 838 3316 (Exod.
856 3242 912 3310 33,
936 3238 1008 3327 20).
1088 3233 1205 3315 pparnit

67 3313 196 3394 Spiritus
215 3324 332 3373 sanctus
351 3314 404 3373 sub
425 3314 523 3392 specie
544 3315 713 3375 columbae:
728 3315 788 3374 ¹sed
816 3314 884 3372 dum
911 3324 1046 3393 protinus
1066 3311 1203 3373 evanuit:

66 3392 129 3480 quis
150 3389 313 3460 nonridet,
333 3392 417 3449 unius
437 3393 579 3450 momenti
599 3390 735 3470 symbolo
754 3389 921 3450 admonitos
940 3408 1002 3449 esse
1021 3387 1122 3447 lideles
1135 3388 1204 3466 Spi-

65 3479 154 3525 ratum
182 3464 359 3525 invisibilem
384 3467 561 3526 credendum
589 3465 669 3526 esse?
702 3478 734 3525 ut
754 3467 815 3525 eius
836 3454 943 3526 virtule
968 3476 1000 3524 et
1018 3467 1111 3545 gratia
1132 3484 1205 3524 con-

64 3543 159 3614 tenti,
192 3540 302 3600 nullam
327 3543 383 3602 sibi
403 3555 549 3602 externam
571 3543 691 3624 figuram
713 3553 903 3603 arcesserent.
954 3542 1028 3601 Nam
1049 3541 1129 3620 quod
1149 3539 1204 3599 sub

66 3618 161 3678 forma
182 3617 311 3677 hominis
330 3619 410 3679 Dens
429 3619 576 3678 interdurn
596 3620 740 3699 apparuit,
760 3618 941 3699 praeludium
962 3617 1020 3677 fuit
1038 3617 1154 3676 futurae
1173 3615 1205 3673 in

68 3694 188 3756 Christo
208 3693 406 3756 revelationis.
454 3693 500 3754 lta
523 3716 559 3754 ue
585 3696 641 3756 boc
668 3707 819 3776 praetextu
843 3694 964 3754 minime
988 3693 1070 3753 licuit
1088 3692 1205 3751 ludaeis

67 3771 159 3846 abuti,
180 3783 214 3831 ut
232 3770 290 3832 sibi
311 3771 426 3832 deitatis
445 3718 609 3853 symbolum
623 3773 772 3854 erigerent
789 3770 843 3831 sub
863 3770 1103 3858 bumanaligura.
1127 3767 1205 3858 Ριρ-

66 3847 249 3930 pitiatorium
271 3869 391 3984 qpoque
410 3848 517 3927 (Esod.
535 3855 583 3922 25,
605 3855 651 3915 17.
671 3853 719 3922 18,
738 3847 813 3923 tt),
833 3847 911 3907 unde
930 3857 1126 3934 praesentiam
1145 3864 1206 3903 vrr-

67 3926 136 3985 tutis
156 3946 228 3985 suae
247 3947 281 3985 su
324 3925 405 4005 Lege
427 3927 552 3985 exseruit
572 3926 667 3999 Deus,
686 3926 727 3986 sic
748 3925 945 4003 compositum
965 3932 1027 3982 erat
1047 3933 1079 3979 nt
1099 3940 1205 3981 innue-

67 4013 114 4062 ret
131 4001 279 4082 optimum
302 4000 460 4062 divinitatis
480 4014 627 4138 aspectum
648 4002 727 4060 bunc
747 4021 826 4075 esse,
854 4000 924 4058 dum
949 3998 1038 4058 animi
1062 4017 1149 4132 supra
1172 4015 1206 4056 se

68 4076 261 4141 admiratione
281 4077 465 4140 efferuntur:
486 4079 512 4140 (2
535 4079 647 4138 erubim
663 4077 806 4157 siquidem
826 4075 878 4137 alis
898 4074 1022 4135 extentis
1041 4072 1093 4133 illu
1134 4093 1207 4152 opc·

68 4155 193 4231 riebaot,
212 4155 314 4217 velum
336 4153 512 4237 obtegebat:
545 4154 627 4216 locus
651 4155 713 4234 ipse
741 4153 847 4234 procul
870 4150 1041 4212 reconditus
1064 4150 1133 4210 satis
1153 4169 1206 4229 per

69 4251 98 4291 se
116 4232 285 4294 occulebat
325 4230 457 4292 Proinde
481 4232 608 4292 insanire
629 4251 680 4291 eos
700 4229 821 4290 minime
842 4229 999 4289 obscurum
1020 4236 1074 4300 est,
1094 4227 1144 4306 qni
1164 4226 1206 4284 si-

70 4307 193 4372 mulacra
211 4308 523 4370 edessanorum
552 4306 685 4388 exemplo
714 4308 834 4370 illorum
856 4303 1019 4369 Cherubim
1045 4302 1205 4364 delendere

778 4539 793 4575 ἱ
