2700 4732
493 206 569 267 ιιι.
588 205 645 267 ιιι.
686 206 773 267 car.
793 206 846 266 ιι.
947 220 951 227 ’
1202 222 1240 283 rr
1331 184 1337 203 '

106 349 154 411 ris
171 348 328 429 spiritualis
346 359 377 410 et
402 348 468 411 lere
491 348 623 433 angelica
642 350 731 411 luerit
749 349 935 411 Patrlarchae
954 352 1031 429 rita,
1059 372 1120 413 non
1140 365 1237 417 tamen

105 437 267 506 suppetere
287 446 408 505 operum
427 426 542 501 merita,
584 446 638 487 nae
657 426 700 487 illi
719 427 856 488 iustitiam
876 448 975 488 coram
987 429 1056 489 Deo
1075 433 1236 510 acquirant.

187 507 235 567 15.
262 502 405 592 ..Crassius
431 502 517 581 paulo
538 448 730 577 Sdholastici,
760 504 811 582 qui
839 506 1077 595 praeparationes
1097 528 1161 568 suas
1182 510 1236 568 mi-

107 590 207 639 scent:
241 576 270 636 hr
297 590 394 637 tamen
421 598 480 637 nun
507 580 601 640 minus
621 601 710 670 pravo
730 579 869 662 dogmate
893 580 1037 675 simplices
1057 594 1087 641 ct
1106 584 1236 646 incautos

108 653 260 727 iruhuuut,
290 654 344 714 suh
397 667 525 714 raetestu
552 656 677 791 Spiritus
702 667 731 715 et
761 654 890 737 gratiae,
921 658 1146 718 misericordiam
1167 662 1235 737 Dei,

108 751 184 811 quae
201 729 264 790 sola
283 732 360 810 trcpi
381 751 411 789 as
429 732 537 792 animas
556 752 672 811 pacare
714 743 791 791 otest
830 744 973 815 tegentes.
1017 736 1079 794 Nos
1098 756 1169 795 rero
1190 737 1234 798 la-

107 819 207 867 temur
225 826 290 866 cnm
311 806 415 880 Paulo,
433 807 579 868 iustificari
598 809 673 888 apud
684 754 781 867 deum
790 775 878 891 legis
899 809 1038 870 lactares:
1058 811 1109 869 sed
1130 813 1196 892 quia
1218 834 1234 874 a

107 882 197 963 Legis
216 881 420 943 observatione
444 882 533 963 longe
554 905 655 945 omnes
679 884 832 955 absumus,
864 884 931 945 lainc
951 886 1019 946 colli
1043 886 1128 963 imus,
1160 909 1235 967 quae

106 960 230 1020 manime
249 959 284 1018 ad
305 959 439 1019 iustitiam
458 961 555 1020 valere
581 961 724 1020 deberent
745 981 850 1039 opera,
870 962 937 1021 ideo
959 906 1104 1025 nihilum
1124 965 1235 1037 iuvare,

128 1036 175 1096 uia
206 1032 262 1093 illis
293 1035 483 1095 destituimur.
536 1036 626 1111 Quod
658 1038 693 1095 ad
719 1038 850 1118 vulgares
874 1036 1006 1117 Papistas
1037 1041 1165 1118 pertinet
1188 1040 1235 1101 rel

107 1058 316 1185 Scholasticos,
336 1111 490 1189 dupliciter
509 1111 554 1172 laic
575 1112 726 1171 falluntur:
747 1125 776 1173 et
817 1114 874 1172 uod
895 1113 981 1174 fidem
1002 1113 1234 1205 appellantcon·

107 1187 248 1249 scientiae
267 1186 484 1264 certitudinem,
502 1190 533 1248 in
554 1190 744 1268 exspectanda
760 1136 856 1248 allen
876 1211 931 1268 pro
951 1195 1062 1251 meritis
1081 1192 1232 1255 mercede:

109 1276 141 1323 et
152 1263 238 1343 quod
258 1268 380 1345 gratiam
402 1264 473 1337 uei,
503 1286 563 1323 non
596 1266 739 1343 gratuitae
764 1265 890 1325 institiae
910 1266 1151 1346 imputationem,
1181 1269 1233 1330 sed

108 1340 252 1419 Spiritum
271 1340 305 1399 ad
326 1340 451 1399 studium
470 1343 628 1401 sanctitatis
647 1342 830 1401 adiuvantem
847 1341 1086 1423 interpretantur.
1117 1344 1234 1426 Legunt

106 1416 183 1496 apud
209 1416 384 1495 Apostolum
409 1416 501 1493 (Heb.
521 1424 572 1492 11,
591 1420 649 1493 6.):
679 1419 897 1489 „decedentem
928 1419 962 1478 ad
990 1420 1086 1479 Deum
1113 1431 1235 1501 oportet

106 1494 231 1574 primum
252 1492 370 1553 credere
391 1494 470 1571 quod
490 1494 569 1553 Deus
588 1495 635 1565 sit,
655 1494 761 1552 deinde
773 1494 853 1573 quod
873 1506 1075 1555 remunerator
1093 1495 1130 1554 sit
1144 1517 1233 1577 quae-

106 1568 242 1629 reutihus
262 1575 322 1628 se.“
360 1569 420 1629 Sed
442 1590 500 1628 nnn
521 1571 762 1643 animadvertunt,
785 1571 848 1649 quis
872 1571 912 1630 sit
937 1572 1095 1650 quaerendi
1118 1572 1232 1633 modus.

110 1646 144 1705 ln
165 1645 494 1721 nomincvero-grutirre
512 1666 562 1705 eos
584 1646 750 1705 hallucinari
771 1646 865 1724 palam
885 1646 919 1705 lit
935 1667 968 1705 ex
987 1668 1090 1707 eorum
1108 1649 1232 1729 scriptis.

107 1720 290 1781 Lombardus
309 1723 386 1780 enim
407 1724 501 1799 [Sent.
522 1722 573 1790 lib.
592 1728 620 1786 3.
641 1724 705 1782 dist.
725 1732 772 1785 16.
793 1722 1152 1801 c.1l·]iustificationem
1177 1744 1232 1803 per

108 1797 258 1858 Christum
277 1798 362 1856 uobis
382 1799 476 1857 datam
497 1798 611 1859 duobus
631 1798 725 1859 modis
745 1800 963 1878 iuterpretatur.
1000 1798 1166 1872 „Primum,
1186 1802 1233 1859 iu·

79 1890 82 1895 '
107 1874 210 1953 „quit,
239 1894 317 1933 mors
337 1873 447 1935 Christi
468 1897 521 1933 nos
540 1875 691 1947 iustificat,
721 1875 789 1934 dum
814 1895 867 1953 per
885 1894 948 1934 eam
970 1876 1113 1935 excitatur
1129 1877 1232 1936 caritas

107 1950 160 2026 „in
180 1949 318 2010 cordibus
338 1952 454 2025 uostris,
475 1972 530 2031 qna
550 1952 615 2010 iusti
635 1950 792 2010 efficimur:
814 1950 919 2010 deinde
938 1950 1017 2029 qnod
1058 1971 1092 2011 er
1110 1951 1231 2011 eandem

106 2026 300 2101 „exstinctum
321 2038 364 2085 est
383 2040 546 2106 peccatum:
568 2047 628 2106 qno
648 2048 702 2087 nos
721 2028 850 2107 captivos
862 2026 1018 2087 distinehat
1037 1972 1179 2102 diabolus,
1199 2039 1233 2087 ut

106 2107 185 2177 „iam
206 2123 266 2162 non
288 2101 392 2161 habeat
411 2104 488 2162 unde
507 2124 562 2162 nos
582 2105 731 2162 damnet.“
772 2103 859 2163 Vides
877 2114 910 2162 ut
928 2102 986 2162 Dei
1008 2104 1128 2185 gratiam
1148 2123 1233 2183 prae·

107 2182 194 2259 cipue
214 2178 242 2236 in
262 2178 463 2239 iustificatione
482 2180 657 2252 consideret,
677 2192 819 2265 quatenus
839 2180 875 2239 ad
895 2178 973 2238 hona
990 2200 1081 2261 opere
1100 2201 1154 2260 per
1164 2180 1232 2273 Spi-

106 2259 181 2316 ritus
200 2257 291 2314 sancti
312 2256 431 2335 gratiam
457 2256 616 2336 dirigimur.
667 2256 770 2315 Voluit
799 2256 912 2316 scilieet
930 2255 1086 2335 Augustini
1114 2258 1233 2336 opimo-

107 2353 176 2392 nem
197 2332 293 2410 sequi:
325 2332 374 2390 sed
400 2332 501 2412 procul
525 2334 672 2411 sequitur,
702 2345 789 2411 atque
814 2334 900 2391 etiam
924 2352 939 2391 a
965 2345 1043 2391 recta
1069 2333 1232 2393 imitatione

107 2407 232 2468 multum
257 2406 403 2467 deflectit:
456 2409 502 2467 uia
535 2420 564 2467 et
594 2408 747 2482 obseurat,
778 2408 801 2468 si
826 2409 896 2488 quid
927 2407 962 2468 ab
995 2409 1046 2468 illo
1077 2411 1232 2489 perspicue

109 2486 300 2556 dictumest,
329 2495 359 2542 et
378 2431 457 2574 quod
490 2505 551 2545 non
582 2485 656 2544 adeo
681 2486 825 2564 impurum
853 2486 881 2543 in
907 2484 958 2543 illo
979 2497 1042 2545 crat
1061 2485 1231 2565 corrumpit.

108 2561 235 2621 Scholae
256 2559 285 2617 in
307 2560 433 2619 detersus
457 2581 572 2640 semper
600 2560 787 2634 aberrarunt,
818 2561 913 2620 donec
940 2562 1056 2620 tandem
1077 2561 1233 2641 praecipiti

108 2638 192 2698 ruina
218 2634 373 2694 devolutae
398 2639 517 2696 suntad
544 2637 687 2716 quendam
708 2637 960 2717 Pelagianismum.
1010 2638 1054 2697 Ac
1074 2657 1112 2695 ue
1132 2639 1234 2717 dugu-

108 2714 177 2775 stini
197 2711 315 2791 quidem
340 2715 481 2772 sententia
505 2713 550 2772 vel
576 2714 676 2772 saltem
704 2713 843 2793 loquendi
869 2715 943 2773 ratio
970 2712 1139 2790 peremnia
1161 2713 1234 2771 reci-

108 2790 215 2871 pienda
236 2800 287 2847 est.
337 2791 467 2848 Tametsi
494 2790 569 2848 enim
591 2792 709 2871 egregie
734 2790 882 2848 lrominem
903 2789 984 2847 omni
1003 2788 1128 2847 iustitiae
1148 2787 1233 2846 laude

108 2866 277 3003 tttltld
297 2877 395 3001 ‘tlt
408 2864 1234 3021 ”telltlttttlllzttltt.“stilrtltt‘gli

402 2984 411 3015 i

108 3040 254 3159 mulii·
274 3094 424 3173 Scriptura
445 3107 557 3168 autem,
582 3116 670 3173 quum
690 3093 727 3152 de
752 3093 820 3151 fidei
845 3092 954 3152 institia
971 3092 1119 3172 loquitur,
1144 3089 1235 3183 louge

109 3172 169 3232 alin
190 3192 243 3231 nos
264 3171 357 3230 ducit:
379 3192 483 3250 nempe
503 3184 536 3229 ut
556 3170 590 3229 ab
612 3170 720 3229 intuitu
741 3190 864 3260 opertun
886 3180 1054 3227 nostrorum
1073 3167 1184 3240 aversi,
1203 3188 1234 3226 ιιι

108 3248 169 3307 Dei
200 3248 425 3306 misericordiam
457 3270 489 3307 ac
515 3247 623 3307 Christi
654 3246 864 3325 perlectionem
896 3256 1007 3304 tantum
1040 3243 1234 3334 respiciamus.

109 3323 262 3403 Siquidem
289 3323 365 3381 hunc
390 3324 600 3383 iustificationis
626 3323 758 3382 ordinem
778 3322 881 3395 docet,
901 3320 980 3400 quod
1000 3319 1145 3399 principio
1188 3340 1235 3379 cc·

109 3413 240 3460 catorem
268 3399 416 3459 hominem
440 3420 518 3459 mera
544 3399 728 3490 gratuitaque
754 3397 886 3457 bonitate
911 3397 1051 3477 dignetur
1078 3417 1164 3475 comp
1177 3394 1235 3455 eeti

108 3478 203 3547 Deus,
222 3475 292 3534 nihil
313 3477 342 3534 in
363 3476 437 3554 ipso,
458 3497 515 3554 quo
537 3477 572 3535 ad
593 3474 819 3535 misericordiam
829 3485 993 3548 moveatur,
1014 3484 1162 3551 reputans,
1182 3470 1236 3529 nisi

109 3552 270 3612 miseriam:
295 3553 402 3631 quippe
423 3573 507 3632 quem
528 3551 606 3611 videt
632 3573 647 3610 a
673 3551 758 3610 bonis
778 3549 916 3641 operibus
936 3566 1054 3628 prorsus
1073 3549 1183 3606 nudum
1202 3566 1236 3605 ac

110 3650 248 3688 vacurun:
276 3647 341 3687 ase
361 3630 424 3707 ipso
445 3650 558 3687 causam
580 3638 680 3707 petens
700 3648 752 3685 cur
772 3627 812 3685 illr
833 3624 1014 3698 benefaciat,
1034 3623 1113 3758 quod
1134 3641 1237 3702 pecca·
1313 3696 1317 3701 Ι

110 3716 206 3764 torem
227 3705 320 3783 ipsum
339 3702 479 3764 honitatis
498 3724 566 3763 suae
585 3724 670 3763 sensu
690 3702 806 3777 afficiat,
826 3704 875 3780 qui
895 3701 931 3760 de
950 3700 1078 3780 propris
1097 3696 1237 3785 operihus

111 3781 230 3854 dillisus,
251 3792 342 3841 totam
363 3779 460 3840 salutis
481 3801 547 3840 suae
559 3801 698 3839 summam
719 3779 748 3838 in
769 3780 856 3857 ipsius
876 3774 1237 3837 misericordiamreiicrat.

110 3857 170 3915 llic
191 3869 234 3915 est
253 3857 320 3913 lidei
339 3877 449 3929 sensus,
469 3877 618 3936 perquem
640 3868 777 3946 peccator
796 3855 826 3913 in
846 3850 1152 3932 possessionumveuit
1169 3867 1238 3908 suae

110 3932 226 4001 salutis,
246 3932 312 3989 dum
335 3953 367 3990 er
387 3933 537 4013 Evangelii
557 3934 690 3991 doctrina
711 3928 843 4011 agrrnscit
863 3930 929 3987 Deo
949 3947 982 3988 se
999 3926 1237 3987 reconciliatum:

109 4009 191 4087 quod
212 4008 412 4068 intercedente
426 4009 534 4068 Christi
550 4009 668 4078 institia,
688 4009 840 4087 impetrata
851 4016 1038 4085 peccaturum
1058 4002 1240 4074 remissione,

110 4084 279 4143 iustificetur
306 4084 358 4142 sit:
386 4097 415 4142 et
435 4106 597 4164 quanquam
620 4084 732 4163 Spiritu
754 4084 810 4141 Dei
830 4091 1029 4161 regeneratus,
1049 4096 1111 4136 non
1131 4079 1161 4135 in
1182 4075 1240 4166 bq-

109 4162 155 4219 nis
176 4160 331 4238 operibus,
356 4160 460 4237 quihus
480 4160 639 4232 incumbit,
669 4161 720 4218 sed
741 4158 770 4217 in
790 4157 851 4217 sola
872 4155 981 4218 Christi
1000 4154 1109 4214 iustitia
1127 4170 1241 4230 repost-

108 4248 170 4295 tam
189 4236 245 4295 sibi
264 4247 436 4316 perpetuam
456 4236 596 4296 iustitiam
617 4236 737 4319 cogitat.
775 4235 858 4294 Haec
878 4232 930 4293 uhi
948 4230 1097 4323 sigillatim
1117 4248 1150 4288 ex
1172 4246 1241 4287 eura

109 4309 237 4386 suerint,
276 4313 457 4391 perspicuam
494 4312 657 4374 sententiae
695 4322 823 4373 nostrae·
846 4306 1135 4389 explicationem-re
1155 4302 1243 4367 deute·

131 4408 399 4456 cossurmrsrusarr.
1005 4386 1026 4445 2
