2596 4726
456 226 533 287 tm.
554 224 595 286 11.
637 224 724 287 ΕΜ).
746 222 785 284 tt
1018 226 1040 259 ·'
1149 224 1202 287 l'id

58 374 146 433 dnm:
166 368 327 432 voluntatis
346 370 382 430 ad
403 371 543 431 utrumvis
563 356 731 452 eligenduin
750 368 795 445 θ).
834 370 897 427 Nec
917 368 955 429 ab
976 388 1014 441 eo
1034 364 1202 427 variattlu-

101 451 212 523 stinus,
240 470 336 539 quum
362 447 451 507 docet
475 447 643 507 facultatem
668 466 730 506 esse
756 444 877 506 rationis
897 457 928 505 et
946 444 1113 519 voluntatis,
1144 466 1203 535 qua
1259 454 1262 459 '

57 470 176 587 libana
195 524 316 605 eligrttrr
335 523 431 605 gratia
446 525 612 585 assistente:
637 522 755 599 malum,
774 542 809 581 ea
829 522 997 581 desistente.
1037 521 1202 581 Obscurius

61 601 241 673 bernardus,
261 601 331 659 dnm
351 599 412 659 vult
431 620 463 659 ar
485 612 534 659 ute
555 599 647 679 loqui,
666 600 717 678 qui
736 600 776 658 ait
796 618 857 658 esse
878 619 1065 669 consensum,
1085 598 1126 657 ob
1145 618 1201 659 vo-

61 680 183 741 luntatis
204 674 420 735 inamissibilem
440 621 616 748 libertatern,
636 688 667 735 et
686 676 805 735 rationis
824 672 1032 734 indeclinabile
1053 674 1202 733 indicium.

61 757 127 815 Nee
146 755 213 815 satis
234 752 382 845 popularis
402 752 533 814 Anselmi
558 752 706 823 delinitio,
735 752 784 831 qni
814 751 903 810 tradit
932 769 995 809 esse
1045 762 1202 809 otestatern

61 831 198 894 servandi
215 829 423 887 rectitudinem
443 841 567 911 propter
586 830 732 909 seipsam.
770 828 874 906 ltaque
894 827 998 886 Petrus
1018 772 1204 887 bombardus

62 922 95 969 et
114 904 292 966 scholastici
310 905 467 986 Augustini
487 906 690 965 definitionem
709 906 800 985 magis
820 903 943 984 amplexi
962 916 1046 976 sunt,
1077 903 1145 981 quia
1172 914 1204 963 et

62 984 194 1065 apertior
214 994 293 1054 erat,
319 993 349 1040 ct
367 984 490 1063 gratiam
510 982 568 1040 Dei
594 1004 653 1040 non
680 980 866 1043 excludebat:
896 981 961 1040 sinc
986 1002 1042 1059 qua
1068 979 1204 1038 uolunta·

64 1074 127 1121 tem
144 1058 200 1119 sibi
220 1078 324 1138 perse
343 1079 404 1117 non
424 1059 560 1117 sulficere
579 1048 728 1117 videbant.
786 1058 847 1116 Sua
872 1069 970 1115 tamen
996 1069 1026 1115 et
1053 1056 1106 1134 ipsi
1127 1056 1202 1115 alse-

62 1149 145 1208 runt,
163 1138 223 1195 sire
236 1154 309 1212 quae
322 1134 443 1197 meliora
454 1155 526 1209 esse,
545 1136 609 1194 sive
629 1153 703 1212 quae
724 1134 820 1193 lacere
841 1132 985 1213 putabant
1004 1133 1039 1191 ad
1059 1132 1215 1192 maiorem·

61 1212 297 1293 explicationem.
335 1210 487 1291 Principio
508 1211 712 1284 consentiunt,
733 1230 841 1269 nomen
861 1209 976 1269 arbitrii
998 1210 1088 1289 nrsgis
1105 1209 1141 1267 ad
1155 1230 1203 1267 ra·
1274 1244 1277 1249 ·

59 1291 176 1369 tiorrem
196 1286 398 1363 referendum,
418 1288 499 1347 cuius
520 1299 564 1347 est
584 1289 750 1347 discernere
768 1287 848 1346 inter
867 1286 946 1345 bona
967 1299 998 1345 et
1021 1284 1111 1345 mala:
1138 1286 1203 1365 epi-

61 1366 179 1426 tltetum
197 1363 300 1423 Liberi
318 1363 355 1423 ad
374 1364 555 1424 voluntatem
575 1363 695 1443 proprie
714 1365 874 1442 pertinere,
893 1383 968 1441 quae
987 1363 1023 1423 ad
1046 1362 1204 1441 utrur'nque

60 1440 256 1521 llectipossit.
285 1440 387 1514 Quare
398 1461 487 1518 quum
508 1439 628 1499 libertae
647 1440 766 1519 proprie
777 1438 920 1499 voluntati
932 1438 1099 1510 conveniat,
1118 1439 1203 1498 Tho·
1241 1464 1246 1477 ·
1289 1512 1292 1517 Ι

60 1538 122 1577 mas
152 1516 268 1596 optime
293 1516 437 1595 quadrare
458 1516 539 1590 dicit,
559 1517 582 1575 si
603 1516 727 1575 liberum
748 1516 901 1575 arbitrium
928 1516 1041 1575 dicatur
1065 1515 1110 1575 tis
1139 1514 1203 1573 ele·
1288 1520 1291 1527 '

60 1595 148 1669 stiva,
168 1613 246 1672 qnae
264 1595 350 1652 mista
369 1593 486 1672 quidem
508 1613 542 1651 ex
562 1592 755 1674 intelligentia
775 1605 804 1652 et
824 1592 972 1672 appetitu,
990 1591 1082 1673 magis
1101 1602 1203 1650 tamen

60 1673 96 1729 ad
115 1692 131 1731 a
151 1670 281 1763 petitum
302 1667 432 1735 inclinet.
471 1671 533 1729 lam
555 1668 694 1729 babemus
713 1668 744 1727 in
765 1669 870 1748 quibus
890 1670 972 1728 sitam
993 1686 1056 1727 esse
1077 1667 1205 1726 doceant

61 1749 117 1805 rim
132 1693 229 1807 lrberi
248 1744 371 1821 arbitrii,
389 1745 420 1803 in
441 1746 555 1807 ratione
573 1746 685 1807 scilicet
709 1758 739 1805 et
764 1746 930 1805 voluntate:
956 1766 1036 1804 nunc
1060 1756 1202 1822 quantum

60 1824 181 1903 utrique
200 1821 278 1902 parti
297 1822 437 1896 tribuant,
456 1822 585 1881 breviter
603 1820 760 1885 videndum
780 1833 921 1901 superest.

137 1906 167 1963 5.
209 1898 416 1958 (Jommuniter
434 1898 532 1958 solent
552 1920 598 1958 res
618 1898 747 1971 medias,
777 1917 853 1977 quae
872 1897 984 1957 scilicet
1003 1894 1077 1955 nibil
1097 1895 1133 1954 ad
1153 1914 1202 1954 re-

60 1997 151 2058 gnum
172 1974 232 2033 Dei
253 1975 422 2054 pertinent,
446 1973 499 2035 sub
526 1974 620 2035 libero
646 1974 772 2033 bominis
797 1974 922 2032 consilio
942 1992 1073 2052 ponere:
1104 1991 1203 2033 veram

59 2066 157 2114 autem
177 2050 317 2113 iustitiam
337 2052 374 2110 ad
391 2051 548 2130 specialem
567 2050 625 2110 Dei
650 2050 771 2132 gratiam
793 2062 822 2109 et
840 2049 1021 2130 spiritualem
1043 2069 1074 2107 rc
1098 2069 1203 2108 enera-

60 2131 173 2189 tionem
193 2128 318 2187 reterre.
362 2127 453 2202 Quod
478 2128 546 2187 dum
573 2127 633 2189 vult
653 2127 809 2186 ostendere
829 2138 933 2187 auctor
952 2126 1051 2206 operis
1070 2067 1202 2184 deuoca-

61 2210 138 2265 tiorss
160 2202 296 2263 Gentium
315 2201 380 2280 (lib.
400 2210 428 2267 1.
449 2225 511 2284 cap.
530 2204 585 2282 2.),
603 2203 749 2284 triplicem
769 2203 950 2263 voluntatem
971 2214 1121 2262 numerat:
1141 2202 1203 2282 pri·
1232 2213 1234 2217 '

63 2302 140 2341 mam
158 2282 341 2353 sensitivam,
369 2279 487 2349 alteram
507 2280 676 2353 animalem,
706 2279 822 2339 tertiam
848 2278 1046 2359 spiritualem:
1078 2299 1202 2358 quarum

64 2359 176 2437 priores
195 2356 266 2416 duas
288 2355 399 2415 bomini
419 2356 525 2417 liberas
545 2377 607 2417 esse
626 2354 727 2430 tradit,
746 2357 877 2416 ultimam
898 2378 973 2434 opus
994 2376 1056 2415 esse
1073 2355 1204 2435 Spiritus

62 2433 156 2494 sancti
174 2434 206 2493 in
227 2432 357 2492 bomine.
396 2433 487 2507 Quod
508 2454 544 2492 an
565 2454 664 2493 verum
686 2434 733 2505 sit,
751 2455 805 2492 suo
827 2434 895 2494 loco
910 2432 1100 2492 tractabitur:
1122 2452 1203 2491 nune

41 2510 140 2570 enim
161 2528 317 2569 recensere
338 2508 467 2569 breviter
485 2509 608 2569 aliorum
635 2511 808 2580 sententias,
839 2531 901 2569 non
926 2508 1064 2569 refellere
1088 2530 1203 2592 propo-

59 2588 145 2649 situm
167 2597 221 2647 est.
251 2632 254 2637 .
279 2587 357 2643 llinc
384 2586 417 2645 fit
442 2598 475 2644 ut
493 2608 582 2665 quum
604 2588 640 2645 de
661 2586 755 2645 libero
776 2586 898 2645 arbitrio
919 2598 1011 2667 agunt
1029 2589 1202 2666 scriptores,

60 2685 119 2723 non
140 2662 214 2722 ‹uid
234 2658 271 2721 ad
292 2660 389 2721 civiles
409 2683 461 2722 seu
481 2676 613 2722 externas
633 2664 779 2738 actiones,
799 2664 850 2723 sed
892 2664 940 2722 uid
961 2663 997 2721 ad
1014 2663 1129 2721 divinae
1140 2662 1201 2721 Le-

60 2740 99 2821 gis
120 2685 327 2800 obedientiam
352 2738 462 2811 valeat,
492 2739 632 2819 imprimis
657 2743 815 2818 requirant.
908 2760 973 2798 uam
1004 2740 1202 2818 posteriorem

61 2816 265 2897 quaestionem
285 2818 327 2873 sic
348 2817 531 2894 praecipuam
552 2836 614 2875 esse
635 2817 740 2891 fateor,
761 2815 890 2874 utillam
902 2815 1030 2874 arbitrer
1042 2836 1102 2874 non
1114 2835 1202 2894 pror-

61 2914 103 2953 sus
123 2890 345 2973 negligendam.
405 2891 495 2952 Cuius
520 2895 683 2953 sententiae
708 2913 795 2971 spero
822 2912 870 2950 me
895 2892 1035 2971 optimam
1055 2892 1202 2950 rationem

61 2970 243 3030 redditurum
265 2971 296 3044 (a
316 2979 386 3026 sect.
407 2975 454 3031 12.
476 2968 512 3028 ad
532 2968 607 3045 18).
648 2968 787 3028 Obtinuit
807 2981 903 3027 antem
924 2969 956 3026 in
976 2966 1202 3026 scbolisdistin-

62 3048 128 3119 ctio,
150 3064 229 3124 quae
248 3043 394 3123 triplicem
415 3045 579 3106 libertatem
600 3057 734 3105 numerat
754 3044 813 3125 [cs.
833 3044 993 3106 Lumbard.
1014 3043 1064 3102 lib.
1085 3049 1114 3107 ⁶2.
1135 3043 1201 3102 dist.

60 3122 134 3202 'Me
156 3142 173 3181 a
195 3122 369 3180 necessitate
389 3124 521 3201 primam,
540 3122 697 3181 secundam
718 3143 734 3182 a
756 3132 889 3201 peccato,
909 3121 1024 3182 tertiam
1040 3121 1200 3179 amiseris:

61 3220 183 3277 quarum
213 3197 307 3275 prima
337 3197 378 3258 sic
410 3197 521 3258 bomini
551 3199 723 3260 naturaliter
742 3197 910 3272 inhaereat,
930 3209 964 3257 ut
988 3207 1118 3277 nequeat
1136 3196 1200 3259 ullo

59 3275 149 3335 modo
171 3274 258 3353 eripi,
277 3275 353 3333 duae
371 3276 480 3333 alterae
501 3296 554 3356 per
573 3287 726 3355 peccatum
745 3278 804 3335 sint
823 3275 953 3335 amissae.
992 3274 1079 3335 Hane
1096 3272 1201 3333 distin-

59 3352 191 3412 ctionem
212 3369 270 3431 ego
291 3350 418 3411 libenter
437 3350 565 3430 recipio,
596 3352 651 3411 nisi
675 3353 756 3430 quod
780 3351 841 3411 illic
867 3350 1024 3411 necessitas
1044 3371 1112 3411 cum
1131 3369 1200 3410 coa·

59 3430 159 3488 odone
181 3446 337 3507 perperam
359 3427 565 3487 confunditur:
599 3429 677 3487 inter
702 3449 771 3505 quas
797 3440 938 3507 quantum
958 3429 997 3488 sit
1016 3427 1201 3502 discriminis,

59 3515 88 3565 et
106 3525 196 3584 quarn
219 3505 384 3565 necessario
404 3504 658 3577 considerandum,
676 3504 747 3563 alibi
766 3503 929 3594 apparebit.

133 3586 163 3644 6.
205 3580 273 3639 lloc
292 3580 316 3638 si
336 3580 490 3660 recipitur,
515 3592 593 3639 extra
614 3591 847 3640 controversram
866 3582 939 3652 erit,
959 3600 1021 3641 uon
1041 3589 1200 3657 suppetere

57 3656 92 3715 ad
111 3655 194 3716 bona
215 3677 305 3733 opera
326 3657 451 3716 liberum
469 3657 621 3716 arbitrium
642 3655 771 3730 homini,
802 3656 857 3717 nisi
884 3658 976 3739 gratia
995 3655 1149 3715 adiuvetur
1168 3665 1200 3714 et

56 3733 151 3813 gratia
193 3732 290 3792 uidem
309 3733 444 3813 speciali,
471 3755 528 3812 qua
552 3733 639 3792 electi
659 3732 714 3792 soli
734 3753 788 3812 per
806 3735 1062 3814 regenerationem
1084 3732 1200 3789 donan-

57 3822 112 3869 tur.
202 3830 247 3866 am
269 3810 455 3886 phreneticos
475 3808 546 3868 nibil
566 3830 683 3882 moror,
714 3811 764 3889 qui
790 3811 915 3892 gratiam
940 3810 1051 3889 pariter
1077 3819 1108 3865 et
1127 3827 1200 3883 pro·

54 3887 167 3968 misene
187 3889 349 3965 expositam
371 3907 432 3949 esse
451 3890 586 3970 garriunt
606 3885 728 3966 [Lomb.
747 3886 839 3951 tina.
861 3887 925 3947 dist.
935 3888 1007 3966 26]
1046 3883 1107 3943 Sed
1120 3902 1200 3943 nnn·

122 4147 152 4215 ⁸)
170 4144 212 4197 Cl'.
232 4145 301 4205 Oria.
321 4148 353 4197 de
371 4146 485 4216 princip.
501 4146 547 4198 lib.
563 4146 589 4201 3.
618 4146 739 4198 Refertur
756 4134 949 4205 a'Lombardo,
976 4145 1023 4196 lib.
1039 4145 1064 4197 2.
1083 4143 1138 4196 dist.
1154 4141 1199 4197 ‘bb

56 4240 87 4254 -
106 4216 214 4280 August
239 4229 264 4265 et
279 4213 407 4266 Bernard.
425 4215 549 4278 degratia
567 4229 592 4265 et
608 4216 654 4266 lib.
672 4215 788 4266 arbitrio.
807 4244 839 4254 -
876 4213 991 4266 dnselm.
1016 4213 1076 4264 dial.
1102 4213 1135 4263 de
1151 4212 1198 4265 lib.

57 4283 112 4334 arb.
131 4303 153 4334 e.
172 4284 213 4336 12.
239 4296 264 4334 et
282 4284 321 4338 1³.
340 4311 374 4324 -
390 4310 425 4321 -
454 4282 484 4334 ln
505 4284 557 4334 stne
579 4297 639 4335 sect.
668 4284 701 4335 ei.
725 4276 821 4361 Tlrom.
837 4281 944 4349 'Aquim
966 4281 1068 4359 Summ.
1090 4294 1156 4351 part.
1174 4280 1198 4331 1.

56 4364 151 4419 quaest.
169 4352 212 4405 83
237 4364 261 4402 et
277 4351 300 4404 3
