2700 4732
79 204 139 266 ‘aaa
432 196 435 205 '
496 192 574 253 LIB.
593 190 634 252 lt.
673 188 764 255 CAP.
782 188 821 251 V.

84 342 234 404 bonorum
258 336 414 476 receperit.
464 335 557 398 Cuius
582 333 699 419 generis
727 346 795 397 runt
819 332 866 394 isti
884 332 987 411 (Num.
1006 336 1062 403 14,
1080 334 1130 397 43.

85 420 214 495 7,'13.):
234 416 328 490 „Ama
343 437 377 475 ec
396 426 427 475 et
437 412 611 475 Cananaeus
630 426 698 473 ante
718 432 769 471 ros
789 423 868 485 sunt,
889 430 1014 491 quorum
1034 407 1134 491 gladio

84 497 214 572 „ruetisa
233 513 271 553 eo
291 491 372 573 quod
392 490 545 552 uolueritis
563 490 749 569 acquiescere
760 488 901 547 Domino.
942 485 1020 559 Quia
1036 486 1140 545 vocari

86 584 149 649 „et
162 591 224 630 non
249 568 457 649 respondistis,
486 567 589 626 faciam
617 566 683 626 huic
704 564 804 624 domui
823 565 898 624 sicut
917 562 974 622 leci
994 561 1090 622 sitor‘
1128 560 1155 621 lt

88 650 192 725 „llaec
212 666 284 727 gens
304 667 364 705 non
385 644 494 703 audivit
512 665 615 703 vocem
635 642 759 701 Domini
778 641 836 701 Dei
854 640 908 710 sui,
929 659 983 699 uec
1002 637 1155 717 recepitd

88 726 233 805 „plinam:
253 722 320 782 ideo
333 721 464 801 proiecta
477 732 520 781 est
532 742 546 779 a
559 720 721 779 Donrino.“
761 718 851 776 Item:
870 717 972 791 „Quia
992 715 1150 775 indurastia

87 810 250 877 „restrum
270 810 301 859 et
319 797 453 857 noluistis
468 797 590 856 obedire
601 795 745 869 Domino,
764 794 836 853 baec
854 794 953 853 omnia
973 790 1048 851 mala
1059 810 1155 881 evene¹

86 876 215 953 ‚,vobis“
245 877 318 952 (ler.
337 880 372 947 7,
395 878 442 938 ‘28
467 874 614 948 32,‘L·3.).
664 872 752 931 'sales
783 869 1043 949 exprobrationes,
1074 868 1155 947 inqut

88 952 241 1045 quomodo
265 952 400 1011 adversus
429 970 480 1009 eos
500 961 717 1031 congruerent,
742 947 846 1026 quibus
871 944 1016 1025 extemplo
1041 964 1155 1025 respou-

88 1031 185 1091 lrceat.
222 1027 318 1087 Nobis
326 1046 400 1085 vero
420 1026 597 1106 prosperitas
609 1024 690 1084 cordi
705 1036 776 1093 erat,
796 1024 914 1083 adversa
932 1021 1123 1081 timebamus:
1143 1042 1155 1099 e

89 1117 186 1167 autem
206 1103 283 1165 illius
303 1103 522 1183 adipiscendae,
547 1104 650 1162 borum
671 1101 855 1159 vitandorum
883 1120 981 1171 rausa,
1006 1098 1142 1157 Domino

90 1182 250 1263 paruimus,
271 1200 326 1240 nec
343 1200 450 1239 rocem
471 1180 532 1239 eius
553 1178 792 1250 auscultavimus,
814 1197 850 1235 en
872 1176 980 1234 lactum
1001 1185 1046 1233 est
1065 1173 1136 1251 quia

90 1258 147 1320 cati
167 1257 360 1317 dominationi
381 1255 516 1316 obnoxiis
539 1256 663 1314 liberum
689 1276 749 1312 nnn
777 1252 851 1312 luit?
888 1254 1008 1311 Frustra
1034 1250 1126 1329 igitur
1149 1270 1156 1307 r

89 1335 178 1395 nobis
195 1332 420 1419 eqrrobrantur,
459 1352 513 1391 uae
527 1332 659 1412 elingere
670 1340 729 1391 non
752 1330 807 1389 luit
826 1341 942 1389 nestrae
962 1326 1126 1409 potestatis.

91 1410 201 1471 omisso
221 1410 401 1469 necessitatis
422 1354 558 1481 obtentu,
578 1410 606 1467 in
629 1430 687 1487 quo
708 1408 852 1467 infirmum
874 1417 918 1465 est
937 1426 970 1465 ac
992 1403 1074 1462 sutile
1094 1412 1156 1481 patr

91 1488 190 1561 nium,
216 1506 292 1567 rogo
314 1486 465 1565 possintne
489 1485 603 1564 culpam
625 1484 783 1563 deprecari.
831 1484 905 1542 Nam
925 1483 950 1542 si
975 1480 1079 1559 eulpae
1105 1478 1156 1538 alic

90 1575 232 1624 tenentur
251 1562 395 1635 convicti,
420 1581 481 1620 uon
502 1563 553 1621 abs
572 1580 604 1619 re
624 1562 770 1620 Dominus
791 1559 961 1639 exprobrat,
982 1577 1084 1618 eorum
1107 1574 1156 1635 per

92 1641 177 1699 ritate
203 1638 311 1699 factum
336 1659 416 1711 esse,
441 1639 597 1716 quominus
623 1659 692 1697 suae
718 1638 891 1696 elementiae
915 1637 1041 1695 fructum
1072 1632 1156 1692 sentit

91 1714 308 1795 Respondeant
327 1734 410 1791 ergo,
431 1716 582 1793 possintne
603 1714 725 1774 inficiari
747 1736 860 1774 causam
887 1700 1089 1772 contumaciae
1110 1728 1156 1789 pra

92 1812 173 1863 suasu
193 1791 373 1851 voluntatem
393 1791 489 1854 luisse.
539 1792 572 1850 Si
592 1789 658 1849 mali
679 1791 792 1879 loqtem
813 1793 889 1849 intra
909 1810 940 1848 se
960 1787 1130 1867 reperiunt,

91 1868 268 1949 vestigandis
289 1870 431 1928 extrancis
452 1868 542 1927 causis
563 1867 690 1942 inhiant,
711 1889 747 1926 ne
767 1867 821 1927 sibi
842 1867 895 1946 ipsi
917 1867 1003 1925 luisse
1023 1863 1104 1922 exitii
1123 1882 1157 1922 an

94 1966 142 2005 res
160 1945 334 2004 videantur?
374 1944 490 2018 Quodsi
509 1966 608 2004 verum
630 1957 683 2017 est,
703 1965 756 2003 suo
778 1966 837 2003 non
859 1943 955 2001 alieno
977 1942 1052 1999 vitio
1071 1951 1103 1998 et
1123 1938 1157 1998 di·

93 2020 246 2083 benefieiis
266 2020 371 2113 prirari
399 2033 584 2099 peccatores,
614 2033 642 2081 et
663 2020 824 2081 ultionibus·
844 2019 993 2098 castigari,
1025 2036 1157 2098 magnas

95 2109 157 2172 est,
189 2118 241 2156 eur
266 2108 333 2157 astas
353 2097 595 2176 exprobrationes
616 2118 648 2155 ex
669 2118 721 2157 ore
740 2098 798 2155 Dei
818 2097 953 2155 audiant:
983 2106 1016 2154 ut
1034 2094 1058 2153 si
1078 2091 1157 2153 obsti

94 2174 126 2233 in
145 2174 223 2234 vitiis
243 2184 382 2309 perqant,
411 2174 522 2232 discant
546 2176 575 2232 in
600 2173 810 2234 calamitatibus
840 2194 920 2232 suam
948 2172 1044 2252 potius
1067 2169 1157 2249 nequi

95 2269 230 2311 accusare
250 2262 281 2308 et
321 2250 454 2321 etestari,
474 2270 560 2328 quam
579 2250 675 2308 Deum
696 2250 814 2329 iniquae
833 2250 970 2308 saevitiae
989 2244 1157 2307 insimulare

97 2327 277 2386 docilitatem
297 2347 359 2386 non
380 2337 531 2398 exueruut,
552 2338 738 2404 peccatorum
754 2327 851 2386 taedio
862 2328 939 2405 capti
959 2328 1101 2416 (quorum
1122 2344 1157 2383 rm

96 2403 219 2461 miseros
238 2423 269 2462 se
289 2424 323 2462 ae
343 2402 473 2482 perditos
493 2402 607 2477 vident)
629 2404 658 2461 in
679 2404 752 2462 viam
774 2403 911 2473 redeant,
930 2424 963 2461 ae
982 2401 1010 2460 rd
1034 2400 1130 2480 ipsum
1153 2424 1157 2459 s

97 2478 284 2539 consessione
310 2489 486 2560 agnoscant,
519 2481 598 2558 quod
624 2480 769 2538 Dominus
796 2478 982 2558 obiurgando
1007 2496 1157 2537 commem

96 2554 132 2614 Iu
181 2574 247 2614 uem
273 2576 356 2615 usum
380 2554 462 2630 illas,
492 2576 566 2635 quac
591 2556 732 2632 citantur,
759 2555 975 2635 Prophetarum
1007 2552 1156 2633 obiurgati

95 2576 179 2709 apud
194 2631 258 2711 pios
278 2632 453 2710 proiecisse,
483 2652 517 2691 ex
541 2632 667 2693 sollenni
687 2633 819 2692 Danielis
839 2632 974 2692 oratione
995 2642 1127 2705 constat,
1154 2658 1157 2681 ι

99 2707 224 2767 babetur
247 2707 342 2787 eapite
360 2714 388 2772 9.
428 2708 541 2769 Prioris
566 2722 662 2770 autem
687 2732 753 2769 usus
779 2707 940 2788 exemplum
961 2708 1112 2766 intuemur
1131 2706 1158 2766 iu

97 2782 187 2858 dacis,
206 2784 312 2864 quibus
330 2806 447 2844 suarum
466 2786 644 2845 miseriarum
665 2808 779 2847 causam
791 2805 927 2845 enarrare
939 2785 1077 2843 leremias
1097 2784 1158 2844 iubs

97 2880 187 2939 quum
207 2872 306 2920 tamen
327 2882 388 2921 non
408 2862 494 2922 aliter
513 2885 644 2922 casurum
666 2875 757 2939 esset,
777 2884 864 2942 quam
883 2861 1028 2921 Dominus
1049 2860 1158 2939 praedis

98 2936 173 3014 (Iar.
192 2944 221 3010 ’7,
238 2940 316 3014 27·):
336 2938 501 3018 „Loqueris
521 2940 556 2999 ad
579 2960 630 2999 eos
651 2940 748 2998 omnia
768 2938 856 2998 rerba
877 2939 958 3010 baec,
978 2949 1009 2996 et
1029 2957 1091 2995 non
1111 2958 1158 2997 aur

96 3025 143 3074 te:
163 3013 283 3074 vocabis
303 3033 370 3088 eos,
395 3028 425 3075 et
444 3036 505 3075 non
531 3017 753 3095 respondebunt
776 3016 861 3073 tibi.“
900 3016 1053 3087 Quorsum
1073 3013 1158 3095 igitur

97 3089 226 3149 uebatur
244 3090 356 3150 surdis?
376 3103 408 3149 ut
427 3092 563 3151 nolentes
582 3114 616 3151 ae
636 3093 720 3152 inriti
741 3091 940 3171 intelligerent
951 3112 1050 3150 verum
1071 3110 1158 3150 esser

99 3165 271 3226 audiebant:
301 3168 444 3226 nefarium
465 3190 527 3228 esse
550 3169 733 3250 saerilegium
754 3171 778 3229 si
803 3173 945 3229 malorum
965 3188 1085 3226 suorum
1106 3165 1158 3227 cul·

99 3243 223 3321 quaein
244 3242 314 3319 ipsis
333 3244 495 3318 residebat,
518 3245 587 3303 Deo
607 3247 844 3305 transcriberent.
888 3245 989 3304 l'aucis
1009 3243 1054 3304 bis
1072 3240 1158 3303 soluti

99 3318 155 3379 bus
174 3318 311 3399 expedire
334 3331 365 3379 te
389 3319 525 3379 facillime
554 3323 644 3399 possis
672 3322 709 3380 ab
736 3324 873 3380 immensa
899 3322 1137 3380 testimoniorum

98 3395 193 3531 pharia,
212 3416 299 3474 quam
317 3396 354 3456 ad
375 3396 546 3477 erigendum
568 3398 652 3457 liberi
671 3397 785 3457 arbitrii
805 3398 990 3457 simulacrum
1012 3396 1156 3479 bostesgr

131 3472 158 3531 ei
175 3483 290 3533 struere
308 3471 421 3545 solent,
442 3485 499 3532 tam
520 3493 554 3532 er
573 3475 735 3554 praeceptis
756 3497 841 3554 quam
863 3495 895 3534 ex
912 3472 1159 3533 obtestationibus

99 3567 200 3608 reram
217 3548 306 3629 Legis
325 3560 563 3645 transgressores.
601 3550 752 3611 Probrose
772 3551 809 3609 de
829 3551 943 3610 ludaeis
962 3552 991 3609 in
1005 3550 1123 3610 Psalmo
1142 3571 1158 3609 r

99 3627 170 3761 gis,
187 3626 249 3700 8.),
272 3624 435 3687 Generatro
460 3647 547 3705 prava
568 3648 642 3706 quae
663 3648 723 3686 non
745 3628 848 3686 direxit
874 3649 927 3688 cor
948 3648 1046 3687 suum:
1067 3626 1159 3687 aliur

126 3701 220 3761 salmo
239 3704 302 3778 (95,
319 3705 363 3777 8.)
384 3703 518 3765 bortatu-
537 3705 685 3784 Propheta
705 3724 774 3764 suae
793 3707 894 3762 aetatis
915 3704 1058 3777 homines,
1077 3724 1117 3763 ne
1137 3724 1156 3763 n

100 3788 170 3839 tent
188 3778 278 3837 eorda
296 3798 363 3837 suas
384 3800 492 3859 nempe
533 3781 579 3839 uia
600 3782 694 3840 omnis
707 3782 907 3840 cnrrtumaciae
925 3779 1010 3859 culpa
1029 3783 1059 3839 in
1081 3778 1159 3840 borni

98 3854 244 3934 pravitate
265 3853 379 3915 barret:
403 3857 453 3917 sed
473 3801 561 3917 stulte
582 3857 650 3916 inde
669 3856 834 3935 colligitur,
866 3858 968 3916 corin
989 3869 1146 3937 utramque

99 3940 162 3990 teau
182 3948 245 3989 esse
263 3930 407 4006 flexibile,
435 3934 517 3993 cuius
562 3935 726 4013 raeparatio
747 3954 763 3991 a
783 3935 849 3993 Deo
872 3946 924 3993 est.
971 3934 1055 3994 Dicit
1073 3932 1159 4017 Dropl

100 4002 243 4067 Inclinari
265 4026 320 4067 eor
344 4028 440 4068 meum
460 4009 497 4069 ad
517 3954 698 4070 observanda
718 4022 875 4089 praecepta
895 4022 944 4068 tna
965 4012 1116 4084 (es-119,
1135 4018 1159 4075 1:

101 4100 211 4161 nempe
226 4084 294 4163 quia
313 4083 441 4145 libenter
459 4097 489 4145 et
510 4087 592 4145 hilari
611 4086 699 4145 animi
719 4087 919 4166 propensione
932 4086 1000 4145 Deo
1019 4106 1052 4146 se
1070 4088 1159 4163 addin

99 4178 140 4219 ne
163 4176 200 4219 na
218 4170 316 4219 tamen
335 4180 367 4222 se
386 4160 582 4224 inclinationis
602 4174 751 4222 auctorem
772 4183 834 4223 esse
854 4164 950 4237 iactat,
990 4184 1056 4221 nam
1077 4165 1108 4223 in
1128 4183 1159 4223 eu

98 4232 126 4295 P
199 4254 219 4295 o
235 4236 347 4299 latetur
365 4238 425 4298 Dei
444 4258 506 4298 esse
526 4239 646 4298 donum.
694 4239 798 4317 Itaque
817 4237 945 4298 tenenda
964 4184 1049 4300 llauti
1068 4240 1156 4301 admo

100 4308 194 4391 (etit.
211 4316 243 4387 8,
260 4315 336 4393 12),
352 4313 421 4377 dum
440 4313 541 4376 fideles
559 4316 642 4376 iubet
662 4315 779 4396 operari
798 4316 922 4377 salutern
940 4336 1020 4377 suam
1040 4338 1109 4378 eum
1127 4318 1159 4379 tir
