2700 4732
516 212 593 276 tto.
613 213 666 276 tv,
706 213 795 280 cat.
814 214 851 276 tt.
1067 242 1072 252 ·
1190 218 1250 284 att

61 356 63 389 ⁵
117 370 176 419 tur.
215 357 323 436 Nam(
346 358 405 419 uod
418 356 510 421 valida
529 361 645 420 ratione
656 334 832 420 contirmare
849 368 1021 438 promptum
1041 358 1099 437 est)
1117 352 1144 420 A
1166 371 1252 422 osto-

116 436 162 496 los
183 455 290 495 novum
311 379 371 496 illic
391 437 543 516 quicquam
568 438 725 497 instituisse
744 448 796 501 aut
815 435 976 496 decrevisse
1004 456 1093 518 nego.
1146 380 1276 518 bique·

116 510 184 571 dem
205 533 292 590 quum
318 512 347 572 in
375 533 411 572 eo
431 513 557 573 concilio
580 514 683 573 Petrus
709 513 818 573 tentari
836 512 934 572 Deum
954 513 1138 592 pronuntiet,
1157 515 1181 574 si
1201 516 1248 573 iu-

115 608 185 671 gum
206 590 367 680 imponitur
387 589 546 649 cervicibus
568 589 785 670 discipulorum,
804 609 884 648 suam
904 589 967 679 ipse
986 591 1159 650 sententiam
1179 591 1250 650 sub·

113 653 214 739 vertit:
232 688 255 725 ss
275 665 375 747 iugum
395 677 497 744 postea
511 666 628 745 aliquod
647 667 794 726 consentit
808 667 930 744 impons,
962 666 1129 745 Impunitur
1141 679 1250 743 autern,

115 742 139 817 si
164 763 214 801 sua
240 742 413 802 anctoritate
438 742 597 802 decernant
616 741 768 822 Apostoli,
799 741 1015 821 prohibendum
1037 740 1184 806 Gentihs
1208 762 1249 803 ne

70 875 78 885 ,
110 818 292 899 idolothyta,
311 819 480 900 sanguinem
501 830 531 877 et
549 817 725 878 suffocatum
745 819 898 897 attingant.
938 818 1039 878 Manet
1057 820 1175 897 quidem
1188 820 1248 879 ¹ad-

114 895 174 955 buc
192 894 354 975 scrupulus,
373 895 454 975 quod
474 894 825 954 nibilominutvideantur
842 893 1012 973 probibere.
1051 896 1142 975 Atqui
1162 895 1248 957 facile

61 1018 65 1031 .
116 970 310 1044 dissolvetur,
339 971 363 1031 si
410 971 452 1031 uis
482 971 604 1051 propius
630 972 740 1031 decreti
771 972 860 1051 ipsius
884 989 999 1031 sensum
1019 972 1247 1032 animadvertats

115 1049 196 1107 cuius
215 1049 340 1127 primum
359 992 481 1122 ordine,
513 1058 543 1106 et
567 1059 719 1107 momento
743 1049 931 1128 praecipuum
955 1058 1042 1126 caput
1066 1061 1124 1123 est,
1156 1049 1249 1108 reliu-

115 1124 262 1203 quendam
288 1143 350 1183 esse
375 1120 522 1184 Gentibus
546 1144 626 1183 suam
652 1123 834 1197 libertatem,
869 1142 925 1183 nec
949 1122 1005 1183 illis
1029 1124 1248 1186 obturbandam

116 1219 189 1271 esse,
209 1211 260 1259 aut
272 1199 401 1281 debegis
414 1199 667 1260 observationibus
680 1199 870 1260 exhibendam
882 1199 1055 1261 molestiam.
1095 1202 1248 1262 Hactenus

114 1276 203 1338 nobis
227 1276 348 1358 euregie
373 1277 604 1355 patrocinatur·
631 1276 718 1350 Quae
743 1289 839 1336 autem
869 1278 999 1356 proxime
1027 1279 1161 1358 sequitur
1196 1298 1246 1339 ex·

112 1368 176 1434 eep·
189 1351 230 1426 ὀ,
245 1373 300 1412 nec
319 1373 395 1412 nova
415 1352 460 1411 lex
480 1364 524 1412 est
542 1351 579 1412 ab
597 1351 749 1432 Apostolis
769 1353 839 1428 lata,
857 1353 908 1412 sed
929 1353 1058 1413 divinum
1078 1364 1246 1415 aeternum·

158 1449 173 1488 e
192 1430 250 1488 Dei
269 1429 494 1489 mandatum-de
513 1449 574 1489 non
594 1429 730 1499 violanda
750 1431 886 1504 caritate,
905 1450 960 1489 nec
980 1443 1121 1510 puuctum
1142 1451 1176 1490 ex
1194 1433 1246 1493 illa

82 1534 93 1551 ·
112 1508 251 1568 libertate
275 1505 396 1565 delibat:
427 1506 479 1565 sed
500 1503 614 1567 Gentes
634 1505 772 1566 duntaxat
796 1506 945 1581 admonet,
992 1529 1027 1565 ua
1047 1509 1163 1567 ratione
1182 1528 1246 1569 sese

111 1581 252 1644 fratribus
271 1593 478 1662 attemperent,
497 1604 536 1640 ne
554 1603 605 1642 sua
625 1581 759 1642 libertate
779 1582 809 1643 iu
831 1602 932 1645 eorum
953 1603 972 1643 ο
1000 1584 1151 1643 ensiouem
1172 1584 1246 1645 abu·

105 1669 221 1720 tantur.
261 1658 307 1717 Sit
326 1658 383 1718 boc
402 1658 493 1740 igitur
511 1658 670 1718 secundum
690 1671 792 1738 caput,
816 1670 850 1718 ut
869 1659 985 1719 innoxia
1004 1659 1140 1720 libertate
1159 1674 1246 1721 utan-

110 1748 163 1795 tur
175 1733 288 1813 Gentes
308 1755 340 1793 ac
361 1735 433 1794 eitra
453 1734 575 1794 fratrum
587 1735 794 1796 offensionem.
832 1737 874 1795 At
893 1747 1004 1795 certum
1024 1748 1122 1795 tamen
1134 1737 1246 1817 aliquid

110 1811 329 1894 praescribunt:
356 1830 461 1891 nempe
482 1824 624 1891 quatenus
643 1833 699 1892 pro
718 1824 856 1907 ternpore
876 1812 1064 1890 expediebat,
1081 1812 1191 1874 docent
1210 1836 1246 1877 ac

112 1891 175 1949 desi
197 1900 278 1961 naut,
288 1887 393 1967 quibus
403 1888 490 1948 rebus
503 1889 532 1948 in
547 1887 668 1949 fratrum
680 1889 877 1949 offensionem
889 1891 1001 1967 possint
1011 1888 1173 1965 incurrere,
1184 1911 1245 1971 quo

111 1965 149 2025 ab
171 1908 226 2024 illis
246 1975 384 2024 caveautr
406 1964 477 2023 nibil
497 1975 594 2024 tamen
614 1986 722 2026 novum
743 1966 778 2025 ad
799 1977 947 2025 aeternam
957 1965 1016 2025 Dei
1027 1964 1149 2049 Legem,
1169 1987 1246 2048 quae

111 2043 235 2102 fratrum
256 2038 454 2100 offensionem
497 2040 633 2115 cohibet,
645 2043 682 2101 de
701 2063 755 2102 suo
776 2043 915 2103 afferunt.

164 2124 235 2183 tt.
275 2062 531 2191 Quemadmodum
551 2120 574 2178 si
594 2119 643 2198 qui
664 2119 792 2180 ecclesiis
817 2120 949 2179 nondum
974 2119 1052 2179 bene
1077 2121 1245 2184 constitutis

110 2206 250 2278 praesunt
279 2193 379 2253 fideles
407 2205 552 2274 pastores,
578 2195 716 2268 omnibus
736 2196 793 2256 suis
813 2196 946 2270 edicant,
965 2212 1015 2255 'ue
1036 2195 1132 2258 donee
1151 2198 1245 2259 imbe-

112 2272 203 2346 cilles,
224 2271 394 2350 quibuscum
415 2271 532 2345 vivunt,
565 2271 747 2347 adolescant,
780 2272 874 2352 palam
896 2272 942 2331 die
962 2272 1088 2334 Veneris
1108 2276 1244 2338 carnibus
1328 2290 1334 2315 ‘

107 2360 274 2419 vescantur,
292 2358 343 2405 aut
363 2347 441 2408 feriis
460 2347 490 2406 in
511 2346 629 2427 publico
642 2348 788 2423 laborent,
809 2362 858 2408 aut
868 2348 962 2409 simile
974 2349 1132 2430 quippiam.
1161 2353 1246 2413 Haec

111 2427 189 2485 enim
209 2424 335 2495 tametsi,
355 2424 483 2502 seposita
501 2425 727 2501 superstitione,
746 2425 945 2485 indifferentia
964 2447 1018 2506 per
1038 2447 1069 2486 se
1088 2428 1159 2488 siut:
1191 2428 1245 2489 ubi

107 2515 209 2563 tamen
230 2500 344 2560 accedit
364 2501 485 2560 fratrum
505 2502 645 2576 ostensio,
664 2503 727 2561 siue
741 2504 848 2563 delicto
869 2503 983 2562 admitti
1004 2517 1163 2582 nequeunt.
1192 2505 1244 2566 Sic

109 2592 208 2639 autem
230 2589 298 2638 sunt
317 2589 465 2655 tempora,
486 2590 519 2636 ut
537 2577 733 2658 spectaculum
754 2579 811 2640 boc
830 2579 952 2640 infirmis
973 2581 1111 2640 fratribus
1130 2602 1244 2662 propo·

108 2677 182 2715 nere
202 2674 263 2714 non
285 2654 598 2735 possintfideles,quin
620 2676 722 2715 eorum
742 2657 935 2716 conscientias
954 2658 1120 2738 gravissime
1140 2659 1243 2716 vulne-

108 2743 187 2792 rent.
227 2732 301 2805 Quis
326 2730 379 2790 nisi
401 2729 610 2804 calumniator,
633 2735 673 2791 sic
700 2753 805 2792 novam
827 2733 896 2792 ferri
922 2732 958 2791 ab
984 2734 1017 2792 iis
1038 2733 1133 2814 legem
1156 2735 1243 2809 dicat,
1288 2791 1296 2807 ,

111 2829 186 2888 quos
211 2818 325 2866 cunstat
351 2808 489 2866 duntaxat
518 2807 660 2867 scandalis
686 2829 857 2883 occurrere,
890 2829 963 2887 quae
987 2822 1056 2869 sunt
1074 2832 1090 2869 a
1110 2811 1242 2869 Domino

110 2886 180 2946 satis
206 2885 311 2949 diserte
334 2883 502 2963 prohibita?
546 2884 646 2943 Nihilo
671 2896 768 2943 autem
794 2884 884 2965 magis
906 2896 936 2942 ct
956 2884 992 2943 de
1012 2886 1164 2965 Apostolis
1185 2886 1243 2947 dici

108 2972 224 3042 potest:
253 2961 357 3041 quibus
378 2961 448 3019 nibil
470 2960 547 3020 aliud
568 2961 753 3039 propositum
774 2971 850 3034 crat,
871 2960 1069 3021 offensionum
1091 2963 1242 3023 materiam

100 3038 260 3112 ¹tollendo,
281 3059 366 3116 quam
388 3037 514 3109 divinam
535 3057 641 3117 urgere
660 3038 772 3119 Legem
793 3037 829 3095 de
847 3037 962 3096 vitanda
983 3037 1163 3099 offensione:
1183 3039 1276 3111 acsi.

110 3116 260 3184 dixissent,
293 3116 484 3191 Praeceptum
505 3113 627 3173 Domini
648 3126 705 3188 est,
736 3134 773 3174 ne
799 3113 918 3173 fratrem
939 3113 1084 3174 infirmum
1109 3115 1242 3176 laedatis:

109 3213 183 3271 quae
205 3191 291 3249 idolis
312 3191 411 3249 oblata
431 3202 514 3262 sunt,
539 3191 715 3250 suffocatum
741 3202 772 3250 et
790 3193 962 3283 sanguinem
983 3191 1158 3251 manducare
1179 3214 1242 3253 non

61 3287 64 3291 ’
107 3270 242 3347 potestis,
263 3270 331 3346 quin
346 3268 536 3325 olfendantur
555 3266 661 3326 infirmi
681 3267 793 3331 fratres.
832 3268 985 3328 edicimus
999 3269 1087 3350 igitur
1106 3268 1189 3330 tobis
1209 3270 1242 3329 in

107 3345 200 3402 verbo
221 3345 352 3418 Domini,
373 3364 485 3402 necum
504 3343 641 3403 scandalo
654 3344 844 3404 manducetis.
883 3344 977 3424 ldque
989 3345 1081 3423 ipsum
1096 3357 1242 3425 spectasse
1299 3384 1307 3404 ι

108 3419 280 3497 Apostolus,
301 3420 406 3479 Paulus
427 3423 554 3499 optimus
575 3432 619 3480 est
636 3421 729 3496 testis,
750 3421 800 3499 qui
821 3431 901 3479 certe
921 3420 1038 3479 nonnisi
1059 3442 1092 3479 ex
1113 3423 1242 3483 Consilii

108 3496 254 3565 sententia
274 3497 314 3555 sic
334 3497 435 3555 scribit
455 3499 493 3574 (l.
516 3497 587 3556 Cor.
606 3501 637 3568 8,
655 3498 780 3571 4-9.):
801 3497 868 3572 „De
883 3499 964 3569 escis,
984 3516 1058 3575 quae
1078 3497 1164 3558 idolis
1184 3500 1241 3558 im-

108 3570 288 3646 „molantur,
308 3576 412 3631 scimus
433 3575 498 3652 quia
519 3573 701 3636 simulacrum
724 3573 794 3632 nibil
815 3585 867 3632 est.
909 3573 1036 3649 Quidam
1056 3585 1153 3633 autem
1174 3595 1241 3635 cum
1273 3595 1279 3607 '

109 3647 311 3723 „conscientia
341 3649 427 3722 idoli,
461 3650 541 3727 quasi
563 3649 648 3708 idolis
670 3649 866 3722 immolatum,
895 3650 1083 3710 manducant:
1117 3662 1147 3709 et
1167 3671 1241 3710 con-

108 3724 251 3798 „scieutia
277 3743 378 3781 eorum
404 3724 516 3784 infirma
541 3747 629 3814 quum
654 3725 706 3800 sit,
731 3726 881 3805 polluitur.
932 3727 1039 3785 Videte
1058 3745 1096 3784 ne
1122 3725 1242 3789 facultas

107 3811 223 3874 „vestra
244 3799 454 3859 offendiculum
479 3801 529 3859 liat
554 3801 705 3861 mfirmis.“
757 3801 813 3863 Cui
843 3803 953 3862 isthaec
977 3801 1072 3881 probe
1096 3823 1242 3884 perpensa

107 3878 231 3950 fuerint,
253 3877 279 3934 ei
299 3876 421 3955 posthac
438 3877 520 3936 fucus
539 3897 599 3937 nou
620 3879 680 3951 liet,
694 3878 808 3958 qualem
829 3879 937 3939 faciunt
948 3879 998 3958 qui
1012 3899 1080 3938 suae
1092 3880 1242 3960 tyrannidi

106 3951 268 4030 Apostolos
290 3964 473 4032 praetexunt,
493 3955 551 4013 acsi
571 3952 710 4014 ecclesiae
731 3954 897 4016 libertatem
916 3975 969 4016 suo
992 3956 1110 4015 decreto
1131 3955 1240 4015 iufrin-

129 4049 178 4086 cre
198 4031 374 4107 coepissent.
413 4029 523 4088 Verum
545 4042 577 4089 ut
596 4031 655 4089 effu
698 4050 729 4089 re
749 4044 906 4111 nequeant,
924 4030 993 4111 quin
1006 4033 1241 4092 suaetiamcou-

106 4049 235 4164 iussione
265 4106 443 4165 solutionem
469 4106 542 4165 hanc
566 4050 750 4186 approbent,
782 4126 828 4169 res
851 4109 981 4167 ondeant
1004 4107 1075 4170 mibi
1095 4128 1155 4187 quo
1175 4107 1241 4168 iure

107 4179 179 4239 illud
200 4183 292 4260 ipsum
314 4183 466 4243 decretum
487 4183 546 4242 ausi
567 4188 627 4242 sint
644 4184 799 4266 abrogare.
868 4203 952 4263 empe
971 4184 1037 4262 quia
1057 4181 1094 4243 ab
1116 4183 1171 4244 illis
1191 4184 1241 4244 of-.

106 4257 289 4320 tensionibus
309 4281 343 4320 ac
363 4259 501 4333 dissidiis,
521 4259 626 4339 quibus
645 4279 803 4321 occurrere
821 4259 974 4320 voluerant
993 4261 1018 4318 A
1043 4259 1146 4334 ostoli,
1165 4258 1241 4320 nibil

105 4333 228 4416 amplius
248 4335 371 4415 periculi
390 4346 467 4399 erat:
487 4335 583 4420 legem
593 4354 664 4405 sero
683 4358 702 4399 a
719 4356 774 4403 suo
793 4335 853 4399 fine
872 4337 1011 4399 aestimau
1048 4347 1241 4400 mnoverant

970 4514 978 4529 ἱ
