2596 4726
444 220 520 283 un
541 220 598 293 ll.¹
622 221 711 283 Cbl'.
732 164 817 283 Vlll.
1127 228 1184 289 att
1281 294 1285 301 ,

48 365 155 439 sentin
172 375 313 445 tanquam
333 362 536 441 fundamento,
553 366 729 429 subnitatur.
768 367 831 443 Qul
846 366 907 429 duo
925 378 1083 449 praecepta
1096 388 1187 448 quae·

49 455 120 505 runt
138 442 172 503 in
191 442 447 523 concupiscentiae
489 445 680 519 robibitione,
697 465 836 527 perversa
855 448 987 505 sectione
1023 445 1184 509 uodunum

49 532 112 582 erat
137 518 286 595 lacerare,
317 520 446 599 prudens
466 466 567 583 lector
590 543 640 583 me
662 535 779 582 tacente
797 520 947 581 iudicabit.
1033 543 1067 583 ec
1087 522 1187 585 obstat

50 598 131 676 quod
151 597 284 657 secundo
304 598 450 675 repetitur
468 599 608 672 verbum,
646 599 717 659 Non
735 596 931 673 concupisces:
970 600 1037 677 quia
1056 597 1108 657 ubi
1129 600 1183 662 do·

52 695 129 733 mum
151 674 260 753 posuit,
282 686 377 751 partes
398 674 458 735 eius
478 687 639 749 enumerat,
659 676 695 735 ab
715 697 806 734 uxore
826 676 983 753 incipiens:
1009 677 1087 733 uude
1107 676 1184 739 clare

53 762 149 829 patet,
174 771 234 809 uuo
255 760 412 826 contextu,
437 753 515 830 qnod
537 764 616 813 rccte
637 752 765 811 llebraci
786 753 910 823 iaciunt,
935 751 1091 831 legendum
1112 774 1185 827 esse,

52 848 85 885 ac
102 826 201 885 Deum
223 827 253 884 in
274 847 385 886 summa
406 829 584 907 praecipere,
605 841 637 888 ut
656 831 735 920 quod
756 829 885 909 possidet
905 829 1044 919 quisque,
1069 843 1185 890 maneat

52 900 159 963 saluum
181 915 210 962 et
229 903 384 977 intactum,
403 924 464 963 uon
485 906 577 965 ruodo
597 906 632 965 ab
659 905 762 965 iniuria
793 918 843 965 aut
873 904 995 963 libidine
1021 904 1184 982 fraudandi,

53 980 101 1039 sed
120 1000 137 1039 a
157 980 278 1039 minima
298 980 386 1038 etiam
406 982 577 1061 cupiditate,
597 1002 670 1061 qnae
690 984 802 1042 animus
821 980 970 1042 sollicitet.

9 1076 11 1125 ς
124 1063 173 1121 51.
214 1056 367 1131 Quorsum
386 1076 457 1117 vero
476 1070 593 1138 spectet
611 1060 670 1117 Lex
689 1060 833 1127 universa,
853 1078 914 1116 uou
935 1059 991 1116 crit
1009 1078 1089 1117 nunc
1106 1056 1184 1118 diffi-

55 1130 107 1191 cile
126 1133 284 1206 iudicium,
315 1153 420 1211 nempe
445 1134 475 1192 iu
502 1136 628 1195 iustitiae
648 1134 911 1213 complementum:
943 1146 976 1193 ut
995 1133 1121 1194 hominis
1139 1134 1184 1193 vi·

56 1220 109 1269 tam
129 1209 166 1269 ad
187 1210 303 1267 diuinae
319 1210 455 1289 puritatis
475 1212 621 1290 exemplar
639 1211 758 1271 sormct.
816 1210 862 1270 Ita
887 1210 964 1269 euim
990 1232 1073 1269 suum
1098 1212 1185 1293 inge·

56 1286 131 1345 nium
150 1284 235 1346 Deus
254 1286 316 1345 illic
335 1286 505 1363 delineavit,
535 1301 570 1348 ut
588 1289 611 1347 si
631 1288 695 1367 quis
720 1288 804 1347 lactis
829 1286 966 1366 quiequid
992 1286 1052 1347 illie
1072 1290 1184 1368 praeci-

56 1362 129 1443 pitur
146 1374 366 1441 repraesentet,
394 1365 550 1446 imaginem
568 1365 627 1424 Dei
646 1364 864 1444 quodammodo
883 1364 922 1423 sit
941 1364 970 1422 in
990 1364 1048 1423 vita
1067 1385 1184 1442 capres-

56 1458 142 1499 sarus.
183 1438 386 1513 Quamobrem
407 1441 520 1517 llloses,
549 1462 638 1520 quum
663 1461 802 1501 summam
827 1440 903 1501 illius
928 1441 1069 1501 reducere
1089 1443 1184 1502 lsrae-

56 1512 108 1575 titis
126 1514 159 1575 in
180 1516 353 1575 memoriam
372 1517 475 1577 vellet:
512 1518 573 1591 „Et
591 1539 670 1577 nuuc
696 1517 795 1591 lsrael,
815 1516 926 1593 (aiebat
945 1516 1034 1576 Dent.
1055 1526 1102 1590 10,
1121 1518 1185 1595 12.)

57 1592 227 1671 „quidpetit
237 1591 288 1651 abs
300 1603 331 1651 te
340 1590 486 1653 Dominus
495 1594 577 1654 Deus
588 1606 665 1669 tuus,
674 1594 729 1654 nisi
743 1605 775 1653 ut
787 1596 887 1654 timeas
899 1594 1069 1664 Dominum,
1080 1606 1110 1654 et.
1121 1615 1184 1655 arn·

59 1668 154 1743 ,bules
174 1668 205 1727 iu
226 1668 374 1729 riis'eius:
406 1671 506 1751 diligas
527 1691 592 1731 eum
613 1670 772 1731 accersias
792 1671 817 1728 ci
839 1671 956 1731 inloto
976 1671 1083 1744 corde,
1104 1683 1135 1730 et
1152 1672 1184 1731 in

59 1756 132 1819 „tota
151 1742 260 1819 anima,
279 1746 485 1837 custodiasque
504 1748 636 1807 mandata
658 1747 756 1807 eius?“
795 1748 858 1807 Nec
877 1745 1007 1806 cessabat
1018 1747 1120 1806 eadem
1131 1768 1184 1807 oc·

59 1821 149 1882 cinere
160 1820 229 1897 illis,
246 1822 366 1899 quoties
383 1824 555 1885 indicandus
576 1835 639 1883 erat
657 1822 745 1904 Legis
763 1842 879 1901 scopus.
917 1824 984 1883 Huc
1003 1822 1043 1881 ita
1063 1822 1185 1915 respicit

58 1896 138 1979 begis
156 1898 305 1972 doctrina,
323 1909 358 1957 ut
374 1898 526 1959 bominem
545 1902 621 1960 vitae
640 1900 792 1959 sanctitate
812 1921 878 1959 cum
897 1898 966 1958 Deo
985 1919 1040 1959 suo
1060 1916 1185 1960 conruu-

59 1987 111 2055 gat,
130 1986 162 2034 et
179 1973 444 2055 (quemadmodum
464 1976 534 2037 alibi
554 1978 653 2037 bloses
672 1976 805 2054 loquitur
822 1976 911 2034 lleut
930 1981 950 2039 6
981 1981 1009 2040 5.
1021 1989 1051 2037 et
1062 1982 1110 2049 11,
1122 1978 1185 2054 te)

59 2051 213 2111 utaeme
223 2051 320 2111 iaciat.
341 2052 436 2113 l’orro
449 2054 510 2113 eius
520 2053 682 2113 sanctitatis
694 2051 838 2133 perfectio
848 2052 877 2111 iu
889 2019 968 2111 duob

59 2126 248 2209 tiseapitibus
267 2129 320 2189 sita
337 2140 390 2203 est,
409 2130 451 2188 Ut
462 2130 614 2223 diligamus
624 2130 786 2189 Dominum
802 2128 899 2187 Deum
917 2141 1050 2211 nostrum
1068 2150 1103 2189 ex
1117 2140 1184 2191 toto

60 2204 153 2277 corde,
171 2215 236 2265 tota
257 2208 364 2280 anima,
383 2207 453 2267 totis
473 2207 598 2281 viribus,
618 2219 649 2265 et
665 2206 842 2285 proximum,
861 2205 936 2266 sicut
955 2226 1009 2265 nos
1030 2208 1119 2287 ipsos.
1139 2207 1186 2266 bc

60 2282 177 2372 primum
197 2280 318 2360 quidem
338 2292 392 2359 est,
411 2284 511 2344 utDei
531 2283 691 2343 dilectione
711 2283 805 2341 anima
825 2294 923 2341 nostra
945 2283 1027 2342 omni
1047 2304 1080 2342 ex
1121 2295 1187 2343 arte

61 2356 216 2437 impleatur.
274 2358 316 2416 Ex
348 2379 381 2418 ea
407 2361 542 2441 protinus
567 2360 645 2419 ultro
670 2359 744 2419 lluet
763 2358 885 2437 proximi
904 2358 1033 2418 dilectio.
1091 2302 1185 2433 duod

62 2434 191 2524 ostendit·
204 2434 382 2513 Apostolus,
413 2436 481 2497 dum
506 2437 606 2497 scribit
634 2435 673 2516 (1.
694 2436 771 2495 Tim.
790 2442 820 2508 1,
838 2438 892 2512 5.),
921 2435 1008 2494 linem
1034 2438 1187 2516 praecepti

62 2528 114 2571 esse
132 2523 286 2571 caritatem
307 2531 340 2569 ex
359 2512 538 2575 couscientia
558 2534 645 2593 pura,
677 2525 707 2571 et
726 2512 783 2571 lide
803 2533 863 2571 nou
883 2512 1024 2572 simulata.
1082 2513 1186 2587 Vides,

64 2598 188 2667 tauquam
209 2588 240 2647 in
261 2590 356 2669 capite
376 2590 515 2650 collocari
535 2591 758 2657 conscientiam,
778 2600 808 2647 et
826 2588 913 2648 fidem
933 2610 993 2647 uon
1010 2588 1185 2665 simulatam,

65 2662 108 2747 loe
127 2676 184 2739 est,
204 2685 266 2723 uuo
286 2664 390 2739 verbo,
409 2686 506 2726 veram
527 2667 682 2747 pietatem:
702 2667 770 2725 iude
791 2666 939 2724 caritatem
962 2666 1076 2723 deduci.
1116 2664 1185 2723 Fal·

11 2784 13 2791 .
66 2738 119 2800 btar
137 2760 225 2823 ergo,
255 2740 279 2801 si
293 2741 356 2820 quis
375 2754 506 2802 autumat
525 2744 689 2802 rudimenta
709 2742 849 2822 quaedam
870 2753 900 2800 et
920 2741 1078 2820 primordia
1098 2741 1185 2800 iusti-

66 2816 108 2877 liae
126 2817 268 2877 duntaxat
287 2818 317 2876 iu
337 2818 419 2911 Lege
438 2819 524 2893 tradi,
544 2819 648 2899 quibus
668 2817 849 2879 hominesad
862 2817 1028 2876 tirocinium
1042 2817 1186 2876 iucboen·

64 2904 114 2969 tar,
141 2914 206 2955 nnn
237 2893 325 2953 etiam
356 2896 520 2977 dirigantur
543 2895 578 2955 ad
609 2908 717 2956 rectam
741 2894 889 2953 bonorum
917 2914 1039 2972 operum
1058 2906 1183 2953 metam:

11 3008 15 3039 r
64 2970 168 3049 pando
189 2970 267 3030 ultra
287 2971 366 3031 illam
386 2973 476 3033 blosis
496 2984 527 3031 ct
547 2974 620 3033 banc
640 2972 723 3031 Pauli
743 2970 934 3044 sententiam,
958 2969 994 3028 sd
1018 2990 1184 3049 supremam

11 3096 16 3105 .
107 3046 266 3108 lectionem
286 3047 359 3106 nibil
379 3048 544 3109 desiderare
564 3069 661 3130 queas.
721 3048 792 3122 Quo
813 3047 906 3119 euim,
926 3065 1050 3125 quaeso,
1077 3065 1186 3126 proce-

78 3142 122 3183 tre
140 3124 236 3193 volet,
256 3125 306 3214 qui
326 3125 380 3184 ista
399 3125 586 3185 institutione
606 3137 764 3185 contentus
784 3144 844 3183 uon
865 3124 932 3195 erit,
961 3143 1019 3202 qua
1038 3124 1128 3183 bomo
1148 3120 1186 3182 ad

60 3198 186 3259 timorem
206 3198 278 3275 Der,
299 3200 334 3260 ad
354 3201 530 3282 spiritualem
551 3201 678 3273 cultum,
697 3202 732 3261 ad
751 3202 954 3259 mandatorum
974 3199 1187 3275 obedientiam,

59 3276 89 3337 ad
105 3277 284 3369 sequendam
304 3277 368 3337 viae
392 3278 514 3338 Domini
545 3278 768 3352 rectitudinem,
805 3278 932 3366 denique
962 3277 997 3335 ad
1027 3276 1186 3356 puritatem

57 3354 266 3429 conserentiae,
284 3354 426 3414 sinceram
447 3355 533 3413 fidem
554 3367 585 3413 et
603 3355 793 3415 dilectionem
814 3351 965 3413 eruditur?
996 3352 1086 3412 Unde
1112 3374 1185 3413 eou-

12 3476 14 3483 .
56 3426 182 3490 imatus
201 3429 251 3489 illa
270 3430 357 3511 Legis
377 3431 595 3510 interpretatio,
620 3451 695 3511 quae
716 3430 815 3489 omnia
833 3428 950 3509 pietatis
969 3440 1000 3488 ct
1019 3428 1186 3489 dilectionis

54 3504 149 3566 oibcia
167 3509 200 3565 in
221 3506 283 3566 eius
303 3508 466 3587 praeceptis
485 3509 608 3589 vestigat
627 3520 656 3567 et
675 3507 794 3588 reperit.
854 3504 916 3580 Qui
942 3506 1018 3565 enim
1043 3506 1121 3566 arida
1141 3507 1187 3564 ie-

54 3581 178 3661 iuuaque
198 3593 311 3642 tautum
332 3583 476 3643 elementa
495 3596 659 3656 scetantur,
692 3583 750 3643 acsi
776 3583 893 3642 dimidia
919 3602 955 3641 ex
977 3592 1059 3662 parte
1077 3582 1185 3642 voluu-

52 3668 141 3717 tatem
172 3658 232 3717 Dei
261 3660 414 3735 edoceret,
447 3660 536 3720 finem
567 3660 660 3736 illius,
695 3672 770 3719 teste
802 3658 965 3740 Apostolo,
1001 3678 1185 3737 nequaquam

51 3744 165 3793 teuent.

128 3816 180 3873 52.
218 3808 373 3872 Enimvero
406 3812 473 3892 quia
503 3811 533 3870 in
567 3811 823 3873 commemoranda
848 3810 937 3891 Legis
960 3829 1070 3869 summa
1091 3808 1186 3866 inter·

52 3884 122 3943 dum
146 3884 280 3945 Christus
300 3900 329 3945 et
347 3889 484 3967 Apostoli
524 3891 632 3949 riorem
656 3889 784 3948 tabulam
811 3886 1063 3968 praetermittunt,
1095 3904 1127 3943 eu
1152 3882 1185 3943 in

52 3910 689 4120 {atilllllll‘lzll‘ullldlssll
703 3959 1184 4120 litl'l.ssldlllllll²lt¹gll

53 4058 1113 4287 etsesdune?ung„lul,terentesnblut
1131 4133 1185 4247 u:

59 4256 176 4335 signet
192 4262 308 4348 ,btqub
325 4279 357 4327 ut
373 4282 517 4331 sententia
538 4272 568 4329 in
588 4283 681 4329 totam
700 4271 812 4351 Legem
833 4267 1042 4350 protendatur,
1087 4265 1185 4325 uidam

63 4350 126 4407 P'0
147 4330 284 4413 'tltgtone
301 4360 366 4424 erga
384 4346 479 4407 Deum
500 4348 660 4427 accipiunt:
681 4347 787 4408 lrustra
809 4359 897 4407 certe.
946 4345 1020 4403 Nam
1049 4344 1073 4403 C
1100 4343 1184 4401 ristus

971 2052 1184 2113 usiamrecita-
1287 2112 1291 2123 ,
