2700 4732
481 226 562 295 un
581 224 638 289 tv,
678 225 766 292 CAP.
786 212 850 288 XX.
1185 234 1247 300 483

107 391 166 452 que
185 369 343 452 praelecti,
362 369 394 432 io
414 369 473 434 boe
491 371 684 433 ministerium
703 370 892 450 incumbant:
909 370 1053 451 siqnidem
1072 392 1152 435 auam
1170 373 1241 437 Deo

106 450 261 584 ppptatem,
284 449 440 583 iustiti?
468 448 669 569 integritatem
693 448 859 541 approbare
878 448 1006 583 claudent:
1038 449 1111 542 Iloc
1128 450 1244 545 scilicet

59 674 64 689 ι
106 527 1242 694 :urrannei2:satrianensemnrasctarra:

107 698 199 769 caesis
218 699 277 736 uno
298 679 345 769 dre
364 622 458 739 trilsus
479 678 630 738 hominum
649 679 787 769 millibus,
806 679 836 738 in
857 676 961 815 populi
979 680 1161 772 sacrilegium
1171 681 1240 773 rin·
1328 742 1331 746 ,

106 755 503 920 ,lltlnl’tl'lalttlt
517 755 784 892 lstlffltlrttt‘
802 775 901 892 lta
917 754 1240 916 {titillabit

105 919 237 997 virtutes·
248 907 322 984 banc
342 920 567 982 commemorat,
585 909 733 990 perimere
751 908 856 988 impios
875 920 981 983 terrae,
1001 919 1035 968 ut
1053 929 1240 989 omnesope-

106 985 177 1042 rarri
196 984 355 1063 miquitatis
376 985 573 1066 profligentur
591 1006 625 1045 ex
643 984 719 1045 urbe
729 985 795 1044 Dei.
835 983 907 1058 Quo
923 984 1008 1045 etiam
1020 986 1150 1078 pertinet
1168 985 1241 1061 laus,

130 1079 183 1119 nae
195 1060 349 1120 Salomoni
364 1063 516 1122 tribuitur:
536 1061 691 1137 „Dilexisti
710 1061 859 1137 iustitiam,
878 1073 909 1122 et
921 1061 1007 1122 odisti
1022 1062 1241 1142 iniquitatem.“

143 1136 273 1197 uomodo
305 1136 371 1198 lene
396 1138 518 1198 illudet
542 1136 686 1218 placidum
706 1139 797 1199 Mosia
821 1138 972 1219 ingenium
996 1137 1027 1198 in
1047 1149 1157 1199 tantam
1176 1151 1241 1199 tru-

107 1212 266 1273 culentiam
287 1214 418 1289 exardet,
438 1226 482 1289 ut,
500 1213 622 1275 fratrum
642 1235 761 1275 suorum
781 1215 922 1296 sangnine
941 1233 1072 1294 aspersus
1092 1236 1127 1275 ac
1146 1215 1240 1275 madi·

108 1290 171 1363 dus,
191 1309 245 1381 per
263 1304 355 1352 castra
376 1292 512 1352 decurrat
530 1292 566 1352 ad
586 1312 678 1352 noras
697 1288 826 1372 strages?
852 1290 1015 1365 Quomodo
1035 1291 1139 1367 David,
1158 1303 1241 1352 tanta

107 1366 137 1426 iu
159 1387 240 1426 omm
259 1369 320 1428 rito
340 1367 564 1429 mansuetudine
582 1368 641 1444 vir,
671 1380 824 1428 cruentum
844 1367 916 1427 illud
933 1378 1141 1427 testamentum
1162 1368 1241 1429 inter
1333 1371 1341 1385 '

107 1443 227 1505 ultimos
246 1446 363 1524 spiritus
388 1457 554 1524 nuncupat,
583 1465 621 1506 ne
645 1445 720 1506 filius
745 1467 813 1506 suus
838 1444 976 1504 canitiem
996 1444 1069 1505 loab
1090 1458 1121 1505 et
1140 1445 1241 1506 Semei

107 1521 139 1580 in
160 1542 230 1602 pace
250 1522 285 1581 ad
305 1520 470 1603 sepulcrum
492 1522 634 1584 deducat?
672 1524 782 1582 Verum
803 1534 928 1603 uterque
947 1543 1048 1582 manus
1068 1544 1147 1596 suas,
1167 1543 1239 1603 quas

106 1600 256 1679 parcendo
281 1598 477 1677 inquinasset,
508 1599 550 1659 sic
575 1599 733 1662 saeviendo
763 1600 971 1672 sanctificavit,
1002 1599 1071 1659 dum
1094 1598 1240 1659 ultionem

107 1676 164 1735 sibi
185 1697 200 1734 a
221 1675 289 1734 Deo
308 1674 489 1737 commissam
510 1695 575 1736 exse
598 1689 684 1737 notus
704 1688 756 1737 est.
783 1676 997 1752 „Abominatio
1019 1687 1063 1736 eat
1081 1676 1158 1756 apud
1178 1676 1239 1736 Re-

108 1758 212 1834 „ges,“
232 1752 329 1831 inquit
348 1751 469 1812 Salomo
481 1752 547 1830 aar),
566 1699 631 1829 „lac
652 1774 683 1814 re
702 1753 902 1845 iniquitatem:
923 1753 1061 1833 quoniam
1081 1754 1111 1812 in
1131 1753 1257 1813 iustitia¹

102 1827 408 1903 ·‚,soliumlirmntur.“
437 1829 578 1890 Rursum:
598 1775 692 1908 „lien
711 1852 762 1910 qur
783 1830 866 1890 sedet
883 1831 912 1889 in
932 1828 1009 1891 solio
1028 1828 1140 1903 iudicii,
1158 1850 1241 1910 spar-

109 1908 174 1986 „git
193 1903 295 1965 oculos
321 1907 351 1965 in
376 1926 493 1966 omnem
519 1906 657 1966 malum.“
696 1907 788 1967 Item:
819 1906 970 1986 „Dissipat
988 1906 1093 1986 impios
1112 1905 1174 1965 llex
1192 1926 1239 1966 ra·

108 1984 224 2063 „piens,
245 1993 275 2041 et
293 1983 441 2043 convertit
459 2001 547 2062 snper
567 2002 618 2045 eos
637 1987 763 2043 rotam.“
801 1983 892 2042 Item:
918 1981 1034 2057 „Anser
1058 1984 1183 2044 scoriam
1202 1981 1239 2043 ab

108 2069 273 2140 „argentm
293 2071 323 2118 et
342 2059 511 2140 egredietur
528 2080 577 2120 ras
597 2060 770 2120 conflatori:
801 2059 885 2120 auser
903 2059 1023 2138 impium
1044 2078 1060 2118 a
1080 2062 1242 2138 conspectu

107 2135 235 2214 „llegis,
261 2146 291 2194 et
309 2147 453 2195 statuetur
472 2135 629 2197 iniustitia
648 2136 753 2197 solium
773 2136 865 2195 eius.“
902 2135 997 2195 ltem:
1015 2135 1100 2210 „Qui
1118 2135 1242 2216 impium

108 2211 265 2290 „iustificat
288 2211 387 2291 etqui
412 2210 602 2271 &indemnat
615 2215 737 2284 iustum,
761 2224 886 2291 uterque
910 2210 1092 2272 abominatio
1112 2223 1156 2272 est
1174 2211 1240 2272 Do·

109 2291 244 2366 ‚‚mino.“
281 2288 372 2347 Item:
392 2287 542 2363 „Rebellis
561 2288 684 2368 acquirit
702 2289 758 2349 sibi
778 2288 901 2365 malum,
923 2299 953 2347 et
971 2287 1096 2347 mittitur
1115 2287 1150 2347 ad
1171 2307 1239 2348 cnm

109 2365 252 2444 „nuntius
278 2364 436 2425 crudelis.“
479 2364 571 2424 Item:
596 2365 680 2440 „Qui
705 2365 775 2426 dicit
798 2364 908 2444 impio,
933 2376 965 2424 tn
986 2383 1016 2424 es
1035 2364 1141 2425 iustus:
1170 2363 1239 2425 bnie

107 2440 430 2522 „populimaledicunt
449 2452 479 2500 et
497 2443 662 2501 nationes,“
699 2442 786 2501 Nunc
805 2443 829 2502 si
843 2460 910 2501 vera
931 2459 1033 2500 eorum
1053 2451 1097 2500 est
1119 2441 1240 2516 iustitia,

108 2519 211 2579 stricto
238 2516 337 2597 gladio
364 2529 464 2577 sontes
489 2529 520 2577 et
543 2518 650 2597 impios
674 2537 759 2599 perse
781 2517 827 2591 ui,
858 2515 985 2599 gladium
1017 2517 1181 2578 recondant
1210 2528 1241 2576 et

106 2615 194 2676 puras
215 2614 230 2654 a
250 2593 392 2687 sanguine
410 2614 513 2654 manns
533 2595 723 2668 contineant,
754 2538 822 2653 dum
847 2593 955 2673 perditi
976 2593 1107 2653 hominos
1128 2592 1239 2653 nefarie

107 2692 162 2751 per
182 2669 283 2729 caedes
302 2671 418 2730 interim
439 2682 469 2729 et
488 2682 599 2751 strages
609 2682 790 2752 grassantur:
811 2691 920 2730 summa
938 2688 1001 2730 sese
1022 2668 1171 2751 impietate
1182 2669 1239 2729 ob·

108 2748 269 2827 stringent,
287 2758 400 2805 tantum
420 2746 513 2819 abest,
533 2759 565 2806 ut
586 2747 724 2807 bonitatis
745 2759 775 2806 et
793 2746 921 2817 iustiti-ae
939 2744 1052 2804 laudem
1072 2743 1141 2803 inde
1160 2745 1239 2804 refe-

107 2835 184 2883 rant.
222 2821 357 2881 Facessat
375 2823 464 2882 modo
484 2822 607 2882 abscissa
626 2842 768 2903 saevaque
788 2843 817 2882 as
841 2822 925 2881 eritas
950 2832 981 2880 et
1006 2821 1135 2881 tribunal
1154 2819 1238 2896 illud,

109 2900 189 2978 quod
210 2917 328 2956 reorum
348 2898 484 2977 scopulus
504 2899 568 2958 iure
588 2901 765 2959 nominetur.
833 2918 872 2957 ou
894 2897 971 2958 enlm
990 2897 1014 2957 is
1034 2919 1107 2969 sum,
1127 2899 1238 2976 qniaut

108 2977 300 3055 importunae
325 2975 460 3034 saevitiae
494 2974 605 3034 faveam
638 2987 689 3036 aut
722 2996 847 3056 aequum
885 2973 1022 3033 iudicium
1053 2973 1239 3053 pronuntiari

107 3071 195 3134 posse
215 3069 359 3125 censeam,
378 3050 433 3110 nisi
453 3070 569 3131 semper
587 3052 731 3112 assidente
751 3054 862 3132 optimu
881 3049 1052 3132 illallegum
1073 3048 1239 3110 consiliaria

108 3141 139 3188 et
160 3126 329 3199 certissima,
349 3137 383 3185 ut
401 3125 523 3187 Salomo
542 3127 667 3189 alfirmat
682 3128 785 3207 (Prov.
797 3135 847 3204 20,
860 3129 933 3205 28),
952 3127 1027 3209 regii
1046 3124 1148 3185 throni
1168 3146 1241 3187 cou-

108 3205 275 3279 servatri'ce,
296 3202 465 3263 clementia:
487 3225 573 3283 quam
614 3205 713 3266 rimam
734 3224 797 3266 esse
816 3205 982 3285 principum
1003 3203 1114 3277 dotem,
1133 3222 1239 3264 verca

109 3282 236 3362 quodam
257 3278 326 3339 olim
348 3279 456 3341 dictum
477 3293 529 3341 est.
599 3293 734 3361 trumqne
753 3294 850 3342 tamen
870 3278 1051 3361 magistratui
1069 3279 1239 3354 ridendum,

108 3379 148 3417 no
167 3370 216 3416 aut
235 3357 324 3417 nimia
343 3356 641 3419 severitatevnloeret
659 3359 761 3440 magis,
802 3378 868 3417 uam
888 3356 1049 3428 medeatur,
1069 3367 1118 3416 aut
1137 3376 1240 3435 snper·
1323 3400 1326 3407 ,

108 3433 219 3495 stitiosa
238 3433 412 3493 clementiae
430 3433 619 3495 assectatione
644 3435 675 3493 in
700 3379 924 3495 crudelissimam
948 3432 1056 3493 incidat
1076 3431 1240 3492 humanita-

109 3522 180 3583 tem,
199 3510 223 3569 si
242 3508 324 3568 molli
344 3508 544 3589 dissolutaque
560 3509 743 3592 indulgentia
763 3530 828 3571 cum
849 3510 1007 3570 multorum
1032 3509 1165 3587 pernicie
1184 3507 1240 3567 dii·

108 3587 190 3662 fluat.
227 3585 281 3644 Est
300 3585 376 3644 enim
397 3598 428 3646 et
445 3587 521 3646 istud
543 3606 604 3647 non
624 3588 675 3648 abs
694 3606 727 3647 re
745 3586 893 3678 quondam
913 3585 1094 3646 snbNerrae
1113 3584 1239 3664 imperio

108 3665 260 3722 iactatum:
291 3661 397 3721 malum
419 3665 536 3742 quidem
558 3683 630 3737 csse,
649 3663 703 3725 sub
723 3665 857 3745 principe
876 3663 992 3743 vivere,
1010 3661 1063 3722 sub
1086 3682 1144 3741 qno
1166 3659 1241 3720 nihi-l

108 3738 209 3811 liceat,
227 3737 278 3798 sed
299 3737 392 3798 multo
412 3740 507 3818 peius,
526 3740 579 3807 sub
600 3761 660 3820 qno
680 3741 788 3801 liceant
806 3739 913 3801 omnia.

185 3821 231 3879 11.
272 3813 401 3888 Quando
421 3835 493 3876 vero
512 3814 643 3898 Regibus
666 3817 842 3898 populisque
869 3816 906 3876 ad
931 3813 1120 3875 exercendam
1140 3814 1242 3873 buius·

107 3891 189 3972 modi
213 3888 359 3971 publicam
384 3891 542 3953 vindictam
565 3892 644 3954 arma*
667 3913 773 3974 capere
798 3894 947 3953 interdum
971 3910 1090 3952 necesse
1117 3903 1173 3952 est:
1207 3910 1241 3950 ex

175 4157 458 4229 namnam...
497 4157 711 4222 comcs.
755 4125 1009 4226 suasuros.
1055 4157 1076 4209 1.
1092 4155 1153 4221 neg.
1171 4158 1201 4220 a,
1216 4144 1242 4208 o.

107 4225 294 4365 l’‘iri‘ibi}
309 4226 354 4357 ii
368 4225 411 4350 ln
429 4286 672 4369 sarsana-uta.
688 4293 732 4358 m,
746 4290 789 4349 m
804 4292 869 4348 nm
883 4290 926 4356 aa.
942 4292 967 4349 a.
982 4304 1007 4345 a:
1021 4291 1046 4345 s.
1063 4290 1127 4345 rma
1145 4290 1186 4356 tr.
1204 4290 1244 4348 ao.

106 4361 172 4416 rora.
188 4364 231 4427 17,
246 4363 287 4417 11.
304 4362 369 4416 nra
384 4361 429 4426 aa,
445 4361 488 4417 aa.
872 4427 943 4494 ³1*
