<?xml version="1.0" encoding="UTF-8"?>
<!DOCTYPE html PUBLIC "-//W3C//DTD XHTML 1.0 Transitional//EN"
    "http://www.w3.org/TR/xhtml1/DTD/xhtml1-transitional.dtd">
<html xmlns="http://www.w3.org/1999/xhtml" xml:lang="en" lang="en">
 <head>
  <title>
</title>
<meta http-equiv="Content-Type" content="text/html;charset=utf-8" />
  <meta name='ocr-system' content='tesseract 3.04.00' />
  <meta name='ocr-capabilities' content='ocr_page ocr_carea ocr_par ocr_line ocrx_word'/>
</head>
<body>
  <div class='ocr_page' id='page_1' title='image "./ioanniscalvinii02tholgoog/ioanniscalvinii02tholgoog_0110.png"; bbox 0 0 2596 4726; ppageno 0'>
   <div class='ocr_carea' id='block_1_1' title="bbox 359 198 1207 289">
    <p class='ocr_par' dir='ltr' id='par_1_1' title="bbox 359 198 1207 289">
     <span class='ocr_line' id='line_1_1' title="bbox 359 198 1207 289; baseline -0.008 -9"><span class='ocrx_word' id='word_1_1' title='bbox 359 198 828 285; x_wconf 63' lang='lat' dir='ltr'>¹increscunt„</span> <span class='ocrx_word' id='word_1_2' title='bbox 943 205 946 209; x_wconf 84' lang='grc'><strong>’</strong></span> <span class='ocrx_word' id='word_1_3' title='bbox 1096 226 1207 289; x_wconf 57' lang='grc' dir='ltr'>,ῃ</span> 
     </span>
    </p>
   </div>
   <div class='ocr_carea' id='block_1_2' title="bbox 46 360 1250 4052">
    <p class='ocr_par' dir='ltr' id='par_1_2' title="bbox 47 360 1250 1967">
     <span class='ocr_line' id='line_1_2' title="bbox 47 360 1165 444; baseline 0.001 -19"><span class='ocrx_word' id='word_1_4' title='bbox 47 364 86 426; x_wconf 86' lang='lat' dir='ltr'>sb:</span> <span class='ocrx_word' id='word_1_5' title='bbox 115 362 153 424; x_wconf 79' lang='lat' dir='ltr'>ad</span> <span class='ocrx_word' id='word_1_6' title='bbox 182 362 279 444; x_wconf 84' lang='lat' dir='ltr'>ipsam</span> <span class='ocrx_word' id='word_1_7' title='bbox 306 360 462 442; x_wconf 65' lang='lat' dir='ltr'>confugiet</span> <span class='ocrx_word' id='word_1_8' title='bbox 486 361 579 424; x_wconf 85' lang='lat' dir='ltr'>iustus</span> <span class='ocrx_word' id='word_1_9' title='bbox 603 374 634 424; x_wconf 93' lang='lat' dir='ltr'>et</span> <span class='ocrx_word' id='word_1_10' title='bbox 657 363 829 426; x_wconf 87' lang='lat' dir='ltr'>servabitur.</span> <span class='ocrx_word' id='word_1_11' title='bbox 877 363 918 424; x_wconf 81' lang='lat' dir='ltr'>tr</span> <span class='ocrx_word' id='word_1_12' title='bbox 940 365 970 424; x_wconf 89' lang='lat' dir='ltr'>ui</span> <span class='ocrx_word' id='word_1_13' title='bbox 990 365 1021 427; x_wconf 92' lang='lat' dir='ltr'>in</span> <span class='ocrx_word' id='word_1_14' title='bbox 1040 364 1165 426; x_wconf 86' lang='lat' dir='ltr'>salutem</span> 
     </span>
     <span class='ocr_line' id='line_1_3' title="bbox 47 438 1165 523; baseline 0.001 -21"><span class='ocrx_word' id='word_1_15' title='bbox 47 455 172 503; x_wconf 68' lang='lat' dir='ltr'>truatur</span> <span class='ocrx_word' id='word_1_16' title='bbox 191 448 306 501; x_wconf 80' lang='lat' dir='ltr'>nomen</span> <span class='ocrx_word' id='word_1_17' title='bbox 329 438 459 499; x_wconf 77' lang='lat' dir='ltr'>Christi:</span> <span class='ocrx_word' id='word_1_18' title='bbox 474 440 609 519; x_wconf 90' lang='lat' dir='ltr'>sequitur</span> <span class='ocrx_word' id='word_1_19' title='bbox 625 460 699 523; x_wconf 78' lang='lat' dir='ltr'>ergo</span> <span class='ocrx_word' id='word_1_20' title='bbox 713 444 805 521; x_wconf 89' lang='lat' dir='ltr'>ipsum</span> <span class='ocrx_word' id='word_1_21' title='bbox 824 441 930 503; x_wconf 91' lang='lat' dir='ltr'>essele</span> <span class='ocrx_word' id='word_1_22' title='bbox 953 463 1046 503; x_wconf 84' lang='lat' dir='ltr'>ovam.</span> <span class='ocrx_word' id='word_1_23' title='bbox 1068 443 1165 517; x_wconf 76' lang='lat' dir='ltr'>Porro</span> 
     </span>
     <span class='ocr_line' id='line_1_4' title="bbox 47 515 1164 598; baseline 0.004 -22"><span class='ocrx_word' id='word_1_24' title='bbox 47 519 217 579; x_wconf 72' lang='lat' dir='ltr'>scotationis</span> <span class='ocrx_word' id='word_1_25' title='bbox 237 515 405 595; x_wconf 86' lang='lat' dir='ltr'>exemplum</span> <span class='ocrx_word' id='word_1_26' title='bbox 423 515 566 576; x_wconf 89' lang='lat' dir='ltr'>babemus</span> <span class='ocrx_word' id='word_1_27' title='bbox 586 518 616 576; x_wconf 94' lang='lat' dir='ltr'>in</span> <span class='ocrx_word' id='word_1_28' title='bbox 628 516 790 598; x_wconf 82' lang='lat' dir='ltr'>Stephano,</span> <span class='ocrx_word' id='word_1_29' title='bbox 811 540 900 598; x_wconf 93' lang='lat' dir='ltr'>quum</span> <span class='ocrx_word' id='word_1_30' title='bbox 913 519 993 592; x_wconf 89' lang='lat' dir='ltr'>dicit,</span> <span class='ocrx_word' id='word_1_31' title='bbox 1012 520 1164 595; x_wconf 80' lang='lat' dir='ltr'>„Domine</span> 
     </span>
     <span class='ocr_line' id='line_1_5' title="bbox 47 592 1237 676; baseline 0.002 -21"><span class='ocrx_word' id='word_1_32' title='bbox 47 615 93 667; x_wconf 74' lang='lat' dir='ltr'>ssu,</span> <span class='ocrx_word' id='word_1_33' title='bbox 112 595 233 675; x_wconf 88' lang='lat' dir='ltr'>suscipe</span> <span class='ocrx_word' id='word_1_34' title='bbox 243 594 380 674; x_wconf 86' lang='lat' dir='ltr'>spiritum</span> <span class='ocrx_word' id='word_1_35' title='bbox 391 599 525 652; x_wconf 84' lang='lat' dir='ltr'>rucum“:</span> <span class='ocrx_word' id='word_1_36' title='bbox 547 593 655 654; x_wconf 89' lang='lat' dir='ltr'>deinde</span> <span class='ocrx_word' id='word_1_37' title='bbox 675 596 704 654; x_wconf 91' lang='lat' dir='ltr'>in</span> <span class='ocrx_word' id='word_1_38' title='bbox 725 596 856 655; x_wconf 87' lang='lat' dir='ltr'>universa</span> <span class='ocrx_word' id='word_1_39' title='bbox 870 595 1002 670; x_wconf 90' lang='lat' dir='ltr'>ecclesia,</span> <span class='ocrx_word' id='word_1_40' title='bbox 1022 592 1162 676; x_wconf 78' lang='lat' dir='ltr'>quemad·</span> <span class='ocrx_word' id='word_1_41' title='bbox 1234 618 1237 629; x_wconf 88' lang='lat'><em>·</em></span> 
     </span>
     <span class='ocr_line' id='line_1_6' title="bbox 47 668 1161 752; baseline 0.001 -19"><span class='ocrx_word' id='word_1_42' title='bbox 47 672 136 733; x_wconf 83' lang='lat' dir='ltr'>udum</span> <span class='ocrx_word' id='word_1_43' title='bbox 147 671 283 731; x_wconf 72' lang='lat' dir='ltr'>Ananias</span> <span class='ocrx_word' id='word_1_44' title='bbox 302 680 429 730; x_wconf 87' lang='lat' dir='ltr'>testatur</span> <span class='ocrx_word' id='word_1_45' title='bbox 449 668 553 729; x_wconf 92' lang='lat' dir='ltr'>eodem</span> <span class='ocrx_word' id='word_1_46' title='bbox 567 669 655 746; x_wconf 86' lang='lat' dir='ltr'>libro,</span> <span class='ocrx_word' id='word_1_47' title='bbox 674 671 835 746; x_wconf 86' lang='lat' dir='ltr'>„Domine‚</span> <span class='ocrx_word' id='word_1_48' title='bbox 854 672 960 751; x_wconf 92' lang='lat' dir='ltr'>iuquit,</span> <span class='ocrx_word' id='word_1_49' title='bbox 979 673 1033 733; x_wconf 86' lang='lat' dir='ltr'>scis</span> <span class='ocrx_word' id='word_1_50' title='bbox 1053 686 1161 752; x_wconf 83' lang='lat' dir='ltr'>quanta</span> 
     </span>
     <span class='ocr_line' id='line_1_7' title="bbox 47 745 1160 828; baseline 0.001 -19"><span class='ocrx_word' id='word_1_51' title='bbox 47 750 65 809; x_wconf 79' lang='lat' dir='ltr'>&#39;c</span> <span class='ocrx_word' id='word_1_52' title='bbox 84 747 222 808; x_wconf 88' lang='lat' dir='ltr'>intulerit</span> <span class='ocrx_word' id='word_1_53' title='bbox 240 745 318 807; x_wconf 79' lang='lat' dir='ltr'>mla</span> <span class='ocrx_word' id='word_1_54' title='bbox 338 747 444 807; x_wconf 83' lang='lat' dir='ltr'>sanctis</span> <span class='ocrx_word' id='word_1_55' title='bbox 465 747 602 807; x_wconf 90' lang='lat' dir='ltr'>omnibus</span> <span class='ocrx_word' id='word_1_56' title='bbox 624 749 672 826; x_wconf 91' lang='lat' dir='ltr'>qui</span> <span class='ocrx_word' id='word_1_57' title='bbox 684 748 942 821; x_wconf 85' lang='lat' dir='ltr'>invocantnomeu</span> <span class='ocrx_word' id='word_1_58' title='bbox 956 756 1058 808; x_wconf 83' lang='lat' dir='ltr'>tuum“</span> <span class='ocrx_word' id='word_1_59' title='bbox 1077 752 1160 828; x_wconf 77' lang='lat' dir='ltr'>(Act.</span> 
     </span>
     <span class='ocr_line' id='line_1_8' title="bbox 47 823 1161 906; baseline 0.003 -24"><span class='ocrx_word' id='word_1_60' title='bbox 47 831 134 897; x_wconf 65' lang='lat' dir='ltr'>›ssl</span> <span class='ocrx_word' id='word_1_61' title='bbox 167 825 220 883; x_wconf 76' lang='lat' dir='ltr'>&#39;Ac</span> <span class='ocrx_word' id='word_1_62' title='bbox 241 842 303 903; x_wconf 83' lang='lat' dir='ltr'>quo</span> <span class='ocrx_word' id='word_1_63' title='bbox 323 823 654 904; x_wconf 26' lang='lat' dir='ltr'>apertius-intelligatur,</span> <span class='ocrx_word' id='word_1_64' title='bbox 675 836 767 883; x_wconf 91' lang='lat' dir='ltr'>totam</span> <span class='ocrx_word' id='word_1_65' title='bbox 780 826 936 884; x_wconf 88' lang='lat' dir='ltr'>divinitatis</span> <span class='ocrx_word' id='word_1_66' title='bbox 947 824 1161 906; x_wconf 88' lang='lat' dir='ltr'>plenitudinem</span> 
     </span>
     <span class='ocr_line' id='line_1_9' title="bbox 47 896 1161 981; baseline 0.003 -22"><span class='ocrx_word' id='word_1_67' title='bbox 47 928 50 959; x_wconf 89' lang='grc' dir='ltr'>ι</span> <span class='ocrx_word' id='word_1_68' title='bbox 74 901 199 961; x_wconf 80' lang='lat' dir='ltr'>Christo</span> <span class='ocrx_word' id='word_1_69' title='bbox 230 896 429 979; x_wconf 76' lang='lat' dir='ltr'>corporaliter</span> <span class='ocrx_word' id='word_1_70' title='bbox 459 899 601 975; x_wconf 90' lang='lat' dir='ltr'>babitare,</span> <span class='ocrx_word' id='word_1_71' title='bbox 633 900 740 959; x_wconf 84' lang='lat' dir='ltr'>latetur</span> <span class='ocrx_word' id='word_1_72' title='bbox 763 901 924 981; x_wconf 82' lang='lat' dir='ltr'><strong>Apostolus</strong></span> <span class='ocrx_word' id='word_1_73' title='bbox 953 901 1064 961; x_wconf 89' lang='lat' dir='ltr'>nullam</span> <span class='ocrx_word' id='word_1_74' title='bbox 1081 904 1161 963; x_wconf 89' lang='lat' dir='ltr'>inter</span> 
     </span>
     <span class='ocr_line' id='line_1_10' title="bbox 47 975 1161 1060; baseline 0.001 -23"><span class='ocrx_word' id='word_1_75' title='bbox 47 976 202 1039; x_wconf 83' lang='lat' dir='ltr'>orintbios</span> <span class='ocrx_word' id='word_1_76' title='bbox 216 975 301 1054; x_wconf 61' lang='lat' dir='ltr'>abans</span> <span class='ocrx_word' id='word_1_77' title='bbox 323 976 488 1035; x_wconf 83' lang='lat' dir='ltr'>doctrinam</span> <span class='ocrx_word' id='word_1_78' title='bbox 531 996 579 1036; x_wconf 90' lang='lat' dir='ltr'>rae</span> <span class='ocrx_word' id='word_1_79' title='bbox 598 996 629 1037; x_wconf 90' lang='lat' dir='ltr'>se</span> <span class='ocrx_word' id='word_1_80' title='bbox 651 977 749 1036; x_wconf 88' lang='lat' dir='ltr'>tulisse</span> <span class='ocrx_word' id='word_1_81' title='bbox 769 999 853 1057; x_wconf 91' lang='lat' dir='ltr'>quam</span> <span class='ocrx_word' id='word_1_82' title='bbox 871 979 932 1037; x_wconf 92' lang='lat' dir='ltr'>eius</span> <span class='ocrx_word' id='word_1_83' title='bbox 946 979 1161 1060; x_wconf 80' lang='lat' dir='ltr'>cognitionem,</span> 
     </span>
     <span class='ocr_line' id='line_1_11' title="bbox 47 998 1139 1186; baseline 0 -72"><span class='ocrx_word' id='word_1_84' title='bbox 47 1074 74 1114; x_wconf 79' lang='lat' dir='ltr'>ec</span> <span class='ocrx_word' id='word_1_85' title='bbox 93 1052 175 1112; x_wconf 87' lang='lat' dir='ltr'>aliud</span> <span class='ocrx_word' id='word_1_86' title='bbox 197 1074 285 1132; x_wconf 84' lang='lat' dir='ltr'>quarn</span> <span class='ocrx_word' id='word_1_87' title='bbox 306 1053 398 1130; x_wconf 80' lang='lat' dir='ltr'>ipsam</span> <span class='ocrx_word' id='word_1_88' title='bbox 426 998 611 1186; x_wconf 69' lang='lat' dir='ltr'>praeclicassc</span> <span class='ocrx_word' id='word_1_89' title='bbox 642 1054 682 1131; x_wconf 89' lang='lat'>(1.</span> <span class='ocrx_word' id='word_1_90' title='bbox 705 1053 776 1115; x_wconf 85' lang='lat' dir='ltr'>Cor.</span> <span class='ocrx_word' id='word_1_91' title='bbox 796 1060 825 1128; x_wconf 82' lang='lat'>2,</span> <span class='ocrx_word' id='word_1_92' title='bbox 845 1055 900 1130; x_wconf 71' lang='lat'>2).</span> <span class='ocrx_word' id='word_1_93' title='bbox 953 1053 1051 1128; x_wconf 80' lang='lat' dir='ltr'><strong>Quale</strong></span> <span class='ocrx_word' id='word_1_94' title='bbox 1082 1056 1139 1115; x_wconf 89' lang='lat' dir='ltr'>istu</span> 
     </span>
     <span class='ocr_line' id='line_1_12' title="bbox 47 1129 1161 1211; baseline 0.004 -22"><span class='ocrx_word' id='word_1_95' title='bbox 47 1149 129 1190; x_wconf 82' lang='lat' dir='ltr'>saeso</span> <span class='ocrx_word' id='word_1_96' title='bbox 151 1141 184 1190; x_wconf 88' lang='lat' dir='ltr'>et</span> <span class='ocrx_word' id='word_1_97' title='bbox 202 1141 345 1208; x_wconf 87' lang='lat' dir='ltr'>quantum</span> <span class='ocrx_word' id='word_1_98' title='bbox 364 1140 407 1187; x_wconf 88' lang='lat' dir='ltr'>est</span> <span class='ocrx_word' id='word_1_99' title='bbox 452 1129 493 1188; x_wconf 96' lang='lat' dir='ltr'>ilii</span> <span class='ocrx_word' id='word_1_100' title='bbox 513 1130 650 1190; x_wconf 77' lang='lat' dir='ltr'><strong>duntaxat</strong></span> <span class='ocrx_word' id='word_1_101' title='bbox 664 1148 771 1189; x_wconf 87' lang='lat' dir='ltr'>nomen</span> <span class='ocrx_word' id='word_1_102' title='bbox 786 1131 953 1190; x_wconf 90' lang='lat' dir='ltr'>annuntiari</span> <span class='ocrx_word' id='word_1_103' title='bbox 966 1130 1064 1205; x_wconf 89' lang='lat' dir='ltr'>nobis,</span> <span class='ocrx_word' id='word_1_104' title='bbox 1085 1151 1161 1211; x_wconf 82' lang='lat' dir='ltr'>quot</span> 
     </span>
     <span class='ocr_line' id='line_1_13' title="bbox 48 1205 1250 1288; baseline 0.001 -21"><span class='ocrx_word' id='word_1_105' title='bbox 48 1227 99 1267; x_wconf 85' lang='lat' dir='ltr'>eus</span> <span class='ocrx_word' id='word_1_106' title='bbox 118 1206 207 1265; x_wconf 90' lang='lat' dir='ltr'>iubet</span> <span class='ocrx_word' id='word_1_107' title='bbox 226 1206 296 1282; x_wconf 85' lang='lat' dir='ltr'>(ler.</span> <span class='ocrx_word' id='word_1_108' title='bbox 314 1211 344 1279; x_wconf 86' lang='lat'>9,</span> <span class='ocrx_word' id='word_1_109' title='bbox 363 1205 426 1279; x_wconf 75' lang='lat'><strong>24.)</strong></span> <span class='ocrx_word' id='word_1_110' title='bbox 446 1205 476 1265; x_wconf 93' lang='lat' dir='ltr'>in</span> <span class='ocrx_word' id='word_1_111' title='bbox 497 1206 540 1266; x_wconf 91' lang='lat' dir='ltr'>sui</span> <span class='ocrx_word' id='word_1_112' title='bbox 559 1207 649 1268; x_wconf 92' lang='lat' dir='ltr'>solius</span> <span class='ocrx_word' id='word_1_113' title='bbox 669 1205 990 1288; x_wconf 78' lang='lat' dir='ltr'>coguitionegloriari?</span> <span class='ocrx_word' id='word_1_114' title='bbox 1011 1209 1086 1282; x_wconf 84' lang='lat' dir='ltr'>Quis</span> <span class='ocrx_word' id='word_1_115' title='bbox 1097 1228 1160 1268; x_wconf 90' lang='lat' dir='ltr'>me·</span> <span class='ocrx_word' id='word_1_116' title='bbox 1248 1234 1250 1239; x_wconf 57' lang='lat'><strong><em>¹</em></strong></span> 
     </span>
     <span class='ocr_line' id='line_1_14' title="bbox 49 1282 1159 1362; baseline 0.002 -19"><span class='ocrx_word' id='word_1_117' title='bbox 49 1305 77 1342; x_wconf 87' lang='lat' dir='ltr'>m</span> <span class='ocrx_word' id='word_1_118' title='bbox 99 1295 266 1343; x_wconf 85' lang='lat' dir='ltr'>creaturam</span> <span class='ocrx_word' id='word_1_119' title='bbox 286 1282 380 1362; x_wconf 87' lang='lat' dir='ltr'>ipsum</span> <span class='ocrx_word' id='word_1_120' title='bbox 400 1282 508 1341; x_wconf 90' lang='lat' dir='ltr'>iactare</span> <span class='ocrx_word' id='word_1_121' title='bbox 528 1283 612 1360; x_wconf 89' lang='lat' dir='ltr'>ausit,</span> <span class='ocrx_word' id='word_1_122' title='bbox 641 1284 721 1342; x_wconf 88' lang='lat' dir='ltr'>euius</span> <span class='ocrx_word' id='word_1_123' title='bbox 752 1285 857 1343; x_wconf 88' lang='lat' dir='ltr'>notitia</span> <span class='ocrx_word' id='word_1_124' title='bbox 881 1283 965 1343; x_wconf 91' lang='lat' dir='ltr'>unica</span> <span class='ocrx_word' id='word_1_125' title='bbox 992 1295 1039 1344; x_wconf 87' lang='lat' dir='ltr'>est</span> <span class='ocrx_word' id='word_1_126' title='bbox 1058 1296 1159 1344; x_wconf 90' lang='lat' dir='ltr'>nostra</span> 
     </span>
     <span class='ocr_line' id='line_1_15' title="bbox 48 1358 1159 1441; baseline 0.003 -21"><span class='ocrx_word' id='word_1_127' title='bbox 48 1358 179 1421; x_wconf 81' lang='lat' dir='ltr'>oriatio?</span> <span class='ocrx_word' id='word_1_128' title='bbox 211 1358 277 1418; x_wconf 84' lang='lat' dir='ltr'>Huc</span> <span class='ocrx_word' id='word_1_129' title='bbox 297 1358 411 1418; x_wconf 86' lang='lat' dir='ltr'>accedit</span> <span class='ocrx_word' id='word_1_130' title='bbox 455 1359 514 1418; x_wconf 90' lang='lat' dir='ltr'>uod</span> <span class='ocrx_word' id='word_1_131' title='bbox 540 1358 729 1420; x_wconf 88' lang='lat' dir='ltr'>salutationes</span> <span class='ocrx_word' id='word_1_132' title='bbox 753 1360 836 1419; x_wconf 86' lang='lat' dir='ltr'>Pauli</span> <span class='ocrx_word' id='word_1_133' title='bbox 860 1359 991 1438; x_wconf 90' lang='lat' dir='ltr'>epistolis</span> <span class='ocrx_word' id='word_1_134' title='bbox 1016 1360 1159 1441; x_wconf 83' lang='lat' dir='ltr'>praefixae</span> 
     </span>
     <span class='ocr_line' id='line_1_16' title="bbox 47 1380 1158 1515; baseline 0.001 -20"><span class='ocrx_word' id='word_1_135' title='bbox 47 1437 121 1496; x_wconf 70' lang='lat' dir='ltr'>idem</span> <span class='ocrx_word' id='word_1_136' title='bbox 141 1457 158 1495; x_wconf 86' lang='lat' dir='ltr'>a</span> <span class='ocrx_word' id='word_1_137' title='bbox 179 1434 256 1495; x_wconf 83' lang='lat' dir='ltr'>Filio</span> <span class='ocrx_word' id='word_1_138' title='bbox 274 1380 595 1515; x_wconf 79' lang='lat' dir='ltr'>precanturbenelicia,</span> <span class='ocrx_word' id='word_1_139' title='bbox 615 1457 690 1515; x_wconf 88' lang='lat' dir='ltr'>quae</span> <span class='ocrx_word' id='word_1_140' title='bbox 709 1437 845 1496; x_wconf 81' lang='lat' dir='ltr'>aPatrc:</span> <span class='ocrx_word' id='word_1_141' title='bbox 887 1456 924 1495; x_wconf 94' lang='lat' dir='ltr'>uo</span> <span class='ocrx_word' id='word_1_142' title='bbox 945 1437 1086 1497; x_wconf 89' lang='lat' dir='ltr'>docemur</span> <span class='ocrx_word' id='word_1_143' title='bbox 1096 1457 1158 1497; x_wconf 93' lang='lat' dir='ltr'>non</span> 
     </span>
     <span class='ocr_line' id='line_1_17' title="bbox 48 1459 1199 1593; baseline 0 -21"><span class='ocrx_word' id='word_1_144' title='bbox 48 1513 110 1572; x_wconf 87' lang='lat' dir='ltr'>odo</span> <span class='ocrx_word' id='word_1_145' title='bbox 132 1511 212 1571; x_wconf 85' lang='lat' dir='ltr'>illius</span> <span class='ocrx_word' id='word_1_146' title='bbox 232 1511 441 1571; x_wconf 78' lang='lat' dir='ltr'>intercessione</span> <span class='ocrx_word' id='word_1_147' title='bbox 470 1512 507 1570; x_wconf 87' lang='lat' dir='ltr'>ad</span> <span class='ocrx_word' id='word_1_148' title='bbox 532 1533 587 1572; x_wconf 84' lang='lat' dir='ltr'>nos</span> <span class='ocrx_word' id='word_1_149' title='bbox 607 1514 762 1593; x_wconf 79' lang='lat' dir='ltr'>pervenire</span> <span class='ocrx_word' id='word_1_150' title='bbox 783 1459 1002 1593; x_wconf 71' lang='lat' dir='ltr'>quaelargitur</span> <span class='ocrx_word' id='word_1_151' title='bbox 1021 1513 1158 1574; x_wconf 85' lang='lat' dir='ltr'>coelestis</span> <span class='ocrx_word' id='word_1_152' title='bbox 1193 1564 1199 1572; x_wconf 92' lang='lat'>.</span> 
     </span>
     <span class='ocr_line' id='line_1_18' title="bbox 47 1588 1157 1668; baseline -0.001 -19"><span class='ocrx_word' id='word_1_153' title='bbox 47 1602 118 1664; x_wconf 83' lang='lat' dir='ltr'>ster,</span> <span class='ocrx_word' id='word_1_154' title='bbox 153 1588 205 1648; x_wconf 88' lang='lat' dir='ltr'>sed</span> <span class='ocrx_word' id='word_1_155' title='bbox 237 1590 391 1666; x_wconf 83' lang='lat' dir='ltr'>potentiae</span> <span class='ocrx_word' id='word_1_156' title='bbox 421 1589 629 1649; x_wconf 89' lang='lat' dir='ltr'>communione</span> <span class='ocrx_word' id='word_1_157' title='bbox 657 1590 765 1649; x_wconf 83' lang='lat' dir='ltr'>Filium</span> <span class='ocrx_word' id='word_1_158' title='bbox 796 1591 890 1668; x_wconf 92' lang='lat' dir='ltr'>ipsum</span> <span class='ocrx_word' id='word_1_159' title='bbox 916 1610 977 1650; x_wconf 88' lang='lat' dir='ltr'>esso</span> <span class='ocrx_word' id='word_1_160' title='bbox 995 1601 1157 1651; x_wconf 73' lang='lat' dir='ltr'>auctorem.</span> 
     </span>
     <span class='ocr_line' id='line_1_19' title="bbox 47 1664 1158 1756; baseline 0.001 -31"><span class='ocrx_word' id='word_1_161' title='bbox 47 1685 108 1725; x_wconf 81' lang='lat' dir='ltr'>uae</span> <span class='ocrx_word' id='word_1_162' title='bbox 129 1666 256 1744; x_wconf 80' lang='lat' dir='ltr'>practica</span> <span class='ocrx_word' id='word_1_163' title='bbox 277 1664 381 1725; x_wconf 88' lang='lat' dir='ltr'>notitia</span> <span class='ocrx_word' id='word_1_164' title='bbox 405 1665 514 1725; x_wconf 85' lang='lat' dir='ltr'>certior</span> <span class='ocrx_word' id='word_1_165' title='bbox 534 1664 609 1724; x_wconf 89' lang='lat' dir='ltr'>baud</span> <span class='ocrx_word' id='word_1_166' title='bbox 636 1665 725 1726; x_wconf 90' lang='lat' dir='ltr'>dubie</span> <span class='ocrx_word' id='word_1_167' title='bbox 749 1665 931 1745; x_wconf 87' lang='lat' dir='ltr'>solidiorque</span> <span class='ocrx_word' id='word_1_168' title='bbox 957 1678 1001 1726; x_wconf 90' lang='lat' dir='ltr'>est</span> <span class='ocrx_word' id='word_1_169' title='bbox 1024 1665 1158 1756; x_wconf 90' lang='lat' dir='ltr'>qualibet</span> 
     </span>
     <span class='ocr_line' id='line_1_20' title="bbox 47 1740 1156 1822; baseline 0 -21"><span class='ocrx_word' id='word_1_170' title='bbox 47 1744 114 1804; x_wconf 76' lang='lat' dir='ltr'>tosa</span> <span class='ocrx_word' id='word_1_171' title='bbox 134 1741 346 1821; x_wconf 86' lang='lat' dir='ltr'>speculatione.</span> <span class='ocrx_word' id='word_1_172' title='bbox 388 1740 451 1800; x_wconf 93' lang='lat' dir='ltr'>lllic</span> <span class='ocrx_word' id='word_1_173' title='bbox 472 1741 549 1800; x_wconf 90' lang='lat' dir='ltr'>enim</span> <span class='ocrx_word' id='word_1_174' title='bbox 570 1742 634 1821; x_wconf 86' lang='lat' dir='ltr'>pius</span> <span class='ocrx_word' id='word_1_175' title='bbox 652 1743 763 1803; x_wconf 91' lang='lat' dir='ltr'>animus</span> <span class='ocrx_word' id='word_1_176' title='bbox 775 1742 872 1800; x_wconf 88' lang='lat' dir='ltr'>Deum</span> <span class='ocrx_word' id='word_1_177' title='bbox 893 1743 1156 1822; x_wconf 65' lang='lat' dir='ltr'>praesentissimum</span> 
     </span>
     <span class='ocr_line' id='line_1_21' title="bbox 47 1816 1156 1900; baseline -0.001 -22"><span class='ocrx_word' id='word_1_178' title='bbox 47 1818 165 1900; x_wconf 84' lang='lat' dir='ltr'>suspicit</span> <span class='ocrx_word' id='word_1_179' title='bbox 185 1829 216 1877; x_wconf 91' lang='lat' dir='ltr'>et</span> <span class='ocrx_word' id='word_1_180' title='bbox 236 1837 328 1897; x_wconf 89' lang='lat' dir='ltr'>paene</span> <span class='ocrx_word' id='word_1_181' title='bbox 348 1829 495 1888; x_wconf 87' lang='lat' dir='ltr'>attrectat,</span> <span class='ocrx_word' id='word_1_182' title='bbox 514 1819 565 1878; x_wconf 95' lang='lat' dir='ltr'>ubi</span> <span class='ocrx_word' id='word_1_183' title='bbox 576 1840 607 1881; x_wconf 90' lang='lat' dir='ltr'>se</span> <span class='ocrx_word' id='word_1_184' title='bbox 619 1819 766 1894; x_wconf 80' lang='lat' dir='ltr'>vivificari,</span> <span class='ocrx_word' id='word_1_185' title='bbox 785 1818 955 1893; x_wconf 91' lang='lat' dir='ltr'>illuminari,</span> <span class='ocrx_word' id='word_1_186' title='bbox 973 1816 1092 1893; x_wconf 82' lang='lat' dir='ltr'>servari,</span> <span class='ocrx_word' id='word_1_187' title='bbox 1110 1818 1156 1878; x_wconf 91' lang='lat' dir='ltr'>iu·</span> 
     </span>
     <span class='ocr_line' id='line_1_22' title="bbox 47 1894 957 1967; baseline -0.009 -12"><span class='ocrx_word' id='word_1_188' title='bbox 47 1895 147 1967; x_wconf 79' lang='lat' dir='ltr'>ificari,</span> <span class='ocrx_word' id='word_1_189' title='bbox 167 1916 202 1955; x_wconf 87' lang='lat' dir='ltr'>ac</span> <span class='ocrx_word' id='word_1_190' title='bbox 222 1894 396 1956; x_wconf 84' lang='lat' dir='ltr'>sanctificari</span> <span class='ocrx_word' id='word_1_191' title='bbox 415 1895 512 1954; x_wconf 88' lang='lat' dir='ltr'>sentit.</span> <span class='ocrx_word' id='word_1_192' title='bbox 954 1942 957 1947; x_wconf 90' lang='lat'><em>.</em></span> 
     </span>
    </p>

    <p class='ocr_par' dir='ltr' id='par_1_3' title="bbox 46 1966 1207 4052">
     <span class='ocr_line' id='line_1_23' title="bbox 93 1966 1155 2052; baseline -0.004 -17"><span class='ocrx_word' id='word_1_193' title='bbox 93 1979 142 2041; x_wconf 70' lang='lat'>14.</span> <span class='ocrx_word' id='word_1_194' title='bbox 184 1971 286 2047; x_wconf 88' lang='lat' dir='ltr'>Quare</span> <span class='ocrx_word' id='word_1_195' title='bbox 317 1971 423 2031; x_wconf 90' lang='lat' dir='ltr'>iisdem</span> <span class='ocrx_word' id='word_1_196' title='bbox 450 1972 538 2032; x_wconf 90' lang='lat' dir='ltr'>etiam</span> <span class='ocrx_word' id='word_1_197' title='bbox 568 1991 586 2030; x_wconf 94' lang='lat' dir='ltr'>e</span> <span class='ocrx_word' id='word_1_198' title='bbox 616 1970 750 2033; x_wconf 84' lang='lat' dir='ltr'>fontibus</span> <span class='ocrx_word' id='word_1_199' title='bbox 779 1973 936 2052; x_wconf 87' lang='lat' dir='ltr'>praecipue</span> <span class='ocrx_word' id='word_1_200' title='bbox 960 1966 995 2031; x_wconf 89' lang='lat' dir='ltr'>ad</span> <span class='ocrx_word' id='word_1_201' title='bbox 1016 1970 1155 2031; x_wconf 81' lang='lat' dir='ltr'>deitatem</span> 
     </span>
     <span class='ocr_line' id='line_1_24' title="bbox 61 2047 1155 2129; baseline 0 -21"><span class='ocrx_word' id='word_1_202' title='bbox 61 2050 145 2109; x_wconf 85' lang='lat' dir='ltr'>iritus</span> <span class='ocrx_word' id='word_1_203' title='bbox 164 2047 349 2108; x_wconf 85' lang='lat' dir='ltr'>asserendam</span> <span class='ocrx_word' id='word_1_204' title='bbox 374 2049 498 2126; x_wconf 87' lang='lat' dir='ltr'>petenda</span> <span class='ocrx_word' id='word_1_205' title='bbox 528 2060 573 2107; x_wconf 90' lang='lat' dir='ltr'>est</span> <span class='ocrx_word' id='word_1_206' title='bbox 602 2048 750 2129; x_wconf 88' lang='lat' dir='ltr'>probatio.</span> <span class='ocrx_word' id='word_1_207' title='bbox 802 2049 854 2108; x_wconf 87' lang='lat' dir='ltr'>Est</span> <span class='ocrx_word' id='word_1_208' title='bbox 885 2048 1003 2128; x_wconf 90' lang='lat' dir='ltr'>quidem</span> <span class='ocrx_word' id='word_1_209' title='bbox 1035 2048 1155 2108; x_wconf 90' lang='lat' dir='ltr'>minime</span> 
     </span>
     <span class='ocr_line' id='line_1_25' title="bbox 47 2071 1155 2204; baseline -0.001 -19"><span class='ocrx_word' id='word_1_210' title='bbox 47 2071 179 2185; x_wconf 82' lang='lat' dir='ltr'>bscurum</span> <span class='ocrx_word' id='word_1_211' title='bbox 199 2125 272 2185; x_wconf 87' lang='lat' dir='ltr'>illud</span> <span class='ocrx_word' id='word_1_212' title='bbox 294 2125 491 2184; x_wconf 88' lang='lat' dir='ltr'>testimonium</span> <span class='ocrx_word' id='word_1_213' title='bbox 511 2125 604 2185; x_wconf 88' lang='lat' dir='ltr'>Musis</span> <span class='ocrx_word' id='word_1_214' title='bbox 623 2125 654 2185; x_wconf 89' lang='lat' dir='ltr'>in</span> <span class='ocrx_word' id='word_1_215' title='bbox 676 2124 830 2186; x_wconf 81' lang='lat' dir='ltr'>creationis</span> <span class='ocrx_word' id='word_1_216' title='bbox 851 2125 981 2198; x_wconf 88' lang='lat' dir='ltr'>historia,</span> <span class='ocrx_word' id='word_1_217' title='bbox 1010 2124 1155 2204; x_wconf 87' lang='lat' dir='ltr'>Spiritum</span> 
     </span>
     <span class='ocr_line' id='line_1_26' title="bbox 47 2200 1153 2293; baseline 0.002 -33"><span class='ocrx_word' id='word_1_218' title='bbox 47 2202 81 2260; x_wconf 75' lang='lat' dir='ltr'>tei</span> <span class='ocrx_word' id='word_1_219' title='bbox 101 2221 253 2293; x_wconf 81' lang='lat' dir='ltr'>expansum</span> <span class='ocrx_word' id='word_1_220' title='bbox 275 2201 364 2261; x_wconf 83' lang='lat' dir='ltr'>luisse</span> <span class='ocrx_word' id='word_1_221' title='bbox 382 2221 470 2281; x_wconf 91' lang='lat' dir='ltr'>super</span> <span class='ocrx_word' id='word_1_222' title='bbox 488 2200 620 2278; x_wconf 80' lang='lat' dir='ltr'>abyssos,</span> <span class='ocrx_word' id='word_1_223' title='bbox 651 2200 697 2261; x_wconf 83' lang='lat' dir='ltr'>vtl</span> <span class='ocrx_word' id='word_1_224' title='bbox 718 2202 868 2262; x_wconf 86' lang='lat' dir='ltr'>materiam</span> <span class='ocrx_word' id='word_1_225' title='bbox 889 2202 1058 2277; x_wconf 78' lang='lat' dir='ltr'>informem,</span> <span class='ocrx_word' id='word_1_226' title='bbox 1086 2202 1153 2282; x_wconf 89' lang='lat' dir='ltr'>quia</span> 
     </span>
     <span class='ocr_line' id='line_1_27' title="bbox 47 2276 1154 2359; baseline 0 -21"><span class='ocrx_word' id='word_1_227' title='bbox 47 2278 151 2338; x_wconf 78' lang='lat' dir='ltr'>stendit</span> <span class='ocrx_word' id='word_1_228' title='bbox 170 2277 343 2338; x_wconf 77' lang='lat' dir='ltr'>commodo</span> <span class='ocrx_word' id='word_1_229' title='bbox 364 2276 590 2358; x_wconf 85' lang='lat' dir='ltr'>pulcritudinem</span> <span class='ocrx_word' id='word_1_230' title='bbox 610 2280 722 2355; x_wconf 84' lang='lat' dir='ltr'>mundi,</span> <span class='ocrx_word' id='word_1_231' title='bbox 743 2300 818 2359; x_wconf 91' lang='lat' dir='ltr'>quae</span> <span class='ocrx_word' id='word_1_232' title='bbox 837 2300 917 2338; x_wconf 91' lang='lat' dir='ltr'>nunc</span> <span class='ocrx_word' id='word_1_233' title='bbox 932 2279 1085 2353; x_wconf 20' lang='lat' dir='ltr'>temnitur,</span> <span class='ocrx_word' id='word_1_234' title='bbox 1108 2279 1154 2339; x_wconf 76' lang='lat' dir='ltr'>ri·</span> 
     </span>
     <span class='ocr_line' id='line_1_28' title="bbox 46 2354 1154 2436; baseline 0.003 -23"><span class='ocrx_word' id='word_1_235' title='bbox 46 2373 95 2413; x_wconf 87' lang='lat' dir='ltr'>cre</span> <span class='ocrx_word' id='word_1_236' title='bbox 112 2354 215 2415; x_wconf 79' lang='lat' dir='ltr'>saluam</span> <span class='ocrx_word' id='word_1_237' title='bbox 237 2355 257 2414; x_wconf 89' lang='lat' dir='ltr'>S</span> <span class='ocrx_word' id='word_1_238' title='bbox 282 2355 365 2415; x_wconf 90' lang='lat' dir='ltr'>iritus</span> <span class='ocrx_word' id='word_1_239' title='bbox 384 2355 506 2415; x_wconf 88' lang='lat' dir='ltr'>virtute:</span> <span class='ocrx_word' id='word_1_240' title='bbox 525 2355 575 2414; x_wconf 91' lang='lat' dir='ltr'>sed</span> <span class='ocrx_word' id='word_1_241' title='bbox 603 2367 758 2436; x_wconf 86' lang='lat' dir='ltr'>antequam</span> <span class='ocrx_word' id='word_1_242' title='bbox 779 2356 934 2416; x_wconf 86' lang='lat' dir='ltr'>accederet</span> <span class='ocrx_word' id='word_1_243' title='bbox 952 2355 1001 2415; x_wconf 85' lang='lat' dir='ltr'>lric</span> <span class='ocrx_word' id='word_1_244' title='bbox 1020 2368 1154 2432; x_wconf 87' lang='lat' dir='ltr'>ornatus,</span> 
     </span>
     <span class='ocr_line' id='line_1_29' title="bbox 47 2376 1153 2524; baseline 0.003 -35"><span class='ocrx_word' id='word_1_245' title='bbox 47 2452 78 2490; x_wconf 85' lang='lat' dir='ltr'>un</span> <span class='ocrx_word' id='word_1_246' title='bbox 107 2443 179 2492; x_wconf 89' lang='lat' dir='ltr'>tunc</span> <span class='ocrx_word' id='word_1_247' title='bbox 208 2433 239 2492; x_wconf 90' lang='lat' dir='ltr'>in</span> <span class='ocrx_word' id='word_1_248' title='bbox 261 2376 387 2492; x_wconf 80' lang='lat' dir='ltr'>lovenda</span> <span class='ocrx_word' id='word_1_249' title='bbox 408 2430 457 2490; x_wconf 93' lang='lat' dir='ltr'>illa</span> <span class='ocrx_word' id='word_1_250' title='bbox 477 2432 598 2491; x_wconf 74' lang='lat' dir='ltr'>contrusa</span> <span class='ocrx_word' id='word_1_251' title='bbox 617 2434 696 2491; x_wconf 89' lang='lat' dir='ltr'>mole</span> <span class='ocrx_word' id='word_1_252' title='bbox 717 2432 858 2524; x_wconf 90' lang='lat' dir='ltr'>Spiritum</span> <span class='ocrx_word' id='word_1_253' title='bbox 880 2430 968 2492; x_wconf 86' lang='lat' dir='ltr'>suis&#39;se</span> <span class='ocrx_word' id='word_1_254' title='bbox 988 2444 1153 2524; x_wconf 86' lang='lat' dir='ltr'>operatum.</span> 
     </span>
     <span class='ocr_line' id='line_1_30' title="bbox 49 2506 1152 2589; baseline 0.002 -23"><span class='ocrx_word' id='word_1_255' title='bbox 49 2506 113 2568; x_wconf 89' lang='lat' dir='ltr'>ullis</span> <span class='ocrx_word' id='word_1_256' title='bbox 134 2508 222 2568; x_wconf 84' lang='lat' dir='ltr'>etiam</span> <span class='ocrx_word' id='word_1_257' title='bbox 243 2507 351 2569; x_wconf 84' lang='lat' dir='ltr'>cavillis</span> <span class='ocrx_word' id='word_1_258' title='bbox 373 2507 529 2567; x_wconf 85' lang='lat' dir='ltr'>obnoxium</span> <span class='ocrx_word' id='word_1_259' title='bbox 551 2509 694 2587; x_wconf 91' lang='lat' dir='ltr'>estquod</span> <span class='ocrx_word' id='word_1_260' title='bbox 722 2509 827 2569; x_wconf 75' lang='lat' dir='ltr'>dicitur</span> <span class='ocrx_word' id='word_1_261' title='bbox 846 2509 924 2589; x_wconf 91' lang='lat' dir='ltr'>apud</span> <span class='ocrx_word' id='word_1_262' title='bbox 943 2506 1066 2569; x_wconf 85' lang='lat' dir='ltr'>Iesaram</span> <span class='ocrx_word' id='word_1_263' title='bbox 1084 2509 1152 2579; x_wconf 74' lang='lat' dir='ltr'>(les.</span> 
     </span>
     <span class='ocr_line' id='line_1_31' title="bbox 47 2583 1152 2666; baseline 0.003 -25"><span class='ocrx_word' id='word_1_264' title='bbox 47 2590 67 2661; x_wconf 76' lang='lat' dir='ltr'>i,</span> <span class='ocrx_word' id='word_1_265' title='bbox 79 2587 160 2662; x_wconf 76' lang='lat'>16.):</span> <span class='ocrx_word' id='word_1_266' title='bbox 180 2585 242 2659; x_wconf 83' lang='lat' dir='ltr'>„Et</span> <span class='ocrx_word' id='word_1_267' title='bbox 253 2605 333 2644; x_wconf 91' lang='lat' dir='ltr'>nunc</span> <span class='ocrx_word' id='word_1_268' title='bbox 344 2583 472 2644; x_wconf 83' lang='lat' dir='ltr'>leboralr</span> <span class='ocrx_word' id='word_1_269' title='bbox 483 2586 561 2644; x_wconf 89' lang='lat' dir='ltr'>misit</span> <span class='ocrx_word' id='word_1_270' title='bbox 571 2605 617 2644; x_wconf 90' lang='lat' dir='ltr'>me</span> <span class='ocrx_word' id='word_1_271' title='bbox 629 2597 659 2643; x_wconf 89' lang='lat' dir='ltr'>et</span> <span class='ocrx_word' id='word_1_272' title='bbox 673 2585 799 2666; x_wconf 84' lang='lat' dir='ltr'>Spiritus</span> <span class='ocrx_word' id='word_1_273' title='bbox 814 2586 874 2644; x_wconf 91' lang='lat' dir='ltr'>eius</span> <span class='ocrx_word' id='word_1_274' title='bbox 883 2592 912 2643; x_wconf 82' lang='lat'>:“</span> <span class='ocrx_word' id='word_1_275' title='bbox 932 2584 998 2664; x_wconf 91' lang='lat' dir='ltr'>quia</span> <span class='ocrx_word' id='word_1_276' title='bbox 1009 2607 1152 2645; x_wconf 92' lang='lat' dir='ltr'>summum</span> 
     </span>
     <span class='ocr_line' id='line_1_32' title="bbox 47 2660 1154 2741; baseline -0.001 -21"><span class='ocrx_word' id='word_1_277' title='bbox 47 2688 50 2720; x_wconf 86' lang='grc' dir='ltr'>ι</span> <span class='ocrx_word' id='word_1_278' title='bbox 77 2663 231 2722; x_wconf 86' lang='lat' dir='ltr'>mittendis</span> <span class='ocrx_word' id='word_1_279' title='bbox 259 2660 415 2741; x_wconf 87' lang='lat' dir='ltr'>Prophetis</span> <span class='ocrx_word' id='word_1_280' title='bbox 441 2661 593 2740; x_wconf 88' lang='lat' dir='ltr'>imperium</span> <span class='ocrx_word' id='word_1_281' title='bbox 625 2683 690 2721; x_wconf 86' lang='lat' dir='ltr'>cum</span> <span class='ocrx_word' id='word_1_282' title='bbox 717 2662 829 2741; x_wconf 88' lang='lat' dir='ltr'>Spiritu</span> <span class='ocrx_word' id='word_1_283' title='bbox 855 2673 956 2722; x_wconf 91' lang='lat' dir='ltr'>sancto</span> <span class='ocrx_word' id='word_1_284' title='bbox 988 2663 1154 2720; x_wconf 88' lang='lat' dir='ltr'>commuui-</span> 
     </span>
     <span class='ocr_line' id='line_1_33' title="bbox 47 2736 1153 2818; baseline -0.004 -19"><span class='ocrx_word' id='word_1_285' title='bbox 47 2742 134 2815; x_wconf 50' lang='grc' dir='ltr'>ιβ),</span> <span class='ocrx_word' id='word_1_286' title='bbox 167 2758 202 2797; x_wconf 79' lang='lat' dir='ltr'>cx</span> <span class='ocrx_word' id='word_1_287' title='bbox 229 2759 287 2818; x_wconf 93' lang='lat' dir='ltr'>quo</span> <span class='ocrx_word' id='word_1_288' title='bbox 313 2736 425 2797; x_wconf 88' lang='lat' dir='ltr'>relucet</span> <span class='ocrx_word' id='word_1_289' title='bbox 445 2738 540 2797; x_wconf 88' lang='lat' dir='ltr'>divina</span> <span class='ocrx_word' id='word_1_290' title='bbox 561 2738 621 2798; x_wconf 90' lang='lat' dir='ltr'>eius</span> <span class='ocrx_word' id='word_1_291' title='bbox 641 2741 788 2798; x_wconf 84' lang='lat' dir='ltr'>maiestas:</span> <span class='ocrx_word' id='word_1_292' title='bbox 821 2738 871 2799; x_wconf 87' lang='lat' dir='ltr'>sed</span> <span class='ocrx_word' id='word_1_293' title='bbox 893 2736 1014 2816; x_wconf 85' lang='lat' dir='ltr'>optima,</span> <span class='ocrx_word' id='word_1_294' title='bbox 1032 2749 1065 2798; x_wconf 95' lang='lat' dir='ltr'>ut</span> <span class='ocrx_word' id='word_1_295' title='bbox 1085 2738 1153 2813; x_wconf 85' lang='lat' dir='ltr'>dixi,</span> 
     </span>
     <span class='ocr_line' id='line_1_34' title="bbox 47 2814 1154 2896; baseline -0.002 -20"><span class='ocrx_word' id='word_1_296' title='bbox 47 2816 206 2877; x_wconf 76' lang='lat' dir='ltr'>›afirmatio</span> <span class='ocrx_word' id='word_1_297' title='bbox 227 2815 314 2875; x_wconf 88' lang='lat' dir='ltr'>nobis</span> <span class='ocrx_word' id='word_1_298' title='bbox 338 2814 395 2873; x_wconf 90' lang='lat' dir='ltr'>erit</span> <span class='ocrx_word' id='word_1_299' title='bbox 418 2834 451 2873; x_wconf 82' lang='lat' dir='ltr'>ex</span> <span class='ocrx_word' id='word_1_300' title='bbox 472 2814 604 2874; x_wconf 82' lang='lat' dir='ltr'>familiari</span> <span class='ocrx_word' id='word_1_301' title='bbox 623 2836 685 2876; x_wconf 92' lang='lat' dir='ltr'>usu.</span> <span class='ocrx_word' id='word_1_302' title='bbox 729 2815 834 2896; x_wconf 84' lang='lat' dir='ltr'>Longe</span> <span class='ocrx_word' id='word_1_303' title='bbox 859 2815 980 2873; x_wconf 86' lang='lat' dir='ltr'>enima</span> <span class='ocrx_word' id='word_1_304' title='bbox 1012 2815 1154 2874; x_wconf 90' lang='lat' dir='ltr'>creaturis</span> 
     </span>
     <span class='ocr_line' id='line_1_35' title="bbox 47 2889 1207 2982; baseline -0.002 -30"><span class='ocrx_word' id='word_1_305' title='bbox 47 2895 144 2952; x_wconf 87' lang='lat' dir='ltr'>ienum</span> <span class='ocrx_word' id='word_1_306' title='bbox 167 2904 212 2952; x_wconf 88' lang='lat' dir='ltr'>est</span> <span class='ocrx_word' id='word_1_307' title='bbox 233 2891 314 2982; x_wconf 86' lang='lat' dir='ltr'>quod</span> <span class='ocrx_word' id='word_1_308' title='bbox 334 2889 376 2949; x_wconf 93' lang='lat' dir='ltr'>illi</span> <span class='ocrx_word' id='word_1_309' title='bbox 386 2891 555 2971; x_wconf 76' lang='lat' dir='ltr'>Scripturas</span> <span class='ocrx_word' id='word_1_310' title='bbox 574 2890 719 2973; x_wconf 72' lang='lat' dir='ltr'>tribuunt¹</span> <span class='ocrx_word' id='word_1_311' title='bbox 738 2904 768 2950; x_wconf 91' lang='lat' dir='ltr'>et</span> <span class='ocrx_word' id='word_1_312' title='bbox 788 2913 842 2950; x_wconf 88' lang='lat' dir='ltr'>uos</span> <span class='ocrx_word' id='word_1_313' title='bbox 863 2893 870 2948; x_wconf 94' lang='lat' dir='ltr'>i</span> <span class='ocrx_word' id='word_1_314' title='bbox 893 2891 916 2949; x_wconf 91' lang='lat' dir='ltr'>si</span> <span class='ocrx_word' id='word_1_315' title='bbox 937 2903 1016 2950; x_wconf 86' lang='lat' dir='ltr'>certa</span> <span class='ocrx_word' id='word_1_316' title='bbox 1037 2890 1154 2968; x_wconf 87' lang='lat' dir='ltr'>pietatis</span> <span class='ocrx_word' id='word_1_317' title='bbox 1201 2896 1207 2915; x_wconf 65' lang='lat'>⁸</span> 
     </span>
     <span class='ocr_line' id='line_1_36' title="bbox 47 2913 1153 3051; baseline -0.001 -24"><span class='ocrx_word' id='word_1_318' title='bbox 47 2970 198 3051; x_wconf 81' lang='lat' dir='ltr'>spericntia</span> <span class='ocrx_word' id='word_1_319' title='bbox 219 2968 362 3027; x_wconf 77' lang='lat' dir='ltr'>discimus.</span> <span class='ocrx_word' id='word_1_320' title='bbox 400 2966 455 3027; x_wconf 92' lang='lat' dir='ltr'>Ille</span> <span class='ocrx_word' id='word_1_321' title='bbox 476 2969 553 3027; x_wconf 89' lang='lat' dir='ltr'>enirn</span> <span class='ocrx_word' id='word_1_322' title='bbox 575 2969 686 3046; x_wconf 90' lang='lat' dir='ltr'>estqui</span> <span class='ocrx_word' id='word_1_323' title='bbox 707 2968 817 3047; x_wconf 93' lang='lat' dir='ltr'>ubique</span> <span class='ocrx_word' id='word_1_324' title='bbox 839 2913 1070 3026; x_wconf 66' lang='lat' dir='ltr'>diilususomnia</span> <span class='ocrx_word' id='word_1_325' title='bbox 1090 2987 1153 3026; x_wconf 90' lang='lat' dir='ltr'>sus-</span> 
     </span>
     <span class='ocr_line' id='line_1_37' title="bbox 47 3043 1154 3128; baseline -0.005 -22"><span class='ocrx_word' id='word_1_326' title='bbox 47 3060 104 3118; x_wconf 84' lang='lat' dir='ltr'>uet,</span> <span class='ocrx_word' id='word_1_327' title='bbox 130 3057 253 3128; x_wconf 84' lang='lat' dir='ltr'>vegetat</span> <span class='ocrx_word' id='word_1_328' title='bbox 274 3056 304 3103; x_wconf 93' lang='lat' dir='ltr'>et</span> <span class='ocrx_word' id='word_1_329' title='bbox 322 3043 445 3103; x_wconf 83' lang='lat' dir='ltr'>vivificat</span> <span class='ocrx_word' id='word_1_330' title='bbox 464 3045 495 3104; x_wconf 92' lang='lat' dir='ltr'>in</span> <span class='ocrx_word' id='word_1_331' title='bbox 522 3044 605 3104; x_wconf 91' lang='lat' dir='ltr'>coelo</span> <span class='ocrx_word' id='word_1_332' title='bbox 626 3045 704 3103; x_wconf 90' lang='lat' dir='ltr'>etin</span> <span class='ocrx_word' id='word_1_333' title='bbox 726 3056 812 3103; x_wconf 91' lang='lat' dir='ltr'>terra.</span> <span class='ocrx_word' id='word_1_334' title='bbox 837 3045 898 3102; x_wconf 90' lang='lat' dir='ltr'>lam</span> <span class='ocrx_word' id='word_1_335' title='bbox 920 3043 1154 3122; x_wconf 85' lang='lat' dir='ltr'>boc-ipsocrea-</span> 
     </span>
     <span class='ocr_line' id='line_1_38' title="bbox 47 3118 1153 3200; baseline -0.006 -17"><span class='ocrx_word' id='word_1_336' title='bbox 47 3145 146 3183; x_wconf 86' lang='lat' dir='ltr'>uarum</span> <span class='ocrx_word' id='word_1_337' title='bbox 169 3141 296 3181; x_wconf 92' lang='lat' dir='ltr'>numero</span> <span class='ocrx_word' id='word_1_338' title='bbox 318 3120 460 3194; x_wconf 86' lang='lat' dir='ltr'>eximitur,</span> <span class='ocrx_word' id='word_1_339' title='bbox 481 3123 560 3200; x_wconf 91' lang='lat' dir='ltr'>quod</span> <span class='ocrx_word' id='word_1_340' title='bbox 582 3121 667 3179; x_wconf 92' lang='lat' dir='ltr'>nullis</span> <span class='ocrx_word' id='word_1_341' title='bbox 688 3120 935 3181; x_wconf 81' lang='lat' dir='ltr'>circumscribitur</span> <span class='ocrx_word' id='word_1_342' title='bbox 952 3120 1066 3179; x_wconf 85' lang='lat' dir='ltr'>linibus.</span> <span class='ocrx_word' id='word_1_343' title='bbox 1092 3118 1153 3177; x_wconf 90' lang='lat' dir='ltr'>Sed</span> 
     </span>
     <span class='ocr_line' id='line_1_39' title="bbox 47 3195 1154 3279; baseline -0.006 -20"><span class='ocrx_word' id='word_1_344' title='bbox 47 3222 97 3260; x_wconf 84' lang='lat' dir='ltr'>turn</span> <span class='ocrx_word' id='word_1_345' title='bbox 118 3202 151 3259; x_wconf 92' lang='lat' dir='ltr'>in</span> <span class='ocrx_word' id='word_1_346' title='bbox 173 3199 273 3259; x_wconf 88' lang='lat' dir='ltr'>omnia</span> <span class='ocrx_word' id='word_1_347' title='bbox 292 3198 423 3279; x_wconf 78' lang='lat' dir='ltr'>vigorem</span> <span class='ocrx_word' id='word_1_348' title='bbox 442 3197 688 3270; x_wconf 73' lang='lat' dir='ltr'>transfundendo,</span> <span class='ocrx_word' id='word_1_349' title='bbox 708 3197 871 3268; x_wconf 87' lang='lat' dir='ltr'>essentiam,</span> <span class='ocrx_word' id='word_1_350' title='bbox 890 3196 976 3263; x_wconf 83' lang='lat' dir='ltr'>vitam</span> <span class='ocrx_word' id='word_1_351' title='bbox 996 3207 1027 3255; x_wconf 87' lang='lat' dir='ltr'>et</span> <span class='ocrx_word' id='word_1_352' title='bbox 1046 3195 1154 3255; x_wconf 90' lang='lat' dir='ltr'>motio-</span> 
     </span>
     <span class='ocr_line' id='line_1_40' title="bbox 47 3273 1154 3354; baseline -0.005 -20"><span class='ocrx_word' id='word_1_353' title='bbox 47 3296 81 3336; x_wconf 76' lang='grc' dir='ltr'>ει</span> <span class='ocrx_word' id='word_1_354' title='bbox 101 3277 160 3337; x_wconf 88' lang='lat' dir='ltr'>illis</span> <span class='ocrx_word' id='word_1_355' title='bbox 182 3275 337 3354; x_wconf 89' lang='lat' dir='ltr'>inspirare,</span> <span class='ocrx_word' id='word_1_356' title='bbox 357 3274 385 3332; x_wconf 90' lang='lat' dir='ltr'>id</span> <span class='ocrx_word' id='word_1_357' title='bbox 406 3293 475 3333; x_wconf 86' lang='lat' dir='ltr'>vero</span> <span class='ocrx_word' id='word_1_358' title='bbox 496 3273 582 3352; x_wconf 92' lang='lat' dir='ltr'>plane</span> <span class='ocrx_word' id='word_1_359' title='bbox 603 3274 732 3332; x_wconf 87' lang='lat' dir='ltr'>divinum</span> <span class='ocrx_word' id='word_1_360' title='bbox 753 3285 806 3334; x_wconf 89' lang='lat' dir='ltr'>est.</span> <span class='ocrx_word' id='word_1_361' title='bbox 845 3273 962 3332; x_wconf 90' lang='lat' dir='ltr'>Deinde</span> <span class='ocrx_word' id='word_1_362' title='bbox 986 3273 1009 3332; x_wconf 91' lang='lat' dir='ltr'>si</span> <span class='ocrx_word' id='word_1_363' title='bbox 1030 3292 1154 3353; x_wconf 78' lang='lat' dir='ltr'>regene-</span> 
     </span>
     <span class='ocr_line' id='line_1_41' title="bbox 47 3349 1153 3430; baseline -0.006 -18"><span class='ocrx_word' id='word_1_364' title='bbox 47 3359 88 3415; x_wconf 84' lang='lat' dir='ltr'>stio</span> <span class='ocrx_word' id='word_1_365' title='bbox 110 3358 141 3414; x_wconf 91' lang='lat' dir='ltr'>in</span> <span class='ocrx_word' id='word_1_366' title='bbox 164 3355 254 3413; x_wconf 85' lang='lat' dir='ltr'>vitam</span> <span class='ocrx_word' id='word_1_367' title='bbox 275 3350 526 3427; x_wconf 90' lang='lat' dir='ltr'>incorruptibilem</span> <span class='ocrx_word' id='word_1_368' title='bbox 552 3351 651 3429; x_wconf 86' lang='lat' dir='ltr'>quavis</span> <span class='ocrx_word' id='word_1_369' title='bbox 675 3362 829 3429; x_wconf 91' lang='lat' dir='ltr'>praesente</span> <span class='ocrx_word' id='word_1_370' title='bbox 852 3349 1041 3430; x_wconf 82' lang='lat' dir='ltr'>vegetatione</span> <span class='ocrx_word' id='word_1_371' title='bbox 1066 3366 1153 3427; x_wconf 88' lang='lat' dir='ltr'>supe·</span> 
     </span>
     <span class='ocr_line' id='line_1_42' title="bbox 47 3425 1155 3506; baseline -0.007 -15"><span class='ocrx_word' id='word_1_372' title='bbox 47 3453 75 3490; x_wconf 88' lang='lat' dir='ltr'>or</span> <span class='ocrx_word' id='word_1_373' title='bbox 95 3443 141 3491; x_wconf 88' lang='lat' dir='ltr'>est</span> <span class='ocrx_word' id='word_1_374' title='bbox 164 3441 196 3489; x_wconf 91' lang='lat' dir='ltr'>et</span> <span class='ocrx_word' id='word_1_375' title='bbox 217 3428 310 3486; x_wconf 88' lang='lat' dir='ltr'>multo</span> <span class='ocrx_word' id='word_1_376' title='bbox 332 3427 531 3501; x_wconf 79' lang='lat' dir='ltr'>excellentior,</span> <span class='ocrx_word' id='word_1_377' title='bbox 551 3426 620 3506; x_wconf 93' lang='lat' dir='ltr'>quid</span> <span class='ocrx_word' id='word_1_378' title='bbox 640 3426 677 3486; x_wconf 87' lang='lat' dir='ltr'>dc</span> <span class='ocrx_word' id='word_1_379' title='bbox 698 3446 734 3485; x_wconf 92' lang='lat' dir='ltr'>eo</span> <span class='ocrx_word' id='word_1_380' title='bbox 754 3426 932 3486; x_wconf 89' lang='lat' dir='ltr'>censendum</span> <span class='ocrx_word' id='word_1_381' title='bbox 958 3437 1006 3485; x_wconf 66' lang='lat' dir='ltr'>est*</span> <span class='ocrx_word' id='word_1_382' title='bbox 1022 3425 1101 3483; x_wconf 91' lang='lat' dir='ltr'>cuius</span> <span class='ocrx_word' id='word_1_383' title='bbox 1121 3444 1155 3483; x_wconf 78' lang='lat' dir='ltr'>ex</span> 
     </span>
     <span class='ocr_line' id='line_1_43' title="bbox 48 3501 1156 3587; baseline -0.006 -22"><span class='ocrx_word' id='word_1_384' title='bbox 48 3521 122 3568; x_wconf 88' lang='lat' dir='ltr'>rtute</span> <span class='ocrx_word' id='word_1_385' title='bbox 144 3505 302 3587; x_wconf 81' lang='lat' dir='ltr'>procedit?</span> <span class='ocrx_word' id='word_1_386' title='bbox 322 3503 420 3582; x_wconf 89' lang='lat' dir='ltr'>Ipsum</span> <span class='ocrx_word' id='word_1_387' title='bbox 441 3514 537 3563; x_wconf 88' lang='lat' dir='ltr'>autem</span> <span class='ocrx_word' id='word_1_388' title='bbox 558 3524 620 3562; x_wconf 92' lang='lat' dir='ltr'>non</span> <span class='ocrx_word' id='word_1_389' title='bbox 638 3502 816 3577; x_wconf 91' lang='lat' dir='ltr'>mutuatitio,</span> <span class='ocrx_word' id='word_1_390' title='bbox 840 3501 892 3562; x_wconf 89' lang='lat' dir='ltr'>sed</span> <span class='ocrx_word' id='word_1_391' title='bbox 911 3502 1033 3582; x_wconf 80' lang='lat' dir='ltr'>proprio</span> <span class='ocrx_word' id='word_1_392' title='bbox 1053 3501 1156 3580; x_wconf 81' lang='lat' dir='ltr'>vigore</span> 
     </span>
     <span class='ocr_line' id='line_1_44' title="bbox 47 3577 1155 3667; baseline -0.003 -27"><span class='ocrx_word' id='word_1_393' title='bbox 47 3582 254 3667; x_wconf 59' lang='lat' dir='ltr'>generationis</span> <span class='ocrx_word' id='word_1_394' title='bbox 275 3601 337 3640; x_wconf 88' lang='lat' dir='ltr'>esse</span> <span class='ocrx_word' id='word_1_395' title='bbox 356 3592 505 3640; x_wconf 89' lang='lat' dir='ltr'>auctorem</span> <span class='ocrx_word' id='word_1_396' title='bbox 526 3579 678 3660; x_wconf 91' lang='lat' dir='ltr'>Scriptura</span> <span class='ocrx_word' id='word_1_397' title='bbox 706 3579 803 3641; x_wconf 89' lang='lat' dir='ltr'>multis</span> <span class='ocrx_word' id='word_1_398' title='bbox 833 3577 904 3638; x_wconf 88' lang='lat' dir='ltr'>locis</span> <span class='ocrx_word' id='word_1_399' title='bbox 924 3577 1027 3637; x_wconf 88' lang='lat' dir='ltr'>docet:</span> <span class='ocrx_word' id='word_1_400' title='bbox 1057 3596 1155 3654; x_wconf 88' lang='lat' dir='ltr'>neque</span> 
     </span>
     <span class='ocr_line' id='line_1_45' title="bbox 48 3653 1154 3745; baseline -0.007 -24"><span class='ocrx_word' id='word_1_401' title='bbox 48 3685 75 3721; x_wconf 90' lang='lat' dir='ltr'>us</span> <span class='ocrx_word' id='word_1_402' title='bbox 95 3661 201 3729; x_wconf 87' lang='lat' dir='ltr'>modo,</span> <span class='ocrx_word' id='word_1_403' title='bbox 221 3657 272 3718; x_wconf 89' lang='lat' dir='ltr'>sed</span> <span class='ocrx_word' id='word_1_404' title='bbox 289 3657 403 3716; x_wconf 84' lang='lat' dir='ltr'>suturae</span> <span class='ocrx_word' id='word_1_405' title='bbox 445 3675 541 3736; x_wconf 91' lang='lat' dir='ltr'>uoque</span> <span class='ocrx_word' id='word_1_406' title='bbox 566 3655 802 3717; x_wconf 85' lang='lat' dir='ltr'>immortalitatis.</span> <span class='ocrx_word' id='word_1_407' title='bbox 841 3654 978 3733; x_wconf 88' lang='lat' dir='ltr'>Denique</span> <span class='ocrx_word' id='word_1_408' title='bbox 1002 3656 1032 3713; x_wconf 89' lang='lat' dir='ltr'>in</span> <span class='ocrx_word' id='word_1_409' title='bbox 1058 3653 1154 3745; x_wconf 87' lang='lat' dir='ltr'>ipsum</span> 
     </span>
     <span class='ocr_line' id='line_1_46' title="bbox 47 3679 1153 3812; baseline -0.012 -14"><span class='ocrx_word' id='word_1_410' title='bbox 47 3741 114 3800; x_wconf 79' lang='lat' dir='ltr'>unia</span> <span class='ocrx_word' id='word_1_411' title='bbox 135 3751 171 3797; x_wconf 91' lang='lat' dir='ltr'>ut</span> <span class='ocrx_word' id='word_1_412' title='bbox 191 3737 221 3794; x_wconf 92' lang='lat' dir='ltr'>in</span> <span class='ocrx_word' id='word_1_413' title='bbox 235 3735 344 3792; x_wconf 71' lang='lat' dir='ltr'>filium</span> <span class='ocrx_word' id='word_1_414' title='bbox 362 3679 566 3806; x_wconf 63' lang='lat' dir='ltr'>couieruntun</span> <span class='ocrx_word' id='word_1_415' title='bbox 586 3752 660 3812; x_wconf 88' lang='lat' dir='ltr'>quae</span> <span class='ocrx_word' id='word_1_416' title='bbox 680 3733 801 3792; x_wconf 84' lang='lat' dir='ltr'>maxime</span> <span class='ocrx_word' id='word_1_417' title='bbox 820 3730 942 3812; x_wconf 84' lang='lat' dir='ltr'>propria</span> <span class='ocrx_word' id='word_1_418' title='bbox 961 3727 1153 3791; x_wconf 84' lang='lat' dir='ltr'>suntDrvini-</span> 
     </span>
     <span class='ocr_line' id='line_1_47' title="bbox 48 3802 1155 3890; baseline -0.013 -16"><span class='ocrx_word' id='word_1_419' title='bbox 48 3818 80 3874; x_wconf 89' lang='lat' dir='ltr'>tis</span> <span class='ocrx_word' id='word_1_420' title='bbox 99 3814 211 3876; x_wconf 82' lang='lat' dir='ltr'>officia.</span> <span class='ocrx_word' id='word_1_421' title='bbox 262 3811 414 3889; x_wconf 88' lang='lat' dir='ltr'>Siquidem</span> <span class='ocrx_word' id='word_1_422' title='bbox 442 3811 529 3870; x_wconf 91' lang='lat' dir='ltr'>etiam</span> <span class='ocrx_word' id='word_1_423' title='bbox 554 3808 701 3890; x_wconf 81' lang='lat' dir='ltr'>profunda</span> <span class='ocrx_word' id='word_1_424' title='bbox 727 3808 785 3867; x_wconf 88' lang='lat' dir='ltr'>Dei</span> <span class='ocrx_word' id='word_1_425' title='bbox 805 3818 960 3876; x_wconf 87' lang='lat' dir='ltr'>scrutatur,</span> <span class='ocrx_word' id='word_1_426' title='bbox 991 3805 1038 3865; x_wconf 92' lang='lat' dir='ltr'>cui</span> <span class='ocrx_word' id='word_1_427' title='bbox 1058 3802 1155 3863; x_wconf 93' lang='lat' dir='ltr'>nullus</span> 
     </span>
     <span class='ocr_line' id='line_1_48' title="bbox 47 3880 1154 3965; baseline -0.013 -14"><span class='ocrx_word' id='word_1_428' title='bbox 47 3893 157 3952; x_wconf 88' lang='lat' dir='ltr'>tinter</span> <span class='ocrx_word' id='word_1_429' title='bbox 179 3901 330 3949; x_wconf 85' lang='lat' dir='ltr'>creaturas</span> <span class='ocrx_word' id='word_1_430' title='bbox 350 3885 541 3961; x_wconf 87' lang='lat' dir='ltr'>consiliarius,</span> <span class='ocrx_word' id='word_1_431' title='bbox 571 3885 742 3965; x_wconf 87' lang='lat' dir='ltr'>sapientiam</span> <span class='ocrx_word' id='word_1_432' title='bbox 773 3897 804 3942; x_wconf 87' lang='lat' dir='ltr'>et</span> <span class='ocrx_word' id='word_1_433' title='bbox 827 3884 969 3962; x_wconf 91' lang='lat' dir='ltr'>loquendi</span> <span class='ocrx_word' id='word_1_434' title='bbox 989 3880 1154 3941; x_wconf 80' lang='lat' dir='ltr'>facultatem</span> 
     </span>
     <span class='ocr_line' id='line_1_49' title="bbox 47 3955 1155 4052; baseline -0.014 -23"><span class='ocrx_word' id='word_1_435' title='bbox 47 3971 154 4052; x_wconf 79' lang='lat' dir='ltr'>rgitur:</span> <span class='ocrx_word' id='word_1_436' title='bbox 177 3987 270 4048; x_wconf 90' lang='lat' dir='ltr'>quum</span> <span class='ocrx_word' id='word_1_437' title='bbox 290 3976 389 4025; x_wconf 88' lang='lat' dir='ltr'>tamen</span> <span class='ocrx_word' id='word_1_438' title='bbox 408 3963 556 4025; x_wconf 85' lang='lat' dir='ltr'>Dominus</span> <span class='ocrx_word' id='word_1_439' title='bbox 574 3963 653 4024; x_wconf 86' lang='lat' dir='ltr'>blosi</span> <span class='ocrx_word' id='word_1_440' title='bbox 672 3957 847 4045; x_wconf 61' lang='lat' dir='ltr'>pronuntiet</span> <span class='ocrx_word' id='word_1_441' title='bbox 860 3959 1013 4039; x_wconf 71' lang='lat' dir='ltr'>(Exodi,</span> <span class='ocrx_word' id='word_1_442' title='bbox 1033 3959 1105 4033; x_wconf 74' lang='lat' dir='ltr'>ts),</span> <span class='ocrx_word' id='word_1_443' title='bbox 1125 3955 1155 4014; x_wconf 88' lang='lat' dir='ltr'>id</span> 
     </span>
    </p>
   </div>
   <div class='ocr_carea' id='block_1_3' title="bbox 47 4154 1150 4184">
    <p class='ocr_par' dir='ltr' id='par_1_4' title="bbox 47 4154 1150 4184">
     <span class='ocr_line' id='line_1_50' title="bbox 47 4154 1150 4184; baseline -0.016 -2"><span class='ocrx_word' id='word_1_444' title='bbox 47 4169 194 4184; x_wconf 47' lang='lat' dir='ltr'>...nem</span> <span class='ocrx_word' id='word_1_445' title='bbox 200 4171 215 4178; x_wconf 86' lang='lat'><em>—</em></span> <span class='ocrx_word' id='word_1_446' title='bbox 688 4154 1150 4177; x_wconf 44' lang='lat' dir='ltr'>--no-bu—n-o-u-&#39;o--t-o—n-—o-n-</span> 
     </span>
    </p>
   </div>
   <div class='ocr_carea' id='block_1_4' title="bbox 47 4268 1157 4519">
    <p class='ocr_par' dir='ltr' id='par_1_5' title="bbox 47 4268 1157 4519">
     <span class='ocr_line' id='line_1_51' title="bbox 83 4268 1157 4354; baseline -0.019 -15"><span class='ocrx_word' id='word_1_447' title='bbox 83 4285 112 4354; x_wconf 72' lang='lat'>⁴)</span> <span class='ocrx_word' id='word_1_448' title='bbox 147 4283 194 4338; x_wconf 79' lang='lat' dir='ltr'>ste</span> <span class='ocrx_word' id='word_1_449' title='bbox 213 4295 289 4353; x_wconf 26' lang='lat' dir='ltr'>uoltat</span> <span class='ocrx_word' id='word_1_450' title='bbox 308 4277 407 4334; x_wconf 74' lang='lat' dir='ltr'>Calvio.</span> <span class='ocrx_word' id='word_1_451' title='bbox 419 4277 563 4342; x_wconf 67' lang='lat' dir='ltr'>iubetw,</span> <span class='ocrx_word' id='word_1_452' title='bbox 579 4275 620 4337; x_wconf 68' lang='lat'>28.</span> <span class='ocrx_word' id='word_1_453' title='bbox 638 4274 713 4339; x_wconf 85' lang='lat' dir='ltr'>illud,</span> <span class='ocrx_word' id='word_1_454' title='bbox 730 4270 841 4340; x_wconf 71' lang='lat' dir='ltr'>Gregeru</span> <span class='ocrx_word' id='word_1_455' title='bbox 859 4269 911 4322; x_wconf 84' lang='lat' dir='ltr'>Dei</span> <span class='ocrx_word' id='word_1_456' title='bbox 928 4270 954 4323; x_wconf 93' lang='lat' dir='ltr'>in</span> <span class='ocrx_word' id='word_1_457' title='bbox 973 4290 1027 4340; x_wconf 90' lang='lat' dir='ltr'>quo</span> <span class='ocrx_word' id='word_1_458' title='bbox 1040 4288 1085 4323; x_wconf 84' lang='lat' dir='ltr'>ros</span> <span class='ocrx_word' id='word_1_459' title='bbox 1096 4268 1157 4338; x_wconf 76' lang='lat' dir='ltr'>spt-</span> 
     </span>
     <span class='ocr_line' id='line_1_52' title="bbox 47 4349 1105 4423; baseline -0.014 -17"><span class='ocrx_word' id='word_1_460' title='bbox 47 4374 78 4405; x_wconf 83' lang='lat' dir='ltr'>urs</span> <span class='ocrx_word' id='word_1_461' title='bbox 93 4367 197 4406; x_wconf 64' lang='lat' dir='ltr'>raudus</span> <span class='ocrx_word' id='word_1_462' title='bbox 215 4352 304 4423; x_wconf 87' lang='lat' dir='ltr'>posuit</span> <span class='ocrx_word' id='word_1_463' title='bbox 322 4349 476 4418; x_wconf 81' lang='lat' dir='ltr'>Episcopos.</span> <span class='ocrx_word' id='word_1_464' title='bbox 1076 4381 1105 4401; x_wconf 75' lang='grc'>,,,</span> 
     </span>
     <span class='ocr_line' id='line_1_53' title="bbox 47 4408 1116 4519; baseline -0.018 -33"><span class='ocrx_word' id='word_1_465' title='bbox 47 4444 267 4519; x_wconf 67' lang='lat' dir='ltr'>Uatsiuilunitutio</span> <span class='ocrx_word' id='word_1_466' title='bbox 285 4442 303 4486; x_wconf 87' lang='grc' dir='ltr'>Ι.</span> <span class='ocrx_word' id='word_1_467' title='bbox 484 4490 493 4504; x_wconf 30' lang='grc' dir='ltr'><em>μ</em></span> <span class='ocrx_word' id='word_1_468' title='bbox 939 4408 959 4470; x_wconf 69' lang='lat'><strong>7</strong></span> <span class='ocrx_word' id='word_1_469' title='bbox 1007 4444 1010 4453; x_wconf 87' lang='grc'><strong><em>·</em></strong></span> <span class='ocrx_word' id='word_1_470' title='bbox 1104 4470 1116 4495; x_wconf 35' lang='lat' dir='ltr'>N</span> 
     </span>
    </p>
   </div>
   <div class='ocr_carea' id='block_1_5' title="bbox 0 0 1302 4726">
    <p class='ocr_par' dir='ltr' id='par_1_6' title="bbox 0 0 1302 4726">
     <span class='ocr_line' id='line_1_54' title="bbox 0 0 1302 4726; baseline 0 0"><span class='ocrx_word' id='word_1_471' title='bbox 0 0 1302 4726; x_wconf 95' lang='lat' dir='ltr'> </span> 
     </span>
    </p>
   </div>
  </div>
 </body>
</html>
