<?xml version="1.0" encoding="UTF-8"?>
<!DOCTYPE html PUBLIC "-//W3C//DTD XHTML 1.0 Transitional//EN"
    "http://www.w3.org/TR/xhtml1/DTD/xhtml1-transitional.dtd">
<html xmlns="http://www.w3.org/1999/xhtml" xml:lang="en" lang="en">
 <head>
  <title>
</title>
<meta http-equiv="Content-Type" content="text/html;charset=utf-8" />
  <meta name='ocr-system' content='tesseract 3.04.00' />
  <meta name='ocr-capabilities' content='ocr_page ocr_carea ocr_par ocr_line ocrx_word'/>
</head>
<body>
  <div class='ocr_page' id='page_1' title='image "./ioanniscalvinii02tholgoog/ioanniscalvinii02tholgoog_0671.png"; bbox 0 0 2700 4732; ppageno 0'>
   <div class='ocr_carea' id='block_1_1' title="bbox 92 211 817 285">
    <p class='ocr_par' dir='ltr' id='par_1_1' title="bbox 92 211 817 285">
     <span class='ocr_line' id='line_1_1' title="bbox 92 211 817 285; baseline 0.006 -13"><span class='ocrx_word' id='word_1_1' title='bbox 92 212 164 285; x_wconf 68' lang='grc' dir='ltr'>Μ’</span> <span class='ocrx_word' id='word_1_2' title='bbox 493 211 570 276; x_wconf 81' lang='lat' dir='ltr'><strong>LIB.</strong></span> <span class='ocrx_word' id='word_1_3' title='bbox 589 213 644 275; x_wconf 83' lang='lat' dir='ltr'>tv.</span> <span class='ocrx_word' id='word_1_4' title='bbox 683 214 772 276; x_wconf 71' lang='lat' dir='ltr'><strong>CAP.</strong></span> <span class='ocrx_word' id='word_1_5' title='bbox 792 214 817 275; x_wconf 84' lang='lat' dir='ltr'>l.</span> 
     </span>
    </p>
   </div>
   <div class='ocr_carea' id='block_1_2' title="bbox 27 332 1245 521">
    <p class='ocr_par' dir='ltr' id='par_1_2' title="bbox 27 332 1245 521">
     <span class='ocr_line' id='line_1_2' title="bbox 27 332 1245 493; baseline 0.002 -74"><span class='ocrx_word' id='word_1_6' title='bbox 27 332 31 339; x_wconf 31' lang='grc' dir='ltr'>Ι</span> <span class='ocrx_word' id='word_1_7' title='bbox 91 360 190 437; x_wconf 82' lang='lat' dir='ltr'>„hom</span> <span class='ocrx_word' id='word_1_8' title='bbox 213 357 251 417; x_wconf 92' lang='lat' dir='ltr'>in·</span> <span class='ocrx_word' id='word_1_9' title='bbox 269 354 456 433; x_wconf 85' lang='lat' dir='ltr'>beneplacito</span> <span class='ocrx_word' id='word_1_10' title='bbox 475 354 582 493; x_wconf 86' lang='lat' dir='ltr'>populi</span> <span class='ocrx_word' id='word_1_11' title='bbox 605 357 663 425; x_wconf 71' lang='lat' dir='ltr'>tuis</span> <span class='ocrx_word' id='word_1_12' title='bbox 691 357 773 418; x_wconf 80' lang='lat' dir='ltr'>&#39;visita</span> <span class='ocrx_word' id='word_1_13' title='bbox 795 376 844 417; x_wconf 91' lang='lat' dir='ltr'>me</span> <span class='ocrx_word' id='word_1_14' title='bbox 868 358 897 417; x_wconf 91' lang='lat' dir='ltr'>in</span> <span class='ocrx_word' id='word_1_15' title='bbox 916 356 1011 419; x_wconf 85' lang='lat' dir='ltr'>salute</span> <span class='ocrx_word' id='word_1_16' title='bbox 1032 370 1105 439; x_wconf 79' lang='lat' dir='ltr'>tna,</span> <span class='ocrx_word' id='word_1_17' title='bbox 1128 372 1161 423; x_wconf 85' lang='lat' dir='ltr'>nt</span> <span class='ocrx_word' id='word_1_18' title='bbox 1174 362 1212 421; x_wconf 62' lang='lat' dir='ltr'>vii</span> <span class='ocrx_word' id='word_1_19' title='bbox 1240 352 1245 363; x_wconf 79' lang='grc'><strong>’</strong></span> 
     </span>
     <span class='ocr_line' id='line_1_3' title="bbox 92 432 1213 521; baseline 0.002 -26"><span class='ocrx_word' id='word_1_20' title='bbox 92 437 197 511; x_wconf 87' lang='lat' dir='ltr'>„deam</span> <span class='ocrx_word' id='word_1_21' title='bbox 215 432 439 503; x_wconf 85' lang='lat' dir='ltr'>beneficentiam</span> <span class='ocrx_word' id='word_1_22' title='bbox 457 446 618 494; x_wconf 86' lang='lat' dir='ltr'>eectornm</span> <span class='ocrx_word' id='word_1_23' title='bbox 647 444 782 507; x_wconf 87' lang='lat' dir='ltr'>tuorum,</span> <span class='ocrx_word' id='word_1_24' title='bbox 811 435 904 494; x_wconf 86' lang='lat' dir='ltr'>laeter</span> <span class='ocrx_word' id='word_1_25' title='bbox 926 436 956 495; x_wconf 92' lang='lat' dir='ltr'>in</span> <span class='ocrx_word' id='word_1_26' title='bbox 987 434 1103 498; x_wconf 89' lang='lat' dir='ltr'>laetitia</span> <span class='ocrx_word' id='word_1_27' title='bbox 1126 438 1213 521; x_wconf 78' lang='lat' dir='ltr'>gentil</span> 
     </span>
    </p>
   </div>
   <div class='ocr_carea' id='block_1_3' title="bbox 93 507 1259 593">
    <p class='ocr_par' dir='ltr' id='par_1_3' title="bbox 93 507 1259 593">
     <span class='ocr_line' id='line_1_4' title="bbox 93 507 1259 593; baseline 0 -20"><span class='ocrx_word' id='word_1_28' title='bbox 93 524 193 587; x_wconf 88' lang='lat' dir='ltr'>„tuae,</span> <span class='ocrx_word' id='word_1_29' title='bbox 213 510 353 589; x_wconf 85' lang='lat' dir='ltr'>gaudeam</span> <span class='ocrx_word' id='word_1_30' title='bbox 363 529 429 569; x_wconf 91' lang='lat' dir='ltr'>cum</span> <span class='ocrx_word' id='word_1_31' title='bbox 443 507 621 571; x_wconf 82' lang='lat' dir='ltr'>haereditate</span> <span class='ocrx_word' id='word_1_32' title='bbox 639 516 721 570; x_wconf 87' lang='lat' dir='ltr'>tua.“</span> <span class='ocrx_word' id='word_1_33' title='bbox 761 511 877 585; x_wconf 85' lang='lat' dir='ltr'><strong>Quibus</strong></span> <span class='ocrx_word' id='word_1_34' title='bbox 889 510 986 571; x_wconf 80' lang='lat' dir='ltr'>verbis</span> <span class='ocrx_word' id='word_1_35' title='bbox 1006 526 1151 593; x_wconf 85' lang='lat' dir='ltr'>paternus</span> <span class='ocrx_word' id='word_1_36' title='bbox 1162 514 1212 575; x_wconf 78' lang='lat' dir='ltr'>net</span> <span class='ocrx_word' id='word_1_37' title='bbox 1257 546 1259 579; x_wconf 72' lang='grc' dir='ltr'>ς</span> 
     </span>
    </p>
   </div>
   <div class='ocr_carea' id='block_1_4' title="bbox 93 584 1213 743">
    <p class='ocr_par' dir='ltr' id='par_1_4' title="bbox 93 584 1213 743">
     <span class='ocr_line' id='line_1_5' title="bbox 93 584 1213 671; baseline 0.003 -23"><span class='ocrx_word' id='word_1_38' title='bbox 93 590 177 648; x_wconf 75' lang='lat' dir='ltr'>lavor</span> <span class='ocrx_word' id='word_1_39' title='bbox 196 599 226 645; x_wconf 91' lang='lat' dir='ltr'>et</span> <span class='ocrx_word' id='word_1_40' title='bbox 246 584 393 665; x_wconf 78' lang='lat' dir='ltr'>peculiare</span> <span class='ocrx_word' id='word_1_41' title='bbox 412 584 567 665; x_wconf 89' lang='lat' dir='ltr'>spiritualis</span> <span class='ocrx_word' id='word_1_42' title='bbox 582 586 656 645; x_wconf 85' lang='lat' dir='ltr'>vitae</span> <span class='ocrx_word' id='word_1_43' title='bbox 675 588 873 646; x_wconf 87' lang='lat' dir='ltr'>testimonium</span> <span class='ocrx_word' id='word_1_44' title='bbox 893 588 929 646; x_wconf 91' lang='lat' dir='ltr'>ad</span> <span class='ocrx_word' id='word_1_45' title='bbox 948 608 1076 671; x_wconf 83' lang='lat' dir='ltr'>gregem</span> <span class='ocrx_word' id='word_1_46' title='bbox 1093 590 1157 651; x_wconf 82' lang='lat' dir='ltr'>eius</span> <span class='ocrx_word' id='word_1_47' title='bbox 1174 610 1213 651; x_wconf 78' lang='lat' dir='ltr'>re·</span> 
     </span>
     <span class='ocr_line' id='line_1_6' title="bbox 93 662 1127 743; baseline -0.001 -19"><span class='ocrx_word' id='word_1_48' title='bbox 93 665 260 743; x_wconf 76' lang='lat' dir='ltr'>stringiture</span> <span class='ocrx_word' id='word_1_49' title='bbox 281 673 314 719; x_wconf 93' lang='lat' dir='ltr'>ut</span> <span class='ocrx_word' id='word_1_50' title='bbox 331 680 447 738; x_wconf 80' lang='lat' dir='ltr'>semper</span> <span class='ocrx_word' id='word_1_51' title='bbox 466 662 585 721; x_wconf 83' lang='lat' dir='ltr'>exitialis</span> <span class='ocrx_word' id='word_1_52' title='bbox 602 662 641 721; x_wconf 86' lang='lat' dir='ltr'>sit</span> <span class='ocrx_word' id='word_1_53' title='bbox 658 662 694 722; x_wconf 90' lang='lat' dir='ltr'>ab</span> <span class='ocrx_word' id='word_1_54' title='bbox 716 664 835 723; x_wconf 83' lang='lat' dir='ltr'>ecclesia</span> <span class='ocrx_word' id='word_1_55' title='bbox 855 663 1004 724; x_wconf 79' lang='lat' dir='ltr'>discessio.</span> <span class='ocrx_word' id='word_1_56' title='bbox 1116 718 1127 729; x_wconf 85' lang='lat'><strong>,</strong></span> 
     </span>
    </p>
   </div>
   <div class='ocr_carea' id='block_1_5' title="bbox 170 736 1259 833">
    <p class='ocr_par' dir='ltr' id='par_1_5' title="bbox 170 736 1259 833">
     <span class='ocr_line' id='line_1_7' title="bbox 170 736 1259 833; baseline 0.004 -35"><span class='ocrx_word' id='word_1_57' title='bbox 170 746 199 803; x_wconf 73' lang='grc' dir='ltr'>ὁ.</span> <span class='ocrx_word' id='word_1_58' title='bbox 238 738 395 798; x_wconf 87' lang='lat' dir='ltr'>Caeterum</span> <span class='ocrx_word' id='word_1_59' title='bbox 413 736 493 817; x_wconf 88' lang='lat' dir='ltr'>quod</span> <span class='ocrx_word' id='word_1_60' title='bbox 513 736 595 797; x_wconf 88' lang='lat' dir='ltr'>buius</span> <span class='ocrx_word' id='word_1_61' title='bbox 615 736 672 798; x_wconf 91' lang='lat' dir='ltr'>loci</span> <span class='ocrx_word' id='word_1_62' title='bbox 692 740 841 818; x_wconf 89' lang='lat' dir='ltr'>proprium</span> <span class='ocrx_word' id='word_1_63' title='bbox 861 752 904 799; x_wconf 88' lang='lat' dir='ltr'>est</span> <span class='ocrx_word' id='word_1_64' title='bbox 914 742 1035 819; x_wconf 82' lang='lat' dir='ltr'>exsequi</span> <span class='ocrx_word' id='word_1_65' title='bbox 1054 760 1114 833; x_wconf 87' lang='lat' dir='ltr'>per</span> <span class='ocrx_word' id='word_1_66' title='bbox 1150 764 1212 803; x_wconf 83' lang='grc' dir='ltr'>ιιιιιι.</span> <span class='ocrx_word' id='word_1_67' title='bbox 1257 772 1259 793; x_wconf 80' lang='grc' dir='ltr'>ι</span> 
     </span>
    </p>
   </div>
   <div class='ocr_carea' id='block_1_6' title="bbox 94 811 1229 4399">
    <p class='ocr_par' dir='ltr' id='par_1_6' title="bbox 94 811 1229 4399">
     <span class='ocr_line' id='line_1_8' title="bbox 94 811 1214 903; baseline -0.001 -27"><span class='ocrx_word' id='word_1_68' title='bbox 94 815 205 876; x_wconf 78' lang='lat' dir='ltr'>Scribit</span> <span class='ocrx_word' id='word_1_69' title='bbox 225 815 329 873; x_wconf 85' lang='lat' dir='ltr'>Paulus</span> <span class='ocrx_word' id='word_1_70' title='bbox 347 811 437 891; x_wconf 87' lang='lat' dir='ltr'>(pr.</span> <span class='ocrx_word' id='word_1_71' title='bbox 453 820 483 888; x_wconf 83' lang='lat' dir='ltr'>d,</span> <span class='ocrx_word' id='word_1_72' title='bbox 500 814 576 903; x_wconf 70' lang='lat' dir='ltr'>ab),</span> <span class='ocrx_word' id='word_1_73' title='bbox 595 814 752 888; x_wconf 77' lang='lat' dir='ltr'>Christum,</span> <span class='ocrx_word' id='word_1_74' title='bbox 771 828 803 875; x_wconf 90' lang='lat' dir='ltr'>ut</span> <span class='ocrx_word' id='word_1_75' title='bbox 822 814 956 893; x_wconf 90' lang='lat' dir='ltr'>impleret</span> <span class='ocrx_word' id='word_1_76' title='bbox 976 838 1093 891; x_wconf 77' lang='lat' dir='ltr'>omnia,</span> <span class='ocrx_word' id='word_1_77' title='bbox 1132 818 1214 881; x_wconf 67' lang='lat' dir='ltr'>edine</span> 
     </span>
     <span class='ocr_line' id='line_1_9' title="bbox 94 886 1215 970; baseline 0.004 -17"><span class='ocrx_word' id='word_1_78' title='bbox 94 892 166 953; x_wconf 89' lang='lat' dir='ltr'>alios</span> <span class='ocrx_word' id='word_1_79' title='bbox 186 890 302 970; x_wconf 90' lang='lat' dir='ltr'>quidem</span> <span class='ocrx_word' id='word_1_80' title='bbox 321 886 497 968; x_wconf 78' lang='lat' dir='ltr'>Apostolos,</span> <span class='ocrx_word' id='word_1_81' title='bbox 520 890 591 949; x_wconf 82' lang='lat' dir='ltr'>alnos</span> <span class='ocrx_word' id='word_1_82' title='bbox 616 911 686 950; x_wconf 86' lang='lat' dir='ltr'>vero</span> <span class='ocrx_word' id='word_1_83' title='bbox 707 890 884 968; x_wconf 79' lang='lat' dir='ltr'>l‘ropbetas,</span> <span class='ocrx_word' id='word_1_84' title='bbox 913 893 986 952; x_wconf 87' lang='lat' dir='ltr'>alios</span> <span class='ocrx_word' id='word_1_85' title='bbox 1004 904 1109 953; x_wconf 84' lang='lat' dir='ltr'>autem</span> <span class='ocrx_word' id='word_1_86' title='bbox 1128 894 1215 957; x_wconf 77' lang='lat' dir='ltr'>Eva!-</span> 
     </span>
     <span class='ocr_line' id='line_1_10' title="bbox 95 965 1214 1051; baseline 0.006 -24"><span class='ocrx_word' id='word_1_87' title='bbox 95 968 221 1051; x_wconf 84' lang='lat' dir='ltr'>gelistas,</span> <span class='ocrx_word' id='word_1_88' title='bbox 240 966 312 1025; x_wconf 86' lang='lat' dir='ltr'>alios</span> <span class='ocrx_word' id='word_1_89' title='bbox 331 976 427 1023; x_wconf 87' lang='lat' dir='ltr'>autem</span> <span class='ocrx_word' id='word_1_90' title='bbox 446 965 580 1025; x_wconf 87' lang='lat' dir='ltr'>Pastores</span> <span class='ocrx_word' id='word_1_91' title='bbox 600 986 633 1025; x_wconf 89' lang='lat' dir='ltr'>ac</span> <span class='ocrx_word' id='word_1_92' title='bbox 654 966 814 1038; x_wconf 84' lang='lat' dir='ltr'>Doctores,</span> <span class='ocrx_word' id='word_1_93' title='bbox 833 966 869 1027; x_wconf 94' lang='lat' dir='ltr'>ad</span> <span class='ocrx_word' id='word_1_94' title='bbox 889 968 1139 1033; x_wconf 75' lang='lat' dir='ltr'>instaurationem</span> <span class='ocrx_word' id='word_1_95' title='bbox 1155 990 1214 1033; x_wconf 75' lang='lat' dir='ltr'>m·</span> 
     </span>
     <span class='ocr_line' id='line_1_11' title="bbox 94 1040 1214 1124; baseline 0.005 -19"><span class='ocrx_word' id='word_1_96' title='bbox 94 1057 208 1105; x_wconf 84' lang='lat' dir='ltr'>ctocnm</span> <span class='ocrx_word' id='word_1_97' title='bbox 227 1042 257 1101; x_wconf 92' lang='lat' dir='ltr'>in</span> <span class='ocrx_word' id='word_1_98' title='bbox 274 1062 347 1119; x_wconf 77' lang='lat' dir='ltr'>optas</span> <span class='ocrx_word' id='word_1_99' title='bbox 366 1040 630 1117; x_wconf 82' lang='lat' dir='ltr'>administrationis,</span> <span class='ocrx_word' id='word_1_100' title='bbox 648 1041 678 1100; x_wconf 95' lang='lat' dir='ltr'>in</span> <span class='ocrx_word' id='word_1_101' title='bbox 698 1042 927 1103; x_wconf 85' lang='lat' dir='ltr'>aedificationem</span> <span class='ocrx_word' id='word_1_102' title='bbox 946 1046 1214 1124; x_wconf 69' lang='lat' dir='ltr'>corpoeisctrtts</span> 
     </span>
     <span class='ocr_line' id='line_1_12' title="bbox 95 1116 1208 1201; baseline 0.003 -20"><span class='ocrx_word' id='word_1_103' title='bbox 95 1122 192 1181; x_wconf 90' lang='lat' dir='ltr'>donec</span> <span class='ocrx_word' id='word_1_104' title='bbox 210 1116 408 1197; x_wconf 85' lang='lat' dir='ltr'>perveniamus</span> <span class='ocrx_word' id='word_1_105' title='bbox 427 1135 528 1177; x_wconf 91' lang='lat' dir='ltr'>omnes</span> <span class='ocrx_word' id='word_1_106' title='bbox 547 1117 578 1176; x_wconf 92' lang='lat' dir='ltr'>in</span> <span class='ocrx_word' id='word_1_107' title='bbox 600 1120 740 1177; x_wconf 90' lang='lat' dir='ltr'>unitatem</span> <span class='ocrx_word' id='word_1_108' title='bbox 760 1118 827 1177; x_wconf 87' lang='lat' dir='ltr'>fidei</span> <span class='ocrx_word' id='word_1_109' title='bbox 847 1131 878 1178; x_wconf 89' lang='lat' dir='ltr'>et</span> <span class='ocrx_word' id='word_1_110' title='bbox 894 1122 1059 1201; x_wconf 78' lang='lat' dir='ltr'>agnitionis</span> <span class='ocrx_word' id='word_1_111' title='bbox 1078 1122 1148 1183; x_wconf 73' lang='lat' dir='ltr'>Filii</span> <span class='ocrx_word' id='word_1_112' title='bbox 1198 1126 1208 1141; x_wconf 88' lang='grc'><em>“</em></span> 
     </span>
     <span class='ocr_line' id='line_1_13' title="bbox 94 1191 1215 1274; baseline 0.006 -20"><span class='ocrx_word' id='word_1_113' title='bbox 94 1197 126 1255; x_wconf 90' lang='lat' dir='ltr'>in</span> <span class='ocrx_word' id='word_1_114' title='bbox 144 1196 236 1253; x_wconf 85' lang='lat' dir='ltr'>virum</span> <span class='ocrx_word' id='word_1_115' title='bbox 261 1191 442 1272; x_wconf 85' lang='lat' dir='ltr'>perlectum,</span> <span class='ocrx_word' id='word_1_116' title='bbox 472 1193 501 1250; x_wconf 91' lang='lat' dir='ltr'>in</span> <span class='ocrx_word' id='word_1_117' title='bbox 533 1212 694 1253; x_wconf 87' lang='lat' dir='ltr'>mensuram</span> <span class='ocrx_word' id='word_1_118' title='bbox 725 1197 826 1255; x_wconf 77' lang='lat' dir='ltr'>aetatis</span> <span class='ocrx_word' id='word_1_119' title='bbox 851 1195 937 1274; x_wconf 87' lang='lat' dir='ltr'>plene</span> <span class='ocrx_word' id='word_1_120' title='bbox 962 1197 1086 1259; x_wconf 84' lang='lat' dir='ltr'>adultae</span> <span class='ocrx_word' id='word_1_121' title='bbox 1103 1198 1215 1261; x_wconf 71' lang='lat' dir='ltr'>christe</span> 
     </span>
     <span class='ocr_line' id='line_1_14' title="bbox 94 1268 1216 1363; baseline 0.007 -34"><span class='ocrx_word' id='word_1_122' title='bbox 94 1272 234 1331; x_wconf 89' lang='lat' dir='ltr'>Videmus</span> <span class='ocrx_word' id='word_1_123' title='bbox 253 1280 286 1329; x_wconf 88' lang='lat' dir='ltr'>ut</span> <span class='ocrx_word' id='word_1_124' title='bbox 304 1268 384 1329; x_wconf 82' lang='lat' dir='ltr'>Deus</span> <span class='ocrx_word' id='word_1_125' title='bbox 402 1268 457 1347; x_wconf 83' lang='lat' dir='ltr'>(ci.</span> <span class='ocrx_word' id='word_1_126' title='bbox 477 1276 577 1349; x_wconf 79' lang='lat' dir='ltr'>cap-3.</span> <span class='ocrx_word' id='word_1_127' title='bbox 596 1292 619 1330; x_wconf 89' lang='lat' dir='ltr'>s.</span> <span class='ocrx_word' id='word_1_128' title='bbox 632 1272 686 1347; x_wconf 88' lang='lat' dir='ltr'>l.),</span> <span class='ocrx_word' id='word_1_129' title='bbox 705 1271 756 1350; x_wconf 91' lang='lat' dir='ltr'>qui</span> <span class='ocrx_word' id='word_1_130' title='bbox 775 1282 874 1363; x_wconf 87' lang='lat' dir='ltr'>posset</span> <span class='ocrx_word' id='word_1_131' title='bbox 891 1284 1048 1335; x_wconf 81' lang='lat' dir='ltr'>momento</span> <span class='ocrx_word' id='word_1_132' title='bbox 1068 1294 1140 1337; x_wconf 78' lang='lat' dir='ltr'>suos</span> <span class='ocrx_word' id='word_1_133' title='bbox 1159 1294 1216 1357; x_wconf 81' lang='lat' dir='ltr'>pet·</span> 
     </span>
     <span class='ocr_line' id='line_1_15' title="bbox 94 1344 1216 1421; baseline 0.005 -14"><span class='ocrx_word' id='word_1_134' title='bbox 94 1348 199 1421; x_wconf 81' lang='lat' dir='ltr'>ficere,</span> <span class='ocrx_word' id='word_1_135' title='bbox 230 1344 305 1404; x_wconf 92' lang='lat' dir='ltr'>nolit</span> <span class='ocrx_word' id='word_1_136' title='bbox 322 1356 420 1403; x_wconf 89' lang='lat' dir='ltr'>tamen</span> <span class='ocrx_word' id='word_1_137' title='bbox 444 1364 494 1403; x_wconf 88' lang='lat' dir='ltr'>cos</span> <span class='ocrx_word' id='word_1_138' title='bbox 514 1345 680 1405; x_wconf 75' lang='lat' dir='ltr'>adolescere</span> <span class='ocrx_word' id='word_1_139' title='bbox 706 1347 736 1405; x_wconf 91' lang='lat' dir='ltr'>in</span> <span class='ocrx_word' id='word_1_140' title='bbox 756 1347 868 1406; x_wconf 76' lang='lat' dir='ltr'>virilem</span> <span class='ocrx_word' id='word_1_141' title='bbox 888 1359 1012 1407; x_wconf 88' lang='lat' dir='ltr'>aetatem</span> <span class='ocrx_word' id='word_1_142' title='bbox 1036 1350 1094 1411; x_wconf 88' lang='lat' dir='ltr'>nisi</span> <span class='ocrx_word' id='word_1_143' title='bbox 1121 1350 1216 1413; x_wconf 73' lang='lat' dir='ltr'>edan·</span> 
     </span>
     <span class='ocr_line' id='line_1_16' title="bbox 94 1420 1215 1503; baseline 0.004 -19"><span class='ocrx_word' id='word_1_144' title='bbox 94 1425 177 1484; x_wconf 89' lang='lat' dir='ltr'>tione</span> <span class='ocrx_word' id='word_1_145' title='bbox 191 1420 334 1481; x_wconf 85' lang='lat' dir='ltr'>ecelesiae.</span> <span class='ocrx_word' id='word_1_146' title='bbox 373 1420 511 1481; x_wconf 78' lang='lat' dir='ltr'>Videmus</span> <span class='ocrx_word' id='word_1_147' title='bbox 530 1422 649 1480; x_wconf 89' lang='lat' dir='ltr'>modum</span> <span class='ocrx_word' id='word_1_148' title='bbox 662 1424 796 1502; x_wconf 83' lang='lat' dir='ltr'>exprimi:</span> <span class='ocrx_word' id='word_1_149' title='bbox 818 1426 882 1502; x_wconf 87' lang='lat' dir='ltr'>quia</span> <span class='ocrx_word' id='word_1_150' title='bbox 902 1426 1075 1503; x_wconf 71' lang='lat' dir='ltr'>pectoribus</span> <span class='ocrx_word' id='word_1_151' title='bbox 1094 1426 1215 1489; x_wconf 76' lang='lat' dir='ltr'>iuinoth</span> 
     </span>
     <span class='ocr_line' id='line_1_17' title="bbox 96 1497 1217 1587; baseline 0.004 -28"><span class='ocrx_word' id='word_1_152' title='bbox 96 1512 139 1559; x_wconf 88' lang='lat' dir='ltr'>est</span> <span class='ocrx_word' id='word_1_153' title='bbox 159 1497 292 1559; x_wconf 90' lang='lat' dir='ltr'>coelestis</span> <span class='ocrx_word' id='word_1_154' title='bbox 312 1497 464 1557; x_wconf 88' lang='lat' dir='ltr'>doctrinae</span> <span class='ocrx_word' id='word_1_155' title='bbox 486 1498 672 1577; x_wconf 87' lang='lat' dir='ltr'>praedicatio.</span> <span class='ocrx_word' id='word_1_156' title='bbox 712 1498 849 1558; x_wconf 82' lang='lat' dir='ltr'>Videmus</span> <span class='ocrx_word' id='word_1_157' title='bbox 863 1520 964 1559; x_wconf 83' lang='lat' dir='ltr'>omnes</span> <span class='ocrx_word' id='word_1_158' title='bbox 983 1500 1022 1560; x_wconf 89' lang='lat' dir='ltr'>ad</span> <span class='ocrx_word' id='word_1_159' title='bbox 1044 1524 1139 1563; x_wconf 86' lang='lat' dir='ltr'>unum</span> <span class='ocrx_word' id='word_1_160' title='bbox 1158 1504 1217 1587; x_wconf 80' lang='lat' dir='ltr'>engi</span> 
     </span>
     <span class='ocr_line' id='line_1_18' title="bbox 94 1572 1217 1661; baseline 0.005 -25"><span class='ocrx_word' id='word_1_161' title='bbox 94 1577 126 1637; x_wconf 91' lang='lat' dir='ltr'>in</span> <span class='ocrx_word' id='word_1_162' title='bbox 147 1575 271 1635; x_wconf 90' lang='lat' dir='ltr'>eundem</span> <span class='ocrx_word' id='word_1_163' title='bbox 295 1572 444 1648; x_wconf 81' lang='lat' dir='ltr'>ordinem,</span> <span class='ocrx_word' id='word_1_164' title='bbox 473 1585 506 1633; x_wconf 91' lang='lat' dir='ltr'>nt</span> <span class='ocrx_word' id='word_1_165' title='bbox 534 1587 685 1634; x_wconf 86' lang='lat' dir='ltr'>mansueto</span> <span class='ocrx_word' id='word_1_166' title='bbox 716 1586 745 1633; x_wconf 88' lang='lat' dir='ltr'>ct</span> <span class='ocrx_word' id='word_1_167' title='bbox 771 1575 858 1634; x_wconf 90' lang='lat' dir='ltr'>docili</span> <span class='ocrx_word' id='word_1_168' title='bbox 885 1576 988 1656; x_wconf 81' lang='lat' dir='ltr'>spiritu</span> <span class='ocrx_word' id='word_1_169' title='bbox 1016 1580 1169 1661; x_wconf 81' lang='lat' dir='ltr'>regendos</span> <span class='ocrx_word' id='word_1_170' title='bbox 1189 1598 1217 1641; x_wconf 80' lang='lat' dir='ltr'>se</span> 
     </span>
     <span class='ocr_line' id='line_1_19' title="bbox 96 1649 1214 1736; baseline 0.006 -25"><span class='ocrx_word' id='word_1_171' title='bbox 96 1652 265 1714; x_wconf 88' lang='lat' dir='ltr'>doctoribus</span> <span class='ocrx_word' id='word_1_172' title='bbox 283 1650 314 1709; x_wconf 89' lang='lat' dir='ltr'>in</span> <span class='ocrx_word' id='word_1_173' title='bbox 334 1649 411 1710; x_wconf 85' lang='lat' dir='ltr'>hunc</span> <span class='ocrx_word' id='word_1_174' title='bbox 430 1672 513 1709; x_wconf 90' lang='lat' dir='ltr'>usum</span> <span class='ocrx_word' id='word_1_175' title='bbox 533 1651 635 1709; x_wconf 83' lang='lat' dir='ltr'>creatis</span> <span class='ocrx_word' id='word_1_176' title='bbox 655 1652 832 1730; x_wconf 89' lang='lat' dir='ltr'>permittant.</span> <span class='ocrx_word' id='word_1_177' title='bbox 874 1651 912 1709; x_wconf 83' lang='lat' dir='ltr'>Et</span> <span class='ocrx_word' id='word_1_178' title='bbox 937 1652 990 1711; x_wconf 89' lang='lat' dir='ltr'>bac</span> <span class='ocrx_word' id='word_1_179' title='bbox 1015 1668 1090 1715; x_wconf 89' lang='lat' dir='ltr'>nota</span> <span class='ocrx_word' id='word_1_180' title='bbox 1111 1656 1214 1736; x_wconf 73' lang='lat' dir='ltr'>pride!</span> 
     </span>
     <span class='ocr_line' id='line_1_20' title="bbox 95 1725 1217 1813; baseline 0.005 -26"><span class='ocrx_word' id='word_1_181' title='bbox 95 1750 218 1807; x_wconf 87' lang='lat' dir='ltr'>regnum</span> <span class='ocrx_word' id='word_1_182' title='bbox 239 1725 348 1786; x_wconf 86' lang='lat' dir='ltr'>Christi</span> <span class='ocrx_word' id='word_1_183' title='bbox 371 1725 539 1806; x_wconf 75' lang='lat' dir='ltr'>insignierat</span> <span class='ocrx_word' id='word_1_184' title='bbox 558 1726 663 1786; x_wconf 87' lang='lat' dir='ltr'>lesaias</span> <span class='ocrx_word' id='word_1_185' title='bbox 683 1730 751 1807; x_wconf 78' lang='lat'>(59,</span> <span class='ocrx_word' id='word_1_186' title='bbox 769 1730 849 1801; x_wconf 77' lang='lat'>21.):</span> <span class='ocrx_word' id='word_1_187' title='bbox 883 1727 1033 1807; x_wconf 88' lang='lat' dir='ltr'>„Spiritus</span> <span class='ocrx_word' id='word_1_188' title='bbox 1065 1752 1150 1794; x_wconf 86' lang='lat' dir='ltr'>naeus</span> <span class='ocrx_word' id='word_1_189' title='bbox 1172 1732 1217 1813; x_wconf 85' lang='lat' dir='ltr'>qni</span> 
     </span>
     <span class='ocr_line' id='line_1_21' title="bbox 96 1802 1216 1883; baseline 0.004 -18"><span class='ocrx_word' id='word_1_190' title='bbox 96 1808 148 1879; x_wconf 90' lang='lat' dir='ltr'>„in</span> <span class='ocrx_word' id='word_1_191' title='bbox 167 1817 197 1862; x_wconf 89' lang='lat' dir='ltr'>te</span> <span class='ocrx_word' id='word_1_192' title='bbox 217 1814 275 1877; x_wconf 89' lang='lat' dir='ltr'>est,</span> <span class='ocrx_word' id='word_1_193' title='bbox 307 1814 337 1861; x_wconf 91' lang='lat' dir='ltr'>et</span> <span class='ocrx_word' id='word_1_194' title='bbox 353 1802 445 1862; x_wconf 80' lang='lat' dir='ltr'>verba</span> <span class='ocrx_word' id='word_1_195' title='bbox 466 1823 539 1881; x_wconf 87' lang='lat' dir='ltr'>qnae</span> <span class='ocrx_word' id='word_1_196' title='bbox 563 1802 647 1882; x_wconf 91' lang='lat' dir='ltr'>posui</span> <span class='ocrx_word' id='word_1_197' title='bbox 666 1803 695 1862; x_wconf 92' lang='lat' dir='ltr'>in</span> <span class='ocrx_word' id='word_1_198' title='bbox 717 1823 768 1860; x_wconf 86' lang='lat' dir='ltr'>oce</span> <span class='ocrx_word' id='word_1_199' title='bbox 794 1815 861 1877; x_wconf 90' lang='lat' dir='ltr'>tuo,</span> <span class='ocrx_word' id='word_1_200' title='bbox 894 1825 1048 1883; x_wconf 91' lang='lat' dir='ltr'>nunquam</span> <span class='ocrx_word' id='word_1_201' title='bbox 1073 1808 1216 1869; x_wconf 82' lang='lat' dir='ltr'>discedent</span> 
     </span>
     <span class='ocr_line' id='line_1_22' title="bbox 95 1879 1215 1960; baseline 0.004 -19"><span class='ocrx_word' id='word_1_202' title='bbox 95 1884 212 1960; x_wconf 86' lang='lat' dir='ltr'>„neqn&#39;e</span> <span class='ocrx_word' id='word_1_203' title='bbox 232 1899 265 1939; x_wconf 82' lang='lat' dir='ltr'>ex</span> <span class='ocrx_word' id='word_1_204' title='bbox 284 1897 337 1938; x_wconf 90' lang='lat' dir='ltr'>ore</span> <span class='ocrx_word' id='word_1_205' title='bbox 356 1891 419 1952; x_wconf 90' lang='lat' dir='ltr'>tuo,</span> <span class='ocrx_word' id='word_1_206' title='bbox 439 1898 534 1958; x_wconf 90' lang='lat' dir='ltr'>neque</span> <span class='ocrx_word' id='word_1_207' title='bbox 554 1899 587 1938; x_wconf 78' lang='lat' dir='ltr'>ex</span> <span class='ocrx_word' id='word_1_208' title='bbox 606 1898 658 1938; x_wconf 90' lang='lat' dir='ltr'>ore</span> <span class='ocrx_word' id='word_1_209' title='bbox 677 1879 793 1939; x_wconf 85' lang='lat' dir='ltr'>seminis</span> <span class='ocrx_word' id='word_1_210' title='bbox 812 1881 854 1938; x_wconf 91' lang='lat' dir='ltr'>tui</span> <span class='ocrx_word' id='word_1_211' title='bbox 872 1892 902 1938; x_wconf 86' lang='lat' dir='ltr'>et</span> <span class='ocrx_word' id='word_1_212' title='bbox 921 1890 1105 1959; x_wconf 66' lang='grc' dir='ltr'>ιιοροιιιιιι.ιι</span> <span class='ocrx_word' id='word_1_213' title='bbox 1137 1884 1215 1945; x_wconf 84' lang='lat' dir='ltr'>Unde</span> 
     </span>
     <span class='ocr_line' id='line_1_23' title="bbox 95 1954 1215 2041; baseline 0.002 -22"><span class='ocrx_word' id='word_1_214' title='bbox 95 1960 227 2035; x_wconf 84' lang='lat' dir='ltr'>sequitur</span> <span class='ocrx_word' id='word_1_215' title='bbox 246 1956 349 2035; x_wconf 83' lang='lat' dir='ltr'>dignos</span> <span class='ocrx_word' id='word_1_216' title='bbox 374 1974 435 2014; x_wconf 86' lang='lat' dir='ltr'>esse</span> <span class='ocrx_word' id='word_1_217' title='bbox 456 1956 505 2034; x_wconf 91' lang='lat' dir='ltr'>qui</span> <span class='ocrx_word' id='word_1_218' title='bbox 525 1954 599 2015; x_wconf 85' lang='lat' dir='ltr'>same</span> <span class='ocrx_word' id='word_1_219' title='bbox 620 1967 650 2014; x_wconf 89' lang='lat' dir='ltr'>et</span> <span class='ocrx_word' id='word_1_220' title='bbox 673 1955 768 2014; x_wconf 90' lang='lat' dir='ltr'>inedia</span> <span class='ocrx_word' id='word_1_221' title='bbox 790 1968 923 2034; x_wconf 89' lang='lat' dir='ltr'>pereant,</span> <span class='ocrx_word' id='word_1_222' title='bbox 942 1958 1122 2039; x_wconf 87' lang='lat' dir='ltr'>quicunqne</span> <span class='ocrx_word' id='word_1_223' title='bbox 1140 1960 1215 2041; x_wconf 82' lang='lat' dir='ltr'>spiri·</span> 
     </span>
     <span class='ocr_line' id='line_1_24' title="bbox 95 2030 1214 2111; baseline 0.004 -18"><span class='ocrx_word' id='word_1_224' title='bbox 95 2034 202 2094; x_wconf 89' lang='lat' dir='ltr'>tualem</span> <span class='ocrx_word' id='word_1_225' title='bbox 223 2031 334 2092; x_wconf 86' lang='lat' dir='ltr'>animae</span> <span class='ocrx_word' id='word_1_226' title='bbox 354 2031 451 2091; x_wconf 91' lang='lat' dir='ltr'>cibum</span> <span class='ocrx_word' id='word_1_227' title='bbox 472 2031 606 2092; x_wconf 89' lang='lat' dir='ltr'>divinitus</span> <span class='ocrx_word' id='word_1_228' title='bbox 625 2030 679 2090; x_wconf 87' lang='lat' dir='ltr'>sibi</span> <span class='ocrx_word' id='word_1_229' title='bbox 699 2051 870 2108; x_wconf 83' lang='lat' dir='ltr'>permeans</span> <span class='ocrx_word' id='word_1_230' title='bbox 890 2032 1034 2093; x_wconf 82' lang='lat' dir='ltr'>ecclesiae</span> <span class='ocrx_word' id='word_1_231' title='bbox 1055 2048 1214 2111; x_wconf 79' lang='lat' dir='ltr'>porreetm</span> 
     </span>
     <span class='ocr_line' id='line_1_25' title="bbox 96 2107 1214 2195; baseline 0.001 -25"><span class='ocrx_word' id='word_1_232' title='bbox 96 2120 245 2189; x_wconf 88' lang='lat' dir='ltr'>respuunt.</span> <span class='ocrx_word' id='word_1_233' title='bbox 283 2107 385 2166; x_wconf 86' lang='lat' dir='ltr'>Fidem</span> <span class='ocrx_word' id='word_1_234' title='bbox 411 2107 497 2167; x_wconf 87' lang='lat' dir='ltr'>nobis</span> <span class='ocrx_word' id='word_1_235' title='bbox 515 2107 595 2167; x_wconf 91' lang='lat' dir='ltr'>Deus</span> <span class='ocrx_word' id='word_1_236' title='bbox 618 2108 753 2186; x_wconf 89' lang='lat' dir='ltr'>inspirat,</span> <span class='ocrx_word' id='word_1_237' title='bbox 777 2107 827 2167; x_wconf 88' lang='lat' dir='ltr'>sed</span> <span class='ocrx_word' id='word_1_238' title='bbox 847 2108 995 2189; x_wconf 78' lang='lat' dir='ltr'>Evangelii</span> <span class='ocrx_word' id='word_1_239' title='bbox 1020 2112 1069 2171; x_wconf 84' lang='lat' dir='ltr'>sui</span> <span class='ocrx_word' id='word_1_240' title='bbox 1095 2132 1214 2195; x_wconf 81' lang='lat' dir='ltr'>orgauoa</span> 
     </span>
     <span class='ocr_line' id='line_1_26' title="bbox 95 2181 1214 2267; baseline 0.001 -23"><span class='ocrx_word' id='word_1_241' title='bbox 95 2187 180 2247; x_wconf 84' lang='lat' dir='ltr'>sicuti</span> <span class='ocrx_word' id='word_1_242' title='bbox 201 2184 339 2244; x_wconf 89' lang='lat' dir='ltr'>admonet</span> <span class='ocrx_word' id='word_1_243' title='bbox 357 2181 480 2256; x_wconf 89' lang='lat' dir='ltr'>Paulus,</span> <span class='ocrx_word' id='word_1_244' title='bbox 509 2183 595 2242; x_wconf 88' lang='lat' dir='ltr'>fidem</span> <span class='ocrx_word' id='word_1_245' title='bbox 615 2204 677 2243; x_wconf 83' lang='lat' dir='ltr'>esse</span> <span class='ocrx_word' id='word_1_246' title='bbox 702 2205 736 2242; x_wconf 79' lang='lat' dir='ltr'>ex</span> <span class='ocrx_word' id='word_1_247' title='bbox 755 2184 854 2243; x_wconf 89' lang='lat' dir='ltr'>auditu</span> <span class='ocrx_word' id='word_1_248' title='bbox 873 2184 973 2263; x_wconf 82' lang='lat' dir='ltr'>(Rom.</span> <span class='ocrx_word' id='word_1_249' title='bbox 993 2192 1142 2267; x_wconf 83' lang='lat'><strong>10‚17.).</strong></span> <span class='ocrx_word' id='word_1_250' title='bbox 1176 2188 1214 2249; x_wconf 84' lang='lat' dir='ltr'>Si-</span> 
     </span>
     <span class='ocr_line' id='line_1_27' title="bbox 96 2259 1214 2339; baseline 0.004 -18"><span class='ocrx_word' id='word_1_251' title='bbox 96 2264 155 2321; x_wconf 90' lang='lat' dir='ltr'>cuti</span> <span class='ocrx_word' id='word_1_252' title='bbox 175 2261 261 2320; x_wconf 88' lang='lat' dir='ltr'>etiam</span> <span class='ocrx_word' id='word_1_253' title='bbox 281 2278 369 2338; x_wconf 90' lang='lat' dir='ltr'>penes</span> <span class='ocrx_word' id='word_1_254' title='bbox 382 2259 477 2318; x_wconf 84' lang='lat' dir='ltr'>Deum</span> <span class='ocrx_word' id='word_1_255' title='bbox 496 2282 547 2320; x_wconf 91' lang='lat' dir='ltr'>sua</span> <span class='ocrx_word' id='word_1_256' title='bbox 566 2260 673 2320; x_wconf 86' lang='lat' dir='ltr'>residet</span> <span class='ocrx_word' id='word_1_257' title='bbox 692 2263 824 2338; x_wconf 89' lang='lat' dir='ltr'>potentia</span> <span class='ocrx_word' id='word_1_258' title='bbox 844 2262 878 2320; x_wconf 89' lang='lat' dir='ltr'>ad</span> <span class='ocrx_word' id='word_1_259' title='bbox 889 2264 1078 2339; x_wconf 84' lang='lat' dir='ltr'>servandum,</span> <span class='ocrx_word' id='word_1_260' title='bbox 1097 2264 1214 2325; x_wconf 70' lang='lat' dir='ltr'>sedet!</span> 
     </span>
     <span class='ocr_line' id='line_1_28' title="bbox 97 2334 1211 2416; baseline 0.004 -20"><span class='ocrx_word' id='word_1_261' title='bbox 97 2338 126 2396; x_wconf 94' lang='lat' dir='ltr'>in</span> <span class='ocrx_word' id='word_1_262' title='bbox 146 2334 297 2416; x_wconf 79' lang='lat' dir='ltr'>Evangelii</span> <span class='ocrx_word' id='word_1_263' title='bbox 328 2335 544 2415; x_wconf 89' lang='lat' dir='ltr'>praedieatione</span> <span class='ocrx_word' id='word_1_264' title='bbox 567 2337 688 2413; x_wconf 92' lang='lat' dir='ltr'>(eodem</span> <span class='ocrx_word' id='word_1_265' title='bbox 712 2336 805 2395; x_wconf 81' lang='lat' dir='ltr'>l&#39;aulo</span> <span class='ocrx_word' id='word_1_266' title='bbox 831 2348 903 2397; x_wconf 87' lang='lat' dir='ltr'>teste</span> <span class='ocrx_word' id='word_1_267' title='bbox 923 2338 1011 2397; x_wconf 79' lang='lat' dir='ltr'>Rom.</span> <span class='ocrx_word' id='word_1_268' title='bbox 1033 2348 1069 2412; x_wconf 93' lang='lat'>1,</span> <span class='ocrx_word' id='word_1_269' title='bbox 1090 2344 1154 2415; x_wconf 75' lang='lat' dir='ltr'>ffi)</span> <span class='ocrx_word' id='word_1_270' title='bbox 1169 2342 1211 2401; x_wconf 85' lang='lat' dir='ltr'>de·</span> 
     </span>
     <span class='ocr_line' id='line_1_29' title="bbox 96 2412 1229 2495; baseline 0.002 -24"><span class='ocrx_word' id='word_1_271' title='bbox 96 2413 205 2495; x_wconf 84' lang='lat' dir='ltr'>promit</span> <span class='ocrx_word' id='word_1_272' title='bbox 223 2424 310 2490; x_wconf 90' lang='lat' dir='ltr'>atque</span> <span class='ocrx_word' id='word_1_273' title='bbox 330 2412 459 2490; x_wconf 85' lang='lat' dir='ltr'>explicat.</span> <span class='ocrx_word' id='word_1_274' title='bbox 497 2413 564 2472; x_wconf 88' lang='lat' dir='ltr'>lloc</span> <span class='ocrx_word' id='word_1_275' title='bbox 583 2412 706 2472; x_wconf 91' lang='lat' dir='ltr'>consilio</span> <span class='ocrx_word' id='word_1_276' title='bbox 720 2412 812 2493; x_wconf 67' lang='lat' dir='ltr'>voluit</span> <span class='ocrx_word' id='word_1_277' title='bbox 830 2413 901 2473; x_wconf 91' lang='lat' dir='ltr'>olim</span> <span class='ocrx_word' id='word_1_278' title='bbox 917 2434 1016 2475; x_wconf 88' lang='lat' dir='ltr'>sacros</span> <span class='ocrx_word' id='word_1_279' title='bbox 1040 2416 1229 2479; x_wconf 62' lang='lat' dir='ltr'>habetisne.</span> 
     </span>
     <span class='ocr_line' id='line_1_30' title="bbox 96 2488 1212 2561; baseline 0.004 -12"><span class='ocrx_word' id='word_1_280' title='bbox 96 2501 201 2549; x_wconf 86' lang='lat' dir='ltr'>ventus</span> <span class='ocrx_word' id='word_1_281' title='bbox 221 2488 255 2546; x_wconf 89' lang='lat' dir='ltr'>ad</span> <span class='ocrx_word' id='word_1_282' title='bbox 276 2488 494 2561; x_wconf 87' lang='lat' dir='ltr'>Sanctuarium,</span> <span class='ocrx_word' id='word_1_283' title='bbox 514 2501 547 2547; x_wconf 91' lang='lat' dir='ltr'>ut</span> <span class='ocrx_word' id='word_1_284' title='bbox 569 2489 636 2547; x_wconf 86' lang='lat' dir='ltr'>fidei</span> <span class='ocrx_word' id='word_1_285' title='bbox 656 2509 826 2548; x_wconf 86' lang='lat' dir='ltr'>consensum</span> <span class='ocrx_word' id='word_1_286' title='bbox 847 2490 936 2549; x_wconf 89' lang='lat' dir='ltr'>aleret</span> <span class='ocrx_word' id='word_1_287' title='bbox 957 2492 1100 2553; x_wconf 85' lang='lat' dir='ltr'>doctrina</span> <span class='ocrx_word' id='word_1_288' title='bbox 1142 2512 1212 2553; x_wconf 80' lang='lat' dir='ltr'>eret</span> 
     </span>
     <span class='ocr_line' id='line_1_31' title="bbox 96 2563 1212 2645; baseline 0.001 -17"><span class='ocrx_word' id='word_1_289' title='bbox 96 2564 252 2628; x_wconf 85' lang='lat' dir='ltr'>sacerdotis</span> <span class='ocrx_word' id='word_1_290' title='bbox 271 2563 392 2643; x_wconf 84' lang='lat' dir='ltr'>prolata.</span> <span class='ocrx_word' id='word_1_291' title='bbox 431 2565 493 2623; x_wconf 90' lang='lat' dir='ltr'>Nec</span> <span class='ocrx_word' id='word_1_292' title='bbox 512 2563 569 2622; x_wconf 90' lang='lat' dir='ltr'>alio</span> <span class='ocrx_word' id='word_1_293' title='bbox 588 2576 721 2642; x_wconf 87' lang='lat' dir='ltr'>spectant</span> <span class='ocrx_word' id='word_1_294' title='bbox 740 2566 884 2645; x_wconf 81' lang='lat' dir='ltr'>magnifici</span> <span class='ocrx_word' id='word_1_295' title='bbox 905 2566 946 2625; x_wconf 92' lang='lat' dir='ltr'>illi</span> <span class='ocrx_word' id='word_1_296' title='bbox 966 2568 1060 2641; x_wconf 87' lang='lat' dir='ltr'>tituli,</span> <span class='ocrx_word' id='word_1_297' title='bbox 1080 2569 1134 2631; x_wconf 83' lang='lat' dir='ltr'>uba</span> <span class='ocrx_word' id='word_1_298' title='bbox 1150 2582 1212 2629; x_wconf 86' lang='lat' dir='ltr'>tera·</span> 
     </span>
     <span class='ocr_line' id='line_1_32' title="bbox 97 2639 1212 2723; baseline 0.003 -21"><span class='ocrx_word' id='word_1_299' title='bbox 97 2644 176 2723; x_wconf 90' lang='lat' dir='ltr'>plum</span> <span class='ocrx_word' id='word_1_300' title='bbox 188 2652 307 2702; x_wconf 81' lang='lat' dir='ltr'>uocatur</span> <span class='ocrx_word' id='word_1_301' title='bbox 326 2640 441 2719; x_wconf 81' lang='lat' dir='ltr'>requies</span> <span class='ocrx_word' id='word_1_302' title='bbox 453 2639 520 2709; x_wconf 88' lang='lat' dir='ltr'>Dei,</span> <span class='ocrx_word' id='word_1_303' title='bbox 541 2639 742 2700; x_wconf 89' lang='lat' dir='ltr'>Sanctuarium</span> <span class='ocrx_word' id='word_1_304' title='bbox 763 2643 822 2701; x_wconf 90' lang='lat' dir='ltr'>eius</span> <span class='ocrx_word' id='word_1_305' title='bbox 842 2642 1035 2719; x_wconf 87' lang='lat' dir='ltr'>domicilium,</span> <span class='ocrx_word' id='word_1_306' title='bbox 1056 2646 1212 2707; x_wconf 80' lang='lat' dir='ltr'>ubidicitur</span> 
     </span>
     <span class='ocr_line' id='line_1_33' title="bbox 97 2716 1212 2815; baseline 0 -37"><span class='ocrx_word' id='word_1_307' title='bbox 97 2719 198 2780; x_wconf 84' lang='lat' dir='ltr'>sedere</span> <span class='ocrx_word' id='word_1_308' title='bbox 219 2718 294 2775; x_wconf 90' lang='lat' dir='ltr'>inter</span> <span class='ocrx_word' id='word_1_309' title='bbox 315 2716 474 2777; x_wconf 80' lang='lat' dir='ltr'>Cherubim</span> <span class='ocrx_word' id='word_1_310' title='bbox 494 2717 555 2792; x_wconf 85' lang='lat' dir='ltr'>(Ps.</span> <span class='ocrx_word' id='word_1_311' title='bbox 567 2723 633 2789; x_wconf 76' lang='lat'>132,</span> <span class='ocrx_word' id='word_1_312' title='bbox 645 2724 690 2781; x_wconf 82' lang='lat' dir='ltr'>lt.</span> <span class='ocrx_word' id='word_1_313' title='bbox 711 2717 780 2775; x_wconf 91' lang='lat' dir='ltr'>ibid.</span> <span class='ocrx_word' id='word_1_314' title='bbox 791 2723 839 2791; x_wconf 75' lang='grc'>80,</span> <span class='ocrx_word' id='word_1_315' title='bbox 849 2720 904 2795; x_wconf 76' lang='grc'>2.);</span> <span class='ocrx_word' id='word_1_316' title='bbox 925 2740 1012 2797; x_wconf 82' lang='lat' dir='ltr'>quarn</span> <span class='ocrx_word' id='word_1_317' title='bbox 1035 2734 1071 2780; x_wconf 89' lang='lat' dir='ltr'>ut</span> <span class='ocrx_word' id='word_1_318' title='bbox 1091 2726 1212 2815; x_wconf 74' lang='lat' dir='ltr'>pren&#39;en,</span> 
     </span>
     <span class='ocr_line' id='line_1_34' title="bbox 96 2792 1212 2874; baseline 0.001 -18"><span class='ocrx_word' id='word_1_319' title='bbox 96 2815 242 2864; x_wconf 83' lang='lat' dir='ltr'>amorem,</span> <span class='ocrx_word' id='word_1_320' title='bbox 267 2794 458 2853; x_wconf 86' lang='lat' dir='ltr'>reverentiam</span> <span class='ocrx_word' id='word_1_321' title='bbox 476 2814 510 2852; x_wconf 93' lang='lat' dir='ltr'>ac</span> <span class='ocrx_word' id='word_1_322' title='bbox 536 2792 705 2874; x_wconf 91' lang='lat' dir='ltr'>dignitatem</span> <span class='ocrx_word' id='word_1_323' title='bbox 731 2794 862 2853; x_wconf 88' lang='lat' dir='ltr'>coelestis</span> <span class='ocrx_word' id='word_1_324' title='bbox 882 2795 1040 2856; x_wconf 87' lang='lat' dir='ltr'>doctrinae</span> <span class='ocrx_word' id='word_1_325' title='bbox 1061 2798 1212 2859; x_wconf 83' lang='lat' dir='ltr'>nararisterie</span> 
     </span>
     <span class='ocr_line' id='line_1_35' title="bbox 97 2869 1212 2951; baseline 0 -18"><span class='ocrx_word' id='word_1_326' title='bbox 97 2872 269 2933; x_wconf 85' lang='lat' dir='ltr'>concilient:</span> <span class='ocrx_word' id='word_1_327' title='bbox 300 2869 405 2949; x_wconf 85' lang='lat' dir='ltr'>quibus</span> <span class='ocrx_word' id='word_1_328' title='bbox 429 2870 538 2950; x_wconf 88' lang='lat' dir='ltr'>alioqui</span> <span class='ocrx_word' id='word_1_329' title='bbox 562 2890 621 2929; x_wconf 92' lang='lat' dir='ltr'>non</span> <span class='ocrx_word' id='word_1_330' title='bbox 647 2891 746 2948; x_wconf 86' lang='lat' dir='ltr'>parum</span> <span class='ocrx_word' id='word_1_331' title='bbox 773 2870 926 2951; x_wconf 85' lang='lat' dir='ltr'>derogaret</span> <span class='ocrx_word' id='word_1_332' title='bbox 946 2872 1083 2933; x_wconf 86' lang='lat' dir='ltr'>mortalis</span> <span class='ocrx_word' id='word_1_333' title='bbox 1103 2888 1136 2935; x_wconf 85' lang='lat' dir='ltr'>et</span> <span class='ocrx_word' id='word_1_334' title='bbox 1152 2894 1212 2935; x_wconf 84' lang='lat' dir='ltr'>eoa·</span> 
     </span>
     <span class='ocr_line' id='line_1_36' title="bbox 96 2946 1210 3039; baseline 0.004 -31"><span class='ocrx_word' id='word_1_335' title='bbox 96 2949 199 3039; x_wconf 88' lang='lat' dir='ltr'>tempti</span> <span class='ocrx_word' id='word_1_336' title='bbox 220 2947 344 3007; x_wconf 88' lang='lat' dir='ltr'>bominis</span> <span class='ocrx_word' id='word_1_337' title='bbox 363 2960 502 3023; x_wconf 83' lang='lat' dir='ltr'>aspectus.</span> <span class='ocrx_word' id='word_1_338' title='bbox 542 2947 621 3027; x_wconf 88' lang='lat' dir='ltr'>Ergo</span> <span class='ocrx_word' id='word_1_339' title='bbox 639 2958 671 3004; x_wconf 88' lang='lat' dir='ltr'>ut</span> <span class='ocrx_word' id='word_1_340' title='bbox 691 2946 811 3006; x_wconf 85' lang='lat' dir='ltr'>sciamus</span> <span class='ocrx_word' id='word_1_341' title='bbox 832 2968 863 3005; x_wconf 84' lang='lat' dir='ltr'>ea</span> <span class='ocrx_word' id='word_1_342' title='bbox 884 2949 954 3007; x_wconf 86' lang='lat' dir='ltr'>vasis</span> <span class='ocrx_word' id='word_1_343' title='bbox 975 2952 1119 3011; x_wconf 74' lang='lat' dir='ltr'>testaceis</span> <span class='ocrx_word' id='word_1_344' title='bbox 1139 2948 1210 3011; x_wconf 79' lang='lat' dir='ltr'>nobit</span> 
     </span>
     <span class='ocr_line' id='line_1_37' title="bbox 98 3022 1212 3185; baseline 0.005 -26"><span class='ocrx_word' id='word_1_345' title='bbox 98 3025 224 3159; x_wconf 64' lang='lat' dir='ltr'>estin</span> <span class='ocrx_word' id='word_1_346' title='bbox 243 3022 668 3179; x_wconf 50' lang='lat' dir='ltr'>{3:ealwaltarene</span> <span class='ocrx_word' id='word_1_347' title='bbox 682 3022 983 3175; x_wconf 57' lang='lat' dir='ltr'>laniante,</span> <span class='ocrx_word' id='word_1_348' title='bbox 997 3025 1212 3185; x_wconf 60' lang='lat' dir='ltr'>taratra</span> 
     </span>
     <span class='ocr_line' id='line_1_38' title="bbox 97 3141 1212 3259; baseline 0.001 -23"><span class='ocrx_word' id='word_1_349' title='bbox 97 3188 208 3236; x_wconf 88' lang='lat' dir='ltr'>sentem</span> <span class='ocrx_word' id='word_1_350' title='bbox 230 3176 259 3233; x_wconf 90' lang='lat' dir='ltr'>in</span> <span class='ocrx_word' id='word_1_351' title='bbox 281 3198 331 3236; x_wconf 89' lang='lat' dir='ltr'>sua</span> <span class='ocrx_word' id='word_1_352' title='bbox 342 3141 533 3235; x_wconf 83' lang='lat' dir='ltr'>institutione</span> <span class='ocrx_word' id='word_1_353' title='bbox 554 3176 680 3254; x_wconf 84' lang='lat' dir='ltr'>agnosci.</span> <span class='ocrx_word' id='word_1_354' title='bbox 719 3176 823 3253; x_wconf 87' lang='lat' dir='ltr'>ltaque</span> <span class='ocrx_word' id='word_1_355' title='bbox 844 3190 996 3255; x_wconf 88' lang='lat' dir='ltr'>postquam</span> <span class='ocrx_word' id='word_1_356' title='bbox 1019 3180 1164 3259; x_wconf 78' lang='lat' dir='ltr'>augurio,</span> <span class='ocrx_word' id='word_1_357' title='bbox 1177 3178 1212 3237; x_wconf 87' lang='lat' dir='ltr'>di·</span> 
     </span>
     <span class='ocr_line' id='line_1_39' title="bbox 98 3250 1213 3347; baseline 0.006 -38"><span class='ocrx_word' id='word_1_358' title='bbox 98 3252 310 3325; x_wconf 86' lang='lat' dir='ltr'>vinationibus,</span> <span class='ocrx_word' id='word_1_359' title='bbox 330 3252 439 3312; x_wconf 88' lang='lat' dir='ltr'>artibus</span> <span class='ocrx_word' id='word_1_360' title='bbox 459 3250 590 3331; x_wconf 86' lang='lat' dir='ltr'>magicis,</span> <span class='ocrx_word' id='word_1_361' title='bbox 617 3254 845 3326; x_wconf 87' lang='lat' dir='ltr'>necromantiae,</span> <span class='ocrx_word' id='word_1_362' title='bbox 865 3252 984 3331; x_wconf 88' lang='lat' dir='ltr'>aliisque</span> <span class='ocrx_word' id='word_1_363' title='bbox 1004 3254 1213 3347; x_wconf 61' lang='lat' dir='ltr'>superstitisi·</span> 
     </span>
     <span class='ocr_line' id='line_1_40' title="bbox 98 3326 1212 3403; baseline 0.003 -16"><span class='ocrx_word' id='word_1_364' title='bbox 98 3328 152 3387; x_wconf 88' lang='lat' dir='ltr'>bus</span> <span class='ocrx_word' id='word_1_365' title='bbox 171 3347 238 3388; x_wconf 86' lang='lat' dir='ltr'>suos</span> <span class='ocrx_word' id='word_1_366' title='bbox 258 3328 349 3387; x_wconf 88' lang='lat' dir='ltr'>vetuit</span> <span class='ocrx_word' id='word_1_367' title='bbox 368 3328 474 3387; x_wconf 87' lang='lat' dir='ltr'>dareo</span> <span class='ocrx_word' id='word_1_368' title='bbox 498 3346 574 3386; x_wconf 88' lang='lat' dir='ltr'>eram</span> <span class='ocrx_word' id='word_1_369' title='bbox 594 3326 702 3402; x_wconf 78' lang='lat' dir='ltr'>(berit.</span> <span class='ocrx_word' id='word_1_370' title='bbox 723 3336 769 3400; x_wconf 84' lang='lat'>19,</span> <span class='ocrx_word' id='word_1_371' title='bbox 789 3334 834 3391; x_wconf 84' lang='grc'>30,</span> <span class='ocrx_word' id='word_1_372' title='bbox 847 3335 961 3403; x_wconf 86' lang='lat' dir='ltr'>et31.)‚</span> <span class='ocrx_word' id='word_1_373' title='bbox 980 3331 1107 3395; x_wconf 79' lang='lat' dir='ltr'>subiicit</span> <span class='ocrx_word' id='word_1_374' title='bbox 1125 3352 1157 3395; x_wconf 81' lang='lat' dir='ltr'>se</span> <span class='ocrx_word' id='word_1_375' title='bbox 1171 3332 1212 3393; x_wconf 88' lang='lat' dir='ltr'>da·</span> 
     </span>
     <span class='ocr_line' id='line_1_41' title="bbox 97 3348 1214 3486; baseline 0.005 -23"><span class='ocrx_word' id='word_1_376' title='bbox 97 3416 195 3463; x_wconf 90' lang='lat' dir='ltr'>turum</span> <span class='ocrx_word' id='word_1_377' title='bbox 216 3406 294 3482; x_wconf 91' lang='lat' dir='ltr'>quod</span> <span class='ocrx_word' id='word_1_378' title='bbox 317 3425 370 3484; x_wconf 86' lang='lat' dir='ltr'>pro</span> <span class='ocrx_word' id='word_1_379' title='bbox 391 3348 527 3463; x_wconf 75' lang='lat' dir='ltr'>omnibus</span> <span class='ocrx_word' id='word_1_380' title='bbox 547 3403 680 3462; x_wconf 87' lang='lat' dir='ltr'>sulficere</span> <span class='ocrx_word' id='word_1_381' title='bbox 701 3404 819 3463; x_wconf 89' lang='lat' dir='ltr'>debeat:</span> <span class='ocrx_word' id='word_1_382' title='bbox 839 3426 945 3484; x_wconf 87' lang='lat' dir='ltr'>nempe</span> <span class='ocrx_word' id='word_1_383' title='bbox 966 3407 1133 3486; x_wconf 76' lang='lat' dir='ltr'>Prophetis</span> <span class='ocrx_word' id='word_1_384' title='bbox 1150 3426 1214 3469; x_wconf 84' lang='grc' dir='ltr'>ιιιι-</span> 
     </span>
     <span class='ocr_line' id='line_1_42' title="bbox 97 3478 1215 3567; baseline 0.008 -28"><span class='ocrx_word' id='word_1_385' title='bbox 97 3502 183 3561; x_wconf 88' lang='lat' dir='ltr'>qaam</span> <span class='ocrx_word' id='word_1_386' title='bbox 204 3480 372 3539; x_wconf 84' lang='lat' dir='ltr'>destitutum</span> <span class='ocrx_word' id='word_1_387' title='bbox 393 3480 439 3539; x_wconf 89' lang='lat' dir='ltr'>iri.</span> <span class='ocrx_word' id='word_1_388' title='bbox 479 3478 571 3539; x_wconf 90' lang='lat' dir='ltr'>Sicuti</span> <span class='ocrx_word' id='word_1_389' title='bbox 591 3490 685 3539; x_wconf 87' lang='lat' dir='ltr'>autem</span> <span class='ocrx_word' id='word_1_390' title='bbox 706 3492 832 3539; x_wconf 88' lang='lat' dir='ltr'>veterem</span> <span class='ocrx_word' id='word_1_391' title='bbox 853 3482 994 3560; x_wconf 89' lang='lat' dir='ltr'>populum</span> <span class='ocrx_word' id='word_1_392' title='bbox 1023 3506 1087 3545; x_wconf 90' lang='lat' dir='ltr'>nou</span> <span class='ocrx_word' id='word_1_393' title='bbox 1110 3486 1215 3567; x_wconf 70' lang='lat' dir='ltr'>abl&#39;tgt·</span> 
     </span>
     <span class='ocr_line' id='line_1_43' title="bbox 98 3556 1215 3639; baseline 0.005 -24"><span class='ocrx_word' id='word_1_394' title='bbox 98 3559 140 3616; x_wconf 82' lang='lat' dir='ltr'>vit</span> <span class='ocrx_word' id='word_1_395' title='bbox 159 3557 194 3616; x_wconf 76' lang='lat' dir='ltr'>aa</span> <span class='ocrx_word' id='word_1_396' title='bbox 214 3556 345 3637; x_wconf 87' lang='lat' dir='ltr'>angelos,</span> <span class='ocrx_word' id='word_1_397' title='bbox 365 3557 415 3615; x_wconf 81' lang='lat' dir='ltr'>sed</span> <span class='ocrx_word' id='word_1_398' title='bbox 436 3556 572 3615; x_wconf 87' lang='lat' dir='ltr'>doctores</span> <span class='ocrx_word' id='word_1_399' title='bbox 592 3557 727 3615; x_wconf 81' lang='lat' dir='ltr'>excitavit</span> <span class='ocrx_word' id='word_1_400' title='bbox 747 3576 762 3613; x_wconf 91' lang='lat' dir='ltr'>e</span> <span class='ocrx_word' id='word_1_401' title='bbox 783 3568 867 3631; x_wconf 88' lang='lat' dir='ltr'>terra,</span> <span class='ocrx_word' id='word_1_402' title='bbox 888 3560 1022 3637; x_wconf 86' lang='lat' dir='ltr'>quivere</span> <span class='ocrx_word' id='word_1_403' title='bbox 1043 3570 1215 3639; x_wconf 65' lang='lat' dir='ltr'>praesuret</span> 
     </span>
     <span class='ocr_line' id='line_1_44' title="bbox 99 3632 1215 3713; baseline 0.006 -22"><span class='ocrx_word' id='word_1_404' title='bbox 99 3654 201 3693; x_wconf 85' lang='lat' dir='ltr'>nruaus</span> <span class='ocrx_word' id='word_1_405' title='bbox 220 3632 396 3713; x_wconf 82' lang='lat' dir='ltr'>angelicum:</span> <span class='ocrx_word' id='word_1_406' title='bbox 416 3632 455 3692; x_wconf 89' lang='lat' dir='ltr'>ita</span> <span class='ocrx_word' id='word_1_407' title='bbox 476 3643 505 3691; x_wconf 89' lang='lat' dir='ltr'>et</span> <span class='ocrx_word' id='word_1_408' title='bbox 525 3653 578 3691; x_wconf 91' lang='lat' dir='ltr'>nos</span> <span class='ocrx_word' id='word_1_409' title='bbox 599 3632 685 3690; x_wconf 87' lang='lat' dir='ltr'>bodie</span> <span class='ocrx_word' id='word_1_410' title='bbox 706 3632 867 3692; x_wconf 80' lang='lat' dir='ltr'>humanitus</span> <span class='ocrx_word' id='word_1_411' title='bbox 884 3634 944 3691; x_wconf 75' lang='lat' dir='ltr'>cult</span> <span class='ocrx_word' id='word_1_412' title='bbox 965 3636 1089 3697; x_wconf 86' lang='lat' dir='ltr'>docere.</span> <span class='ocrx_word' id='word_1_413' title='bbox 1131 3640 1169 3697; x_wconf 75' lang='lat' dir='ltr'>At</span> <span class='ocrx_word' id='word_1_414' title='bbox 1184 3636 1215 3697; x_wconf 83' lang='lat' dir='ltr'>ti·</span> 
     </span>
     <span class='ocr_line' id='line_1_45' title="bbox 98 3708 1214 3787; baseline 0.004 -20"><span class='ocrx_word' id='word_1_415' title='bbox 98 3721 148 3767; x_wconf 87' lang='lat' dir='ltr'>cut</span> <span class='ocrx_word' id='word_1_416' title='bbox 168 3709 238 3769; x_wconf 91' lang='lat' dir='ltr'>olim</span> <span class='ocrx_word' id='word_1_417' title='bbox 260 3729 318 3766; x_wconf 91' lang='lat' dir='ltr'>uon</span> <span class='ocrx_word' id='word_1_418' title='bbox 340 3720 495 3768; x_wconf 89' lang='lat' dir='ltr'>contentus</span> <span class='ocrx_word' id='word_1_419' title='bbox 516 3708 572 3767; x_wconf 89' lang='lat' dir='ltr'>luit</span> <span class='ocrx_word' id='word_1_420' title='bbox 590 3708 650 3768; x_wconf 88' lang='lat' dir='ltr'>sola</span> <span class='ocrx_word' id='word_1_421' title='bbox 671 3708 767 3787; x_wconf 83' lang='lat' dir='ltr'>Lege,</span> <span class='ocrx_word' id='word_1_422' title='bbox 787 3709 836 3767; x_wconf 90' lang='lat' dir='ltr'>sed</span> <span class='ocrx_word' id='word_1_423' title='bbox 856 3711 1024 3772; x_wconf 85' lang='lat' dir='ltr'>sacerdotes</span> <span class='ocrx_word' id='word_1_424' title='bbox 1047 3714 1161 3775; x_wconf 85' lang='lat' dir='ltr'>addidit</span> <span class='ocrx_word' id='word_1_425' title='bbox 1178 3712 1214 3772; x_wconf 85' lang='lat' dir='ltr'>iu·</span> 
     </span>
     <span class='ocr_line' id='line_1_46' title="bbox 96 3784 1215 3865; baseline 0.002 -22"><span class='ocrx_word' id='word_1_426' title='bbox 96 3796 251 3865; x_wconf 87' lang='lat' dir='ltr'>terpretes,</span> <span class='ocrx_word' id='word_1_427' title='bbox 271 3805 303 3843; x_wconf 87' lang='lat' dir='ltr'>ex</span> <span class='ocrx_word' id='word_1_428' title='bbox 317 3806 440 3863; x_wconf 87' lang='lat' dir='ltr'>quorum</span> <span class='ocrx_word' id='word_1_429' title='bbox 460 3784 542 3844; x_wconf 84' lang='lat' dir='ltr'>labiis</span> <span class='ocrx_word' id='word_1_430' title='bbox 562 3785 684 3863; x_wconf 82' lang='lat' dir='ltr'>populus</span> <span class='ocrx_word' id='word_1_431' title='bbox 705 3785 864 3862; x_wconf 88' lang='lat' dir='ltr'>inquireret</span> <span class='ocrx_word' id='word_1_432' title='bbox 879 3806 978 3846; x_wconf 89' lang='lat' dir='ltr'>verum</span> <span class='ocrx_word' id='word_1_433' title='bbox 999 3788 1081 3850; x_wconf 89' lang='lat' dir='ltr'>illius</span> <span class='ocrx_word' id='word_1_434' title='bbox 1094 3808 1215 3851; x_wconf 84' lang='lat' dir='ltr'>sensura:</span> 
     </span>
     <span class='ocr_line' id='line_1_47' title="bbox 97 3860 1215 3949; baseline 0.004 -28"><span class='ocrx_word' id='word_1_435' title='bbox 97 3861 137 3921; x_wconf 90' lang='lat' dir='ltr'>ita</span> <span class='ocrx_word' id='word_1_436' title='bbox 158 3861 245 3918; x_wconf 87' lang='lat' dir='ltr'>hodie</span> <span class='ocrx_word' id='word_1_437' title='bbox 266 3881 325 3919; x_wconf 89' lang='lat' dir='ltr'>non</span> <span class='ocrx_word' id='word_1_438' title='bbox 346 3872 459 3919; x_wconf 82' lang='lat' dir='ltr'>tantum</span> <span class='ocrx_word' id='word_1_439' title='bbox 480 3860 540 3920; x_wconf 90' lang='lat' dir='ltr'>vult</span> <span class='ocrx_word' id='word_1_440' title='bbox 560 3882 613 3920; x_wconf 89' lang='lat' dir='ltr'>nos</span> <span class='ocrx_word' id='word_1_441' title='bbox 634 3881 694 3920; x_wconf 87' lang='lat' dir='ltr'>esse</span> <span class='ocrx_word' id='word_1_442' title='bbox 714 3860 833 3920; x_wconf 88' lang='lat' dir='ltr'>lectioni</span> <span class='ocrx_word' id='word_1_443' title='bbox 846 3874 984 3936; x_wconf 82' lang='lat' dir='ltr'>attentos,</span> <span class='ocrx_word' id='word_1_444' title='bbox 1004 3868 1060 3926; x_wconf 88' lang='lat' dir='ltr'>sed</span> <span class='ocrx_word' id='word_1_445' title='bbox 1073 3866 1215 3949; x_wconf 80' lang='lat' dir='ltr'>magistrat</span> 
     </span>
     <span class='ocr_line' id='line_1_48' title="bbox 97 3937 1217 4023; baseline 0.007 -29"><span class='ocrx_word' id='word_1_446' title='bbox 97 3938 182 3996; x_wconf 88' lang='lat' dir='ltr'>etiam</span> <span class='ocrx_word' id='word_1_447' title='bbox 204 3937 350 4016; x_wconf 85' lang='lat' dir='ltr'>praeficit,</span> <span class='ocrx_word' id='word_1_448' title='bbox 370 3957 493 4015; x_wconf 90' lang='lat' dir='ltr'>quorum</span> <span class='ocrx_word' id='word_1_449' title='bbox 515 3956 602 4015; x_wconf 89' lang='lat' dir='ltr'>opera</span> <span class='ocrx_word' id='word_1_450' title='bbox 627 3937 805 3996; x_wconf 77' lang='lat' dir='ltr'>adiuvemur.</span> <span class='ocrx_word' id='word_1_451' title='bbox 861 3938 950 3997; x_wconf 82' lang='lat' dir='ltr'>Cuius</span> <span class='ocrx_word' id='word_1_452' title='bbox 979 3943 1025 3999; x_wconf 91' lang='lat' dir='ltr'>rei</span> <span class='ocrx_word' id='word_1_453' title='bbox 1052 3942 1162 4023; x_wconf 77' lang='lat' dir='ltr'>duplet</span> <span class='ocrx_word' id='word_1_454' title='bbox 1181 3950 1217 4000; x_wconf 80' lang='lat' dir='ltr'>eat</span> 
     </span>
     <span class='ocr_line' id='line_1_49' title="bbox 96 4012 1216 4091; baseline 0.005 -20"><span class='ocrx_word' id='word_1_455' title='bbox 96 4014 218 4072; x_wconf 79' lang='lat' dir='ltr'>utilitas:</span> <span class='ocrx_word' id='word_1_456' title='bbox 245 4034 311 4071; x_wconf 89' lang='lat' dir='ltr'>uam</span> <span class='ocrx_word' id='word_1_457' title='bbox 338 4012 374 4071; x_wconf 87' lang='lat' dir='ltr'>ab</span> <span class='ocrx_word' id='word_1_458' title='bbox 400 4033 457 4071; x_wconf 92' lang='lat' dir='ltr'>uua</span> <span class='ocrx_word' id='word_1_459' title='bbox 483 4026 563 4091; x_wconf 89' lang='lat' dir='ltr'>parte</span> <span class='ocrx_word' id='word_1_460' title='bbox 584 4014 696 4090; x_wconf 91' lang='lat' dir='ltr'>optimo</span> <span class='ocrx_word' id='word_1_461' title='bbox 724 4015 851 4071; x_wconf 82' lang='lat' dir='ltr'>examine</span> <span class='ocrx_word' id='word_1_462' title='bbox 872 4015 1076 4079; x_wconf 86' lang='lat' dir='ltr'>obedientiam</span> <span class='ocrx_word' id='word_1_463' title='bbox 1097 4031 1216 4081; x_wconf 73' lang='lat' dir='ltr'>nostran</span> 
     </span>
     <span class='ocr_line' id='line_1_50' title="bbox 96 4089 1218 4173; baseline 0.005 -26"><span class='ocrx_word' id='word_1_464' title='bbox 96 4091 212 4169; x_wconf 86' lang='lat' dir='ltr'>probat,</span> <span class='ocrx_word' id='word_1_465' title='bbox 231 4090 282 4147; x_wconf 92' lang='lat' dir='ltr'>ubi</span> <span class='ocrx_word' id='word_1_466' title='bbox 301 4089 361 4149; x_wconf 87' lang='lat' dir='ltr'>eius</span> <span class='ocrx_word' id='word_1_467' title='bbox 380 4089 538 4162; x_wconf 83' lang='lat' dir='ltr'>ministros,</span> <span class='ocrx_word' id='word_1_468' title='bbox 558 4110 619 4148; x_wconf 91' lang='lat' dir='ltr'>non</span> <span class='ocrx_word' id='word_1_469' title='bbox 637 4110 719 4150; x_wconf 88' lang='lat' dir='ltr'>secus</span> <span class='ocrx_word' id='word_1_470' title='bbox 734 4100 821 4168; x_wconf 89' lang='lat' dir='ltr'>atque</span> <span class='ocrx_word' id='word_1_471' title='bbox 840 4090 943 4169; x_wconf 87' lang='lat' dir='ltr'>ipsum,</span> <span class='ocrx_word' id='word_1_472' title='bbox 964 4090 1128 4173; x_wconf 89' lang='lat' dir='ltr'>loquentes</span> <span class='ocrx_word' id='word_1_473' title='bbox 1147 4094 1218 4155; x_wconf 79' lang='lat' dir='ltr'>aad·</span> 
     </span>
     <span class='ocr_line' id='line_1_51' title="bbox 95 4165 1217 4251; baseline 0.006 -26"><span class='ocrx_word' id='word_1_474' title='bbox 95 4187 171 4225; x_wconf 85' lang='lat' dir='ltr'>mus:</span> <span class='ocrx_word' id='word_1_475' title='bbox 192 4184 226 4223; x_wconf 82' lang='lat' dir='ltr'>ex</span> <span class='ocrx_word' id='word_1_476' title='bbox 245 4165 383 4244; x_wconf 88' lang='lat' dir='ltr'>opposito</span> <span class='ocrx_word' id='word_1_477' title='bbox 404 4165 489 4225; x_wconf 90' lang='lat' dir='ltr'>etiam</span> <span class='ocrx_word' id='word_1_478' title='bbox 509 4178 626 4226; x_wconf 90' lang='lat' dir='ltr'>nostrae</span> <span class='ocrx_word' id='word_1_479' title='bbox 643 4166 802 4225; x_wconf 81' lang='lat' dir='ltr'>infirmitati</span> <span class='ocrx_word' id='word_1_480' title='bbox 816 4167 949 4241; x_wconf 89' lang='lat' dir='ltr'>consulit,</span> <span class='ocrx_word' id='word_1_481' title='bbox 970 4169 1042 4230; x_wconf 90' lang='lat' dir='ltr'>dum</span> <span class='ocrx_word' id='word_1_482' title='bbox 1059 4192 1117 4251; x_wconf 91' lang='lat' dir='ltr'>per</span> <span class='ocrx_word' id='word_1_483' title='bbox 1136 4172 1217 4232; x_wconf 83' lang='lat' dir='ltr'>intet-</span> 
     </span>
     <span class='ocr_line' id='line_1_52' title="bbox 94 4240 1216 4323; baseline 0.007 -22"><span class='ocrx_word' id='word_1_484' title='bbox 94 4255 191 4321; x_wconf 89' lang='lat' dir='ltr'>pretes</span> <span class='ocrx_word' id='word_1_485' title='bbox 211 4240 337 4301; x_wconf 88' lang='lat' dir='ltr'>bumano</span> <span class='ocrx_word' id='word_1_486' title='bbox 358 4260 440 4301; x_wconf 90' lang='lat' dir='ltr'>more</span> <span class='ocrx_word' id='word_1_487' title='bbox 460 4261 513 4303; x_wconf 84' lang='lat' dir='ltr'>nes</span> <span class='ocrx_word' id='word_1_488' title='bbox 533 4241 639 4303; x_wconf 82' lang='lat' dir='ltr'>mavult</span> <span class='ocrx_word' id='word_1_489' title='bbox 659 4242 781 4322; x_wconf 91' lang='lat' dir='ltr'>alloqui,</span> <span class='ocrx_word' id='word_1_490' title='bbox 811 4254 844 4301; x_wconf 88' lang='lat' dir='ltr'>ut</span> <span class='ocrx_word' id='word_1_491' title='bbox 863 4244 898 4303; x_wconf 88' lang='lat' dir='ltr'>ad</span> <span class='ocrx_word' id='word_1_492' title='bbox 922 4264 953 4303; x_wconf 93' lang='lat' dir='ltr'>se</span> <span class='ocrx_word' id='word_1_493' title='bbox 978 4245 1109 4323; x_wconf 89' lang='lat' dir='ltr'>alliciat,</span> <span class='ocrx_word' id='word_1_494' title='bbox 1161 4262 1216 4309; x_wconf 63' lang='lat' dir='ltr'>a!</span> 
     </span>
     <span class='ocr_line' id='line_1_53' title="bbox 94 4270 1216 4399; baseline 0.01 -21"><span class='ocrx_word' id='word_1_495' title='bbox 94 4318 226 4378; x_wconf 74' lang='lat' dir='ltr'>tonaamo</span> <span class='ocrx_word' id='word_1_496' title='bbox 247 4340 262 4377; x_wconf 91' lang='lat' dir='ltr'>a</span> <span class='ocrx_word' id='word_1_497' title='bbox 283 4338 314 4377; x_wconf 84' lang='lat' dir='ltr'>se</span> <span class='ocrx_word' id='word_1_498' title='bbox 332 4317 461 4399; x_wconf 84' lang='lat' dir='ltr'>abigere.</span> <span class='ocrx_word' id='word_1_499' title='bbox 505 4318 545 4381; x_wconf 87' lang='lat' dir='ltr'>Et</span> <span class='ocrx_word' id='word_1_500' title='bbox 568 4332 647 4381; x_wconf 86' lang='lat' dir='ltr'>certe</span> <span class='ocrx_word' id='word_1_501' title='bbox 667 4341 753 4399; x_wconf 90' lang='lat' dir='ltr'>quam</span> <span class='ocrx_word' id='word_1_502' title='bbox 778 4320 863 4381; x_wconf 90' lang='lat' dir='ltr'>nobis</span> <span class='ocrx_word' id='word_1_503' title='bbox 889 4321 1027 4399; x_wconf 80' lang='lat' dir='ltr'>expediat</span> <span class='ocrx_word' id='word_1_504' title='bbox 1048 4324 1124 4388; x_wconf 82' lang='lat' dir='ltr'>baec</span> <span class='ocrx_word' id='word_1_505' title='bbox 1140 4270 1216 4387; x_wconf 65' lang='lat' dir='ltr'>lad·</span> 
     </span>
    </p>
   </div>
   <div class='ocr_carea' id='block_1_7' title="bbox 0 0 1358 4732">
    <p class='ocr_par' dir='ltr' id='par_1_7' title="bbox 0 0 1358 4732">
     <span class='ocr_line' id='line_1_54' title="bbox 0 0 1358 4732; baseline 0 0"><span class='ocrx_word' id='word_1_506' title='bbox 0 0 1358 4732; x_wconf 95' lang='lat' dir='ltr'> </span> 
     </span>
    </p>
   </div>
  </div>
 </body>
</html>
