2700 4732
504 216 580 279 ttss.
601 217 656 277 lif.
697 216 785 280 Cdl‘.
806 216 886 279 ΧΠ.
1203 214 1259 289 'ae

125 359 267 443 quamdiu
290 359 426 435 visimus,
456 361 627 423 remissione
650 374 837 443 peccatorum
867 361 1016 444 indigere,
1045 382 1102 443 qua
1127 361 1258 427 defectus

126 457 252 518 operum
271 435 456 517 suppleatur,
478 438 530 498 sed
551 438 667 513 delicta,
695 460 770 519 quae
790 441 1028 515 committuntur,
1048 439 1187 519 operibus
1207 464 1256 501 sn-

125 514 362 595 pererogationis
406 514 599 592 compensari.
662 514 873 594 deceptanteru
915 516 992 575 enim
1029 536 1116 593 quarn
1151 529 1257 578 vocant

125 590 262 671 gratiam,
283 608 343 649 aon
364 586 449 648 aliam
470 608 532 649 esse
548 591 715 672 respondeo
736 614 822 671 quam
836 594 991 675 gratuitam
1012 590 1256 666 eiusbonitstem,

125 684 185 745 qua
204 686 264 725 nos
288 665 321 725 in
341 664 459 725 Cbristo
491 665 698 747 complectitur
722 669 823 727 Pater:
853 670 922 727 dum
953 668 1123 728 innocentia
1144 666 1255 731 Christi

126 762 182 803 nos
201 740 312 815 induit,
341 761 462 820 eamque
496 743 552 802 fert
580 742 667 804 nobis
687 764 754 805 acce
777 756 851 821 tam,
872 757 904 805 ut
935 744 994 805 eius
1026 743 1169 804 beneficio
1198 765 1252 824 pro

125 816 250 893 mactis,
271 817 351 898 puris
371 829 401 877 et
420 817 625 879 innocentibus
645 840 699 880 nos
720 766 835 881 babeat.
880 820 1022 881 Iustitiam
1043 820 1119 879 enirn
1142 820 1253 882 Christi

87 897 218 974 '·(quae
237 906 270 953 nt
289 914 346 953 una
360 895 491 986 perfecta
505 906 558 968 est,
576 895 616 954 ita
627 895 688 955 sola
699 896 758 955 Dei
769 910 958 976 conspectum
978 895 1120 957 sustinere
1141 898 1254 976 potest)

147 990 183 1030 ro
203 968 287 1030 nubis
305 970 367 1031 siste
388 982 522 1062 oportet,
546 992 581 1031 ac
606 971 714 1032 iudicio
740 974 953 1053 repraesentari
972 972 1052 1033 velut
1069 993 1253 1053 sponsorem.

156 1066 191 1107 ae
210 1066 265 1106 nos
284 1045 416 1107 instructi
442 1048 582 1107 assiduam
609 1059 797 1127 pcccatorum
816 1050 1019 1111 remissionem
1044 1048 1075 1108 iu
1096 1049 1151 1109 fide
1171 1048 1253 1110 obti-

124 1140 237 1183 nemus.
276 1121 369 1183 Huius
392 1123 519 1203 puritate
538 1123 649 1184 velatae
672 1136 791 1185 nostrae
814 1126 916 1185 sordes
940 1137 970 1186 et
997 1124 1252 1205 imperfectionem

124 1198 340 1273 immunditiae,
361 1220 421 1260 non
446 1199 642 1279 imputantur,
659 1201 711 1261 sed
730 1201 811 1261 velut
829 1202 960 1282 sepultae
980 1213 1194 1281 conteguntur,
1213 1222 1252 1263 ne

123 1272 156 1335 in
180 1274 317 1335 indicium
336 1275 393 1334 Dei
412 1275 544 1335 veniant:
575 1276 671 1337 donec
697 1275 768 1337 bora
798 1276 948 1353 adveniat,
979 1298 1035 1370 qua
1055 1277 1192 1338 confecto
1218 1278 1250 1339 in

124 1348 211 1412 nobis
231 1371 265 1412 ac
283 1350 370 1430 plane
389 1352 633 1412 exstinctoveteri
654 1351 783 1428 bomine,
803 1355 900 1415 :lisina
919 1355 1036 1415 bonitas
1056 1375 1110 1414 nos
1130 1354 1159 1413 in
1180 1354 1250 1415 bea-

123 1436 183 1487 tam
203 1430 303 1508 pa'eem
323 1449 389 1488 cum
410 1446 488 1487 noso
508 1429 601 1487 Adam
622 1428 758 1510 recipiet:
786 1430 836 1489 ubi
862 1431 938 1490 diens
957 1429 1080 1490 Domini
1101 1442 1250 1510 exspecte-

123 1524 206 1577 mus,
225 1525 284 1584 quo
305 1503 334 1563 in
353 1503 478 1585 gloriam
499 1504 634 1566 coelestis
653 1506 753 1589 regni,
772 1508 898 1588 receptis
917 1506 1095 1586 incorruptis
1116 1506 1251 1588 corpori-

120 1578 189 1657 bus,
207 1579 423 1641 transferamur.

198 1661 247 1721 13.
285 1658 368 1717 llaec
386 1657 410 1718 si
429 1677 496 1717 sera
520 1670 606 1732 sunt,
624 1657 718 1719 'nulla
745 1672 826 1720 certe
850 1673 949 1721 nostra
975 1677 1065 1740 opera
1092 1679 1145 1719 nos
1166 1678 1199 1716 ex
1218 1678 1250 1719 se

120 1732 191 1795 Deo
213 1746 352 1814 acceptos
380 1733 584 1817 gratioresque
613 1736 737 1797 reddere
781 1749 886 1798 neunt:
919 1757 953 1797 ae
977 1756 1015 1797 ne
1047 1738 1107 1869 ipps
1133 1734 1250 1814 quidem

122 1810 254 1892 placere,
275 1812 329 1870 nisi
348 1823 491 1891 quatenus
512 1812 617 1885 homo,
636 1813 744 1873 iustitia
793 1812 875 1873 bristi
896 1824 1031 1893 opertus,
1087 1830 1122 1870 ιο
1144 1811 1250 1891 placet,

122 1898 154 1947 et
173 1884 308 1946 vitiorum
328 1908 446 1946 suorum
468 1888 666 1947 remissionem
693 1888 818 1949 obtinet.
850 1891 916 1948 Non
943 1890 1021 1947 enim
1041 1887 1130 1947 certis
1149 1887 1249 1967 operi·

121 1962 177 2025 bus
196 1964 329 2043 promisit
348 1964 428 2025 Deua
452 1964 527 2023 sitae
552 1964 731 2026 mercedem:
760 1966 811 2025 sed
838 1977 949 2025 tantum
977 1963 1167 2045 pronuntiat,
1199 1961 1250 2043 qui

121 2039 227 2100 feeerit
245 2038 316 2101 baec
334 2040 477 2102 victurum
496 2039 603 2118 (Levis.
616 2047 664 2116 18,
675 2044 729 2119 5.),
747 2040 983 2101 maledictionem
1004 2040 1083 2100 illam
1103 2038 1250 2099 celebrem

120 2136 278 2197 opponens
298 2129 399 2177 contra
411 2137 513 2177 omnes
525 2136 584 2190 cos,
602 2116 651 2196 qui
672 2139 732 2178 non
754 2118 934 2199 perstiterint
952 2117 983 2177 in
999 2115 1144 2178 omnibus.
1172 2114 1250 2191 Qui-

120 2192 177 2255 bus
195 2191 311 2253 abunde
330 2192 473 2253 refellitur
493 2206 689 2254 commentum
717 2195 845 2275 partialis
871 2195 1010 2270 iustitiae,
1033 2193 1083 2253 ubi
1110 2213 1169 2253 non
1194 2192 1249 2252 alia

119 2268 229 2329 iustitia
248 2268 410 2330 admittitur
427 2269 458 2328 in
472 2269 561 2330 coelis
581 2291 667 2349 quam
686 2270 799 2354 integra
812 2272 897 2353 Legis
924 2269 1098 2332 observatio.
1144 2268 1249 2349 Neque

119 2365 193 2407 uero
212 2344 332 2406 solidius
360 2358 404 2406 est
427 2345 506 2426 quod
531 2348 642 2427 garrire
666 2347 764 2408 solent
783 2348 819 2407 de
838 2347 1007 2409 sufficienda
1026 2366 1249 2427 persuperero·

141 2422 248 2484 ationis
267 2442 357 2502 opera
376 2423 624 2502 compensatione.
664 2424 745 2500 Quid
766 2423 863 2484 enim?
887 2444 988 2484 annon
1009 2442 1045 2483 eo
1065 2432 1180 2503 semper
1200 2442 1248 2481 re-

142 2510 230 2574 eunt,
257 2499 335 2558 unde
361 2498 417 2557 iarn
442 2511 509 2558 suut
534 2498 657 2561 exclusi?
689 2521 756 2561 eum
781 2501 830 2594 qni
851 2521 884 2560 ex
904 2513 986 2581 parte
1006 2500 1117 2593 Legem
1142 2508 1248 2573 servat,

120 2586 243 2638 eatenus
262 2575 367 2636 iustum
388 2574 525 2655 operibus
545 2575 626 2636 esse?
676 2578 768 2652 Quod
788 2579 845 2638 silis
865 2578 1034 2641 nemosani
1054 2575 1153 2635 rrsdicii
1175 2596 1248 2635 ton-

119 2655 259 2725 eesserit,
285 2651 369 2711 nimis
394 2651 577 2729 impudenter
597 2671 651 2732 pro
672 2654 808 2715 confesso
834 2664 991 2716 assumunt.
1042 2651 1145 2712 Toties
1164 2649 1247 2710 testi-

121 2728 378 2790 ficaturllominus
397 2726 505 2786 nullane
525 2748 556 2787 se
575 2750 734 2809 agnoscere
747 2752 868 2810 opernm
890 2730 1036 2805 iustitiam,
1056 2727 1112 2786 nisi
1132 2728 1160 2785 in
1181 2746 1248 2806 per·

123 2805 201 2864 fecta
215 2804 300 2885 Legis
318 2825 385 2864 suae
406 2805 622 2863 observatione.
663 2807 747 2880 Quae
769 2819 811 2866 est
832 2805 1012 2886 improbitas,
1032 2825 1119 2884 quum
1141 2822 1173 2860 ea
1195 2801 1248 2860 de·

121 2879 270 2954 ficiamur,
300 2901 337 2941 ne
356 2880 505 2942 videamur
523 2881 604 2940 omni
623 2881 716 2964 gloria
736 2882 865 2962 spoliati,
898 2882 954 2941 boe
974 2890 1018 2941 est
1036 2900 1154 2960 prorsus
1178 2877 1247 2938 Deo

122 2956 257 3029 cessisse,
277 2960 375 3017 neseio
395 2957 499 3034 quibus
524 2979 681 3036 paucorum
703 2978 824 3049 operum
845 2956 973 3019 frustulis
993 2976 1047 3017 nos
1066 2956 1187 3028 iactare,
1217 2962 1249 3013 et

122 3032 203 3115 quod
224 3032 320 3108 deest,
345 3033 487 3092 redimere
512 3054 564 3110 per
583 3033 651 3094 alias
676 3034 885 3096 satisfactiones
906 3031 1026 3093 conari?
1065 3029 1247 3091 Satisfactio-

121 3130 174 3170 nes
200 3111 254 3169 iam
279 3122 415 3192 potenter
435 3109 547 3169 dirutae
567 3132 652 3189 supra
673 3110 807 3185 fuerunt,
836 3122 867 3170 ut
888 3129 924 3170 ne
946 3130 998 3190 per
1016 3107 1161 3170 somnium
1182 3106 1246 3187 qui-

121 3189 188 3246 deru
208 3186 306 3245 venire
327 3186 411 3244 nobis
431 3185 460 3244 in
483 3198 608 3245 mentem
630 3187 764 3247 debeant.
809 3187 936 3246 Tantum
957 3184 1041 3259 dico,
1066 3204 1116 3244 eos
1136 3182 1185 3263 qui
1205 3184 1246 3242 sic

120 3262 285 3343 ineptiunt,
310 3263 427 3321 mininie
448 3274 582 3341 reputare
607 3285 692 3341 quam
717 3284 762 3323 res
787 3264 825 3324 sit
845 3284 942 3323 coram
963 3263 1030 3321 Deo
1056 3257 1247 3333 exsecrabilis,

121 3350 288 3431 peccatum:
318 3338 516 3418 intelligerent
541 3340 617 3397 enirn
643 3339 793 3418 profecto,
819 3352 909 3398 totam
935 3338 1085 3397 bominum
1110 3337 1246 3396 iustitiam

121 3438 151 3475 sn
172 3437 262 3479 unum
284 3414 429 3475 consulunt
450 3427 593 3486 coactam,
618 3416 701 3475 unius
727 3416 958 3495 compensationi
984 3434 1082 3494 parem
1102 3432 1163 3473 esse
1184 3431 1246 3470 non

143 3511 217 3553 osse.
258 3492 394 3551 Videmus
415 3511 538 3569 nasisque
560 3491 705 3551 bominem
725 3513 785 3552 uno
798 3491 905 3551 delicto
926 3491 966 3551 sic
986 3490 1081 3551 allen
1102 3488 1246 3548 abiectum

119 3515 210 3627 inisse
231 3581 261 3628 et
280 3568 460 3639 abdicatum,
486 3580 517 3625 ut
543 3567 626 3626 simul
652 3588 768 3629 omnem
794 3568 1008 3659 recuperandae
1032 3565 1130 3626 salutis
1156 3563 1246 3622 ratio-

120 3665 190 3703 nem
213 3644 379 3723 perdiderit.
426 3642 546 3702 Sublata
568 3655 609 3702 est
629 3644 716 3724 igitur
740 3644 942 3704 satisfactionis
963 3642 1097 3711 facultas,
1122 3661 1177 3719 qua
1197 3636 1248 3717 qui

121 3720 178 3779 sibi
199 3721 396 3792 blandiuntur,
416 3740 562 3797 nunquam
584 3731 663 3778 certe
684 3721 749 3779 lleo
768 3720 957 3781 satisfacient:
979 3719 1024 3779 cui
1044 3715 1114 3776 nibil
1134 3725 1248 3797 gratum

121 3809 309 3875 acceptumve
322 3796 465 3874 est,quod
485 3796 520 3853 ab
541 3795 663 3855 inimicis
681 3797 739 3855 suis
757 3796 920 3887 profectum
940 3795 986 3855 sit.
1024 3791 1137 3853 Inimici
1159 3808 1249 3871 porro

122 3886 192 3933 serrat
205 3894 315 3947 onustes,
336 3873 439 3951 quibus
461 3873 601 3951 imputare
622 3884 736 3951 peecata
757 3873 889 3933 instituit.
928 3872 1021 3930 'fecta
1042 3869 1131 3951 igitur
1151 3878 1180 3925 el
1200 3886 1247 3925 rc-

124 3950 209 4009 missa
237 3963 356 4029 peccata
386 3948 472 4009 nobis
503 3960 569 4007 ante
590 3961 719 4028 oportet,
740 3971 824 4028 quarn
852 3950 887 4008 ad
913 3947 1002 4008 ullum
1023 3967 1096 4027 opus
1116 3955 1248 4002 nostrum

123 4026 270 4085 Dominus
295 4026 440 4104 respiciat.
488 4025 529 4081 Ex
555 4045 614 4103 quo
639 4026 769 4105 sequitur
792 4027 947 4106 gratuitam
974 4042 1035 4083 esse
1060 4030 1248 4101 peccatorum

124 4102 339 4162 sesrsissiouens:
372 4122 456 4179 quum
478 4101 618 4159 scelerate
639 4101 855 4181 blasphemant,
875 4104 923 4181 qui
948 4098 1157 4159 satisfactiones
1177 4094 1248 4152 ullas

124 4179 272 4259 ingerunt,
311 4180 371 4238 Nos
384 4200 465 4257 ergo,
486 4178 617 4256 exemplu
632 4178 777 4257 Apostoli,
796 4199 870 4257 quae
892 4186 969 4241 retro
990 4186 1057 4235 sunt
1077 4172 1251 4258 obliviscen-

125 4267 180 4327 tes,
201 4254 236 4313 ad
257 4277 289 4315 cs
311 4268 406 4313 autem
428 4266 583 4333 pergentes
596 4276 669 4331 quiae
689 4267 756 4314 ante
776 4275 830 4313 nos
850 4266 927 4324 suut,
947 4272 1093 4311 curramus
1114 4249 1143 4306 iu
1156 4246 1249 4304 stadio

126 4343 241 4404 nostro,
261 4332 415 4391 tendentes
435 4332 469 4390 ad
490 4330 615 4409 pulutaut
635 4322 1252 4413 supernaesuessionis(enitescetis)-
