2700 4732
513 214 591 276 ers.
611 166 667 277 rs.
707 201 797 293 cae.
816 215 852 277 x.
1117 287 1120 297 ⁴
1199 227 1256 291 mc

106 370 269 443 praecepto
295 359 354 420 Dei
380 370 534 435 tenemur,
567 360 646 440 quod
675 362 897 444 magistratuum
926 365 1131 426 auctoritatem
1164 367 1252 430 uobis

108 437 305 500 commendat
345 438 443 516 Atque
463 437 493 496 in
514 437 578 498 hoe
592 437 711 497 cardine
730 450 862 499 versatur
872 437 957 499 Pauli
976 440 1133 522 disputatio
1144 440 1250 522 (Rom.

79 577 89 591 ,
107 522 160 589 13,
179 516 233 589 1.)‚
252 514 456 595 Magistratus,
477 515 616 593 quoniam
638 535 654 574 a
673 515 741 575 Deo
761 516 820 575 sint
840 515 984 589 ordinati,
1009 517 1125 578 bonore
1144 541 1250 599 prose.

108 591 243 672 quendos
265 611 335 650 esse.
381 592 499 651 Interea
520 592 639 651 minime
661 591 767 666 docet,
787 613 862 672 quae
882 592 919 653 ab
939 592 996 655 illis
1014 593 1185 656 scribuntur
1204 597 1249 658 le-

107 690 171 751 ges,
191 669 228 727 ad
247 669 417 727 interiorem
440 670 555 726 animae
573 668 820 749 gubernationem
842 671 1006 750 pertinere:
1027 692 1117 751 quum
1138 673 1188 734 ubi
1211 696 1248 735 ue

108 758 140 806 et
160 745 216 803 llei
237 744 346 805 cultum
367 757 398 804 et
416 744 598 824 spiritualem
619 745 695 804 iuste
713 745 831 805 vivendi
851 746 981 828 regulam
1000 770 1087 828 supra
1100 697 1251 828 quaelibet

107 822 262 881 bominum
293 821 398 900 placita
430 820 560 897 extollat,
582 886 585 895 ¹
611 821 746 881 Alterum
773 843 897 902 quoque
925 835 1028 884 notatu
1057 825 1250 907 dignumest

106 898 205 979 (quod
227 909 322 958 tamen
344 918 377 957 ex
398 896 599 978 superioribus
611 897 747 977 pendet),
767 897 847 981 leges
868 898 1022 976 humanas,
1040 902 1099 963 sire
1120 923 1135 963 a
1156 904 1249 999 magi-

106 975 294 1048 stratu,.sive
313 973 350 1034 ab
372 975 494 1035 ecclesia
516 975 657 1044 ferantur,
676 976 792 1037 tametsi
809 976 870 1037 sint
890 976 1248 1042 observatu'necessanae

107 1052 161 1129 (de
181 1050 282 1129 probis
304 1064 334 1110 et
352 1051 435 1113 iustis
454 1049 483 1112 lo
527 1054 595 1128 or),
624 1051 693 1112 ideo
712 1063 809 1112 tamen
842 1072 903 1112 nou
929 1052 1101 1135 ligareper
1124 1076 1156 1117 se
1176 1080 1250 1118 con·

107 1127 277 1202 seientiam,
303 1131 368 1208 quia
389 1140 453 1188 tota
473 1150 491 1189 o
515 1129 651 1203 servandi
670 1130 827 1190 necessitas
847 1129 883 1188 ad
904 1130 1074 1209 generalem
1092 1131 1181 1192 tinem
1200 1154 1250 1196 re·

105 1205 211 1287 spicit,
241 1225 303 1264 non
329 1217 425 1266 autem
451 1204 585 1275 consistit
608 1205 647 1268 in.
664 1205 753 1266 rebus
773 1211 945 1285 praeceptis.
995 1206 1043 1279 Ab
1064 1203 1122 1279 boe
1143 1211 1249 1273 ordine

107 1281 215 1363 procul
235 1282 354 1357 distant,
373 1302 448 1361 quae
469 1294 499 1341 et
517 1302 624 1342 novam
644 1280 768 1343 sormam
783 1282 987 1362 praescribunt
1000 1283 1119 1347 colendi
1131 1287 1201 1366 Dei,
1220 1300 1251 1351 et

106 1358 311 1421 necessitatem
333 1359 516 1418 constituunt
536 1359 566 1418 in
588 1359 675 1420 rebus
695 1359 805 1419 liberis.

186 1440 214 1498 6.
252 1433 339 1495 Tales
360 1448 457 1494 autem
482 1447 551 1496 sunt
571 1457 646 1515 quae
672 1435 762 1497 hodie
782 1446 924 1498 vocantur
944 1436 1155 1500 ecclesiastieae
1176 1462 1251 1503 con·
1285 1434 1289 1449 ¹

106 1512 277 1573 stitutiones
290 1512 327 1570 in
347 1511 476 1590 Papatu,
503 1532 578 1590 quae
603 1533 748 1592 provere
774 1535 807 1573 ac
832 1513 997 1574 necessario
1017 1514 1075 1574 Dei
1101 1515 1181 1577 cultu
1201 1518 1250 1578 in-

130 1600 263 1647 eruntur.
301 1589 400 1668 Atque
420 1601 454 1648 ut
472 1601 541 1648 suut
560 1588 741 1662 innumerae,
761 1591 800 1650 ita
819 1589 934 1650 infinita
952 1601 1021 1650 sunt
1039 1590 1075 1650 ad
1093 1595 1250 1673 captandas

105 1606 367 1744 filaqueandasque
389 1664 502 1724 animae
522 1665 645 1725 vincula.
695 1667 757 1726 Etsi
776 1679 874 1727 autem
898 1667 928 1725 in
948 1667 1042 1749 ¹Legis
1067 1671 1250 1748 expositione

71 1750 77 1757 '
108 1741 249 1803 nonnihil
270 1745 417 1824 attigimus
437 1742 505 1819 (lib.
518 1749 545 1805 3.
567 1764 631 1822 cap.
652 1749 680 1806 4.
702 1755 732 1801 et
751 1746 804 1819 5.),
846 1742 892 1809 uia
912 1754 1008 1803 umen
1029 1743 1122 1805 iustae
1143 1758 1250 1809 tracta·

108 1819 192 1880 tioni¹
206 1818 252 1877 lric
264 1821 465 1898 opportunior
485 1831 547 1877 erat
568 1818 660 1896 locus,
680 1841 759 1880 nunc
779 1765 904 1881 studebo
925 1831 1016 1880 totam
1036 1841 1176 1882 summam
1190 1845 1250 1903 quo

108 1907 219 1990 potero
241 1896 355 1985 optimo
377 1895 482 1955 ordine
503 1895 572 1955 colli
596 1917 655 1956 ere.
694 1897 734 1956 Et
754 1897 820 1976 quia
842 1897 878 1956 de
899 1895 1067 1977 tyrannide,
1086 1919 1172 1977 quam
1193 1899 1250 1960 sibi

107 1995 143 2034 an
163 1971 281 2032 licentra
302 1972 429 2033 docendi
450 1916 594 2052 quicquid
611 1973 733 2034 libuerit
752 1984 892 2055 arrogant
911 1972 1173 2054 pseudoepiscopi,
1194 1982 1251 2036 nu·

131 2069 164 2109 er
185 2048 368 2110 disseruimus
389 2060 529 2127 quantum
550 2049 617 2110 satis
638 2071 699 2111 esse
718 2049 874 2110 videbatur
892 2055 965 2129 (cap.
985 2054 1014 2114 8.
1034 2063 1064 2110 et
1082 2052 1137 2127 9.)‚
1155 2065 1249 2113 totam

106 2126 194 2187 illam·
208 2139 321 2204 partem
342 2130 489 2186 omittam:
511 2128 540 2185 in
554 2126 722 2207 explicanda
741 2138 853 2187 tantum
869 2147 954 2206 quam
974 2146 1005 2185 se
1024 2125 1134 2187 babere
1149 2128 1252 2191 dieunt

106 2203 207 2285 legum
229 2203 416 2263 ferendarum
436 2215 595 2293 potestate,
615 2203 661 2263 laic
682 2204 870 2263 immorabor.
889 2237 926 2249 -
966 2202 1034 2262 Hoc
1055 2205 1145 2285 igitur
1165 2227 1251 2285 prae·
1335 2237 1342 2251 .

107 2292 192 2341 textu
205 2279 449 2370 pseudoepiscopi
471 2280 564 2340 nostri
578 2280 771 2340 conscientias
784 2281 867 2341 novis
887 2278 1001 2361 legibus
1013 2294 1150 2356 onerant,
1170 2283 1251 2362 quod

106 2358 171 2419 sint
190 2355 354 2437 spirituales
376 2355 557 2437 legislatores
576 2379 591 2416 a
614 2356 746 2418 Domino
767 2357 935 2428 constituti,
956 2374 989 2415 ex
1031 2376 1070 2416 uo
1091 2357 1148 2419 illis
1168 2380 1250 2421 eorn-

107 2435 196 2494 missa
221 2444 265 2493 est
289 2433 428 2493 ecelesiae
457 2433 645 2514 gubernatio.
695 2435 800 2513 Itaque
820 2432 960 2513 quicquid
984 2378 1089 2493 iubent
1108 2455 1142 2494 ac
1163 2457 1250 2515 prae-

108 2510 258 2584 scribunt,
289 2509 317 2569 id
349 2510 514 2570 necessario
548 2510 761 2571 observandum
795 2530 857 2571 esse
882 2508 1106 2570 contendunta
1138 2514 1249 2593 populo

110 2587 296 2649 Christiano:
322 2589 372 2666 qui
391 2587 562 2661 violaverit,
588 2608 654 2665 eum
683 2587 805 2667 duplicis
830 2586 1050 2647 inobedientiae
1074 2609 1155 2647 reum
1177 2611 1251 2667 esse,

109 2665 191 2745 quod
211 2664 279 2724 Deo
306 2676 336 2722 et
362 2663 502 2723 ecclesiae
527 2665 564 2724 sit
589 2664 717 2724 rebellis.
764 2663 842 2723 Sane
866 2664 889 2722 si
909 2664 971 2723 veri
991 2663 1122 2742 episcopi
1143 2680 1250 2758 essent²

110 2740 220 2819 aliquid
241 2741 281 2801 eis
306 2741 335 2800 in
363 2740 414 2800 bac
441 2754 525 2818 parte
545 2741 726 2802 auctoritatis
746 2740 922 2811 tribuerem,
949 2759 1010 2798 non
1032 2752 1173 2817 quantum
1193 2744 1250 2804 siba

110 2815 277 2898 postulant,
300 2818 351 2878 sed
372 2831 512 2897 quantum
539 2818 574 2876 ad
600 2818 730 2897 politiam
752 2815 892 2876 ecclesiae
913 2817 968 2874 rite
988 2816 1181 2876 ordinandam
1202 2840 1251 2878 re·

111 2892 252 2975 quiritur:
278 2916 356 2955 nuuc
378 2916 467 2972 quum
495 2894 566 2952 nibil
594 2895 689 2953 minus
717 2895 775 2952 sint
795 2913 879 2981 quam
901 2892 981 2971 quod
1007 2890 1109 2951 baberi
1135 2894 1249 2970 volunt,

108 2990 176 3032 non
207 2984 330 3049 possunt
360 2971 508 3030 tantillum
533 2970 591 3032 sibi
622 2989 738 3030 sumere
759 2991 828 3047 qum
855 2969 974 3028 modum
1001 2968 1149 3028 excedant.
1188 2972 1249 3033 Sed

109 3047 181 3129 quia
201 3045 259 3106 boc
272 3068 390 3128 quoque
410 3048 479 3106 alibi
499 3048 588 3106 visum
609 3059 662 3121 est,
683 3047 784 3105 demus
804 3045 893 3104 eisin
915 3045 1090 3125 praesentia,
1111 3048 1251 3127 quicquid

109 3126 266 3207 potestatis
293 3124 402 3184 habent
422 3125 482 3182 veri
511 3124 656 3204 episcopi,
687 3122 716 3181 id
742 3123 805 3180 iure
832 3122 861 3180 in
883 3141 934 3181 eos
955 3133 1138 3201 competere:
1170 3145 1248 3208 nego

103 3200 211 3264 'tamen
232 3213 389 3294 propterea
411 3200 590 3281 legislatores
612 3221 673 3260 esse
692 3197 827 3258 fidelibus
848 3197 1015 3277 impositos,
1036 3203 1084 3277 qui
1106 3204 1250 3279 praescri·

109 3278 185 3339 bere
205 3298 220 3336 a
238 3298 270 3337 se
290 3281 359 3357 apsis
380 3281 494 3357 possint
514 3277 627 3337 vivendi
648 3297 680 3335 re
703 3275 795 3346 ulam,
815 3274 861 3334 vel
880 3277 916 3334 ad
935 3296 986 3335 sua
1006 3274 1110 3354 placita
1132 3277 1248 3356 plebem

109 3354 168 3415 sibi
188 3356 370 3414 commissam
393 3355 520 3436 adigere.
573 3353 673 3428 Quum
715 3374 751 3411 oc
772 3353 854 3425 dico,
880 3351 1013 3433 intelligo
1041 3351 1266 3431 ipsis-minime,

110 3430 214 3505 licere,
234 3432 314 3510 quod
334 3432 389 3511 ipsi
410 3453 425 3490 a
445 3452 476 3491 se
496 3431 606 3510 absque
625 3431 684 3489 Dei
709 3428 800 3488 verbo
833 3429 1079 3509 excogitaverint,
1110 3430 1250 3490 ecclesiae

110 3506 328 3568 observandum
349 3529 403 3586 pro
432 3507 595 3567 necessario
620 3506 769 3565 mandare.
812 3504 848 3564 Id
875 3505 918 3564 ius
939 3526 1027 3585 quum
1049 3516 1078 3564 et
1097 3506 1249 3583 Apostolis

109 3583 204 3643 fuerit
222 3583 423 3665 incognitum,
449 3596 479 3644 et
504 3585 592 3643 toties
613 3582 751 3643 ecelesiae
776 3581 913 3641 ministris
934 3601 987 3640 ore
1006 3581 1128 3641 Domini
1148 3584 1249 3642 adem-

110 3670 212 3739 ptum:
245 3661 338 3720 miror
364 3662 481 3751 quinam
503 3674 619 3752 praeter
638 3657 849 3739 Apostolorum
876 3656 1056 3736 exemplum,
1089 3671 1118 3716 et
1145 3671 1249 3721 eontra

109 3736 296 3796 manifestam
317 3737 375 3795 Der
395 3738 627 3818 prohibitionem
647 3736 777 3817 arripere
798 3733 858 3794 ausi
878 3733 1004 3809 luerint,
1035 3745 1067 3794 et
1087 3733 1175 3794 bodie
1196 3736 1257 3796 de-.

109 3811 235 3873 sendere
255 3815 392 3872 audeant.

190 3895 218 3954 ‘t'-
258 3890 350 3964 Quod
371 3891 406 3950 ad
427 3891 588 3971 perlectam
615 3888 693 3947 bene
712 3886 829 3946 vivendi
854 3885 984 3969 regulam
1010 3886 1194 4022 pertinebat,
1218 3887 1248 3948 id

107 3975 209 4026 totum
230 3966 270 4026 sic
290 3987 354 4026 eom
379 3967 456 4028 lexua
478 3979 521 4025 est
539 3966 686 4025 Dominus
706 3965 788 4043 Lege
813 3985 881 4038 sua,
914 3976 947 4023 ut
978 3964 1006 4022 ni
1029 3961 1049 4022 il
1081 3963 1249 4024 bominibus

107 4041 267 4121 reliquerit
287 3990 376 4122 quod
387 4046 422 4104 arl
443 4063 582 4102 summam
603 4042 681 4101 illam
702 4043 853 4101 adderent.
893 4040 986 4119 quue
1007 4059 1043 4100 eo
1064 4040 1166 4100 effecit
1186 4040 1248 4119 pri-

109 4140 211 4197 mum,
243 4131 291 4192 ut,
325 4122 390 4199 quia
418 4132 481 4180 tota
501 4119 614 4178 vivendi
635 4118 782 4189 rectitudo
803 4117 834 4176 in
864 4118 920 4179 hoe
939 4118 994 4177 sita
1015 4128 1074 4190 est,
1105 4117 1129 4176 si
1146 4110 1249 4178 'omnia

109 4206 214 4255 nostra
234 4215 325 4288 opera
346 4198 383 4256 ad
405 4197 466 4257 eius
485 4196 668 4272 voluntatem
687 4198 841 4273 (tanquam
861 4194 896 4253 ad
917 4199 1064 4261 normam)
1085 4192 1248 4271 erigantur,

109 4270 219 4332 unicus
237 4285 312 4333 vitae
332 4274 471 4355 magister
489 4294 522 4334 ae
542 4273 672 4333 director
692 4292 710 4339 a
729 4271 814 4332 nobis
834 4270 1007 4331 baberetur:
1027 4267 1132 4329 deinde
1152 4279 1186 4328 ut
1203 4279 1249 4328 te-

109 4357 221 4411 statum
240 4348 368 4428 faceret,
398 4369 431 4414 se
450 4371 467 4413 a
486 4348 575 4413 nobis
593 4348 667 4410 nibil
685 4348 778 4433 magis
797 4347 967 4429 requirere,
995 4364 1081 4427 quam
1105 4343 1249 4407 obedien·

876 4423 948 4491 19*
1047 4475 1050 4484 .
