2700 4732
352 236 362 256 ,
514 203 665 265 umus.
704 202 850 269 caux.
1133 170 1141 189 ’
1196 171 1256 276 ms

116 359 223 434 magna
239 346 375 426 mysteria
394 345 713 411 voluntRomauenres
732 350 881 432 magirtri:
901 370 956 412 nos
975 350 1047 412 nihil
1066 373 1153 433 quam
1173 371 1253 416 mera

117 414 240 481 ludibria
261 424 432 502 experimur.
482 425 545 485 Nec
574 426 679 486 mirum
705 439 750 488 est
781 447 881 488 earum
907 439 1042 490 auctores
1062 448 1099 489 eo
1120 428 1182 489 dela
1205 450 1253 490 sos

116 512 190 585 esse,
208 509 241 556 ut
261 498 370 561 frivolis
390 501 438 560 ine
461 501 508 562 tiis
526 521 558 562 se
579 514 609 563 et
629 503 702 564 alios
723 503 878 565 luderent:
901 504 968 584 quia
988 505 1093 600 partim
1114 527 1147 565 ex
1199 526 1251 566 en·

115 573 318 665 trumdeliriis
340 523 485 658 exemplar
508 578 565 638 sibi
585 593 790 659 sumpserunt,
810 583 914 661 partim
934 583 1186 656 simrarummore
1205 593 1251 642 te-

115 664 197 707 mere
224 652 327 713 imitati
349 666 417 714 suut
437 667 550 715 veteres
571 657 717 717 Mosaicae
737 658 826 751 Legis
854 659 942 734 ritus,
977 662 1027 751 qui
1046 657 1139 720 nihilo
1160 659 1251 753 magis

114 723 153 782 ad
172 746 225 786 uos
244 730 434 819 pertinebant
454 753 539 811 quam
565 734 710 811 pecudum
732 735 865 797 victumae
886 746 916 796 et
944 735 1055 816 reliqua
1075 734 1119 796 his
1137 737 1250 797 similia.

114 796 193 862 Sane
219 807 329 866 etiamsi
358 806 471 868 nullum
490 808 582 869 -aliud
608 809 645 870 sit
669 824 892 892 argumentum,
922 824 1020 872 tameu
1047 832 1080 871 ex
1103 812 1251 894 farragine

113 883 173 936 tam
194 881 268 940 male
288 896 410 944 consuta
429 906 517 945 nemo
539 907 624 947 sanus
643 886 753 966 aliquid
774 888 847 949 boni
866 888 1005 968 sperabit.
1056 888 1095 948 Et
1114 909 1161 950 res
1187 898 1249 970 ipsa

111 953 206 1044 palam
227 957 423 1035 demonstrat,
454 962 591 1040 plurimas
618 965 800 1026 ceremonias
820 986 882 1027 non
912 963 999 1025 alium
1024 964 1134 1026 babere
1154 989 1250 1043 usum,

112 1034 173 1122 ⁰3⁵5.
186 1045 220 1124 ut
239 1036 382 1124 populum
404 1038 640 1119 obstupefaciant
659 1042 749 1121 magis
763 1062 849 1121 quam
868 1041 1010 1102 doceant:
1031 1043 1072 1105 sle
1094 1045 1171 1103 etin
1193 1064 1250 1104 uo·
1288 1068 1295 1081 *

111 1119 188 1167 vitris
206 1123 267 1171 rstrs
289 1112 478 1189 Canonibus,
505 1116 554 1196 qui
574 1117 756 1197 disciplinam
783 1120 933 1180 invertunt
957 1119 1048 1201 magis
1068 1140 1155 1199 quam
1176 1129 1251 1181 cbo·

110 1196 240 1276 terqant,
258 1189 381 1250 multum
401 1193 545 1253 momenti
564 1205 715 1273 reponunt
734 1194 751 1252 h
774 1195 920 1275 pocritae:
940 1196 963 1256 si
984 1196 1049 1289 quis
1067 1197 1160 1257 intros
1183 1197 1252 1258 iciat

101 1261 225 1402 ⁸melque,
244 1268 372 1348 reperiet
391 1269 465 1329 nibil
477 1291 539 1331 esse
559 1284 678 1352 praeter
697 1216 853 1334 umbratile
870 1284 900 1335 et
910 1273 1067 1334 evrardum
1078 1219 1250 1356 discipliuae

114 1360 179 1422 pec
194 1364 267 1404 rum.

115 1496 132 1512 ·
187 1426 234 1487 13.
267 1425 335 1517 'lam
354 1447 426 1487 vero
452 1428 502 1506 (ut
521 1426 557 1487 ad
578 1426 700 1490 alterum
721 1429 848 1505 veniam)
876 1431 940 1510 quis
965 1449 1027 1489 nou
1051 1427 1132 1489 sidet
1154 1427 1248 1488 tradi-

89 1506 218 1573 nones,
237 1500 305 1563 alias
325 1503 388 1565 aliis
408 1505 626 1579 coacervando,
645 1507 677 1566 in
704 1518 817 1568 tantum
837 1526 991 1566 numerum
1012 1504 1186 1580 excrevisse,
1215 1516 1249 1566 ut

89 1570 296 1870 ὴίῖἶε
327 1582 466 1643 ecclesiae
497 1582 579 1642 nullo
613 1583 703 1644 modo
728 1584 788 1646 sint
810 1582 1001 1645 tolerabiles?
1040 1584 1118 1644 Hinc
1137 1583 1248 1643 sactum

163 1662 166 1667 '
195 1665 209 1714 t
227 1677 257 1713 ιιι
279 1660 453 1720 ceremoniis
478 1672 619 1752 appapeat
637 1661 800 1723 Iudaismus
820 1661 919 1735 nescio
940 1660 1021 1741 quis,
1048 1658 1123 1720 aliae
1143 1659 1248 1720 obser-

229 1753 378 1814 sgravem
398 1737 452 1815 piis
477 1759 579 1812 animis
600 1738 796 1798 carnificinam
820 1738 953 1799 asserant.
999 1736 1248 1817 Conquerebatur

278 1832 290 1870 s
310 1814 371 1893 (ep.
392 1816 485 1891 119.),
506 1814 585 1895 quod
605 1836 659 1876 suo
679 1827 815 1896 tempore
835 1814 975 1896 neglectis
994 1813 1057 1873 Dei
1073 1815 1248 1894 praeceptis,

274 1891 593 1975 qpracsumptionibus
613 1892 698 1972 plena
719 1904 817 1953 esseut
837 1893 945 1965 omnia,
963 1902 998 1952 ut
1015 1890 1135 1985 gravius
1153 1891 1248 1951 corri-

262 1965 328 2050 &ui
353 1988 408 2046 per
428 1980 544 2029 octavas
564 1991 627 2030 suas
646 1981 755 2031 terram
775 1968 856 2029 nudo
876 1969 953 2050 pede
977 1968 1132 2049 tetigerat,
1161 1988 1247 2048 quam

239 2033 306 2127 ’.ἧι
318 2044 482 2105 vinulentia
495 2045 661 2124 sepelierat.
701 2044 949 2126 conquerebatur
968 2044 1136 2120 ecclesiam,
1161 2066 1248 2124 quam

268 2115 394 2196 &cedia
423 2122 546 2181 liberam
571 2142 634 2183 esse
663 2122 774 2201 voluit,
804 2123 846 2183 sic
875 2122 970 2204 premi
998 2134 1032 2182 ut
1061 2119 1248 2183 tolerabilior

212 2195 310 2286 θῇ
326 2196 405 2286 ὸζ’,ι-ιι
437 2199 580 2259 conditio.
630 2199 663 2260 Si
693 2199 723 2260 in
754 2199 902 2270 saeculum
931 2209 1065 2260 nostrum
1097 2198 1247 2261 incidisset

179 2249 337 2377 gabei-0830
352 2270 382 2355 ᾖ
409 2277 514 2355 quibus
535 2275 661 2357 querelis
681 2276 863 2357 deplorasset
881 2297 963 2353 eam,
994 2296 1067 2357 quae
1092 2297 1172 2337 nunc
1192 2287 1247 2351 est,

200 2358 207 2376 ’
246 2357 400 2508 idai?
421 2365 609 2490 iiiiii?
616 2365 674 2491 tt
684 2354 787 2491 iiii?
788 2353 952 2491 ¹⁰1l³l⁰issr
966 2352 1136 2492 {idigllr
1148 2352 1248 2491 {tlt

202 2541 228 2564 ..
310 2453 491 2587 ‚egislalbrcs
510 2450 872 2588 imperiumgoccuparnnt,
891 2505 1004 2568 nullum
1024 2507 1112 2568 finem
1124 2504 1246 2566 iubendi

95 2606 132 2651 er
170 2579 278 2643 ·etandi
309 2579 437 2660 sariunt,
466 2584 562 2646 donec
592 2585 628 2645 ad
661 2597 820 2645 extremum
852 2583 1032 2645 morositatis
1063 2585 1244 2663 perveniant.

98 2662 200 2744 Quod
227 2655 334 2720 Paulus
360 2661 445 2721 etiam
476 2662 629 2743 eleganter
655 2663 798 2722 indicavit
826 2661 869 2721 bis
896 2660 992 2722 verbis
1012 2661 1096 2740 (Col.
1116 2666 1145 2733 2,
1164 2661 1244 2734 20.)r

101 2745 161 2822 „si
189 2735 299 2798 mortui
324 2738 392 2798 estis
416 2739 546 2811 mundo,
578 2739 647 2818 quid
673 2741 753 2817 quasi
779 2740 909 2797 viventes
935 2737 1059 2797 decretis
1083 2734 1245 2795 tenemini?

101 2821 174 2899 „Ne
186 2812 380 2886 manducaris,
399 2836 437 2874 ne
457 2816 628 2896 gustaveris,
647 2834 685 2872 ne
705 2814 898 2873 attrectaris.“
918 2814 992 2872 Nam
1013 2834 1102 2891 quum
1122 2802 1245 2871 verbum

104 2899 248 2968 ἅπιεσθαι
274 2902 302 2949 et
327 2892 502 2950 manducare
523 2903 553 2950 et
571 2903 694 2970 tangere
718 2889 879 2970 significet,
910 2888 939 2946 in
963 2887 1061 2967 priore
1080 2889 1104 2948 si
1128 2887 1245 2947 nificatar

104 2973 154 3035 hic
173 2966 278 3050 procul
299 2968 389 3027 dubio
410 2969 565 3046 accipitur,
577 2984 582 2990 ·
596 2987 633 3024 ne
653 2986 831 3045 supervacua
850 2967 888 3025 sit
906 2964 1055 3056 repetitio.
1092 2907 1150 3024 liic
1171 2983 1244 3046 ergo

103 3043 422 3133 pseudoapostolorum
443 3063 614 3124 progressus
634 3042 975 3123 pulcerrime'describrt.
1019 3041 1140 3101 Initium
1159 3061 1175 3101 a
1194 3062 1245 3101 su·
1323 3114 1327 3120 ⁸

104 3124 284 3208 perstitione
306 3132 359 3193 est,
380 3123 458 3200 quod
481 3142 541 3179 non
562 3131 675 3179 tanturn
697 3118 784 3178 edere
803 3130 918 3194 vetant,
935 3118 987 3179 sed
1008 3118 1094 3179 etiam
1114 3116 1245 3178 tenuiter

108 3206 227 3263 esitare:
251 3199 301 3256 ubi
322 3197 377 3257 boc
398 3198 603 3269 obtinuerunt,
623 3197 679 3255 iam
700 3207 817 3278 gustare
838 3196 926 3255 etiam
946 3192 1117 3274 prohibent.
1154 3193 1245 3254 Post-

105 3301 192 3417 quam
215 3277 272 3410 hoq
286 3294 405 3353 quoque
426 3274 482 3332 illis
502 3293 672 3332 concessum
693 3284 747 3348 est,
768 3293 804 3332 ne
818 3270 914 3355 digito
927 3270 1045 3352 quidem
1058 3282 1245 3332 contrectare

121 3379 150 3415 as
172 3373 232 3411 esse
276 3362 374 3410 urunt.

186 3436 231 3493 14.
276 3430 361 3485 llauc
395 3424 580 3506 tyrannidem
615 3423 645 3482 in
682 3423 814 3486 humanis
845 3423 1107 3486 constitutionibus
1136 3423 1243 3484 merito

107 3507 198 3568 hodie
219 3502 474 3583 reprehendimus,
504 3522 560 3581 qua
586 3500 695 3560 lactum
716 3512 813 3560 estut
836 3501 997 3560 innumeris
1018 3501 1119 3560 edictis
1140 3512 1170 3559 et
1191 3501 1244 3559 im-

108 3584 225 3643 modica
239 3601 341 3638 eorum
361 3580 512 3639 exactione
531 3578 653 3637 miserae
673 3577 871 3638 conscientiae
891 3576 1063 3638 mirabiliter
1083 3588 1244 3656 torquean-

109 3674 167 3720 tur.
206 3659 253 3715 De
275 3656 446 3716 Canonibus
467 3656 503 3714 ad
524 3651 705 3734 disciplinam
726 3653 959 3734 pertinentibus,
979 3653 1049 3714 alibi
1069 3653 1178 3712 dictum
1200 3662 1245 3712 est

110 3742 212 3815 (supra
232 3756 255 3793 s.
268 3738 313 3797 12.
333 3732 403 3790 item
421 3733 654 3810 totocap.1‘2,).
691 3732 739 3791 De
759 3728 945 3791 Ceremoniis
965 3730 1034 3810 quid
1056 3729 1159 3803 dicam,
1180 3730 1246 3808 qui·

111 3817 165 3871 bus
187 3814 241 3869 huc
262 3806 424 3887 perlectum
445 3821 506 3884 est,
524 3822 557 3868 ut
576 3807 764 3888 semisepulto
786 3807 904 3869 Christo
926 3808 960 3867 ad
980 3806 1113 3868 Iudaicas
1137 3807 1244 3887 ligurus

111 3884 301 3950 redierimus?
344 3885 510 3959 „llominus
531 3898 632 3946 noster
644 3885 778 3946 Christus
798 3885 907 3964 (inquit
918 3885 1096 3966 Augustinus
1108 3885 1243 3973 epulid)

112 3961 328 4043 „sacramentis
360 3982 484 4021 numero
516 3962 710 4043 paucissimis,
740 3961 956 4043 significatione
983 3959 1244 4051 praestruussimis,

112 4040 337 4119 „observatione
352 4038 503 4111 facillimis,
523 4040 590 4099 novi
611 4037 714 4118 populi
733 4040 904 4098 societatem
925 4037 1104 4119 colligavit.“
1123 4036 1170 4095 Ab
1191 4036 1244 4095 bac

111 4117 293 4198 simplicitate
313 4126 452 4193 quantum
473 4116 549 4175 absit
567 4116 677 4176 rituum
695 4113 853 4177 multitudo
873 4126 903 4172 et
913 4115 1045 4187 varietas,
1064 4110 1169 4191 quibus
1191 4113 1244 4170 ho-

113 4197 161 4254 die
182 4191 322 4273 implicari
343 4191 493 4252 ecclesiam
514 4193 676 4268 cernimus,
705 4191 773 4253 satis
793 4190 922 4251 enarrari
947 4211 1008 4250 uon
1029 4201 1135 4269 potest
1174 4187 1244 4249 Scio

113 4291 174 4412 quo
194 4269 314 4330 artificio
340 4269 478 4330 nonnulli
500 4271 577 4330 acuti
603 4269 737 4330 homines
756 4266 833 4328 banc
857 4265 1079 4348 perversitatem
1099 4275 1246 4326 excusent.

143 4347 306 4409 initiarer
330 4366 387 4409 nus
412 4364 476 4409 esso
504 4346 649 4428 plurimos
678 4363 827 4428 peraeque
850 4342 938 4406 rudes
962 4340 1198 4431 atquel'uerunt
1214 4341 1247 4403 iu

504 4606 506 4613 ,
531 4557 551 4602 0
