2700 4732
385 236 726 301 mmmm
941 214 1124 313 'm

89 382 128 445 ilis
146 382 225 444 illius
245 382 394 465 principii,
413 383 509 444 Deum
534 403 590 464 per
613 404 733 445 manum
754 383 881 461 Christi,
909 388 994 449 sicuti
1015 390 1121 452 llasidi

89 474 128 521 tus
154 460 268 534 luerat,
300 459 367 521 fore
391 460 533 520 ecclesiae
564 460 770 522 liberatorem:
800 474 891 543 atque
916 464 1033 525 demum
1063 466 1122 529 hoc

91 538 207 599 ἧιιιιιιιιι
227 538 295 597 lore
311 538 468 619 gratuitum
481 537 597 612 foedus,
609 558 669 617 quo
676 536 761 599 Deus
781 540 891 600 electos
910 562 979 603 suos
997 542 1121 623 adopte-

109 616 189 675 llioc
209 614 318 675 lactum
340 626 435 673 estut
462 614 566 674 inore
590 634 749 695 puerorum
775 630 949 695 personaret
973 622 1120 681 canticum

89 712 179 773 quum
200 688 336 752 Christus
356 688 592 779 Hierosolymam
612 690 702 771 paulo
726 704 796 751 ante
820 704 946 779 mortem
972 694 1121 777 ingressus

89 768 207 829 osianna
226 766 289 825 tilio
311 766 405 825 David
424 766 545 844 (hlotth.
563 772 619 840 21,
638 770 691 843 9.).
735 768 834 849 Vulgo
854 770 933 829 enim
958 783 1063 832 notum
1084 793 1119 833 ac

89 844 208 905 eluisse
225 854 352 923 apparet
369 855 457 923 atque
478 862 511 903 ea
531 844 680 903 communi
700 865 752 904 usu
771 846 908 925 petitum,
950 848 1008 907 uod
1028 869 1117 909 cane-

89 920 191 981 micum
209 920 267 982 sihi
285 931 398 981 restare
416 920 635 981 misericordiae
654 920 712 981 Dei
732 920 837 1013 pignus
857 922 888 981 iu
908 868 1037 983 adventu
1056 924 1118 985 Re-

89 996 158 1059 oris.
193 997 256 1057 llac
281 995 398 1057 ratione
418 996 554 1057 Christus
579 998 641 1076 ipse
669 996 844 1077 discipulos,
870 1010 903 1059 ut
927 1000 1064 1061 distinete
1088 1014 1119 1062 et

89 1084 118 1133 te
136 1072 255 1133 credant
274 1074 359 1149 Deo,
380 1072 463 1133 iubet
481 1073 511 1132 in
531 1093 563 1133 se
582 1073 717 1134 eredere:
741 1073 892 1147 „Creditis
916 1076 945 1135 in
966 1076 1063 1139 Deum
1088 1088 1120 1138 et

101 1146 243 1225 credite,“
261 1148 291 1209 in
315 1148 574 1227 uit(lo.1l,1.).
616 1148 682 1209 Etsi
707 1150 785 1209 enim
810 1150 931 1231 proprie
956 1151 1108 1232 loquendo

89 1172 365 1313 mmh
1109 1195 1121 1245 ²

89 1302 213 1363 enititur
277 1300 396 1362 aulatun
416 1322 609 1377 evanescere,
640 1324 695 1361 ursi
720 1303 885 1364 intercedat
909 1306 972 1385 ipse
996 1305 1120 1381 medius,

89 1402 115 1439 ιιι
136 1380 168 1439 in
186 1346 242 1439 soli
263 1400 279 1439 a
298 1380 434 1439 firmitate
454 1380 595 1438 retineat:
616 1378 727 1458 alioqui
747 1378 837 1440 altior
856 1400 976 1474 quoque
996 1394 1041 1443 est
1059 1381 1119 1444 Dei

89 1476 132 1531 ss,
162 1476 248 1535 quam
267 1466 302 1514 ut
320 1456 356 1515 ad
377 1476 438 1515 eam
458 1466 617 1535 penetrent
636 1454 792 1530 mortales,
820 1477 870 1535 qur
891 1470 1028 1537 tanquam
1047 1478 1118 1519 rer-

97 1551 188 1669 super
206 1542 314 1591 terram
335 1544 462 1613 reptant.
505 1532 609 1605 Quare
632 1531 703 1591 illud
728 1532 848 1613 vulgare
872 1532 984 1593 dictum
1004 1534 1048 1595 sic
1067 1534 1120 1594 ad·

106 1630 122 1669 c

89 1608 288 1747 [correctione
307 1704 382 1763 opus
402 1685 523 1745 haheat:
548 1686 615 1765 quia
634 1706 696 1745 uon
718 1685 823 1746 frustra
841 1698 965 1747 vocatur
984 1686 1120 1747 Christus

89 1762 133 1823 ilis
151 1760 212 1819 Dei
230 1760 328 1841 imago
347 1760 480 1837 (Coloss.
500 1770 534 1833 1,
555 1765 634 1837 15),
663 1760 716 1822 scd
743 1762 800 1823 hoe
827 1762 926 1841 elogio
950 1783 1120 1839 monemur,

89 1848 194 1900 :curret
212 1836 299 1897 nohis
310 1838 392 1897 Deus
411 1840 440 1897 in
453 1837 584 1909 Christo,
600 1860 661 1899 non
682 1859 768 1918 posse
787 1838 818 1897 in
837 1838 960 1899 salutern
972 1838 1119 1899 nohisio·

89 1934 144 1975 ere.
163 1914 227 1975 Etsi
238 1923 335 1973 autern
347 1914 423 1994 apud
435 1914 560 1975 ludaeos
573 1914 650 1975 falsis
663 1914 838 1975 commentis
850 1914 1120 1981 ohtenehnveraot

89 2012 114 2065 e,
125 1988 207 2071 qnod
223 1990 261 2125 dp
275 1990 475 2082 liedemptore
488 1990 656 2084 Prophetae
673 1991 864 2066 tradiderant,
879 1991 1003 2073 sumpsit
1017 2002 1118 2081 tamen

89 2066 1118 2235 that&sz'tttltttttlttt't‘tltt‘ttttlttd‘tttlt‘}

89 2220 254 2281 lledratore
279 2218 419 2281 exlnhrto.
468 2220 538 2280 Nou
565 2221 621 2281 luit
647 2222 764 2301 quidem
790 2221 878 2303 vulgo
905 2220 1058 2303 cognitum
1085 2232 1119 2281 ut

89 2310 122 2373 rt,
144 2296 227 2377 quod
247 2296 337 2357 docet
355 2296 461 2357 Paulus
480 2296 583 2376 (Rom.
603 2304 658 2371 1⁰,
675 2300 739 2373 1.),
766 2296 916 2357 Christum
940 2316 1003 2357 esse
1028 2296 1117 2359 finem

107 2394 191 2455 quam
211 2386 310 2434 tamen
329 2394 430 2433 verum
450 2374 488 2434 sit
506 2394 540 2433 ac
559 2386 672 2435 certum
692 2394 726 2433 ex
738 2372 821 2466 Lege
840 2374 899 2454 ipsa
919 2385 949 2433 et
960 2374 1118 2454 Prophetis

89 2462 213 2587 pppteltb
241 2450 289 2509 De
309 2450 367 2509 lide
379 2450 517 2585 ‘uondpm
529 2450 651 2585 disscrdo,
670 2451 738 2585 (puin
758 2451 829 2586 alrlhi
843 2452 1041 2586 oppprtunior
1060 2450 1119 2511 erit

89 2550 152 2665 i'hd
168 2528 439 2685 ''tiela-‘penpapmflgs
457 2548 686 2685 sitohgridicge,
699 2548 797 2663 illidam
808 2538 974 2663 iiiiirohis
985 2538 1118 2679 migrati:

114 2692 244 2753 tueatur,
274 2680 422 2772 gubernet
453 2699 487 2740 ac
507 2680 616 2749 foveat,
639 2681 737 2741 donce
767 2680 886 2762 colligat
911 2680 940 2738 in
966 2693 1117 2739 aeternam

89 2758 192 2817 itatem
210 2776 295 2837 regns
315 2757 373 2817 sui:
400 2756 468 2817 hinc
489 2756 584 2836 palam
605 2757 668 2815 sieri
687 2756 767 2836 quod
788 2778 883 2836 nuper
902 2756 1040 2829 diximus,
1059 2755 1119 2815 sal-

89 2858 93 2893 ι
111 2834 172 2893 Dei
192 2833 394 2913 cognitionem
413 2834 523 2913 absque
539 2833 658 2894 Christo
680 2854 739 2893 non
761 2846 912 2893 constare:
934 2832 1061 2911 ideoque
1080 2830 1118 2892 ah

89 2932 101 2973 ι
126 2910 229 2970 muudi
254 2910 348 2989 ipsum
376 2910 464 2969 luisse
484 2911 669 2989 propositum
689 2910 827 2969 omnihus
847 2907 957 2981 electis,
976 2909 1007 2967 in
1030 2928 1118 2987 quern

89 3000 171 3063 rent,
193 2997 223 3045 et
243 2988 345 3065 inquo
365 2986 564 3065 acquiesceret
577 3005 680 3047 eorum
701 2986 817 3047 liducia.
854 2986 921 3045 lloc
939 3006 1027 3046 sensu
1045 2984 1120 3045 seri·

90 3084 185 3125 naeus
202 3061 271 3140 (lib.
290 3068 318 3125 1.
339 3084 401 3142 cap.
420 3064 465 3137 8.)
484 3062 619 3135 Patrem,
650 3064 701 3142 qui
724 3062 880 3122 immensus
901 3074 960 3137 est,
989 3062 1019 3121 in
1039 3059 1119 3123 Filio

92 3142 179 3214 itum,
199 3139 267 3218 quia
285 3160 317 3198 se
337 3140 372 3197 ad
392 3138 544 3199 modulum
564 3151 697 3201 nostrum
716 3138 958 3207 accommodavit,
977 3158 1016 3197 ne
1034 3157 1120 3197 men·

89 3232 156 3279 atras
175 3216 374 3277 immensitate
393 3236 462 3276 suae
471 3215 583 3296 gloriae
596 3215 763 3275 absorbeat.
805 3216 897 3289 Quod
919 3215 1035 3277 fanatici
1054 3234 1118 3275 uon

89 3308 164 3367 ates,
196 3290 299 3351 utilem
330 3293 506 3379 sententiam
531 3292 567 3351 ad
592 3292 713 3372 impium
735 3292 902 3371 phantasma
923 3292 1118 3425 detorspuent:

89 3370 159 3431 irtio
179 3380 293 3429 tantum
310 3368 468 3441 divinitatis
486 3389 503 3428 a
523 3380 587 3427 tota
628 3368 793 3429 ersertione
807 3368 938 3427 delluens
954 3371 984 3427 in
997 3369 1021 3430 C
1035 3367 1119 3429 aristo

89 3468 183 3527 quum
203 3446 277 3504 nihil
296 3445 374 3505 aliud
394 3443 486 3503 velint
497 3466 584 3524 quarn
595 3391 692 3504 licum
714 3446 742 3505 in
755 3444 875 3507 Christo
894 3444 960 3505 solo
980 3463 1120 3523 conspre-

115 3524 252 3583 Omnino
273 3542 373 3581 verum
393 3540 511 3599 semper
530 3520 585 3581 luit
607 3520 679 3581 illud
697 3520 837 3596 dotamus,
866 3521 933 3611 Qui·
947 3542 1009 3611 non
1030 3519 1120 3580 hahet

89 3596 736 3763 nertstertabstiterat·
756 3594 1121 3760 reserasset

89 3774 92 3811 :
124 3752 195 3832 quia
213 3764 312 3811 tamen
332 3750 430 3812 nullus
450 3750 506 3809 illis
526 3751 772 3823 erathledrator,
804 3750 868 3811 lieri
888 3771 948 3810 oon
971 3758 1068 3837 potuit
1087 3756 1121 3805 ut

89 3828 367 3918 hericordiamrere
380 3838 543 3907 gustarent,
563 3838 650 3905 atque
670 3827 711 3885 ita
731 3826 860 3905 persuasi
880 3823 1045 3913 essent'srlst
1064 3834 1121 3901 pa-

89 3924 175 4043 {tto
195 3906 281 4060 ilii
293 3915 593 4059 eiigiedl'lghlil':
615 3902 942 4039 lttl³¹tttl¹tttt
958 3900 1121 4065 dttllt

108 4056 268 4137 foedasque
288 4054 512 4135 superstitiones
524 4056 642 4115 deosum
662 4055 802 4146 prolapsi,
822 4056 831 4113 i
854 4066 1018 4114 norantraor
1038 4071 1120 4111 suam

89 4146 159 4207 ent,
183 4134 271 4195 sicuti
290 4132 379 4194 hodie
399 4132 533 4208 'surcae,
562 4152 690 4211 quamvis
715 4132 810 4211 plenis
829 4076 929 4219 doceis
948 4127 1122 4207 praedicent
1174 4144 1182 4165 ⁹

89 4220 224 4270 etterrae
246 4221 412 4270 creatorem
432 4230 515 4268 suum
542 4228 605 4268 esse
624 4209 739 4283 Deum,
764 4208 944 4268 substituunt
968 4217 1065 4267 ultien
1089 4204 1121 4263 io

101 4288 162 4348 seri
182 4286 242 4349 Dei
260 4284 384 4363 idolum,
403 4284 473 4347 dum
492 4307 509 4345 a
530 4284 651 4347 llhristo
670 4284 843 4423 ahhopgept

317 1238 410 1286 atrem
430 1224 613 1302 conscendit,
631 1226 775 1319 significat
792 1238 889 1286 tamen
911 1248 986 1304 eam,
1005 1230 1120 1291 etiamsi

136 1606 298 1667 ‚Lactant
318 1607 370 1668 lib.
390 1616 417 1671 l.
438 1608 564 1688 e.16.],
596 1608 693 1667 Deum
715 1627 777 1668 esse
803 1608 871 1669 fidei
890 1610 1056 1684 obiectum,
1086 1622 1120 1671 ut
