2700 4732
477 185 553 249 tm.
573 187 627 250 tv,
668 187 756 251 ChP.
776 185 873 249 XVll.
1184 194 1243 258 m

112 332 168 392 boc
188 332 217 390 in
237 352 348 393 summa
367 330 534 411 proiectum
549 332 679 394 videmus
699 333 754 394 ista
773 332 925 415 ingeniosa
944 329 1116 409 subtilitate,
1134 342 1168 393 ut
1187 353 1241 413 pa-

111 409 155 470 nis
176 429 230 486 pro
250 408 317 469 Deo
338 410 502 470 baberetur.
1277 470 1281 481 ,

186 491 232 548 ll.
257 486 349 554 ,Hinc
369 485 479 565 prodiit
498 486 599 546 fictitia
619 485 667 545 illa
687 485 982 560 transsubstantiatio,
1000 506 1055 565 pro
1097 505 1132 546 ua
1151 485 1241 546 hodie

110 561 206 621 aerius
220 562 400 643 depugnant,
435 583 498 621 uam
519 583 573 643 pro
588 562 723 622 omnibus
743 562 804 622 aliia
824 562 892 621 fidei
911 582 979 622 suae
1000 562 1086 642 e'apiti
1110 583 1151 621 us.
1179 562 1241 622 Ne-

112 658 169 715 que
190 638 317 697 enimse
338 583 472 719 expedire
492 638 578 718 primi
599 637 697 698 localis
721 639 902 718 praesentiae
921 637 1073 699 architecti
1093 649 1241 719 poterant,

112 714 263 791 quomodo
284 715 394 775 Christi
414 737 520 795 corpus
544 716 628 794 panis
647 715 826 784 substantiae
851 717 1023 795 permixtum
1044 715 1138 786 foret,
1169 717 1240 796 quin

110 791 245 922 protinus
265 804 456 851 occurrerent
475 791 565 850 multa
582 791 715 851 absurda.
753 791 834 872 Ergo
855 792 889 851 ad
911 791 968 852 hoe
980 792 1150 874 figmentum
1167 814 1240 853 con·
1273 858 1277 870 x

124 887 214 947 ngere
235 888 354 927 necesse
374 869 439 943 fuit,
458 868 522 926 fieri
542 869 764 929 conversionem
785 871 866 947 panis
886 868 916 927 in
937 878 1058 948 eorpus,
1078 889 1138 928 non
1160 869 1240 948 quqd

112 944 242 1022 proprie,
258 964 291 1003 ex
316 964 390 1023 pane
415 965 521 1025 corpus
545 945 610 1018 fiat,
634 944 684 1004 sed
710 945 778 1037 quia
798 944 946 1020 Christus,
966 955 999 1004 ut
1017 945 1071 1004 sub
1097 943 1189 1026 figura
1208 965 1240 1006 se

113 1021 252 1094 occultet,
271 1021 461 1080 substantiam
480 1021 512 1079 in
532 1020 653 1080 nibilum
666 1021 781 1102 redigit.
819 1021 926 1080 Mirum
946 1033 1042 1081 autem
1063 1034 1117 1096 est,
1137 1041 1173 1083 eo
1193 1023 1239 1081 in-

112 1097 229 1171 scitiae,
255 1096 314 1156 imo
339 1098 466 1177 stuporis
492 1097 580 1177 luisse
600 1097 769 1178 prolapsos,
800 1109 913 1158 utnon
940 1097 1033 1158 solum
1057 1117 1128 1178 repu
1153 1111 1241 1164 nante

102 1171 281 1264 Scriptura,
299 1174 455 1234 sedetiam
476 1175 581 1235 veteris
601 1174 738 1234 ecclesiae
764 1194 907 1234 consensu
936 1186 1098 1234 monstrum
1118 1117 1189 1234 ilud
1209 1176 1240 1234 in

111 1252 238 1309 medium
263 1251 443 1330 proterrent.
494 1252 604 1310 Fateor
624 1251 752 1331 quidem,
772 1250 931 1311 nonnullos
949 1263 1083 1311 veterum
1106 1251 1260 1313 Conver-¹

110 1327 200 1389 sionis
219 1348 296 1388 voce
314 1328 459 1387 interdum
481 1326 568 1387 luisse
588 1349 672 1402 usos,
692 1348 752 1387 non
774 1326 853 1407 quod
872 1326 993 1388 abolere
1012 1327 1122 1387 vellent
1140 1330 1170 1389 in
1191 1349 1240 1387 ex·

110 1406 200 1465 ternis
220 1406 310 1486 signis
330 1405 530 1480 substantiam,
549 1405 599 1464 sed
621 1416 653 1464 ιιι
665 1405 817 1479 docerent,
835 1424 941 1483 panem
961 1405 1099 1486 mysterio
1113 1406 1239 1466 dicatum

110 1478 200 1563 longe
225 1482 374 1562 evulgari
400 1482 505 1542 distare
535 1503 568 1540 ac
593 1481 650 1539 iam
674 1481 761 1540 alium
788 1500 859 1540 esse.
909 1480 1026 1560 Ubique
1045 1493 1142 1542 antem
1162 1483 1240 1543 clare

110 1560 279 1638 praedicant
299 1578 412 1634 omnes,
433 1579 542 1619 sacram
564 1557 696 1618 Coenam
717 1557 827 1617 duabus
847 1556 979 1637 partibus
999 1570 1150 1632 constare,
1179 1572 1240 1620 ter·

110 1654 180 1694 rena
202 1648 231 1694 ct
251 1634 386 1695 coelesti:
413 1656 445 1694 ae
469 1646 613 1695 terrenam
634 1635 697 1694 sine
717 1635 916 1694 controversia
935 1634 1166 1714 interpretantur
1185 1657 1240 1716 pu·

109 1731 176 1768 nern
198 1723 227 1770 et
245 1713 353 1771 vinum.
392 1710 481 1771 Certe
495 1710 631 1791 quicquid
643 1713 783 1793 garriant,
801 1711 950 1771 vetustatis
961 1711 1139 1791 patrocinio,
1158 1713 1239 1793 quod

110 1787 238 1846 evidenti
257 1788 316 1846 Dei
335 1788 430 1847 verbo
461 1806 546 1867 saepe
578 1808 616 1867 op
640 1807 731 1849 onere
755 1787 879 1858 addent,
910 1786 1160 1847 in‘confirmando
1182 1790 1238 1849 isto

110 1862 249 1944 dogmate
268 1863 396 1939 destitui,
415 1864 508 1944 palam
529 1876 582 1924 est.
636 1863 815 1935 ecenimita
834 1864 947 1944 pridem
958 1866 1152 1945 esuogitatum
1173 1865 1239 1942 luit,

110 1939 277 2019 ignoratum
299 1941 414 2021 quidem
441 1962 502 2000 non
523 1941 692 2000 melioribus
711 1940 767 2001 illis
786 1938 908 2001 saeculis
929 1941 1034 2014 modo,
1060 1942 1164 2020 quibus
1184 1964 1239 2021 pu-

110 2025 172 2077 rior
198 2017 290 2077 adbuc
315 2016 432 2097 vigebat
461 2017 611 2098 religionis
637 2019 786 2092 doctrina,
816 2017 868 2076 sed
887 2039 976 2098 quum
1000 2020 1056 2076 iam
1081 2017 1238 2079 admodum

110 2093 260 2171 inquinata
281 2107 356 2154 esset
380 2093 428 2153 illa
449 2096 566 2173 puritas.
605 2095 701 2154 Nemo
722 2105 766 2154 est
784 2105 926 2171 veterum,
947 2093 998 2174 qui
1015 2114 1095 2154 saera
1116 2095 1240 2156 Coenae

109 2171 245 2248 symbola
267 2190 327 2229 non
348 2169 474 2229 fateatur
492 2170 605 2231 disertis
624 2170 720 2230 verbis
760 2190 845 2230 anem
866 2183 896 2230 et
914 2170 1012 2230 vinum
1033 2189 1110 2247 esse,
1130 2173 1185 2232 etsi
1205 2184 1238 2233 ut

110 2250 220 2309 dictum
241 2259 300 2321 est,
331 2246 415 2308 variis
434 2246 569 2326 epithetis
588 2247 637 2307 illa
657 2191 803 2307 interdum
823 2247 1000 2329 insigniunt,
1031 2247 1065 2306 ad
1087 2269 1238 2308 commen-

109 2324 233 2385 dandam
254 2322 382 2404 mysterii
402 2321 581 2404 dignitatem.
629 2325 704 2384 Nam
724 2324 803 2404 quod
830 2324 946 2400 dicunt,
965 2325 995 2385 in
1016 2325 1239 2386 consecratione

109 2401 173 2461 fieri
193 2421 323 2461 arcanam
345 2401 578 2476 conversionem,
598 2412 630 2461 nt
649 2401 705 2460 iam
726 2398 802 2459 alind
822 2401 958 2480 sitquam
978 2400 1059 2481 panis
1080 2412 1109 2461 et
1128 2401 1238 2479 sinum,
1269 2418 1272 2430 “

107 2498 203 2557 nuper
220 2478 371 2554 admonui,
392 2496 429 2534 eo
450 2497 511 2536 non
523 2478 695 2559 significare,
715 2476 747 2536 in
766 2475 889 2536 nibilum
907 2478 969 2558 ipsa
988 2477 1051 2539 redi
1073 2478 1092 2552 i,
1110 2479 1162 2538 sed
1180 2480 1237 2540 iam

109 2555 167 2615 alio
187 2555 255 2614 loco
277 2553 410 2617 habenda
431 2571 509 2628 esse,
540 2575 626 2634 quam
651 2574 821 2615 communes
840 2553 940 2631 cibos,
971 2554 1020 2633 qui
1045 2495 1182 2615 duntaxat
1201 2556 1237 2616 ad

108 2631 284 2722 pascendum
304 2644 436 2691 ventrem
455 2641 524 2690 sunt
548 2631 814 2767 destinati,1quum
838 2629 869 2689 in
894 2631 928 2690 iis
955 2630 1042 2690 nobis
1068 2629 1238 2691 exhibeatur

109 2707 265 2786 spiritualis
285 2708 397 2767 animae
417 2706 498 2768 cibus
518 2728 551 2767 ac
576 2720 671 2787 potus.
769 2728 807 2765 ne
829 2727 866 2765 ue
887 2727 941 2766 nos
961 2725 1107 2787 negamus.
1127 2740 1166 2754 —
1205 2707 1239 2783 Si

110 2784 263 2843 conversio
286 2795 337 2854 est,
357 2785 495 2863 inquiunt
514 2783 571 2855 isti,
591 2802 710 2843 necesse
731 2795 785 2857 est,
804 2727 881 2842 aliud
904 2802 937 2841 ex
956 2782 1012 2842 alio
1027 2783 1097 2842 lieri.
1139 2783 1171 2842 Si
1191 2786 1235 2844 in-

107 2857 336 2938 telligunt,s1eri
356 2857 464 2937 aliquid
485 2859 564 2936 quod
585 2859 664 2938 prius
684 2880 746 2918 non
766 2870 838 2934 erat,
858 2861 1009 2918 assentior.
1049 2860 1081 2918 Si
1101 2859 1136 2918 ad
1156 2882 1237 2921 suam
1282 2866 1286 2877 “

108 2934 187 2995 illam
208 2935 445 3013 imaginationem
464 2933 579 2993 trahere
599 2933 713 3010 volunt,
734 2955 778 2994 res
802 2933 932 2995 ondeant
948 2933 1036 3010 milti,
1067 2956 1152 3016 quam
1172 2958 1238 2996 mu·

108 3013 252 3071 tationem
274 3009 336 3068 fieri
357 3010 484 3069 sentiant
503 3011 534 3068 in
554 3010 712 3091 Baptismo.
791 3033 834 3070 am
854 3011 956 3070 Patres
975 3009 1023 3071 hic
1043 3031 1162 3092 quoque
1182 3017 1238 3074 mi-

107 3088 217 3147 rificam
238 3088 458 3149 conversionem
483 3098 629 3161 statuunt,
660 3108 749 3166 quum
770 3087 885 3162 dicunt,
916 3106 949 3147 ex
969 3087 1154 3168 corruptibili
1175 3090 1237 3149 ele-

108 3177 211 3223 mento
231 3163 295 3222 fieri
313 3162 583 3242 spiritualeanimae
603 3163 757 3238 lavacrum,
778 3184 880 3244 aquam
892 3175 988 3223 tamen
1009 3185 1128 3224 manere
1148 3186 1237 3227 nemo

109 3263 146 3301 ne
168 3253 204 3300 at.
243 3240 283 3298 At
304 3238 375 3300 nihil
396 3239 546 3318 inquiunt:
565 3238 623 3298 tale
643 3241 672 3299 in
684 3240 833 3320 Baptismo
855 3239 987 3314 babetur,
1007 3241 1091 3320 quale
1110 3240 1181 3301 illud
1193 3254 1237 3304 est

108 3262 265 3392 inlloena,
285 3313 339 3378 boc
358 3330 398 3375 est
416 3336 521 3389 corpus
538 3338 639 3375 nusum.
679 3316 771 3390 Quasi
791 3316 827 3376 de
839 3316 934 3377 verbis
953 3315 1009 3378 illis
1030 3330 1142 3401 agatur,
1184 3340 1237 3380 uae

108 3396 175 3454 satis
196 3395 359 3472 expeditum
379 3413 495 3452 sensum
516 3393 639 3468 habent,
664 3414 698 3454 ac
722 3415 784 3454 non
808 3395 907 3473 potius
932 3393 968 3452 de
992 3393 1041 3455 illa
1061 3415 1132 3456 voce
1153 3341 1237 3458 Con-

108 3470 262 3543 versionis,
283 3493 358 3550 quae
379 3469 450 3528 nihil
471 3469 591 3548 amplius
617 3471 647 3529 in
668 3470 772 3531 Coena
791 3470 952 3551 significare
973 3468 1077 3546 debet,
1097 3493 1182 3562 quarn
1203 3473 1235 3532 in
1287 3543 1288 3546 Ἴ

108 3547 268 3625 Baptismo.
307 3546 434 3606 Valeant
451 3546 540 3629 igitur
552 3567 616 3606 cum
635 3547 698 3607 istis
717 3546 896 3624 syllabarum
917 3547 1056 3626 aucupiis,
1066 3548 1170 3640 qutbus
1190 3552 1237 3609 ni-

109 3623 149 3681 bil
176 3623 252 3682 aliud
279 3644 364 3700 quam
387 3643 468 3682 suam
493 3623 672 3683 ieiunitatem
719 3623 836 3684 rodunt.
878 3624 943 3684 Nec
967 3644 1037 3684 vero
1061 3625 1235 3704 significatio

108 3699 193 3758 aliter
205 3699 371 3778 quadraret,
390 3700 444 3758 nisi
457 3700 571 3771 veritas,
610 3720 664 3761 uae
683 3645 742 3759 illic
762 3701 912 3780 figuratur,
929 3701 1024 3761 rivam
1039 3701 1165 3782 effigiem
1184 3701 1239 3762 ba.

108 3774 194 3835 beret
218 3777 249 3834 in
276 3787 395 3835 esterno
416 3777 510 3869 signo.
549 3720 653 3838 Voluit
672 3777 806 3838 Christus
825 3788 945 3837 externo
965 3776 1103 3855 symbolo
1124 3780 1236 3856 testari,

109 3872 226 3911 carnem
247 3874 325 3911 suam
347 3873 407 3912 esse
428 3854 534 3912 cibum.
571 3853 603 3912 Si
623 3854 709 3912 inane
729 3852 866 3914 duntaxat
885 3854 966 3934 panis
990 3866 1154 3933 spectrum,
1173 3876 1236 3915 non

108 3948 213 4010 panem
233 3948 332 3989 verum
354 3942 545 4021 proponeret,
564 3929 617 3988 ubi
637 3930 770 4011 analogia
789 3929 835 4006 rel
855 3930 1030 4006 similitudo,
1049 3951 1123 4010 quae
1144 3932 1236 3992 dedu·

108 4025 176 4065 cere
196 4025 250 4064 nos
275 4027 290 4064 a
315 4025 347 4064 re
367 4005 473 4064 visibili
498 4005 534 4063 ad
554 4005 727 4066 invisibilem
748 4005 855 4067 debet?
893 4009 968 4066 Nam
987 4018 1021 4066 ut
1040 4009 1138 4067 omnia
1158 4009 1237 4069 inter

108 4102 139 4142 se
153 4082 339 4156 conveniant,
360 4103 420 4140 non
441 4082 558 4162 longius
577 4101 608 4141 se
629 4084 766 4143 extendet
784 4083 969 4165 significatio,
988 4102 1074 4163 quam
1094 4104 1149 4143 nos
1168 4105 1237 4164 spe-

108 4158 152 4217 cie
177 4159 271 4219 carnis
292 4158 402 4219 Christi
421 4162 514 4237 pasci.
566 4158 843 4235 Quedmadmodum
866 4159 891 4220 si
916 4160 948 4220 in
967 4160 1116 4238 Baptismo
1142 4159 1236 4242 ligura

107 4253 198 4326 aquae
219 4234 321 4296 oculos
340 4234 471 4309 falleret,
501 4235 588 4298 nohis
612 4249 724 4296 certum
753 4257 814 4296 non
841 4247 917 4299 esset
939 4235 1098 4298 ablutionis
1116 4249 1237 4297 nostrae

108 4330 230 4392 pugnus,
246 4313 307 4377 imo
327 4309 422 4374 fallaci
442 4311 494 4374 illo
512 4312 680 4397 spectaculo
699 4312 854 4376 vacillandi
872 4312 960 4377 nobis
980 4312 1097 4377 oecmio
1109 4312 1237 4386 daretur.

656 4418 694 4589 l
