2700 4732
507 218 583 277 tlt.
604 217 659 277 lll.
700 218 789 278 CAP.
811 219 861 277 tx.
1192 222 1251 283 tut

110 364 182 440 cari,
202 374 236 421 ut
254 362 374 442 patriam
396 376 425 421 et
445 362 602 421 coelestem
622 363 744 442 patriam
770 362 939 436 incolamus,
961 382 996 421 an
1018 360 1088 421 nibil
1108 363 1178 422 lnde
1197 384 1244 424 so·

109 440 174 499 latii
193 438 425 518 consequemur?
443 442 485 498 At
505 438 576 499 nihil
597 451 641 498 est
661 439 741 519 quod
762 460 823 498 non
841 444 1015 531 permanere
1034 450 1161 518 appetat.
1186 440 1211 498 F
1213 461 1244 500 a·

108 528 180 576 teor
197 534 278 586 tane,
297 526 384 595 atque
403 515 471 575 ideo
492 516 527 574 ad
549 516 676 575 suturam
696 514 943 575 immortalitatem
965 515 1244 593 respiciendumoo-

109 592 157 652 bis
176 591 339 669 contendo,
358 592 410 653 ubi
429 604 503 652 stata
523 592 654 650 conditio
677 591 830 674 obtingat,
860 612 934 670 quae
954 592 983 650 in
1003 604 1082 651 terra
1103 613 1244 671 nusquam
1297 634 1300 641 -

109 679 242 749 apparet.
280 667 402 748 Optime
422 669 499 728 enim
521 669 628 728 Paulus
647 668 747 728 fideles
766 668 901 728 alacriter
918 667 955 727 ail
975 679 1101 728 mortem
1115 688 1245 804 pergere

109 746 211 820 docet,
230 766 292 805 non
313 748 379 826 quia
399 745 489 803 velint
508 747 594 818 exui,
613 744 663 804 sed
684 746 754 824 quia
771 743 942 819 superindui
960 744 1079 823 cupiant
1097 749 1111 822 <
1130 744 1154 803 Ι.
1191 746 1245 805 'or.

108 830 139 897 ll,
158 822 213 898 2).
250 821 298 880 An
318 843 388 883 vero
410 822 495 881 bruta
515 822 665 897 animalia,
695 834 783 900 atque
803 822 877 881 adeo
898 821 1043 880 inanimae
1063 820 1144 900 ipsae
1163 841 1245 882 crea-

107 909 194 959 turae
216 897 363 978 usquead
383 898 460 981 ligna
481 910 511 957 et
531 898 641 976 lapides
660 899 822 977 praesentis
841 918 909 958 suae
929 895 1063 957 vanitatis
1087 896 1144 957 sibi
1170 917 1244 957 con-

107 976 199 1051 sciae,
218 974 248 1034 io
269 975 401 1035 ultimum
423 975 644 1035 resurrectionis
663 975 738 1034 diem
760 975 889 1033 intentae
910 985 1011 1047 erunt,
1040 985 1073 1033 ut
1093 994 1158 1032 cum
1178 973 1244 1034 ultis

108 1052 169 1111 Dei
188 1071 204 1112 a
224 1052 350 1110 sanitate
370 1053 530 1111 eximantur
542 1052 650 1187 lSilera.
668 1056 698 1125 8,
717 1052 797 1125 19.):
818 1072 873 1110 nos
894 1063 925 1111 et
943 1049 1053 1132 ingenii
1073 1048 1138 1109 luce
1158 1069 1244 1129 prae-

102 1128 174 1202 diti,
193 1140 224 1186 et
243 1148 329 1206 supra
349 1129 516 1209 ingenium,
574 1129 600 1186 ei
620 1128 732 1207 Spiritu
751 1128 920 1203 illuminati,
954 1147 1043 1207 quum
1063 1126 1100 1185 de
1120 1126 1244 1187 essentia

108 1216 212 1264 nostra
231 1207 338 1285 agitur,
361 1226 420 1263 nou
441 1206 608 1264 attollemus
628 1206 740 1265 animos
763 1204 837 1263 ultra
850 1204 923 1264 hanc
935 1216 1031 1264 terrac
1041 1202 1246 1284 putredinem?

80 1314 83 1319 -
109 1283 221 1341 Verum
243 1302 304 1340 non
325 1293 367 1341 est
387 1282 471 1341 buius
491 1281 616 1341 instituti
636 1294 685 1341 aut
704 1281 762 1341 loci
782 1293 885 1340 contra
904 1293 1012 1341 tantam
1034 1280 1108 1340 banc
1125 1298 1246 1359 perver-

107 1359 224 1419 sitatem
244 1378 341 1449 agere.
390 1360 429 1417 Et
455 1361 509 1417 iam
531 1359 616 1417 initio
636 1344 784 1439 professus
806 1378 869 1416 sum
891 1378 936 1417 me
955 1357 1089 1416 locorum
1110 1376 1244 1417 commu-

107 1436 192 1493 nium
213 1435 351 1494 fusiorem
373 1436 575 1495 tractationem
596 1435 642 1495 bic
664 1436 782 1494 minime
802 1432 877 1494 celle
897 1434 1052 1512 suscipere.
1100 1434 1167 1517 Ego
1187 1432 1244 1492 bu-

107 1511 237 1571 insmodi
258 1511 396 1572 timidulis
415 1512 518 1571 animis
536 1512 702 1586 suaderem,
720 1522 754 1571 ut
775 1510 915 1589 cypriant
934 1510 1064 1570 libellum
1083 1508 1120 1568 tle
1136 1524 1246 1570 nurtu-

107 1588 191 1647 b'tnte
210 1587 359 1667 legerent,
391 1589 444 1649 nisi
470 1589 550 1669 digni
571 1601 666 1649 essent
687 1588 736 1668 qui
755 1588 789 1648 ad
811 1587 1003 1668 philosophos
1022 1586 1244 1668 ablegarentura

108 1676 143 1723 ot
162 1665 298 1744 inspecto
319 1686 405 1743 quem
426 1664 468 1724 illi
490 1685 558 1744 prae
578 1686 608 1725 se
628 1666 729 1724 lerunt
748 1666 849 1724 mortis
869 1674 1052 1742 contemptu,
1072 1661 1245 1723 erubescere

107 1741 262 1831 incipiant.
302 1742 367 1801 lloe
399 1754 496 1801 tamen
524 1742 679 1801 babeamus
710 1742 919 1815 constitutum,
950 1741 1096 1799 neminem
1117 1738 1243 1799 beneio

107 1816 221 1878 Christi
240 1817 339 1878 schola
359 1817 530 1897 proiecisse,
550 1820 604 1878 nisi
625 1820 674 1899 qui
695 1829 724 1877 et
743 1819 845 1878 mortis
865 1830 895 1875 et
916 1817 1032 1877 ultimae
1051 1816 1245 1876 resurrectio·

107 1893 154 1952 nis
175 1892 252 1953 diem
273 1916 338 1953 curn
358 1895 464 1975 gaudio
485 1908 633 1973 exspectet
651 1894 708 1973 (ll.
722 1896 842 1966 Timr,
861 1900 907 1959 18.
927 1894 989 1952 Tit.
1008 1900 1038 1967 2,
1060 1893 1130 1969 130).
1169 1894 1243 1953 Nam

107 1980 140 2028 et
159 1968 213 2029 bac
232 1983 304 2029 nota
324 1972 422 2029 fideles
443 1971 593 2031 universos
615 1972 755 2031 describit
774 1971 896 2043 Paulus,
918 1983 947 2029 et
968 1972 1136 2049 Scripturae
1157 1969 1244 2028 fami·

108 2044 182 2105 liare
203 2059 256 2117 est,
277 2048 391 2113 nunties
410 2047 521 2106 solidae
542 2048 667 2107 laetitiae
688 2059 889 2127 argumentum
911 2067 1080 2127 proponere
1099 2046 1176 2119 vult,
1206 2066 1243 2105 eo

106 2142 165 2183 nos
185 2120 332 2182 revocare.
365 2122 531 2197 „Exsultate
552 2126 662 2203 (iuquit
682 2126 826 2183 Dominus
846 2126 916 2184 Luc.
935 2130 984 2195 21,
1002 2126 1065 2199 28.)
1098 2136 1128 2181 et
1151 2122 1245 2181 levate

106 2218 142 2260 ca
165 2199 203 2258 ita
223 2213 332 2260 vestra:
359 2202 577 2279 appropinquat
597 2202 673 2258 enim
695 2201 858 2277 redemptio
877 2205 1003 2260 vestra.“
1041 2202 1087 2258 lln
1116 2199 1245 2258 rationa-

106 2220 179 2351 biii,
200 2296 320 2354 quaeso,
340 2288 394 2351 est,
414 2290 445 2335 ut
458 2277 537 2352 quod
551 2277 599 2334 ille
621 2288 731 2335 tantum
752 2276 848 2335 valere
868 2275 961 2336 voluit
974 2277 1009 2335 ad
1021 2274 1243 2336 exsultationem

107 2364 140 2411 et
160 2351 337 2411 alacritatem
358 2354 386 2410 in
409 2352 494 2411 nobis
515 2353 712 2425 excitandam,
742 2352 813 2410 nibil
841 2375 925 2432 quam
952 2354 1095 2412 tristitiam
1117 2373 1149 2412 ae
1170 2373 1244 2411 con-

106 2430 321 2489 sternationem
343 2430 451 2509 pariat?
471 2430 504 2487 Si
526 2432 563 2488 ita
584 2441 637 2499 est,
657 2431 725 2508 quid
745 2429 838 2488 adhuc
860 2450 895 2488 eo
917 2430 996 2508 quasi
1016 2431 1156 2510 magistro
1177 2428 1243 2509 glo-

106 2504 238 2565 riamur?
264 2508 419 2564 Saniorem
442 2525 513 2585 ergo
534 2518 661 2564 mentem
682 2505 892 2584 concipiamus:
923 2518 1026 2585 atque,
1046 2518 1079 2564 ut
1098 2515 1245 2639 rqpugoet

106 2601 197 2643 coeca
218 2596 248 2641 et
268 2583 381 2661 stupida
402 2587 494 2642 carnis
515 2583 666 2661 stupiditas,
686 2604 747 2643 nou
767 2583 934 2642 dubitemus
953 2583 1108 2642 adventum
1202 2582 1210 2597 '
1234 2580 1242 2597 ⁶

106 2679 170 2718 non
193 2661 267 2717 votis
289 2661 387 2733 ruodo,
407 2660 457 2719 sed
478 2662 588 2741 gemitu
610 2660 694 2719 etiam
715 2680 747 2719 ac
767 2659 910 2738 suspiriis,
929 2658 1009 2719 velut
1027 2680 1089 2718 rem
1110 2658 1242 2717 omnium

108 2736 327 2809 faustissimam,
348 2749 491 2815 expetere.
536 2737 682 2795 Adveniet
705 2738 781 2796 enim
803 2736 887 2796 nobis
907 2736 1104 2815 Redemptor,
1125 2735 1175 2813 qui
1203 2732 1240 2793 ab

109 2810 165 2871 boe
187 2813 330 2873 immenso
350 2813 491 2871 malorum
514 2824 542 2871 et
561 2815 741 2873 miseriarum
763 2813 893 2872 omnium
913 2833 968 2893 gur
990 2814 1029 2871 ite
1038 2822 1191 2886 extractos,
1210 2811 1242 2870 io

108 2888 224 2949 beatam
245 2889 323 2947 illam
345 2890 419 2947 vitae
440 2902 470 2947 et
489 2889 601 2970 gloriae
622 2911 689 2949 suae
710 2888 919 2947 haereditatem
940 2832 1067 2948 iniiucat.

185 2972 214 3027 (l.
254 2966 304 3024 Sic
326 2978 367 3024 est
387 2987 468 3025 sane:
491 2979 581 3025 totam
603 2965 730 3024 sulelium
742 2966 902 3039 nationem,
922 2964 1058 3042 quamdiu
1077 2975 1183 3023 terram
1196 2962 1242 3021 in-

108 3040 255 3114 babitant,
286 3054 407 3121 oportet
439 3064 499 3101 esse
525 3054 661 3120 tauquam
686 3061 755 3101 oves
780 3042 948 3101 mactationi
968 3042 1122 3101 destinatas
1142 3038 1265 3131 (Rom'

105 3123 136 3193 8,
155 3120 231 3192 302),
251 3119 449 3210 <11¹‚0ssbrist0
472 3120 557 3199 capiti
577 3141 629 3178 suo
650 3118 883 3178 conformentur.
922 3116 1154 3210 Deploratissimr
1169 3135 1243 3252 ergo

107 3206 217 3267 essent,
236 3216 292 3253 mss
313 3218 341 3252 m
364 3196 476 3255 coelum
499 3208 596 3254 ruente
618 3208 724 3268 erecta,
743 3206 916 3274 superarent
935 3193 1074 3274 quicquid
1088 3194 1199 3251 inmun
1222 3210 1241 3252 o

106 3282 163 3348 est,
184 3282 215 3329 et
235 3284 417 3349 praesentem
438 3295 533 3331 rerum
555 3272 656 3330 faciem
677 3271 846 3331 traiicerent
866 3270 905 3349 (1.
919 3272 1129 3346 coeunte-t
1157 3270 1242 3329 Coo-

105 3361 169 3419 tra,
204 3347 254 3406 ubi
279 3349 369 3407 semel
396 3363 481 3429 caput
504 3370 592 3430 supra
613 3353 710 3408 omnia
731 3360 847 3407 terrena
868 3349 1037 3422 extulerint,
1069 3345 1179 3405 etiamsi
1199 3346 1252 3405 vi··

105 3427 200 3485 deant
218 3423 359 3486 florentes
379 3426 535 3506 impiorum
555 3446 627 3504 opes
648 3436 678 3484 et
697 3424 837 3499 bonores,
856 3424 879 3484 si
900 3424 957 3484 alta
977 3444 1050 3504 paee
1070 3421 1139 3493 frui,
1157 3423 1180 3482 si
1193 3441 1242 3482 re·

106 3524 173 3561 rum
199 3501 331 3561 omilium
356 3503 513 3583 splendore
539 3524 571 3561 ac
597 3502 665 3561 luxu
683 3500 846 3580 superbire,
865 3501 889 3561 si
910 3501 1020 3561 deliciis
1040 3498 1178 3558 omnibus
1197 3498 1242 3558 ai·

104 3580 202 3639 fluere
223 3591 360 3638 cernant:
394 3581 417 3640 si
439 3592 589 3658 praeterea
611 3599 712 3638 eorum
732 3577 922 3657 improbitate
942 3577 1105 3657 pulsentur,
1124 3575 1147 3634 si
1167 3595 1241 3635 con-

105 3654 242 3716 tumelias
263 3656 298 3714 ab
321 3677 423 3715 eorum
446 3658 519 3716 fastu
539 3656 716 3729 sustineant,
747 3655 770 3714 si
796 3654 913 3714 avaritia
939 3653 1117 3733 erpilentur,
1141 3650 1165 3709 si
1186 3649 1241 3711 alia

105 3732 210 3813 quavis
229 3730 352 3791 libidine
372 3747 524 3793 vexentur:
547 3754 606 3791 non
628 3730 786 3791 difficulter
804 3750 835 3791 se
855 3732 885 3788 in
904 3730 1010 3791 talibus
1022 3746 1140 3808 quoque
1157 3726 1242 3787 malis

105 3808 306 3869 sustinebunt.
364 3812 429 3869 Erit
456 3812 532 3868 enim
557 3809 724 3869 subuculis
750 3806 811 3867 dies
836 3806 885 3867 ille
917 3808 1108 3883 (les.25,8.
1146 3804 1242 3882 Apoc.

104 3892 136 3955 7,
157 3890 237 3960 12),
270 3907 328 3965 quo
355 3888 501 3947 Dominus
528 3889 556 3945 in
583 3887 668 3966 regni
693 3884 737 3944 sui
758 3884 885 3963 quietem
904 3883 1004 3942 fideles
1023 3902 1090 3941 suos
1109 3880 1262 3960 recipiet,

106 3963 261 4055 absterget
281 3962 316 4020 ab
338 3984 441 4023 eorum
463 3964 553 4024 ortilis
575 3984 691 4022 omnem
713 3961 888 4038 lacrymam,
907 3959 981 4021 stola
1001 3958 1113 4041 gloriae
1133 3967 1163 4015 et
1182 3956 1243 4014 lae·

106 4039 192 4098 titiae
213 4061 290 4118 ipsos
311 4040 422 4116 induet,
442 4040 610 4100 deliciarum
631 4059 747 4098 suarum
768 4036 955 4097 inenarrabili
975 4036 1113 4096 suavitate
1133 4041 1245 4115 puscet,

106 4115 230 4175 iosuae
250 4116 407 4177 altitudinis
426 4119 596 4177 societatem
618 4115 730 4189 esebet,
750 4111 877 4193 denique
896 4111 1044 4173 felicitatis
1075 4128 1144 4170 suae
1176 4128 1244 4189 par·

105 4192 283 4273 ticipatiooc
303 4193 478 4287 dignabitur.
529 4193 639 4284 lmpips
659 4212 730 4252 vcro
751 4190 834 4265 illos,
862 4190 912 4270 qui
931 4190 1059 4250 interra
1080 4184 1247 4259 floruerint,

106 4268 137 4329 in
158 4282 316 4330 extremam
338 4272 527 4355 ignominiam
548 4270 699 4352 prouciet:
725 4288 828 4330 eorum
847 4266 966 4327 delicias
984 4261 1176 4339 cruciatibus,
1204 4258 1245 4321 ri-

873 4342 1011 4409 30*'

1151 2601 1243 2641 omtnt
1329 2632 1334 2639 .
