2700 4732
485 216 559 287 tta.
579 216 632 275 IV.
673 216 760 276 ChP.
780 215 862 274 XVl.
1179 216 1237 276 39⁶

109 362 204 440 ptisnri
226 361 438 421 institutionem
459 359 528 418 inde
550 359 691 429 derivant,
731 379 795 416 uem
817 357 853 417 ab
874 359 993 417 exordio
1013 354 1238 436 praedicationis

107 459 175 498 suae
196 436 347 517 Apostolis
368 436 501 495 Christus
520 380 779 494 administrandum
800 434 991 494 mandaverat.
1030 435 1099 493 Non
1116 443 1163 492 est
1182 431 1237 513 igi·

107 527 156 573 tur
176 536 227 573 cur
247 513 341 595 legem
361 534 393 572 ac
415 511 543 605 regulam
560 511 701 589 Baptismi
722 531 755 569 ex
776 509 835 569 istis
855 510 969 570 duobus
989 509 1062 569 locis
1080 508 1236 587 petendam

109 591 306 663 contendant,
335 590 390 649 acsi
418 610 536 668 prrnram
558 587 770 649 institutionem
791 587 988 646 continerent
1038 586 1103 645 lloe
1128 596 1161 643 ut
1181 583 1236 643 illis

108 668 306 747 indulgeamus
327 677 468 739 erratum,
493 686 578 743 quam
600 685 722 722 nervosa
742 674 839 722 tamen
861 675 905 723 est
923 662 1031 723 isthaec
1051 672 1237 796 argumenta·

107 743 169 802 tio?
200 743 342 822 Equidem
371 744 395 801 ai
421 741 605 822 tergiversari
630 739 736 811 libeat,
768 760 829 798 non
849 738 979 811 latebra,
1010 739 1058 799 sed
1096 736 1237 798 atisaimus

108 840 224 898 campus
246 820 280 878 ad
302 820 502 898 ellugiendum
522 838 553 876 se
574 818 674 895 aperit
714 816 787 874 Nam
808 817 924 894 quando
945 817 983 875 ita
1003 815 1236 875 mordicus-ver·

111 896 213 954 borum
236 896 331 954 ordini
352 896 503 966 insistunt,
523 906 555 951 ut
574 892 711 971 quoniam
730 892 837 952 dictum
860 904 918 951 est:
948 892 1032 966 „lte,
1058 891 1234 972 praedicate,

109 983 138 1030 et
158 972 333 1051 baptizate‚“
352 973 436 1030 item:
457 970 540 1044 „Qui
561 967 719 1027 crediderit
739 981 768 1027 et
789 968 949 1047 baptizatus
970 967 1096 1027 luerit:“
1121 966 1238 1046 praedi-

110 1050 233 1106 candum
255 1049 332 1127 prius
353 1070 438 1126 quarn
460 1046 679 1125 baptizandum,
711 1057 740 1104 et
765 1045 943 1104 credendam
971 1046 1050 1122 prins
1078 1065 1162 1122 quam
1185 1042 1236 1102 ba-

108 1128 243 1202 ptismum
263 1125 459 1203 appetendum
480 1123 706 1182 ratiocinantur:
738 1142 791 1180 cur
814 1143 874 1180 uon
897 1133 927 1179 et
946 1143 1000 1179 noa
1019 1120 1141 1182 vicissim
1163 1121 1238 1179 exci-

110 1201 233 1278 piamus,
265 1200 470 1278 baptizandum
499 1211 654 1276 antequam
687 1197 848 1256 docendam
881 1217 980 1255 eorum
1008 1218 1082 1274 qnae
1104 1196 1237 1257 Christus

107 1278 257 1336 mandarit
277 1277 531 1336 observationem?
552 1293 657 1350 nempe
671 1295 759 1351 quum
776 1272 900 1332 dicatur:
921 1274 1108 1353 ,‚}laptizate,
1129 1274 1238 1332 docen-

107 1365 150 1411 tes
170 1374 287 1413 serrare
307 1373 498 1431 quaecunque
519 1351 654 1428 praecepi
675 1349 787 1409 vobis.“
827 1349 918 1423 Quod
940 1349 1014 1409 idem
1036 1351 1246 1411 annotavimus.

107 1433 192 1504 (sect.
212 1433 275 1503 25.)
296 1431 324 1487 iu
347 1428 393 1487 illa
416 1429 523 1488 Christi
543 1427 703 1497 sententia,
731 1446 804 1503 qrrae
825 1426 861 1484 de
882 1447 896 1484 a
921 1446 973 1483 uae
994 1440 1024 1485 et
1044 1426 1170 1504 Spiritus
1189 1447 1237 1486 re·

106 1506 298 1580 generatione
319 1526 413 1583 nuper
434 1505 521 1564 citata
542 1504 609 1561 suit:
638 1523 703 1560 nam
729 1503 752 1560 ai
774 1502 812 1561 ita
833 1447 1006 1580 inteiiigitur
1026 1514 1056 1562 ut
1078 1502 1237 1580 postulant,

107 1582 167 1640 illic
193 1594 272 1641 certe
299 1583 425 1660 priorem
446 1579 586 1714 spirituali
608 1577 834 1658 regeneratione
854 1578 1026 1655 baptismum
1049 1599 1110 1638 ease
1130 1601 1238 1640 conve-

107 1659 180 1730 niet,
201 1658 317 1736 quando
339 1658 437 1735 priore
468 1676 524 1716 oco
546 1655 722 1715 nominatur.
760 1655 830 1713 Non
851 1657 928 1713 enim
946 1675 1002 1715 nas
1023 1676 1056 1714 ex
1077 1655 1187 1735 Spiritu
1208 1669 1239 1717 et

108 1755 191 1812 aqua,
211 1734 261 1793 sed
283 1754 315 1791 ex
336 1756 408 1809 aqua
430 1744 460 1792 et
480 1733 591 1812 Spiritu
613 1731 830 1811 regenerandos
851 1731 940 1791 docet
960 1731 1103 1791 Christus.

183 1816 229 1874 28.
268 1812 328 1869 Iam
349 1811 527 1888 aliquantum
548 1828 688 1868 concussa
707 1807 823 1866 videtur
842 1807 1073 1889 inexpugnabilis
1100 1809 1170 1869 haec
1189 1833 1245 1871 ra·-

109 1890 169 1958 tio,
201 1908 256 1964 qua
276 1899 429 1966 tantopere
450 1885 617 1946 confidunt:
648 1904 748 1942 verum
770 1884 836 1959 quia
855 1884 922 1944 satis
942 1883 1081 1943 habet'in
1101 1884 1239 1965 simplici-

108 1975 167 2022 tate
188 1963 322 2041 praesidii
342 1963 480 2036 veritatis,
501 1961 615 2021 levibus
635 1959 776 2019 eiusmodi
796 1960 914 2037 argutiis
934 1959 1010 2020 elabi
1031 1961 1111 2021 nalo.
1165 1963 1240 2024 Soli-

109 2041 173 2098 dam
195 2059 266 2119 ergo
293 2040 514 2117 responsionem
544 2037 601 2098 sibi
625 2036 744 2094 habent.
796 2035 981 2096 Potissimum
1001 2037 1061 2096 hic
1081 2059 1096 2096 a
1118 2037 1238 2102 Christo

108 2117 144 2174 de
165 2116 360 2194 praedicando
380 2114 539 2207 Evangelio
561 2114 645 2173 datur
663 2113 843 2172 mandatum:
863 2114 910 2173 eui
930 2113 1097 2192 baptizandi
1107 2116 1239 2176 ministe-

107 2192 181 2251 rium
207 2191 297 2252 instar
320 2191 487 2271 appendicis
505 2190 659 2251 subnectit
699 2189 815 2247 Deinde
840 2210 901 2248 nen
927 2189 1012 2249 aliter
1033 2192 1068 2250 de
1087 2191 1239 2271 Baptismo

107 2289 204 2327 sermo
225 2266 359 2339 habetur,
379 2268 435 2327 nisi
455 2281 597 2348 quatenus
621 2266 746 2324 docendi
768 2266 913 2343 supctioni
939 2268 999 2327 eius
1025 2267 1237 2331 administratio

107 2344 215 2404 subest.
266 2342 425 2423 Apostolos
452 2345 528 2403 euim
555 2343 645 2401 mittit
665 2341 799 2402 Christus
824 2342 859 2401 ad
880 2342 1070 2425 Evangelinm
1096 2345 1239 2407 universis

108 2420 188 2480 orbis
209 2421 375 2480 natiouihus
397 2420 651 2500 promulgandum,
672 2431 704 2477 ut
724 2419 853 2498 undique
874 2419 902 2477 in
923 2441 1046 2501 regnum
1066 2444 1149 2481 suurn
1190 2444 1239 2482 er-

109 2498 186 2557 ditos
206 2511 273 2556 ante
295 2497 424 2557 homines
451 2496 583 2557 doctrina
607 2495 706 2554 salutis·
727 2496 876 2576 colligant.
929 2496 1014 2569 Quos
1044 2511 1139 2557 autern
1162 2445 1239 2575 iilos,

108 2586 158 2632 aut
178 2573 296 2653 quales?
328 2573 466 2647 Certum,
486 2573 593 2632 nullam
615 2572 668 2632 nisi
689 2573 725 2630 de
746 2573 789 2646 iis,
810 2573 859 2650 qui
879 2573 1030 2634 doctrinae
1052 2575 1236 2654 recipiendae

107 2672 191 2728 pares
211 2652 279 2722 sint,
302 2670 363 2709 esse
383 2650 572 2710 mentionem.
610 2648 683 2710 Post
702 2649 844 2730 adiungit,
864 2649 945 2722 tales,
965 2650 1013 2708 ubi
1028 2651 1152 2710 instituti
1174 2652 1238 2710 lue·

108 2727 176 2798 rint,
197 2746 257 2785 esse
278 2725 482 2804 baptizandas,
502 2727 600 2786 addita
621 2726 825 2803 promissione,
846 2726 908 2799 Qui
929 2726 1116 2800 crediderint,
1136 2739 1166 2784 et
1186 2728 1238 2793 ba„

110 2802 212 2871 ptizati
233 2803 351 2871 luerint,
371 2803 463 2860 salros
484 2802 557 2861 sore.
576 2833 615 2846 -
655 2803 700 2860 An
722 2802 757 2860 de
779 2801 937 2861 infantibus
957 2813 1021 2860 toto
1039 2801 1089 2860 illo
1100 2823 1237 2865 sermone

109 2874 154 2937 'vet
177 2897 232 2935 una
253 2887 297 2934 est
315 2876 443 2955 syllaba?
464 2878 549 2951 Quae
569 2878 660 2956 igitur
679 2876 759 2949 haee,
780 2878 1064 2956 quanosimpetunt,
1082 2899 1238 2956 argumen-

111 2953 228 3012 tationis
249 2953 304 3010 erit
326 2952 467 3011 formula?
488 2953 549 3026 Qui
570 2953 667 3012 adulta
686 2965 755 3011 sunt
773 2965 878 3025 aetate,
898 2965 965 3011 ante
976 2955 1147 3013 instituendi
1160 2969 1239 3031 sunt,

110 3042 142 3088 ut
161 3030 293 3099 credant,
313 3051 397 3108 quam
419 3029 594 3108 baptizandi.
633 3028 812 3108 Baptismum
833 3050 905 3111 ergo
926 3029 1086 3090 infantibus
1106 3053 1238 3091 comma·

109 3127 175 3166 rtem
199 3106 294 3164 lasere
315 3106 396 3164 arelas
416 3117 469 3165 est.
527 3106 613 3179 Non,
643 3106 666 3164 si
692 3125 722 3164 se
748 3119 899 3186 rumpant,
929 3107 1006 3165 aliud
1033 3127 1066 3167 ex
1091 3107 1148 3167 hec
1169 3107 1237 3170 lodo

109 3183 282 3253 ostendent,
315 3183 368 3241 uisi
397 3194 466 3240 aute
485 3182 710 3260 praedicandum
737 3202 798 3241 esse
824 3184 902 3242 Evan
927 3183 1013 3242 elium
1035 3185 1078 3256 iia,
1098 3188 1148 3263 qui
1168 3199 1238 3245 sunt

109 3258 245 3318 audiendi
272 3278 389 3336 capaces
414 3279 499 3336 quarn
532 3257 730 3394 baptizentur:
763 3260 878 3337 qnando
905 3202 941 3319 de
967 3259 1023 3319 illis
1055 3262 1239 3343 modoagi·

111 3347 166 3468 lup.
214 3335 309 3468 pade,
343 3336 366 3395 si
387 3345 523 3413 possunt,
555 3334 669 3395 oicem
696 3347 809 3395 struant
830 3336 1023 3417 impediendis
1050 3358 1065 3396 a
1089 3339 1238 3418 Baptismo

108 3412 137 3468 in
153 3412 211 3470 anti
235 3433 275 3469 us.

184 3494 230 3550 29.
270 3488 309 3546 At
328 3509 398 3548 vero
421 3474 480 3566 quo
500 3487 597 3547 coecis
617 3509 736 3580 quoque
756 3487 914 3569 palpabiles
939 3490 998 3549 sint
1024 3510 1126 3550 eorum
1157 3489 1239 3550 falla-

110 3564 182 3636 ciae,
203 3584 248 3622 eas
269 3565 424 3624 admodum
445 3566 595 3643 perspicua
614 3566 802 3625 similitudine
817 3566 965 3627 indicabo.
1006 3567 1105 3645 Siquis
1117 3567 1240 3626 alimen·

111 3641 145 3698 tis
166 3640 321 3717 privandos
340 3641 465 3700 iulaates
486 3640 634 3700 cavilletur
655 3641 710 3702 hoc
732 3655 891 3721 praetextu,
912 3643 991 3723 qued
1007 3642 1166 3722 Apostolus
1178 3665 1254 3717 non,

109 3716 253 3793 permittit
272 3729 304 3774 ut
325 3718 412 3775 edant
432 3718 485 3776 nisi
507 3717 557 3796 qui
576 3718 712 3778 laborant
731 3719 788 3794 (ΙΙ.
809 3720 911 3780 Thess.
930 3727 961 3795 3,
982 3722 1054 3796 lla),
1075 3739 1175 3777 nonne
1196 3720 1240 3778 di·

109 3814 184 3873 gnus
205 3793 260 3850 erit
281 3794 329 3870 qui
351 3792 385 3851 ab
412 3792 547 3853 omnibus
572 3796 769 3876 conspuatur?
802 3797 864 3857 Cur
890 3796 950 3857 ita?
982 3796 1060 3868 Quia
1092 3795 1170 3872 quod
1203 3796 1240 3855 de

110 3881 192 3928 certo
213 3889 322 3948 genere
343 3870 492 3929 hominum
514 3891 547 3929 ac
574 3884 654 3932 certa
684 3884 779 3931 aetate
804 3873 912 3932 dictum
938 3874 1047 3946 luerat,
1077 3871 1111 3930 ad
1138 3891 1240 3932 omnes

109 3945 314 4004 indifferenter
344 3948 427 4024 rapit.
474 3947 574 4006 Nihilo
605 3948 728 4007 istorum
754 3951 784 4007 iu
811 3949 957 4029 praesenti
982 3947 1177 4008 carnamaior
1197 3961 1241 4009 est
1287 3946 1290 3955 ’

110 4022 274 4080 dexteritas.
327 4024 417 4095 Quod
449 4024 525 4082 enim
557 4022 594 4082 ad
618 4023 908 4086 adultam'duntaxat
936 4037 1061 4084 aetatem
1091 4025 1240 4103 pertinere

110 4117 198 4156 nemo
221 4118 281 4156 non
302 4099 390 4172 videt,
410 4099 444 4157 ad
464 4100 592 4161 infantes
611 4101 743 4161 trahunt:
763 4115 796 4162 ut
815 4102 887 4162 haec
907 4121 1025 4182 quoque
1045 4116 1122 4160 aetas
1142 4101 1240 4160 subia-

110 4187 174 4234 ceat
193 4174 322 4256 regulae,
353 4194 426 4254 quae
453 4177 569 4237 nonnisi
593 4178 798 4257 grandioribus
817 4179 912 4259 posita
933 4179 1037 4238 luerat.
1056 4211 1094 4222 -
1135 4176 1241 4250 Quan-

112 4261 173 4309 tam
194 4251 229 4311 ad
251 4251 361 4312 Christi
381 4252 543 4330 exemplum
561 4260 679 4328 attinet,
712 4274 813 4314 eorum
833 4276 947 4317 causata
962 4273 1151 4334 nequaquam
1183 4252 1262 4329 tuta,

113 4326 160 4386 cit
198 4328 268 4388 Non
288 4340 356 4390 ante
375 4330 552 4392 tricesimum
572 4349 681 4393 annum
703 4343 746 4392 est
770 4331 939 4413 baptizatas.
984 4332 1096 4391 Verum
1121 4329 1152 4390 id
1176 4331 1240 4411 qui·
