2700 4732
24 228 29 235 -
108 174 199 267 κη’
358 167 362 173 ’
489 193 568 257 ern.
587 194 647 257 rr..
680 193 770 260 nee.
789 190 875 257 xttt

109 339 296 427 quantumvis
319 338 406 401 nobis
430 338 588 401 arrideant.
634 340 675 401 Et
693 351 774 400 certe
793 337 941 399 Dominus
966 336 1037 417 lpse
1060 332 1165 399 multia
1181 336 1245 401 lotia

109 443 173 483 uon
197 431 311 480 tautum
334 428 437 497 aperte
463 437 514 476 cos
540 416 667 498 respuit,
695 416 748 477 sed
772 416 899 496 graviter
923 413 1132 475 abominatur.
1177 415 1245 477 lliue

109 497 241 558 exoritur
265 493 396 555 devotis
418 492 575 567 dubitatio,
601 513 677 572 quae
706 505 822 572 praeter
854 510 1023 571 expressum
1044 490 1107 550 Dei
1134 490 1244 551 verbum

109 572 201 645 fiunt,
247 593 285 631 uo
306 569 374 631 loco
395 571 453 630 siut
472 568 623 644 babendo,
642 590 679 628 au
700 568 864 647 nuncupari
884 568 940 629 rite
959 565 1080 646 possint
1101 566 1141 627 ab
1162 566 1245 628 boni·

107 648 197 711 nibus
218 592 407 717 durissimis,
439 660 468 704 et
489 658 632 725 quatenus
654 665 705 705 eos
732 645 844 704 obstrin
868 656 926 703 aot.
970 644 1050 702 Nam
1072 642 1160 723 quod
1178 643 1244 703 iuter

109 724 244 786 bomines
264 723 369 784 dicitur
389 722 555 802 promissio,
574 720 603 780 id
623 721 681 780 Dei
700 734 837 800 respectu
847 664 958 781 i'otum
972 719 1159 855 appellatur.
1191 720 1244 781 llo·

108 801 236 863 minibus
265 811 362 859 autern
394 798 567 889 pollicemur
592 817 719 876 eaquae
743 795 789 857 vel
816 809 950 876 putamus
974 796 1037 857 ilis
1063 798 1137 857 lore
1163 808 1243 878 grati,

108 877 160 939 vel
180 895 255 957 quae
274 896 308 935 ex
328 874 428 935 officio
450 874 597 934 debemus.
640 875 747 954 Longe
771 873 861 955 igitur
879 873 1025 933 maiorem
1045 872 1079 932 iu
1101 874 1181 933 votis
1197 873 1241 933 ob·

109 953 284 1017 servantiam
305 971 368 1011 esse
393 949 494 1020 decet,
525 970 599 1028 quae
624 951 661 1010 ad
692 949 701 1008 i
724 972 785 1009 sum
806 950 918 1021 Deum,
946 969 1015 1009 eum
1041 968 1108 1029 quo
1134 948 1242 1009 mariue

109 1031 188 1095 serio
213 1027 437 1111 agendumest,
469 1026 643 1107 diriguntur.
693 973 751 1086 tlte
776 1026 879 1086 mirum
905 1025 936 1084 iu
961 1022 1091 1085 modum
1118 1024 1243 1086 omm'let

36 1130 43 1145 ·
74 1110 85 1171 ’.
109 1105 232 1169 saeculis
251 1115 383 1196 grassata·
398 1114 443 1162 est
460 1101 642 1182 superstitio:
674 1114 706 1163 ut
723 1101 860 1163 bomiues
879 1100 944 1161 siue
963 1099 1100 1172 iudicio,
1120 1100 1186 1163 siue
1201 1102 1242 1162 tle·

109 1182 200 1254 lectu,
220 1178 357 1261 quicquid
376 1181 406 1239 in
428 1191 566 1251 mentem,
586 1177 733 1239 ueletiam
754 1179 784 1237 iu
803 1178 922 1239 buccam
935 1180 1069 1249 veniret,
1090 1176 1164 1239 Deo
1183 1198 1241 1259 pro·

107 1260 189 1323 tinus
210 1267 362 1317 voverent„
402 1255 480 1315 llinc
500 1254 568 1314 illae
587 1265 724 1314 votorum
743 1255 882 1333 ineptiae,
901 1254 960 1314 imo
983 1255 1183 1336 prodigiosae
1198 1252 1243 1315 ab·

109 1333 264 1397 surditates
290 1331 366 1410 apud
387 1329 545 1404 Etbnicos,
575 1329 679 1410 quibus
709 1331 795 1390 nimis
827 1331 988 1390 insolenter
1015 1351 1087 1390 eum
1117 1330 1173 1391 diis
1194 1328 1244 1392 soit

109 1411 251 1473 luserunt.
289 1408 388 1487 Atque
408 1408 519 1467 utinam
540 1406 614 1467 banc
633 1407 750 1467 illorum
771 1407 918 1467 audaciam
939 1427 1002 1466 non
1024 1406 1138 1467 imitati
1158 1416 1243 1468 essert

109 1488 196 1548 etiam
218 1483 384 1546 Christiani.
431 1482 553 1542 Minime
577 1483 607 1541 id
627 1484 743 1562 quidem
764 1483 873 1542 decuit:
905 1482 956 1541 sed
976 1482 1119 1544 videmus
1144 1483 1244 1563 aliquot

108 1562 232 1627 saeculis
251 1559 324 1619 nibil
344 1559 431 1619 luisse
453 1559 503 1619 bac
523 1558 711 1637 improbitate
724 1560 868 1619 usitatius:
889 1557 1063 1649 utpopulus
1078 1570 1245 1651 contenpta

108 1637 215 1722 passim
234 1637 292 1696 Dei
312 1638 392 1715 Lege
405 1639 455 1711 ll),
475 1635 601 1695 vovendi
643 1637 760 1716 uicquid
782 1657 834 1714 per
853 1656 999 1695 sommum
1021 1637 1188 1707 arrisisset,
1204 1656 1243 1694 sn·

110 1735 183 1778 sano
205 1715 302 1774 studio
324 1725 403 1773 totus
423 1713 568 1793 flagraret.
614 1658 694 1772 tiolo
721 1713 823 1772 odiose
843 1730 1036 1792 exaggerare,
1064 1732 1128 1773 uec
1146 1711 1244 1796 sigilla-

108 1792 163 1854 tim
183 1810 354 1863 recensere,
384 1810 470 1867 quam
501 1787 627 1878 graviter
656 1810 703 1848 ac.
721 1801 795 1869 quot
818 1789 913 1850 modis
938 1787 985 1848 bic
1004 1801 1175 1868 peccatum
1197 1788 1243 1849 sit:

109 1868 161 1930 red
182 1867 239 1927 boc
260 1865 358 1926 obiter
378 1865 476 1925 dicere
496 1886 585 1924 visum
611 1876 671 1938 est,
701 1887 761 1945 quo
789 1864 893 1924 melius
921 1877 1083 1944 appareat,
1117 1887 1175 1926 nos
1196 1884 1243 1925 ue·

108 1965 254 2026 quaquam
275 1942 311 2002 de
331 1962 364 2001 re
387 1961 564 2021 supervacua
584 1941 786 2021 quaestionem
805 1941 974 2018 instituere,
1000 1962 1100 2021 quum
1120 1942 1160 2003 de
1176 1942 1243 2005 rot'r

108 2033 350 2160 met{inul’orro
369 2092 394 2155 si
413 2092 550 2155 nolumus
570 2113 668 2154 errare
686 2093 843 2155 iudicando
855 2103 1008 2173 quaevota
1027 2095 1094 2155 sint
1112 2093 1242 2190 legitima.

109 2193 185 2254 quae
205 2182 409 2254 praepostera,
441 2170 495 2229 tria
516 2171 680 2250 expendere
700 2174 852 2230 convenit:
874 2189 979 2251 nempe
1000 2172 1069 2250 quis
1091 2173 1133 2233 sit
1150 2196 1184 2245 rs,
1200 2172 1241 2233 σι’

107 2262 212 2310 votum
233 2258 433 2327 nuncupatur:
455 2247 505 2325 qui
525 2246 612 2309 simus
633 2268 687 2307 uos
706 2248 756 2327 qui
776 2267 928 2307 vovemus:
955 2267 1017 2325 quo
1039 2248 1148 2309 animo
1166 2249 1240 2309 deui-

108 2344 168 2405 que
186 2343 351 2385 voveamus.
390 2320 520 2382 Primum
540 2344 576 2385 eo
597 2335 725 2458 spectat,
746 2335 779 2385 ut
797 2325 959 2405 cogitemus
978 2322 1070 2385 nobis
1093 2346 1163 2385 cum
1181 2326 1240 2387 neo

108 2421 173 2463 esse
192 2399 358 2479 negotium:
389 2418 475 2478 quem
502 2399 577 2460 adeo
623 2400 729 2460 electat
754 2413 851 2461 nostra
872 2399 1063 2475 obedientia,
1097 2413 1134 2462 ut
1152 2403 1240 2459 tono

107 2483 257 2547 θρησκείας
275 2494 393 2546 omnes,
423 2475 583 2553 quamlibet
612 2478 643 2534 in
671 2476 763 2536 oculis
787 2477 937 2535 bominum
957 2478 1118 2556 speciosae
1138 2480 1240 2538 sintae

108 2549 291 2629 splendidae,
311 2548 476 2610 maledictas
497 2572 558 2611 esse
578 2555 752 2630 pronuntiet
772 2553 897 2632 (Col-2,
915 2554 987 2630 Β).
1029 2552 1064 2613 Si
1085 2552 1240 2615 volontarii

108 2647 211 2688 omnes
232 2626 336 2701 cultus,
357 2647 430 2706 quos
450 2627 505 2707 ipsi
524 2627 586 2686 sine
606 2624 750 2688 inandato'
765 2629 970 2710 excogitamus,
990 2627 1062 2690 Deo
1084 2644 1157 2691 suut
1174 2628 1240 2691 abo·

48 2736 55 2749 ·
108 2702 279 2777 mirabiles,
298 2703 444 2783 sequitur,
470 2703 580 2762 nullum
602 2707 628 2765 ei
649 2716 800 2784 acceptum
821 2725 881 2765 esse
903 2725 1006 2785 posse,
1031 2708 1094 2766 nisi
1116 2708 1167 2788 qui
1185 2707 1239 2766 eius

107 2779 200 2841 verbo
220 2779 411 2860 approbetur.
462 2780 542 2861 Ergo
569 2801 607 2840 ne
630 2792 742 2858 tantum
769 2782 902 2841 licentiae
927 2783 1012 2842 uobis
1033 2805 1196 2857 sumamus,
1211 2794 1239 2841 ut

107 2856 265 2918 audeamus
283 2856 351 2915 Deo
371 2877 478 2916 vovere
503 2859 581 2936 quod
603 2856 713 2917 nullum
739 2859 938 2918 testimouium
963 2857 1091 2933 habeat,
1123 2861 1239 2941 qualiter

107 2932 230 3013 abipso
251 2934 427 2993 aestimetur.
465 2934 538 2992 Nam
560 2934 762 3012 quodPaulus
783 2934 880 3008 docet,
921 2948 1053 2995 eccatum
1076 2957 1144 2998 esse
1183 2936 1238 2997 uie·

108 3008 178 3089 quid
198 3007 232 3067 fit
249 3009 359 3089 absque
380 3008 436 3068 fide
457 3008 557 3085 (llum.
577 3019 624 3083 14,
643 3012 722 3088 ιι),
758 3033 846 3088 quum
875 2955 917 3070 ad
936 3012 1071 3071 actiones
1101 3036 1161 3093 qua
1186 3012 1240 3073 'bet

107 3084 294 3159 extendatur,
328 3096 399 3144 tuuc
423 3098 504 3145 certe
531 3087 684 3167 praecipue
716 3086 812 3147 locum
839 3086 925 3147 babet
950 3087 1002 3146 ubi
1028 3089 1238 3169 cogitatione·

3 3196 13 3211 ι
105 3170 187 3221 tuam
210 3172 291 3221 reeta
314 3160 345 3218 iu
372 3160 469 3220 Deum
496 3161 605 3243 dirigis.
654 3163 719 3223 Imo
750 3166 772 3222 si
798 3164 828 3222 in
853 3163 979 3223 minimis
1005 3164 1177 3247 quibusque
1198 3168 1241 3245 (al

106 3236 166 3297 illie
187 3235 224 3295 de
253 3235 386 3295 ciborum
408 3236 572 3297 discrimine
592 3239 634 3298 dis
657 3251 718 3299 utat
736 3239 858 3317 Paulus)
889 3239 1015 3300 labimur
1035 3241 1085 3301 vel
1107 3262 1239 3317 erramus,

106 3310 159 3374 ubi
178 3333 242 3372 uon
261 3313 413 3392 praelucet
431 3313 499 3371 fidei
521 3261 681 3375 certitudo:
703 3328 812 3406 quanto
834 3317 897 3396 plus
914 3316 1081 3378 modestiae
1102 3318 1239 3381 adbiber-

107 3389 177 3449 dum
202 3399 257 3463 est,
281 3387 331 3447 ubi
356 3408 417 3449 rem
447 3391 561 3449 maximi
591 3393 730 3472 ponderis
750 3392 954 3474 aggredimur?
992 3392 1157 3473 Siquidem
1175 3392 1240 3456 nibil

25 3518 28 3523 .
105 3464 196 3546 magis
216 3463 321 3524 serium
343 3484 404 3524 esse
432 3467 515 3526 uobis
544 3468 629 3528 decet
653 3468 803 3551 religionis
832 3468 946 3529 officiis.
990 3469 1039 3529 Sit
1058 3470 1158 3554 igitur
1175 3472 1240 3534 baec
1281 3502 1284 3565 q

105 3541 199 3677 prima
220 3541 250 3600 in
269 3542 344 3600 votis
365 3543 478 3614 cautio,
509 3556 542 3604 ut
567 3566 715 3623 nunquam
740 3546 775 3605 ad
801 3545 908 3636 aliquid
928 3546 1100 3607 vovendum
1126 3549 1241 3610 descen·

127 3639 227 3690 amus,
274 3615 322 3676 uin
343 3629 425 3678 certo
451 3618 530 3697 prius
556 3622 735 3682 conscientia
762 3625 948 3682 constituerit
972 3643 1004 3681 se
1031 3624 1112 3685 nihil
1138 3628 1241 3687 temere

105 3705 231 3755 tentare.
300 3713 356 3753 unc
377 3706 473 3754 autem
493 3716 510 3754 a
530 3698 698 3758 temeritatis
719 3698 851 3777 periculo
871 3709 932 3758 tuta
955 3701 1023 3772 erit,
1043 3721 1141 3779 quum
1151 3703 1240 3764 Deum

105 3770 164 3832 sibi
192 3768 315 3830 babebit
343 3784 547 3860 praeeuntem,
577 3786 608 3834 et
632 3774 713 3855 quasi
737 3794 771 3834 ex
794 3774 887 3838 verbo
912 3794 967 3836 suo
992 3775 1161 3840 dictantem
1179 3776 1242 3862 quid

105 3847 186 3909 iactu
205 3844 318 3939 bonum
338 3858 376 3906 sit
394 3846 441 3905 vel
460 3848 573 3909 inutile.
646 3902 659 3928 δ

128 4177 155 4192 ..
173 4109 203 4180 ⁴)
219 4108 260 4164 Gi.
278 4110 418 4192 Psal.1l9.
452 4114 521 4166 Nun.
543 4115 644 4177 „iuravi
662 4131 688 4169 ot
707 4117 836 4170 stabiliam
861 4119 1072 4174 aduersandum
1092 4121 1192 4176 indicia
1207 4122 1244 4175 iu·

104 4191 187 4231 ebuso
208 4186 292 4231 tuae.“
343 4179 384 4230 lbi
406 4180 539 4235 Calvinus:
563 4203 618 4235 non
637 4205 712 4253 posse
736 4188 853 4237 damnari
871 4188 1019 4241 temeritatis
1038 4204 1132 4244 votum
1151 4205 1177 4243 et
1196 4191 1244 4243 bar·

104 4245 244 4298 iurandum
264 4249 297 4301 do
313 4250 437 4300 uuanda
457 4250 540 4315 Lege,
568 4252 628 4319 quia
645 4252 742 4306 nitatur
759 4253 810 4305 Dei
833 4256 1055 4322 promissionibus
1071 4258 1109 4313 tle
1126 4271 1245 4331 peceato·

104 4332 162 4365 rum
180 4312 332 4371 euolutam
348 4328 373 4366 et
390 4316 489 4386 Spiritu
506 4320 714 4383 regenerationis.
749 4319 807 4373 Vid.
824 4335 883 4375 sect.
898 4325 923 4378 li.
