2700 4732
483 222 558 285 urs.
577 224 634 285 nr.
674 224 762 288 cnr.
782 225 862 287 ιιι.
1084 192 1092 207 ’
1174 242 1246 304 -ss

111 386 173 451 que
191 368 334 429 eiusmodi
352 367 571 431 distinctionem
601 369 679 430 intcr
702 369 827 433 bonnis
852 381 883 432 ct
906 373 1003 453 turpia
1026 374 1157 440 facinora
1177 401 1239 443 non

110 444 205 507 modo
224 445 404 528 singsdnrunt
429 444 579 535 mentibus
597 445 744 507 Dominus
769 446 862 509 inscnl
884 448 937 524 sit,
960 449 1010 510 scd
1037 454 1239 532 providentiae

112 541 234 614 qnoque
250 541 320 583 suae
332 521 546 602 dispensatione
564 540 652 601 saepe
663 523 826 583 coufirmat·
883 524 994 587 idemus
1014 528 1091 587 enim
1110 543 1144 591 ut
1162 532 1239 593 mul-

75 652 78 657 .
110 613 150 661 trs
169 600 329 681 praesentis
347 598 424 659 vitee
442 596 697 659 benedictionibus
722 614 917 681 prosequatur
936 622 998 676 eos,
1016 604 1067 696 qui
1085 605 1165 667 inter
1183 608 1238 671 bo·

110 678 207 738 mines
225 674 360 737 vimutem
380 673 492 735 colunt.
535 673 603 733 Non
624 675 704 754 quod
731 686 848 737 externa
867 676 914 738 illa
933 680 1047 739 virtutis
1066 680 1161 764 imago
1181 684 1238 744 mi-

111 754 223 815 nimum
247 750 309 811 eius
337 750 513 810 beneficium
538 763 699 821 mercetur:
729 751 781 812 sed
812 752 851 814 ita
881 752 978 835 placet
1001 755 1043 815 illi
1061 758 1238 837 approbare,

111 841 298 921 quantopere
318 827 401 888 enrdi
424 826 463 886 sit
484 825 540 886 sibi
559 847 627 887 vers
646 827 770 903 iustitia,
795 828 863 891 dum
889 842 1035 891 externam
1060 853 1179 912 quoque
1204 847 1235 897 et

110 904 273 968 nmnlstssn
291 901 446 984 temporali
464 906 700 964 remuneratione
720 924 820 967 carere
839 926 901 967 non
919 907 1037 986 patitur.
1082 908 1170 971 Unde
1187 930 1237 973 se·

112 978 319 1071 uniturqund
343 1000 438 1059 nuper
461 978 587 1039 confessi
611 1002 725 1056 sumus,
756 980 813 1041 Dei
838 1001 899 1043 esse
924 983 1001 1044 dona
1021 983 1176 1075 qualescun
1199 1004 1238 1047 uc
1306 1016 1311 1033 ·

109 1058 180 1119 istas
199 1066 319 1118 virtutes
338 1067 389 1116 aut
406 1056 543 1116 virtutum
563 1056 661 1135 potius
679 1056 835 1137 imsgines:
865 1059 984 1137 quando
1007 1059 1083 1121 mhtt
1103 1075 1147 1124 est
1172 1008 1233 1125 dtu

109 1132 203 1197 rnodo
222 1131 365 1193 lsndabile
384 1131 465 1225 quod
484 1152 546 1191 nou
566 1131 601 1191 ab
622 1132 686 1212 ipso
705 1132 912 1214 proficiscatur.

188 1214 217 1275 3.
254 1208 346 1287 niqui
375 1208 565 1269 nibilominus
589 1228 688 1268 verum
715 1222 759 1269 est
783 1210 863 1290 quod
882 1212 1105 1293 Augustinus
1130 1212 1234 1275 scribit

110 1286 210 1369 [cont.
221 1282 445 1363 Iulien.lib.l.]‚
465 1283 660 1345 omneseDei
681 1285 765 1344 unius
783 1284 927 1368 religione
944 1288 1054 1349 alienos
1086 1300 1237 1371 utcunque

109 1362 151 1425 ols
170 1359 286 1425 virtutis
305 1360 476 1441 opinionem
495 1359 681 1422 admirabiles
700 1360 878 1438 habeantur,
907 1383 968 1425 non
993 1332 1084 1425 modo
1108 1363 1166 1425 ulla
1185 1384 1236 1427 re·

107 1436 315 1501 muneratione
335 1435 455 1517 dignos,
485 1434 536 1496 sed
561 1436 651 1516 magis
675 1436 843 1516 punitione:
896 1439 954 1498 und
979 1462 1052 1519 pure
1070 1440 1129 1501 Dei
1154 1441 1236 1504 bona

108 1514 209 1577 cordis
226 1511 272 1573 sui
290 1511 454 1592 pollutione
465 1512 674 1572 contaminant.
711 1514 773 1573 Etsi
792 1514 869 1574 enirn
912 1515 939 1577 ei
956 1516 1148 1579 instrumenta
1166 1529 1236 1580 sunt

109 1590 146 1653 ad
167 1588 404 1664 conservandam,
423 1588 540 1661 iustitia,
559 1588 749 1664 continentia,
768 1590 906 1665 amicitis,
926 1590 984 1652 teni
1007 1595 1126 1667 crantin,
1146 1594 1235 1654 lorti-

108 1664 222 1740 tndine,
241 1664 405 1746 prudentis,
421 1663 571 1724 bominum
581 1664 761 1740 societatem,
784 1664 862 1727 bona
875 1679 973 1727 tamen
986 1613 1061 1729 baec
1074 1668 1132 1728 Dei
1144 1689 1235 1750 opere

131 1742 233 1805 essime
252 1752 462 1821 exsequuntur:
482 1741 549 1821 quia
569 1761 629 1799 non
649 1740 764 1801 sincero
777 1741 846 1802 boni
856 1743 963 1819 studio,
980 1744 1032 1807 sed
1042 1744 1087 1805 vel
1098 1744 1160 1805 sola
1172 1766 1234 1805 sm-

132 1817 292 1892 'tione,vel
304 1818 468 1891 amoresui,
487 1815 533 1877 vel
552 1815 722 1895 alioquovis
742 1817 863 1897 obliquo
884 1818 992 1881 ellectu
1012 1824 1200 1881 continentur
1216 1843 1236 1884 a

107 1892 319 1975 meleagendo.
353 1894 453 1985 Quum
465 1908 536 1973 ergo
549 1892 584 1952 nb
601 1893 661 1981 ipse
680 1893 776 1954 cordis
795 1894 972 1973 impuritate,
989 1896 1095 1956 reluta
1111 1918 1161 1957 sne
1173 1899 1235 1959 ori·

108 1972 181 2057 gine
199 1982 338 2051 corrupta
355 1982 430 2043 sint,
454 1990 514 2028 non
541 1990 630 2049 uragu
649 1970 726 2029 inter
745 1970 865 2030 virtutes
885 1971 1021 2050 ponende
1042 1984 1129 2033 erunt
1169 1995 1234 2035 uem

105 2047 190 2122 vitia,
209 2044 333 2126 quaeob
353 2045 523 2108 affinitatem
543 2066 576 2106 ac
595 2044 813 2106 similitudinem
825 2046 940 2107 virtutis
957 2049 996 2107 im
1019 2068 1110 2108 onere
1128 1994 1235 2111 edient.
1318 2090 1321 2095 -

106 2124 248 2203 Denique
267 2144 356 2203 quum
375 2134 548 2203 perpetuum
569 2140 630 2181 esse
654 2122 868 2183 meminerimus
894 2124 967 2183 recti
1007 2143 1091 2199 nem,
1113 2136 1147 2185 ut
1166 2124 1235 2187 Deo

107 2192 266 2277 serviatur,
285 2199 422 2279 quicquid
441 2198 498 2263 alio
519 2197 682 2272 contendit,
700 2199 755 2257 ism
774 2198 881 2258 merito
902 2200 1008 2260 amittit
1021 2201 1095 2261 recti
1113 2219 1233 2263 nomen.

107 2277 188 2355 Quia
207 2296 280 2358 ergo
298 2296 419 2355 scopum
439 2295 500 2332 non
520 2272 689 2353 respiciunt,
708 2294 794 2353 quem
813 2272 871 2333 Dei
888 2276 1030 2355 sapientia
1048 2276 1234 2355 praescribit:

105 2352 225 2415 temetsi
255 2352 354 2414 officio
386 2351 497 2411 bonum
517 2351 635 2410 videtur
659 2350 738 2429 quod
759 2362 865 2431 agunt,
895 2350 954 2413 line
976 2364 1074 2412 tamen
1093 2373 1235 2445 perverso

129 2440 260 2517 ecpstnm
280 2439 331 2488 est
384 2426 545 2487 Constituit
569 2427 673 2518 igitur²
705 2447 806 2487 omnes
825 2427 992 2505 Fabricius,
1024 2428 1179 2509 Scipiones
1204 2440 1235 2490 et

107 2452 241 2570 betones
260 2506 291 2565 in
312 2504 368 2564 illis
383 2505 440 2564 suis
453 2503 607 2583 praeclaris
619 2502 795 2564 iecinoribus
815 2503 871 2563 hoc
891 2525 1036 2583 peccasse,
1055 2507 1235 2585 quodquam

106 2582 177 2647 fidei
195 2582 262 2657 luce
285 2592 434 2655 carerent,
464 2600 527 2638 non
546 2579 581 2639 ad
603 2599 669 2638 eum
688 2578 774 2638 finem
799 2580 808 2639 i
830 2602 859 2640 ss
879 2580 1059 2654 retulerunt,
1083 2581 1118 2641 ad
1146 2601 1235 2661 quern

105 2660 220 2721 referre
238 2656 419 2719 debuerunt:
452 2677 513 2714 non
534 2655 620 2717 luisse
641 2676 713 2736 ergo
740 2655 769 2714 in
792 2602 848 2716 iliis
867 2676 963 2717 veram
983 2656 1137 2734 iustitiam,
1167 2658 1235 2737 quia
1279 2660 1288 2683 ’

106 2757 171 2797 non
190 2734 302 2795 actibus
320 2734 371 2793 sed
390 2732 495 2791 linibus
515 2744 672 2812 pensantur
691 2731 795 2791 officia.

185 2816 216 2875 4.
252 2810 409 2870 Praeterea
433 2810 456 2869 si
476 2827 578 2867 verum
599 2807 741 2886 estquod
761 2808 887 2867 loannes
907 2807 963 2881 sit,
983 2828 1044 2867 non
1064 2828 1126 2868 esse
1144 2807 1231 2869 vitam

108 2898 191 2950 extre
209 2886 313 2945 Filium
332 2885 390 2943 Dei
410 2884 448 2962 (l.
461 2886 624 2964 cp.5,l·2.):
645 2883 695 2963 qui
714 2896 825 2961 partem
844 2884 873 2942 in
896 2882 1014 2943 Christo
1034 2904 1096 2942 nnn
1117 2883 1236 2959 babent,

107 2962 210 3045 quales
230 2962 326 3043 quales
342 2964 410 3034 sint,
430 2960 568 3040 quicquid
580 2973 678 3040 agant,
697 2959 744 3020 vel
762 2957 930 3033 moliantur,
944 2958 981 3017 in
1000 2960 1116 3018 exitium
1138 2972 1235 3019 tamen

106 3052 305 3117 aeternaeque
323 3038 425 3097 mortis
445 3038 582 3096 iudicium
603 3049 668 3095 toto
689 3058 773 3097 cursu
794 3047 928 3115 pergunt
972 3034 1141 3097 Secundum
1160 3034 1236 3097 lssnc

106 3116 255 3177 rationem
273 3114 344 3175 illud
364 3112 400 3172 ab
420 3113 627 3194 Augustino
648 3111 755 3171 dictum
777 3122 821 3171 cst
841 3111 890 3191 [ad
911 3111 1010 3170 Bouil.
1024 3110 1116 3175 titus
1135 3132 1159 3170 c.
1171 3110 1234 3193 5.]:

106 3190 248 3273 „netigto
269 3202 368 3251 nostra
388 3188 478 3249 iustos
497 3188 533 3249 ab
555 3187 665 3248 iniustis
685 3209 746 3246 uon
767 3207 907 3268 operum,
930 3186 979 3247 sed
1000 3188 1061 3266 ipss
1081 3186 1149 3246 fidei
1168 3187 1236 3268 lege

107 3267 286 3347 „discernite
315 3267 377 3325 sine
419 3288 454 3323 us
474 3284 549 3344 quae
568 3264 706 3324 sidentur
731 3262 809 3323 bona
834 3284 941 3342 opera,
974 3264 1004 3322 in
1030 3274 1148 3343 peccata
1166 3283 1234 3325 ver-

105 3350 264 3423 ‚,tuutur.“
285 3286 486 3417 Quamobrem
499 3339 574 3399 belle
588 3340 663 3398 idem
674 3340 735 3419 ipse
745 3339 814 3399 alibi
827 3339 935 3420 [prael.
948 3341 977 3398 in
991 3338 1146 3418 Psal.31.],
1166 3340 1235 3399 dum

105 3420 210 3485 talium
240 3419 390 3479 bominum
420 3416 545 3476 studium
572 3436 698 3476 erroneo
728 3419 823 3476 cursui
853 3428 1009 3495 comparet.
1061 3417 1132 3489 Quo
1157 3416 1235 3475 enim

106 3496 201 3579 magis
220 3506 339 3557 strenue
358 3493 450 3552 currit
468 3494 532 3572 quis
559 3504 638 3551 extre
656 3494 747 3567 vium,
771 3512 806 3552 co
826 3490 944 3572 longius
963 3513 979 3553 a
1002 3512 1094 3571 scopo
1115 3490 1236 3566 recedit,

106 3576 238 3652 ideoque
258 3572 291 3632 fit
310 3570 453 3630 miserior.
498 3569 598 3643 Quare
624 3567 726 3627 melius
751 3586 811 3627 csse
836 3567 990 3627 contendit
1013 3566 1041 3625 in
1063 3567 1106 3627 via
1127 3565 1237 3625 claudi-

108 3668 190 3724 care,
210 3668 296 3727 quam
317 3646 478 3706 extravism
500 3664 627 3703 currere.
665 3644 820 3702 Postremo
841 3642 929 3702 malus
950 3662 1010 3702 esse
1022 3642 1143 3701 arbores
1164 3661 1236 3700 con-

107 3736 182 3798 stat,
213 3723 331 3804 quando
354 3723 418 3782 sine
439 3721 548 3780 Christi
580 3720 842 3779 communicatione
867 3719 947 3779 nulla
965 3729 1009 3777 est
1031 3716 1234 3777 sanctificatio:

108 3800 231 3882 pulcros
251 3819 321 3879 ergo
343 3809 373 3857 et
392 3810 511 3877 aspectu
534 3796 697 3876 speciosos,
721 3807 808 3875 gustu
827 3795 913 3853 etism
932 3813 1033 3853 suaves
1054 3792 1163 3853 lructns
1182 3811 1236 3873 ge-

108 3896 217 3937 nerare
237 3886 375 3956 possunt:
396 3873 492 3933 bonos
512 3893 605 3951 nequa
629 3893 702 3930 uam.
739 3871 817 3931 Hinc
836 3870 920 3930 facile
931 3869 1074 3928 cernimus
1094 3887 1155 3929 csse
1174 3888 1236 3928 nra-

108 3952 261 4027 ledictum,
281 3970 335 4009 nec
354 3950 444 4009 modo
464 3947 570 4009 nullius
589 3894 626 4007 nd
644 3948 779 4007 iustitiam
794 3946 891 4026 pretii,
909 3945 960 4005 sed
981 3946 1052 4004 certi
1070 3944 1102 4003 in
1120 3944 1236 4004 damne-

109 4030 225 4089 tionem
245 4027 358 4101 meriti,
378 4024 516 4161 ‹puicquid
536 4024 661 4106 cogitet,
686 4023 857 4157 meditatur*1
884 4018 998 4101 perficit
1021 4018 1128 4095 bomo,
1152 4029 1237 4079 ente·

110 4103 292 4241 sinte
312 4099 723 4238 venusttum
741 4095 1068 4233 tinnites
1092 4094 1237 4234 ιιι

110 4202 176 4317 biti
192 4275 254 4317 csse
274 4222 307 4315 ui
325 4201 388 4315 iine
407 4254 464 4315 fide
483 4201 623 4335 qdispium
643 4248 756 4330 placeat
776 4248 841 4311 Deo
861 4192 1102 4385 (Hei-pllsassi?
1142 4192 1162 4253 p

138 4356 230 4401 cattini
243 4356 361 4401 liutitutio
377 4356 408 4401 ll.

1196 4500 1248 4563 ,Ιχ-
