2700 4732
527 244 602 309 un
621 244 663 307 ll.
702 243 792 307 CAP.
811 243 848 305 Χ.
1202 234 1262 315 287

121 392 370 475 rosemcepertr,
388 390 519 484 declarat
535 391 609 473 lpse,
627 391 712 485 qnod
727 402 798 485 post
811 376 963 483 diutupnas
981 390 1132 483 lacrymas,
1149 390 1262 484 solqtiis
1303 414 1312 431 -·

122 470 265 534 omnibns
278 471 357 531 riam
377 469 526 563 obstinate
545 469 664 561 claudit
682 468 756 529 mbrl
775 467 831 528 srln
850 466 995 560 reliquum
1015 467 1134 542 faciens,
1153 491 1209 529 mss
1229 480 1263 530 ut

121 547 475 699 ltttltrtlllt
491 545 1262 701 litttttt‘tlitttnaltaalta*lt}

123 700 244 763 foetere
262 700 352 761 modu
374 700 486 760 fecerat
504 701 578 779 apud
601 718 702 759 omnes
729 698 858 775 regionis
887 698 1013 767 incolas,
1046 699 1097 757 sed
1121 719 1262 779 praesen-

122 778 269 841 tissimum
302 776 516 867 internecionis
548 776 708 867 periculqm
738 777 780 835 illi
806 786 955 835 creaverat
975 772 1078 910 §Gen
1105 796 1168 854 cap.
1187 780 1261 854 at),

121 866 253 991 quantae
272 854 437 928 anxietatis,
462 853 572 926 luctus,
597 853 684 913 taedn
709 870 813 912 causae
833 850 937 910 erant?

1000 852 1116 930 equitur
1136 853 1261 912 borren-

146 952 197 991 um
216 929 289 991 illud
309 930 451 1013 flagitium
472 929 577 989 liuben
597 928 803 1009 primogeniti,
822 948 882 1007 quo
903 926 974 987 nibil
992 932 1108 1021 pravius
1127 929 1261 989 accidere

125 1018 244 1090 peterat
262 1004 360 1087 (Gen.
377 1012 433 1082 36,
449 1007 524 1084 22).
562 1007 637 1065 Nam
657 1027 744 1085 quum
766 1005 843 1064 inter
861 1025 972 1064 summa
990 1004 1153 1066 infurtunia
1172 1025 1262 1085 repo·

102 1096 215 1157 ,natur
231 1082 330 1145 uxoris
349 1082 493 1175 pollutio,
514 1082 584 1162 qnid
604 1081 759 1141 dicendum
779 1082 833 1154 sit,
860 1080 912 1140 nbi
932 1102 948 1141 a
968 1082 1091 1162 propriu
1110 1081 1172 1142 lilio
1192 1102 1262 1177 per-

126 1172 272 1242 petratum
294 1172 339 1220 est
357 1160 386 1218 sd
406 1158 517 1219 scelus?
555 1158 716 1237 Aliquanto
737 1169 804 1237 pust
826 1156 921 1217 alteru
945 1157 1058 1218 incestu
1077 1170 1262 1221 contamma-

126 1250 177 1298 tur
195 1236 302 1297 familia
321 1234 476 1315 (Gen.38,
496 1237 570 1311 18),
589 1247 622 1293 ut
641 1234 904 1295 constantissimum
924 1234 1033 1315 alioqui
1054 1246 1085 1294 et
1102 1234 1260 1297 infractum

125 1312 338 1375 calamitatibus
357 1315 485 1374 animnm
510 1324 558 1371 tot
577 1311 722 1371 dedecora
744 1310 917 1371 labefactare
935 1312 1072 1372 debeant.
1126 1312 1189 1371 Sub
1208 1333 1260 1373 es-

124 1402 253 1451 tremum
279 1392 372 1461 vitae,
401 1389 470 1448 dum
501 1408 570 1449 suae
602 1409 636 1448 ac
659 1410 778 1448 suorum
803 1387 917 1446 inediae
940 1407 1111 1447 succurrere
1136 1392 1261 1469 quaerit,

124 1467 198 1527 novi
217 1466 374 1527 infortunii
393 1467 500 1526 nuntio
521 1464 704 1545 percellitur,
749 1464 778 1524 ui
803 1461 940 1545 intelligit
966 1464 1057 1524 filium
1083 1463 1206 1525 alterum
1228 1469 1259 1526 in

122 1542 250 1605 vinculis
267 1542 405 1616 detineri,
446 1562 511 1602 uem
531 1553 564 1601 nt
583 1542 715 1621 recipiat,
761 1541 884 1600 eniamin
904 1541 1023 1601 unicum
1041 1536 1261 1603 sunm'deside-

124 1619 204 1679 rium
223 1620 394 1701 permittere
413 1564 475 1679 aliis
494 1619 612 1711 cogitur
631 1616 725 1696 (Gen.
745 1637 832 1751 capp·
848 1622 895 1679 42
916 1629 946 1676 et
963 1620 1038 1697 ss).
1079 1619 1154 1695 Quis
1175 1632 1260 1700 putet

123 1696 157 1755 in
177 1707 258 1757 tauta
275 1696 418 1757 malorum
430 1714 571 1777 congerie
589 1706 770 1754 momentum
789 1693 832 1753 ils
848 1692 957 1769 datum,
969 1716 1029 1774 quo
1041 1695 1143 1753 saltem
1156 1716 1260 1757 secure

125 1772 454 1911 sennam
472 1770 1084 1925 nn⁰a22ee³.„⁶as:a‘,aera
1100 1771 1260 1925 tran

199 1927 355 2001 continuas
373 1926 502 1986 miserias
521 1925 607 1984 vitam
627 1943 658 1984 se
678 1868 850 2003 tradsegisse
868 1916 1062 2057 pronuntiat,
1073 1890 1169 2003 'negat
1188 1946 1261 2005 pru·

140 2014 209 2063 ecto
227 2022 293 2063 eam
312 2003 537 2083 prosperitatem
556 2020 588 2062 se
607 2001 746 2075 sensisse,
768 2019 842 2078 quae
861 1996 892 2057 il

127 2080 239 2143 furrata
271 2080 354 2162 Ergo
374 2091 424 2139 ant
442 2077 586 2158 malignus
600 2076 790 2157 ingratusque
801 2076 859 2135 Dei
878 2077 990 2157 gratiae
1009 2078 1177 2137 aestimator
1196 2088 1261 2139 erat

127 2152 241 2228 Iacob,
260 2167 313 2216 aut
331 2176 401 2216 sere
419 2176 451 2216 se
477 2156 613 2215 miserum
641 2156 779 2215 fuissem
802 2172 835 2211 er
853 2164 960 2212 terram
981 2154 1185 2232 profitebatur.
1225 2155 1259 2216 Si

126 2252 198 2292 vera
219 2231 275 2292 fuit
292 2232 462 2307 affirmatio,
486 2231 634 2311 sequitur,
657 2250 719 2291 non
747 2174 879 2290 babuisse
904 2228 998 2311 ipsum
1018 2232 1150 2311 spemin
1170 2230 1259 2294 rebus

125 2309 255 2369 terrenis
273 2308 403 2371 deliram.

205 2390 253 2450 13-
291 2384 324 2445 Si
342 2383 435 2446 sancti
461 2385 506 2444 isti
526 2384 628 2445 Patres
651 2382 744 2462 (quod
768 2382 871 2460 utique
896 2381 1091 2444 indubitatum
1110 2384 1169 2462 est)
1184 2384 1260 2446 bes·

126 2474 187 2521 tam
207 2462 296 2521 vitam
316 2473 518 2541 exspectarunt
538 2482 556 2521 e
574 2481 661 2519 manu
682 2461 756 2534 llei,
786 2460 870 2519 aliam
902 2480 988 2538 quam
1015 2462 1163 2522 terrestris
1182 2463 1259 2522 vitae

126 2538 339 2598 beatitudinem
367 2551 398 2598 et
421 2539 588 2616 cogitarunt
614 2549 643 2595 et
667 2537 811 2596 viderunt.
856 2538 947 2611 Quod
973 2539 1057 2597 etiam
1083 2540 1259 2619 pulcerrime

127 2614 258 2675 ostendit
278 2614 439 2708 Apostolus
459 2614 567 2693 (llebr.
583 2616 758 2689 11t,9.t⁰.):
778 2613 883 2687 „ttae
902 2613 1006 2692 inquit,
1027 2617 1194 2676 demoratus
1214 2629 1259 2677 est

127 2691 298 2767 „Abrabam
308 2715 338 2752 m
349 2703 428 2751 terra
447 2692 648 2773 promissionis
662 2702 797 2769 tanquam
817 2690 993 2771 alienigena,
1011 2691 1043 2749 in
1054 2692 1155 2753 casulis
1177 2694 1260 2752 babi-

127 2767 252 2845 „tandm
271 2790 337 2828 cum
358 2769 436 2845 lsaae
456 2781 486 2828 et
505 2767 596 2828 lscob
616 2767 801 2827 consortibus
821 2767 949 2825 eiusdem
969 2768 1163 2827 baereditatis.
1203 2770 1260 2827 Ex·

126 2844 322 2923 „spectabant
340 2847 422 2904 enim
439 2843 516 2905 bene
535 2843 683 2903 fundatam
704 2843 961 2915 civitatem,·cuins
981 2844 1079 2923 opifex
1099 2866 1132 2903 ac
1152 2845 1259 2905 cundi.

126 2933 199 2995 „tor
216 2920 330 2982 Deus.“
374 2922 410 2980 ln
430 2921 487 2981 fide
507 2920 637 2980 defuncti
657 2932 725 2979 sunt
745 2940 846 2978 omnes
873 2919 934 2992 isti,
959 2940 1019 2979 nnn
1040 2922 1165 2999 acceptis
1187 2943 1258 3002 pro-

120 2997 329 3058 missionibus:
350 2999 400 3058 sed
412 2999 514 3079 procul
527 3008 574 3057 eas
589 2997 787 3076 inspicientes,
796 3017 829 3055 ac
841 2995 1005 3072 credentes,
1025 2998 1259 3078 confitentesque

126 3073 208 3153 quod
229 3074 358 3154 hospites
377 3088 406 3135 et
427 3075 560 3154 inquilini
580 3074 680 3132 forent
698 3094 786 3164 snper
804 3084 921 3131 terram.
961 3073 1209 3156 Quosignificant
1226 3094 1259 3137 se

126 3149 252 3229 patriam
271 3151 444 3231 inquireres·
456 3163 485 3210 et
504 3152 527 3212 si
547 3150 692 3209 desiderio
712 3168 772 3209 erus
788 3171 874 3230 quarn
895 3148 1076 3229 reliquerant
1095 3151 1164 3212 tacti
1185 3151 1259 3213 fuis·

125 3237 209 3299 sent,
237 3239 301 3287 erat
330 3228 452 3287 facultas
471 3227 650 3288 revertendi:
682 3227 732 3286 sed
757 3226 909 3286 meliorem
928 3228 1122 3306 appetebant,
1151 3248 1217 3288 nem
1241 3248 1259 3289 e

123 3302 296 3362 coelestem.
336 3306 423 3364 Unde
442 3305 523 3363 Deus
543 3326 604 3363 non
625 3303 772 3363 erubescit
789 3304 888 3364 vocari
908 3324 1010 3364 eorum
1023 3305 1117 3365 Deus:
1137 3251 1256 3385 quando

125 3378 242 3457 paravit
265 3379 321 3440 illis
345 3382 500 3441 civitatem.
554 3380 707 3458 Stipitibus
732 3382 809 3440 enim
837 3381 1002 3441 obtusiorcs
1027 3380 1163 3458 fuissent,
1191 3395 1257 3443 tam

123 3454 318 3536 pertinaciter
337 3459 546 3549 promissiones
565 3458 777 3533 consectando,
797 3478 918 3549 quarum
938 3457 1017 3517 nulla
1036 3479 1102 3538 spcs
1120 3459 1151 3518 in
1172 3462 1258 3523 terris

122 3530 300 3611 apparebat,
318 3535 372 3594 msi
392 3534 638 3614 complementum
659 3554 758 3594 esrum
777 3534 848 3593 alibi
868 3545 1090 3613 exspectassent.
1130 3537 1165 3595 ld
1185 3558 1256 3598 vero

119 3607 281 3687 imprimis,
298 3630 359 3669 non
378 3611 441 3670 sine
461 3611 576 3669 ratione
596 3632 631 3667 ur
653 3621 697 3682 et,
717 3611 796 3689 quod
817 3629 886 3690 pere
909 3612 1101 3687 cinationem,
1121 3611 1195 3673 banc
1214 3615 1257 3674 vi-
1343 3644 1348 3651 ·

119 3696 187 3744 tam
209 3699 426 3765 nuncuparunt:
447 3686 571 3768 qualiter
590 3628 737 3746 ultores
758 3687 849 3746 refert
868 3629 1085 3764 (diendm).
1124 3689 1157 3747 Si
1178 3691 1257 3750 enim

118 3758 281 3853 peregrini
299 3773 329 3820 et
346 3761 479 3854 inquilini
499 3775 567 3822 sunt
585 3762 615 3821 in
636 3775 712 3822 terra
729 3762 861 3835 Canaan,
879 3764 930 3823 nbi
948 3765 1103 3845 promissio
1122 3765 1257 3842 Donsini,

116 3856 185 3915 que
214 3832 290 3895 sllms
314 3841 450 3899 consttuti
476 3850 563 3899 erant
585 3838 743 3899 baeredes?
781 3838 935 3900 Manifeste
961 3860 1032 3923 ergo
1059 3840 1170 3902 indicat
1189 3843 1256 3903 lon·
1300 3916 1303 3921 Ι

113 3912 190 3994 gius
214 3923 356 3989 spectare,
376 3916 454 3994 qnod
467 3916 503 3976 de
516 3917 699 3997 possessione
719 3915 775 3976 illis
787 3917 933 3975 Dominus
944 3917 1127 3998 promiserat.
1153 3919 1256 3993 Quere

113 3987 237 4068 perlem
258 3986 380 4052 interra
401 3992 517 4053 Canaan
538 4012 599 4050 non
619 3992 831 4072 acquisierunt,
856 3993 910 4054 nisi
929 3994 959 4052 in
984 3995 1163 4087 sepulcrum:
1194 4016 1255 4076 quo

109 4060 313 4123 testabantur
334 4085 364 4125 se
388 4089 504 4147 sperare
529 4068 655 4127 finctum
679 4069 881 4148 promissionis
905 4070 1023 4162 nonnis!
1043 4083 1256 4150 postmortem

106 4149 335 4290 astillat,
354 4145 1256 4304 „litttrlt‘t‘llssztt’citati:stl'tzt‘tllttl

104 4289 289 4379 sationem:
309 4311 358 4380 cnr
373 4296 476 4380 loseph
520 4308 567 4357 ost
586 4297 698 4377 aliquot
716 4298 828 4358 saecula
848 4300 998 4359 transferri
1018 4319 1082 4359 ossa
1102 4322 1163 4375 sna,
1181 4302 1256 4361 iam-

103 4362 240 4444 pridem
265 4383 294 4420 m
314 4387 435 4433 crirerem
455 4319 594 4453 collapsa,
612 4376 742 4436 voluerit
760 4374 853 4453 (Gen.
866 4382 915 4454 47,
933 4380 980 4441 29.
999 4382 1047 4442 ³0.
1067 4388 1098 4437 et
1115 4384 1164 4456 6⁰,
1182 4381 1254 4458 25).

894 1998 903 2058 i
923 2021 939 2060 a
958 2000 1091 2059 Domino
1117 2002 1260 2081 promissa
