<?xml version="1.0" encoding="UTF-8"?>
<!DOCTYPE html PUBLIC "-//W3C//DTD XHTML 1.0 Transitional//EN"
    "http://www.w3.org/TR/xhtml1/DTD/xhtml1-transitional.dtd">
<html xmlns="http://www.w3.org/1999/xhtml" xml:lang="en" lang="en">
 <head>
  <title>
</title>
<meta http-equiv="Content-Type" content="text/html;charset=utf-8" />
  <meta name='ocr-system' content='tesseract 3.04.00' />
  <meta name='ocr-capabilities' content='ocr_page ocr_carea ocr_par ocr_line ocrx_word'/>
</head>
<body>
  <div class='ocr_page' id='page_1' title='image "./ioanniscalvinii02tholgoog_0654.png"; bbox 0 0 2700 4732; ppageno 0'>
   <div class='ocr_carea' id='block_1_1' title="bbox 471 228 1236 302">
    <p class='ocr_par' dir='ltr' id='par_1_1' title="bbox 471 228 1236 302">
     <span class='ocr_line' id='line_1_1' title="bbox 471 228 1236 302; baseline 0.012 -11"><span class='ocrx_word' id='word_1_1' title='bbox 471 230 548 291; x_wconf 81' lang='lat' dir='ltr'><strong>uu.</strong></span> <span class='ocrx_word' id='word_1_2' title='bbox 568 230 625 290; x_wconf 87' lang='lat' dir='ltr'><strong>Ill.</strong></span> <span class='ocrx_word' id='word_1_3' title='bbox 664 228 753 292; x_wconf 78' lang='lat' dir='ltr'><strong>cte.</strong></span> <span class='ocrx_word' id='word_1_4' title='bbox 771 228 864 291; x_wconf 78' lang='lat' dir='ltr'><strong>XXV.</strong></span> <span class='ocrx_word' id='word_1_5' title='bbox 1177 236 1236 302; x_wconf 76' lang='lat'><strong>173</strong></span> 
     </span>
    </p>
   </div>
   <div class='ocr_carea' id='block_1_2' title="bbox 58 373 1326 4421">
    <p class='ocr_par' dir='ltr' id='par_1_2' title="bbox 62 373 1243 463">
     <span class='ocr_line' id='line_1_2' title="bbox 62 373 1243 463; baseline -0.003 -22"><span class='ocrx_word' id='word_1_6' title='bbox 62 436 65 441; x_wconf 88' lang='lat'><em>.</em></span> <span class='ocrx_word' id='word_1_7' title='bbox 105 397 182 463; x_wconf 86' lang='lat' dir='ltr'><strong>quae</strong></span> <span class='ocrx_word' id='word_1_8' title='bbox 200 396 256 437; x_wconf 89' lang='lat' dir='ltr'><strong>nos</strong></span> <span class='ocrx_word' id='word_1_9' title='bbox 276 375 358 452; x_wconf 86' lang='lat' dir='ltr'><strong>latet,</strong></span> <span class='ocrx_word' id='word_1_10' title='bbox 377 376 456 455; x_wconf 86' lang='lat' dir='ltr'><strong>quasi</strong></span> <span class='ocrx_word' id='word_1_11' title='bbox 469 373 642 456; x_wconf 76' lang='lat' dir='ltr'><strong>fugitantem</strong></span> <span class='ocrx_word' id='word_1_12' title='bbox 662 373 795 435; x_wconf 88' lang='lat' dir='ltr'><strong>umbram</strong></span> <span class='ocrx_word' id='word_1_13' title='bbox 804 385 930 454; x_wconf 88' lang='lat' dir='ltr'><strong>captare.</strong></span> <span class='ocrx_word' id='word_1_14' title='bbox 967 374 1104 456; x_wconf 87' lang='lat' dir='ltr'><strong>Denique</strong></span> <span class='ocrx_word' id='word_1_15' title='bbox 1122 396 1243 439; x_wconf 88' lang='lat' dir='ltr'><strong>sorsum.</strong></span> 
     </span>
    </p>

    <p class='ocr_par' dir='ltr' id='par_1_3' title="bbox 104 449 1277 844">
     <span class='ocr_line' id='line_1_3' title="bbox 106 449 1235 531; baseline -0.004 -13"><span class='ocrx_word' id='word_1_16' title='bbox 106 468 138 518; x_wconf 91' lang='lat' dir='ltr'><strong>et</strong></span> <span class='ocrx_word' id='word_1_17' title='bbox 157 454 305 524; x_wconf 90' lang='lat' dir='ltr'><strong>deorsum,</strong></span> <span class='ocrx_word' id='word_1_18' title='bbox 324 474 340 513; x_wconf 93' lang='lat' dir='ltr'><strong>a</strong></span> <span class='ocrx_word' id='word_1_19' title='bbox 360 452 459 512; x_wconf 89' lang='lat' dir='ltr'><strong>fronte</strong></span> <span class='ocrx_word' id='word_1_20' title='bbox 479 462 510 510; x_wconf 89' lang='lat' dir='ltr'><strong>et</strong></span> <span class='ocrx_word' id='word_1_21' title='bbox 527 471 544 511; x_wconf 86' lang='lat' dir='ltr'><strong>a</strong></span> <span class='ocrx_word' id='word_1_22' title='bbox 561 462 649 531; x_wconf 88' lang='lat' dir='ltr'><strong>tergo</strong></span> <span class='ocrx_word' id='word_1_23' title='bbox 662 449 810 510; x_wconf 84' lang='lat' dir='ltr'><strong>violentae</strong></span> <span class='ocrx_word' id='word_1_24' title='bbox 825 471 880 511; x_wconf 92' lang='lat' dir='ltr'><strong>nos</strong></span> <span class='ocrx_word' id='word_1_25' title='bbox 898 452 1076 513; x_wconf 80' lang='lat' dir='ltr'><strong>tentationes</strong></span> <span class='ocrx_word' id='word_1_26' title='bbox 1088 454 1235 529; x_wconf 81' lang='lat' dir='ltr'><strong>obsident,</strong></span> 
     </span>
     <span class='ocr_line' id='line_1_4' title="bbox 105 526 1235 613; baseline -0.001 -21"><span class='ocrx_word' id='word_1_27' title='bbox 105 531 213 613; x_wconf 89' lang='lat' dir='ltr'><strong>quibus</strong></span> <span class='ocrx_word' id='word_1_28' title='bbox 231 529 417 602; x_wconf 78' lang='lat' dir='ltr'><strong>sustinendis,</strong></span> <span class='ocrx_word' id='word_1_29' title='bbox 436 526 525 606; x_wconf 89' lang='lat' dir='ltr'><strong>longe</strong></span> <span class='ocrx_word' id='word_1_30' title='bbox 545 538 642 586; x_wconf 89' lang='lat' dir='ltr'><strong>essent</strong></span> <span class='ocrx_word' id='word_1_31' title='bbox 661 526 748 586; x_wconf 91' lang='lat' dir='ltr'><strong>animi</strong></span> <span class='ocrx_word' id='word_1_32' title='bbox 768 528 862 589; x_wconf 89' lang='lat' dir='ltr'><strong>nostri</strong></span> <span class='ocrx_word' id='word_1_33' title='bbox 881 529 1014 606; x_wconf 86' lang='lat' dir='ltr'><strong>impares,</strong></span> <span class='ocrx_word' id='word_1_34' title='bbox 1034 529 1087 588; x_wconf 91' lang='lat' dir='ltr'><strong>nisi</strong></span> <span class='ocrx_word' id='word_1_35' title='bbox 1108 530 1235 607; x_wconf 81' lang='lat' dir='ltr'><strong>expliciti</strong></span> 
     </span>
     <span class='ocr_line' id='line_1_5' title="bbox 104 603 1277 683; baseline -0.006 -12"><span class='ocrx_word' id='word_1_36' title='bbox 104 609 194 671; x_wconf 89' lang='lat' dir='ltr'><strong>rebus</strong></span> <span class='ocrx_word' id='word_1_37' title='bbox 224 606 363 680; x_wconf 89' lang='lat' dir='ltr'><strong>terrenis,</strong></span> <span class='ocrx_word' id='word_1_38' title='bbox 396 604 516 664; x_wconf 88' lang='lat' dir='ltr'><strong>coelesti</strong></span> <span class='ocrx_word' id='word_1_39' title='bbox 547 604 638 677; x_wconf 86' lang='lat' dir='ltr'><strong>vitae,</strong></span> <span class='ocrx_word' id='word_1_40' title='bbox 669 623 743 682; x_wconf 88' lang='lat' dir='ltr'><strong>quae</strong></span> <span class='ocrx_word' id='word_1_41' title='bbox 771 603 800 661; x_wconf 90' lang='lat' dir='ltr'><strong>in</strong></span> <span class='ocrx_word' id='word_1_42' title='bbox 830 605 956 683; x_wconf 90' lang='lat' dir='ltr'><strong>speciem</strong></span> <span class='ocrx_word' id='word_1_43' title='bbox 985 603 1089 683; x_wconf 91' lang='lat' dir='ltr'><strong>procul</strong></span> <span class='ocrx_word' id='word_1_44' title='bbox 1122 620 1236 668; x_wconf 87' lang='lat' dir='ltr'><strong>remota</strong></span> <span class='ocrx_word' id='word_1_45' title='bbox 1270 650 1277 664; x_wconf 87' lang='lat'><strong>.</strong></span> 
     </span>
     <span class='ocr_line' id='line_1_6' title="bbox 106 678 1235 761; baseline -0.004 -14"><span class='ocrx_word' id='word_1_46' title='bbox 106 699 162 761; x_wconf 89' lang='lat' dir='ltr'><strong>est,</strong></span> <span class='ocrx_word' id='word_1_47' title='bbox 182 684 307 744; x_wconf 86' lang='lat' dir='ltr'><strong>devincti</strong></span> <span class='ocrx_word' id='word_1_48' title='bbox 325 693 431 741; x_wconf 89' lang='lat' dir='ltr'><strong>esseut.</strong></span> <span class='ocrx_word' id='word_1_49' title='bbox 457 682 558 753; x_wconf 85' lang='lat' dir='ltr'><strong>Quare</strong></span> <span class='ocrx_word' id='word_1_50' title='bbox 568 678 617 737; x_wconf 88' lang='lat' dir='ltr'><strong>ille</strong></span> <span class='ocrx_word' id='word_1_51' title='bbox 628 679 744 738; x_wconf 88' lang='lat' dir='ltr'><strong>demum</strong></span> <span class='ocrx_word' id='word_1_52' title='bbox 765 679 858 739; x_wconf 90' lang='lat' dir='ltr'><strong>solide</strong></span> <span class='ocrx_word' id='word_1_53' title='bbox 877 683 908 738; x_wconf 91' lang='lat' dir='ltr'><strong>in</strong></span> <span class='ocrx_word' id='word_1_54' title='bbox 920 681 1081 761; x_wconf 74' lang='lat' dir='ltr'><strong>Evangelio</strong></span> <span class='ocrx_word' id='word_1_55' title='bbox 1097 683 1235 760; x_wconf 89' lang='lat' dir='ltr'><strong>profecit,</strong></span> 
     </span>
     <span class='ocr_line' id='line_1_7' title="bbox 107 755 1234 844; baseline -0.003 -22"><span class='ocrx_word' id='word_1_56' title='bbox 107 764 159 844; x_wconf 89' lang='lat' dir='ltr'><strong>qui</strong></span> <span class='ocrx_word' id='word_1_57' title='bbox 171 760 206 822; x_wconf 87' lang='lat' dir='ltr'><strong>ad</strong></span> <span class='ocrx_word' id='word_1_58' title='bbox 219 758 387 819; x_wconf 91' lang='lat' dir='ltr'><strong>continuam</strong></span> <span class='ocrx_word' id='word_1_59' title='bbox 408 756 511 815; x_wconf 90' lang='lat' dir='ltr'><strong>beatae</strong></span> <span class='ocrx_word' id='word_1_60' title='bbox 531 755 751 814; x_wconf 87' lang='lat' dir='ltr'><strong>resurrectionis</strong></span> <span class='ocrx_word' id='word_1_61' title='bbox 763 755 984 815; x_wconf 73' lang='lat' dir='ltr'><strong>meditationem</strong></span> <span class='ocrx_word' id='word_1_62' title='bbox 996 758 1170 818; x_wconf 86' lang='lat' dir='ltr'><strong>assuefactus</strong></span> <span class='ocrx_word' id='word_1_63' title='bbox 1183 771 1234 819; x_wconf 88' lang='lat' dir='ltr'><strong>est.</strong></span> 
     </span>
    </p>

    <p class='ocr_par' dir='ltr' id='par_1_4' title="bbox 91 830 1326 3279">
     <span class='ocr_line' id='line_1_8' title="bbox 183 830 1236 911; baseline 0 -17"><span class='ocrx_word' id='word_1_64' title='bbox 183 843 212 901; x_wconf 77' lang='lat'><strong>2.</strong></span> <span class='ocrx_word' id='word_1_65' title='bbox 249 835 296 894; x_wconf 90' lang='lat' dir='ltr'><strong>De</strong></span> <span class='ocrx_word' id='word_1_66' title='bbox 324 853 437 893; x_wconf 89' lang='lat' dir='ltr'><strong>summo</strong></span> <span class='ocrx_word' id='word_1_67' title='bbox 461 831 527 890; x_wconf 76' lang='lat' dir='ltr'><strong>fine</strong></span> <span class='ocrx_word' id='word_1_68' title='bbox 552 830 698 890; x_wconf 90' lang='lat' dir='ltr'><strong>bonorum</strong></span> <span class='ocrx_word' id='word_1_69' title='bbox 730 832 812 891; x_wconf 79' lang='lat' dir='ltr'><strong>auxie</strong></span> <span class='ocrx_word' id='word_1_70' title='bbox 836 832 1020 911; x_wconf 91' lang='lat' dir='ltr'><strong>disputarunt</strong></span> <span class='ocrx_word' id='word_1_71' title='bbox 1043 834 1113 892; x_wconf 93' lang='lat' dir='ltr'><strong>olim</strong></span> <span class='ocrx_word' id='word_1_72' title='bbox 1138 834 1236 911; x_wconf 86' lang='lat' dir='ltr'><strong>philo·</strong></span> 
     </span>
     <span class='ocr_line' id='line_1_9' title="bbox 106 910 1234 996; baseline 0 -24"><span class='ocrx_word' id='word_1_73' title='bbox 106 914 209 996; x_wconf 64' lang='lat' dir='ltr'><strong>sophi,</strong></span> <span class='ocrx_word' id='word_1_74' title='bbox 233 922 320 990; x_wconf 87' lang='lat' dir='ltr'><strong>atque</strong></span> <span class='ocrx_word' id='word_1_75' title='bbox 341 911 427 968; x_wconf 87' lang='lat' dir='ltr'><strong>etium</strong></span> <span class='ocrx_word' id='word_1_76' title='bbox 446 910 524 967; x_wconf 89' lang='lat' dir='ltr'><strong>inter</strong></span> <span class='ocrx_word' id='word_1_77' title='bbox 542 927 573 967; x_wconf 92' lang='lat' dir='ltr'><strong>se</strong></span> <span class='ocrx_word' id='word_1_78' title='bbox 594 918 754 966; x_wconf 72' lang='lat' dir='ltr'><strong>certarunt:</strong></span> <span class='ocrx_word' id='word_1_79' title='bbox 780 928 868 967; x_wconf 92' lang='lat' dir='ltr'><strong>nemo</strong></span> <span class='ocrx_word' id='word_1_80' title='bbox 889 920 1004 983; x_wconf 89' lang='lat' dir='ltr'><strong>tamen,</strong></span> <span class='ocrx_word' id='word_1_81' title='bbox 1023 923 1144 990; x_wconf 86' lang='lat' dir='ltr'><strong>excepto</strong></span> <span class='ocrx_word' id='word_1_82' title='bbox 1166 911 1234 972; x_wconf 86' lang='lat' dir='ltr'><strong>Pla-</strong></span> 
     </span>
     <span class='ocr_line' id='line_1_10' title="bbox 107 982 1235 1069; baseline -0.001 -19"><span class='ocrx_word' id='word_1_83' title='bbox 107 1005 197 1064; x_wconf 87' lang='lat' dir='ltr'><strong>tooe,</strong></span> <span class='ocrx_word' id='word_1_84' title='bbox 228 986 348 1069; x_wconf 86' lang='lat' dir='ltr'><strong>agnovit</strong></span> <span class='ocrx_word' id='word_1_85' title='bbox 377 1004 518 1045; x_wconf 90' lang='lat' dir='ltr'><strong>summum</strong></span> <span class='ocrx_word' id='word_1_86' title='bbox 544 983 669 1043; x_wconf 90' lang='lat' dir='ltr'><strong>hominis</strong></span> <span class='ocrx_word' id='word_1_87' title='bbox 693 982 804 1042; x_wconf 92' lang='lat' dir='ltr'><strong>bonum</strong></span> <span class='ocrx_word' id='word_1_88' title='bbox 830 1003 891 1044; x_wconf 91' lang='lat' dir='ltr'><strong>esse</strong></span> <span class='ocrx_word' id='word_1_89' title='bbox 917 985 976 1045; x_wconf 91' lang='lat' dir='ltr'><strong>eius</strong></span> <span class='ocrx_word' id='word_1_90' title='bbox 996 986 1235 1049; x_wconf 90' lang='lat' dir='ltr'><strong>coniunctionem</strong></span> 
     </span>
     <span class='ocr_line' id='line_1_11' title="bbox 91 1058 1236 1142; baseline -0.003 -13"><span class='ocrx_word' id='word_1_91' title='bbox 91 1088 176 1129; x_wconf 84' lang='lat' dir='ltr'><strong>¹eum</strong></span> <span class='ocrx_word' id='word_1_92' title='bbox 195 1064 277 1123; x_wconf 81' lang='lat' dir='ltr'><strong>Deo:</strong></span> <span class='ocrx_word' id='word_1_93' title='bbox 308 1061 399 1142; x_wconf 89' lang='lat' dir='ltr'><strong>qualis</strong></span> <span class='ocrx_word' id='word_1_94' title='bbox 428 1072 524 1122; x_wconf 88' lang='lat' dir='ltr'><strong>autem</strong></span> <span class='ocrx_word' id='word_1_95' title='bbox 558 1058 628 1118; x_wconf 88' lang='lat' dir='ltr'><strong>haec</strong></span> <span class='ocrx_word' id='word_1_96' title='bbox 653 1072 744 1133; x_wconf 89' lang='lat' dir='ltr'><strong>esset,</strong></span> <span class='ocrx_word' id='word_1_97' title='bbox 773 1081 828 1121; x_wconf 90' lang='lat' dir='ltr'><strong>nec</strong></span> <span class='ocrx_word' id='word_1_98' title='bbox 855 1060 981 1120; x_wconf 87' lang='lat' dir='ltr'><strong>obscuro</strong></span> <span class='ocrx_word' id='word_1_99' title='bbox 1006 1063 1123 1140; x_wconf 87' lang='lat' dir='ltr'><strong>quidem</strong></span> <span class='ocrx_word' id='word_1_100' title='bbox 1170 1077 1236 1125; x_wconf 91' lang='lat' dir='ltr'><strong>ustu</strong></span> 
     </span>
     <span class='ocr_line' id='line_1_12' title="bbox 108 1083 1234 1220; baseline -0.004 -16"><span class='ocrx_word' id='word_1_101' title='bbox 108 1144 218 1206; x_wconf 89' lang='lat' dir='ltr'><strong>sentire</strong></span> <span class='ocrx_word' id='word_1_102' title='bbox 238 1141 349 1220; x_wconf 89' lang='lat' dir='ltr'><strong>potuit:</strong></span> <span class='ocrx_word' id='word_1_103' title='bbox 370 1157 425 1197; x_wconf 89' lang='lat' dir='ltr'><strong>nec</strong></span> <span class='ocrx_word' id='word_1_104' title='bbox 445 1137 564 1209; x_wconf 88' lang='lat' dir='ltr'><strong>mirum,</strong></span> <span class='ocrx_word' id='word_1_105' title='bbox 584 1145 617 1193; x_wconf 91' lang='lat' dir='ltr'><strong>ut</strong></span> <span class='ocrx_word' id='word_1_106' title='bbox 636 1137 686 1214; x_wconf 90' lang='lat' dir='ltr'><strong>qui</strong></span> <span class='ocrx_word' id='word_1_107' title='bbox 707 1136 742 1195; x_wconf 87' lang='lat' dir='ltr'><strong>de</strong></span> <span class='ocrx_word' id='word_1_108' title='bbox 761 1157 844 1196; x_wconf 86' lang='lat' dir='ltr'><strong>sacro</strong></span> <span class='ocrx_word' id='word_1_109' title='bbox 864 1135 941 1197; x_wconf 89' lang='lat' dir='ltr'><strong>illius</strong></span> <span class='ocrx_word' id='word_1_110' title='bbox 959 1136 1078 1199; x_wconf 76' lang='lat' dir='ltr'><strong>vinculo</strong></span> <span class='ocrx_word' id='word_1_111' title='bbox 1098 1083 1170 1200; x_wconf 68' lang='lat' dir='ltr'><strong>nihil</strong></span> <span class='ocrx_word' id='word_1_112' title='bbox 1190 1140 1234 1200; x_wconf 92' lang='lat' dir='ltr'><strong>di-</strong></span> 
     </span>
     <span class='ocr_line' id='line_1_13' title="bbox 108 1210 1236 1295; baseline -0.004 -14"><span class='ocrx_word' id='word_1_113' title='bbox 108 1221 228 1281; x_wconf 88' lang='lat' dir='ltr'><strong>dicerat.</strong></span> <span class='ocrx_word' id='word_1_114' title='bbox 267 1214 360 1275; x_wconf 91' lang='lat' dir='ltr'><strong>Nobis</strong></span> <span class='ocrx_word' id='word_1_115' title='bbox 380 1215 464 1274; x_wconf 89' lang='lat' dir='ltr'><strong>unica</strong></span> <span class='ocrx_word' id='word_1_116' title='bbox 490 1222 520 1271; x_wconf 86' lang='lat' dir='ltr'><strong>et</strong></span> <span class='ocrx_word' id='word_1_117' title='bbox 546 1210 675 1290; x_wconf 88' lang='lat' dir='ltr'><strong>perfecta</strong></span> <span class='ocrx_word' id='word_1_118' title='bbox 702 1211 822 1271; x_wconf 83' lang='lat' dir='ltr'><strong>felicitas</strong></span> <span class='ocrx_word' id='word_1_119' title='bbox 848 1214 877 1272; x_wconf 96' lang='lat' dir='ltr'><strong>in</strong></span> <span class='ocrx_word' id='word_1_120' title='bbox 904 1213 957 1273; x_wconf 86' lang='lat' dir='ltr'><strong>hac</strong></span> <span class='ocrx_word' id='word_1_121' title='bbox 977 1235 1094 1295; x_wconf 90' lang='lat' dir='ltr'><strong>quoque</strong></span> <span class='ocrx_word' id='word_1_122' title='bbox 1119 1227 1236 1278; x_wconf 89' lang='lat' dir='ltr'><strong>terrena</strong></span> 
     </span>
     <span class='ocr_line' id='line_1_14' title="bbox 108 1287 1236 1378; baseline -0.003 -23"><span class='ocrx_word' id='word_1_123' title='bbox 108 1292 349 1378; x_wconf 88' lang='lat' dir='ltr'><strong>peregrinatione</strong></span> <span class='ocrx_word' id='word_1_124' title='bbox 369 1300 438 1349; x_wconf 86' lang='lat' dir='ltr'><strong>n&#39;ota</strong></span> <span class='ocrx_word' id='word_1_125' title='bbox 459 1300 514 1347; x_wconf 84' lang='lat' dir='ltr'><strong>est:</strong></span> <span class='ocrx_word' id='word_1_126' title='bbox 534 1287 584 1346; x_wconf 89' lang='lat' dir='ltr'><strong>sed</strong></span> <span class='ocrx_word' id='word_1_127' title='bbox 619 1306 671 1345; x_wconf 90' lang='lat' dir='ltr'><strong>uae</strong></span> <span class='ocrx_word' id='word_1_128' title='bbox 690 1289 733 1347; x_wconf 90' lang='lat' dir='ltr'><strong>sui</strong></span> <span class='ocrx_word' id='word_1_129' title='bbox 753 1288 897 1348; x_wconf 88' lang='lat' dir='ltr'><strong>desiderio</strong></span> <span class='ocrx_word' id='word_1_130' title='bbox 917 1292 1007 1351; x_wconf 85' lang='lat' dir='ltr'><strong>corda</strong></span> <span class='ocrx_word' id='word_1_131' title='bbox 1025 1302 1126 1351; x_wconf 87' lang='lat' dir='ltr'><strong>nostra</strong></span> <span class='ocrx_word' id='word_1_132' title='bbox 1144 1294 1236 1374; x_wconf 88' lang='lat' dir='ltr'><strong>magis</strong></span> 
     </span>
     <span class='ocr_line' id='line_1_15' title="bbox 108 1309 1234 1451; baseline -0.002 -21"><span class='ocrx_word' id='word_1_133' title='bbox 108 1394 144 1434; x_wconf 86' lang='lat' dir='ltr'><strong>ac</strong></span> <span class='ocrx_word' id='word_1_134' title='bbox 164 1369 252 1451; x_wconf 87' lang='lat' dir='ltr'><strong>magis</strong></span> <span class='ocrx_word' id='word_1_135' title='bbox 272 1367 404 1447; x_wconf 90' lang='lat' dir='ltr'><strong>quotidie</strong></span> <span class='ocrx_word' id='word_1_136' title='bbox 425 1363 572 1438; x_wconf 83' lang='lat' dir='ltr'><strong>accendit,</strong></span> <span class='ocrx_word' id='word_1_137' title='bbox 598 1309 699 1423; x_wconf 68' lang='lat' dir='ltr'><strong>donec</strong></span> <span class='ocrx_word' id='word_1_138' title='bbox 724 1362 810 1442; x_wconf 91' lang='lat' dir='ltr'><strong>plena</strong></span> <span class='ocrx_word' id='word_1_139' title='bbox 832 1366 931 1425; x_wconf 77' lang='lat' dir='ltr'><strong>fruitio</strong></span> <span class='ocrx_word' id='word_1_140' title='bbox 952 1387 1006 1426; x_wconf 90' lang='lat' dir='ltr'><strong>nos</strong></span> <span class='ocrx_word' id='word_1_141' title='bbox 1024 1368 1119 1427; x_wconf 87' lang='lat' dir='ltr'><strong>satiet.</strong></span> <span class='ocrx_word' id='word_1_142' title='bbox 1160 1369 1234 1429; x_wconf 89' lang='lat' dir='ltr'><strong>Ideo</strong></span> 
     </span>
     <span class='ocr_line' id='line_1_16' title="bbox 108 1440 1236 1523; baseline -0.004 -13"><span class='ocrx_word' id='word_1_143' title='bbox 108 1448 166 1509; x_wconf 78' lang='lat' dir='ltr'><strong>dixi</strong></span> <span class='ocrx_word' id='word_1_144' title='bbox 186 1466 219 1505; x_wconf 82' lang='lat' dir='ltr'><strong>ex</strong></span> <span class='ocrx_word' id='word_1_145' title='bbox 231 1443 341 1506; x_wconf 88' lang='lat' dir='ltr'><strong>Christi</strong></span> <span class='ocrx_word' id='word_1_146' title='bbox 361 1440 507 1502; x_wconf 86' lang='lat' dir='ltr'><strong>beneficiis</strong></span> <span class='ocrx_word' id='word_1_147' title='bbox 528 1440 654 1499; x_wconf 91' lang='lat' dir='ltr'><strong>fructum</strong></span> <span class='ocrx_word' id='word_1_148' title='bbox 675 1461 736 1499; x_wconf 92' lang='lat' dir='ltr'><strong>non</strong></span> <span class='ocrx_word' id='word_1_149' title='bbox 757 1441 918 1523; x_wconf 81' lang='lat' dir='ltr'><strong>percipere,</strong></span> <span class='ocrx_word' id='word_1_150' title='bbox 938 1444 991 1502; x_wconf 89' lang='lat' dir='ltr'><strong>nisi</strong></span> <span class='ocrx_word' id='word_1_151' title='bbox 1012 1443 1062 1522; x_wconf 91' lang='lat' dir='ltr'><strong>qui</strong></span> <span class='ocrx_word' id='word_1_152' title='bbox 1082 1444 1117 1504; x_wconf 91' lang='lat' dir='ltr'><strong>ad</strong></span> <span class='ocrx_word' id='word_1_153' title='bbox 1138 1465 1236 1505; x_wconf 89' lang='lat' dir='ltr'><strong>resur-</strong></span> 
     </span>
     <span class='ocr_line' id='line_1_17' title="bbox 108 1515 1236 1600; baseline -0.004 -14"><span class='ocrx_word' id='word_1_154' title='bbox 108 1522 272 1586; x_wconf 84' lang='lat' dir='ltr'><strong>rectionem</strong></span> <span class='ocrx_word' id='word_1_155' title='bbox 293 1519 404 1579; x_wconf 88' lang='lat' dir='ltr'><strong>animos</strong></span> <span class='ocrx_word' id='word_1_156' title='bbox 423 1515 569 1577; x_wconf 89' lang='lat' dir='ltr'><strong>attollunt.</strong></span> <span class='ocrx_word' id='word_1_157' title='bbox 616 1515 708 1575; x_wconf 88' lang='lat' dir='ltr'><strong>Sicuti</strong></span> <span class='ocrx_word' id='word_1_158' title='bbox 733 1515 811 1577; x_wconf 87' lang='lat' dir='ltr'><strong>huuc</strong></span> <span class='ocrx_word' id='word_1_159' title='bbox 835 1538 957 1597; x_wconf 90' lang='lat' dir='ltr'><strong>scopum</strong></span> <span class='ocrx_word' id='word_1_160' title='bbox 977 1519 1109 1600; x_wconf 84' lang='lat' dir='ltr'><strong>praefigit</strong></span> <span class='ocrx_word' id='word_1_161' title='bbox 1127 1520 1236 1583; x_wconf 80' lang='lat' dir='ltr'><strong>Paululi</strong></span> 
     </span>
     <span class='ocr_line' id='line_1_18' title="bbox 109 1593 1236 1675; baseline -0.004 -14"><span class='ocrx_word' id='word_1_162' title='bbox 109 1598 244 1662; x_wconf 87' lang='lat' dir='ltr'><strong>fidelibus</strong></span> <span class='ocrx_word' id='word_1_163' title='bbox 263 1595 354 1675; x_wconf 87' lang='lat' dir='ltr'><strong>(Phil.</strong></span> <span class='ocrx_word' id='word_1_164' title='bbox 373 1601 404 1666; x_wconf 85' lang='grc'><strong>3,</strong></span> <span class='ocrx_word' id='word_1_165' title='bbox 423 1595 477 1670; x_wconf 85' lang='grc'>8.),</span> <span class='ocrx_word' id='word_1_166' title='bbox 496 1593 531 1651; x_wconf 91' lang='lat' dir='ltr'><strong>ad</strong></span> <span class='ocrx_word' id='word_1_167' title='bbox 552 1611 637 1670; x_wconf 90' lang='lat' dir='ltr'><strong>quem</strong></span> <span class='ocrx_word' id='word_1_168' title='bbox 658 1612 688 1652; x_wconf 90' lang='lat' dir='ltr'><strong>se</strong></span> <span class='ocrx_word' id='word_1_169' title='bbox 709 1594 781 1653; x_wconf 89' lang='lat' dir='ltr'><strong>eniti</strong></span> <span class='ocrx_word' id='word_1_170' title='bbox 801 1593 888 1668; x_wconf 89' lang='lat' dir='ltr'><strong>dicit,</strong></span> <span class='ocrx_word' id='word_1_171' title='bbox 914 1605 943 1652; x_wconf 91' lang='lat' dir='ltr'><strong>et</strong></span> <span class='ocrx_word' id='word_1_172' title='bbox 967 1596 1064 1654; x_wconf 90' lang='lat' dir='ltr'><strong>omnia</strong></span> <span class='ocrx_word' id='word_1_173' title='bbox 1092 1596 1236 1672; x_wconf 82' lang='lat' dir='ltr'><strong>oblivisci,</strong></span> 
     </span>
     <span class='ocr_line' id='line_1_19' title="bbox 109 1668 1236 1751; baseline -0.005 -11"><span class='ocrx_word' id='word_1_174' title='bbox 109 1679 207 1740; x_wconf 90' lang='lat' dir='ltr'><strong>donec</strong></span> <span class='ocrx_word' id='word_1_175' title='bbox 227 1694 263 1733; x_wconf 91' lang='lat' dir='ltr'><strong>eo</strong></span> <span class='ocrx_word' id='word_1_176' title='bbox 284 1673 441 1751; x_wconf 77' lang='lat' dir='ltr'><strong>perveniat</strong></span> <span class='ocrx_word' id='word_1_177' title='bbox 482 1668 552 1741; x_wconf 85' lang='lat' dir='ltr'><strong>Quo</strong></span> <span class='ocrx_word' id='word_1_178' title='bbox 573 1688 627 1727; x_wconf 90' lang='lat' dir='ltr'><strong>uos</strong></span> <span class='ocrx_word' id='word_1_179' title='bbox 647 1689 765 1747; x_wconf 88' lang='lat' dir='ltr'><strong>quoque</strong></span> <span class='ocrx_word' id='word_1_180' title='bbox 784 1669 903 1729; x_wconf 89' lang='lat' dir='ltr'><strong>alacrius</strong></span> <span class='ocrx_word' id='word_1_181' title='bbox 924 1670 1028 1729; x_wconf 87' lang='lat' dir='ltr'><strong>eodem</strong></span> <span class='ocrx_word' id='word_1_182' title='bbox 1056 1673 1236 1734; x_wconf 86' lang='lat' dir='ltr'><strong>contendere</strong></span> 
     </span>
     <span class='ocr_line' id='line_1_20' title="bbox 111 1744 1236 1836; baseline -0.005 -22"><span class='ocrx_word' id='word_1_183' title='bbox 111 1763 247 1833; x_wconf 85' lang='lat' dir='ltr'><strong>oportet,</strong></span> <span class='ocrx_word' id='word_1_184' title='bbox 278 1769 316 1806; x_wconf 92' lang='lat' dir='ltr'><strong>ne</strong></span> <span class='ocrx_word' id='word_1_185' title='bbox 335 1751 359 1807; x_wconf 91' lang='lat' dir='ltr'><strong>si</strong></span> <span class='ocrx_word' id='word_1_186' title='bbox 384 1744 508 1804; x_wconf 90' lang='lat' dir='ltr'><strong>mundus</strong></span> <span class='ocrx_word' id='word_1_187' title='bbox 528 1744 575 1802; x_wconf 89' lang='lat' dir='ltr'><strong>hic</strong></span> <span class='ocrx_word' id='word_1_188' title='bbox 595 1765 649 1804; x_wconf 91' lang='lat' dir='ltr'><strong>iios</strong></span> <span class='ocrx_word' id='word_1_189' title='bbox 669 1759 809 1836; x_wconf 89' lang='lat' dir='ltr'><strong>occupet,</strong></span> <span class='ocrx_word' id='word_1_190' title='bbox 842 1746 937 1806; x_wconf 84' lang='lat' dir='ltr'><strong>tristes</strong></span> <span class='ocrx_word' id='word_1_191' title='bbox 967 1747 1093 1807; x_wconf 79' lang='lat' dir='ltr'><strong>desidiae</strong></span> <span class='ocrx_word' id='word_1_192' title='bbox 1118 1760 1236 1809; x_wconf 87' lang='lat' dir='ltr'><strong>nostrae</strong></span> 
     </span>
     <span class='ocr_line' id='line_1_21' title="bbox 109 1819 1236 1911; baseline -0.004 -21"><span class='ocrx_word' id='word_1_193' title='bbox 109 1848 221 1911; x_wconf 86' lang='lat' dir='ltr'><strong>poenas</strong></span> <span class='ocrx_word' id='word_1_194' title='bbox 241 1825 348 1884; x_wconf 89' lang='lat' dir='ltr'><strong>demus.</strong></span> <span class='ocrx_word' id='word_1_195' title='bbox 387 1821 517 1880; x_wconf 81' lang='lat' dir='ltr'><strong>Proinde</strong></span> <span class='ocrx_word' id='word_1_196' title='bbox 537 1819 606 1878; x_wconf 89' lang='lat' dir='ltr'><strong>alibi</strong></span> <span class='ocrx_word' id='word_1_197' title='bbox 624 1820 724 1882; x_wconf 84' lang='lat' dir='ltr'><strong>fideles</strong></span> <span class='ocrx_word' id='word_1_198' title='bbox 744 1822 863 1903; x_wconf 76' lang='lat' dir='ltr'><strong>insignit</strong></span> <span class='ocrx_word' id='word_1_199' title='bbox 881 1820 1025 1895; x_wconf 90' lang='lat' dir='ltr'><strong>bacnota,</strong></span> <span class='ocrx_word' id='word_1_200' title='bbox 1037 1823 1116 1903; x_wconf 90' lang='lat' dir='ltr'><strong>quod</strong></span> <span class='ocrx_word' id='word_1_201' title='bbox 1133 1845 1236 1886; x_wconf 90' lang='lat' dir='ltr'><strong>eorum</strong></span> 
     </span>
     <span class='ocr_line' id='line_1_22' title="bbox 109 1897 1238 1980; baseline -0.004 -13"><span class='ocrx_word' id='word_1_202' title='bbox 109 1903 293 1967; x_wconf 84' lang='lat' dir='ltr'><strong>conversatio</strong></span> <span class='ocrx_word' id='word_1_203' title='bbox 317 1902 348 1959; x_wconf 91' lang='lat' dir='ltr'><strong>iii</strong></span> <span class='ocrx_word' id='word_1_204' title='bbox 378 1897 468 1958; x_wconf 87' lang='lat' dir='ltr'><strong>coelis</strong></span> <span class='ocrx_word' id='word_1_205' title='bbox 498 1897 550 1968; x_wconf 90' lang='lat' dir='ltr'><strong>sit,</strong></span> <span class='ocrx_word' id='word_1_206' title='bbox 580 1897 657 1956; x_wconf 91' lang='lat' dir='ltr'><strong>uode</strong></span> <span class='ocrx_word' id='word_1_207' title='bbox 687 1911 718 1957; x_wconf 91' lang='lat' dir='ltr'><strong>et</strong></span> <span class='ocrx_word' id='word_1_208' title='bbox 747 1909 926 1958; x_wconf 86' lang='lat' dir='ltr'><strong>servatorem</strong></span> <span class='ocrx_word' id='word_1_209' title='bbox 956 1921 1039 1958; x_wconf 90' lang='lat' dir='ltr'><strong>suom</strong></span> <span class='ocrx_word' id='word_1_210' title='bbox 1072 1913 1238 1980; x_wconf 81' lang='lat' dir='ltr'><strong>exspectant</strong></span> 
     </span>
     <span class='ocr_line' id='line_1_23' title="bbox 107 1974 1236 2061; baseline -0.003 -20"><span class='ocrx_word' id='word_1_211' title='bbox 107 1979 288 2061; x_wconf 60' lang='lat' dir='ltr'><strong>(ibidum).</strong></span> <span class='ocrx_word' id='word_1_212' title='bbox 338 1975 382 2036; x_wconf 75' lang='lat' dir='ltr'><strong>Ac</strong></span> <span class='ocrx_word' id='word_1_213' title='bbox 407 1992 445 2032; x_wconf 88' lang='lat' dir='ltr'><strong>ne</strong></span> <span class='ocrx_word' id='word_1_214' title='bbox 469 1974 642 2034; x_wconf 83' lang='lat' dir='ltr'><strong>flaccescant</strong></span> <span class='ocrx_word' id='word_1_215' title='bbox 668 1974 770 2034; x_wconf 88' lang='lat' dir='ltr'><strong>animis</strong></span> <span class='ocrx_word' id='word_1_216' title='bbox 803 1976 832 2033; x_wconf 93' lang='lat' dir='ltr'><strong>in</strong></span> <span class='ocrx_word' id='word_1_217' title='bbox 865 1974 921 2034; x_wconf 90' lang='lat' dir='ltr'><strong>lioc</strong></span> <span class='ocrx_word' id='word_1_218' title='bbox 948 1996 1048 2049; x_wconf 90' lang='lat' dir='ltr'><strong>cursu,</strong></span> <span class='ocrx_word' id='word_1_219' title='bbox 1079 1978 1155 2036; x_wconf 92' lang='lat' dir='ltr'><strong>idem</strong></span> <span class='ocrx_word' id='word_1_220' title='bbox 1181 1978 1236 2039; x_wconf 90' lang='lat' dir='ltr'><strong>illis</strong></span> 
     </span>
     <span class='ocr_line' id='line_1_24' title="bbox 110 2049 1237 2142; baseline -0.002 -23"><span class='ocrx_word' id='word_1_221' title='bbox 110 2075 215 2119; x_wconf 88' lang='lat' dir='ltr'><strong>omnes</strong></span> <span class='ocrx_word' id='word_1_222' title='bbox 233 2064 378 2115; x_wconf 83' lang='lat' dir='ltr'><strong>creaturas</strong></span> <span class='ocrx_word' id='word_1_223' title='bbox 399 2050 530 2129; x_wconf 88' lang='lat' dir='ltr'><strong>adiungit</strong></span> <span class='ocrx_word' id='word_1_224' title='bbox 549 2049 651 2109; x_wconf 89' lang='lat' dir='ltr'><strong>socias.</strong></span> <span class='ocrx_word' id='word_1_225' title='bbox 689 2052 765 2110; x_wconf 88' lang='lat' dir='ltr'><strong>Nam</strong></span> <span class='ocrx_word' id='word_1_226' title='bbox 785 2051 852 2131; x_wconf 90' lang='lat' dir='ltr'><strong>quia</strong></span> <span class='ocrx_word' id='word_1_227' title='bbox 873 2051 980 2142; x_wconf 89' lang='lat' dir='ltr'><strong>ubique</strong></span> <span class='ocrx_word' id='word_1_228' title='bbox 1000 2052 1147 2113; x_wconf 84' lang='lat' dir='ltr'><strong>deformes</strong></span> <span class='ocrx_word' id='word_1_229' title='bbox 1166 2075 1237 2117; x_wconf 59' lang='lat' dir='ltr'><strong>cone</strong></span> 
     </span>
     <span class='ocr_line' id='line_1_25' title="bbox 108 2126 1238 2214; baseline -0.004 -19"><span class='ocrx_word' id='word_1_230' title='bbox 108 2132 273 2214; x_wconf 87' lang='lat' dir='ltr'><strong>spiciuntur</strong></span> <span class='ocrx_word' id='word_1_231' title='bbox 291 2130 402 2201; x_wconf 87' lang='lat' dir='ltr'><strong>ruinae,</strong></span> <span class='ocrx_word' id='word_1_232' title='bbox 429 2126 499 2185; x_wconf 90' lang='lat' dir='ltr'><strong>dicit</strong></span> <span class='ocrx_word' id='word_1_233' title='bbox 517 2145 708 2204; x_wconf 85' lang='lat' dir='ltr'><strong>quaecunque</strong></span> <span class='ocrx_word' id='word_1_234' title='bbox 727 2127 756 2187; x_wconf 92' lang='lat' dir='ltr'><strong>in</strong></span> <span class='ocrx_word' id='word_1_235' title='bbox 778 2127 863 2188; x_wconf 87' lang='lat' dir='ltr'><strong>coelo</strong></span> <span class='ocrx_word' id='word_1_236' title='bbox 884 2139 914 2187; x_wconf 93' lang='lat' dir='ltr'><strong>et</strong></span> <span class='ocrx_word' id='word_1_237' title='bbox 933 2148 962 2186; x_wconf 90' lang='lat' dir='ltr'><strong>in</strong></span> <span class='ocrx_word' id='word_1_238' title='bbox 982 2139 1060 2188; x_wconf 88' lang='lat' dir='ltr'><strong>terra</strong></span> <span class='ocrx_word' id='word_1_239' title='bbox 1078 2141 1146 2188; x_wconf 92' lang='lat' dir='ltr'><strong>sont</strong></span> <span class='ocrx_word' id='word_1_240' title='bbox 1166 2128 1238 2191; x_wconf 91' lang='lat' dir='ltr'><strong>eniti</strong></span> 
     </span>
     <span class='ocr_line' id='line_1_26' title="bbox 110 2198 1326 2287; baseline -0.003 -16"><span class='ocrx_word' id='word_1_241' title='bbox 110 2211 149 2272; x_wconf 91' lang='lat' dir='ltr'><strong>ad</strong></span> <span class='ocrx_word' id='word_1_242' title='bbox 168 2206 398 2269; x_wconf 83' lang='lat' dir='ltr'><strong>renovationem.</strong></span> <span class='ocrx_word' id='word_1_243' title='bbox 436 2204 609 2281; x_wconf 90' lang='lat' dir='ltr'><strong>Naniquum</strong></span> <span class='ocrx_word' id='word_1_244' title='bbox 621 2201 713 2261; x_wconf 81' lang='lat' dir='ltr'><strong>Adam</strong></span> <span class='ocrx_word' id='word_1_245' title='bbox 733 2222 787 2262; x_wconf 88' lang='lat' dir='ltr'><strong>suo</strong></span> <span class='ocrx_word' id='word_1_246' title='bbox 808 2203 1237 2287; x_wconf 87' lang='lat' dir='ltr'><strong>lapsudissipaveritintegrum</strong></span> <span class='ocrx_word' id='word_1_247' title='bbox 1320 2198 1326 2217; x_wconf 66' lang='grc'><strong>“</strong></span> 
     </span>
     <span class='ocr_line' id='line_1_27' title="bbox 109 2278 1238 2361; baseline -0.003 -15"><span class='ocrx_word' id='word_1_248' title='bbox 109 2298 233 2347; x_wconf 85' lang='lat' dir='ltr'><strong>naturae</strong></span> <span class='ocrx_word' id='word_1_249' title='bbox 251 2282 401 2353; x_wconf 80' lang='lat' dir='ltr'><strong>brdinem,</strong></span> <span class='ocrx_word' id='word_1_250' title='bbox 425 2299 475 2337; x_wconf 89' lang='lat' dir='ltr'><strong>sua</strong></span> <span class='ocrx_word' id='word_1_251' title='bbox 501 2278 639 2338; x_wconf 86' lang='lat' dir='ltr'><strong>creaturis</strong></span> <span class='ocrx_word' id='word_1_252' title='bbox 658 2279 795 2353; x_wconf 88' lang='lat' dir='ltr'><strong>servitus,</strong></span> <span class='ocrx_word' id='word_1_253' title='bbox 814 2280 861 2340; x_wconf 92' lang='lat' dir='ltr'><strong>cui</strong></span> <span class='ocrx_word' id='word_1_254' title='bbox 879 2292 1004 2361; x_wconf 89' lang='lat' dir='ltr'><strong>propter</strong></span> <span class='ocrx_word' id='word_1_255' title='bbox 1024 2282 1147 2342; x_wconf 90' lang='lat' dir='ltr'><strong>bominis</strong></span> <span class='ocrx_word' id='word_1_256' title='bbox 1188 2304 1238 2344; x_wconf 79' lang='lat' dir='ltr'><strong>ec-</strong></span> 
     </span>
     <span class='ocr_line' id='line_1_28' title="bbox 109 2304 1253 2438; baseline -0.003 -15"><span class='ocrx_word' id='word_1_257' title='bbox 109 2373 209 2423; x_wconf 87' lang='lat' dir='ltr'><strong>catum</strong></span> <span class='ocrx_word' id='word_1_258' title='bbox 228 2358 477 2435; x_wconf 75' lang='lat' dir='ltr'><strong>subieptaesunt,</strong></span> <span class='ocrx_word' id='word_1_259' title='bbox 509 2354 630 2413; x_wconf 91' lang='lat' dir='ltr'><strong>molesta</strong></span> <span class='ocrx_word' id='word_1_260' title='bbox 657 2365 686 2415; x_wconf 91' lang='lat' dir='ltr'><strong>et</strong></span> <span class='ocrx_word' id='word_1_261' title='bbox 705 2357 798 2436; x_wconf 87' lang='lat' dir='ltr'><strong>gravis</strong></span> <span class='ocrx_word' id='word_1_262' title='bbox 818 2367 875 2416; x_wconf 89' lang='lat' dir='ltr'><strong>est:</strong></span> <span class='ocrx_word' id='word_1_263' title='bbox 903 2379 963 2416; x_wconf 93' lang='lat' dir='ltr'><strong>uon</strong></span> <span class='ocrx_word' id='word_1_264' title='bbox 984 2359 1063 2437; x_wconf 90' lang='lat' dir='ltr'><strong>quod</strong></span> <span class='ocrx_word' id='word_1_265' title='bbox 1087 2304 1253 2438; x_wconf 84' lang='lat' dir='ltr'><strong>praeditae¹</strong></span> 
     </span>
     <span class='ocr_line' id='line_1_29' title="bbox 109 2432 1238 2514; baseline -0.004 -14"><span class='ocrx_word' id='word_1_266' title='bbox 109 2440 170 2501; x_wconf 84' lang='lat' dir='ltr'><strong>siut</strong></span> <span class='ocrx_word' id='word_1_267' title='bbox 189 2434 288 2514; x_wconf 85' lang='lat' dir='ltr'><strong>aliquo</strong></span> <span class='ocrx_word' id='word_1_268' title='bbox 308 2455 403 2504; x_wconf 88' lang='lat' dir='ltr'><strong>sensu,</strong></span> <span class='ocrx_word' id='word_1_269' title='bbox 422 2432 472 2490; x_wconf 89' lang='lat' dir='ltr'><strong>sed</strong></span> <span class='ocrx_word' id='word_1_270' title='bbox 493 2433 558 2511; x_wconf 90' lang='lat' dir='ltr'><strong>quia</strong></span> <span class='ocrx_word' id='word_1_271' title='bbox 578 2433 723 2513; x_wconf 88' lang='lat' dir='ltr'><strong>integrum</strong></span> <span class='ocrx_word' id='word_1_272' title='bbox 743 2443 859 2506; x_wconf 86' lang='lat' dir='ltr'><strong>statum,</strong></span> <span class='ocrx_word' id='word_1_273' title='bbox 878 2454 893 2492; x_wconf 87' lang='lat' dir='ltr'><strong>a</strong></span> <span class='ocrx_word' id='word_1_274' title='bbox 913 2453 972 2513; x_wconf 88' lang='lat' dir='ltr'><strong>quo</strong></span> <span class='ocrx_word' id='word_1_275' title='bbox 989 2434 1167 2509; x_wconf 86' lang='lat' dir='ltr'><strong>exciderunt,</strong></span> <span class='ocrx_word' id='word_1_276' title='bbox 1186 2458 1238 2497; x_wconf 89' lang='lat' dir='ltr'><strong>na-</strong></span> 
     </span>
     <span class='ocr_line' id='line_1_30' title="bbox 108 2506 1259 2598; baseline -0.003 -21"><span class='ocrx_word' id='word_1_277' title='bbox 108 2512 246 2577; x_wconf 85' lang='lat' dir='ltr'><strong>turaliter</strong></span> <span class='ocrx_word' id='word_1_278' title='bbox 265 2521 415 2590; x_wconf 88' lang='lat' dir='ltr'><strong>appetunt.</strong></span> <span class='ocrx_word' id='word_1_279' title='bbox 465 2506 616 2566; x_wconf 76' lang='lat' dir='ltr'><strong>Gentium</strong></span> <span class='ocrx_word' id='word_1_280' title='bbox 646 2527 717 2589; x_wconf 91' lang='lat' dir='ltr'><strong>ergo</strong></span> <span class='ocrx_word' id='word_1_281' title='bbox 743 2520 773 2568; x_wconf 91' lang='lat' dir='ltr'><strong>et</strong></span> <span class='ocrx_word' id='word_1_282' title='bbox 804 2510 1003 2598; x_wconf 86' lang='lat' dir='ltr'><strong>parturitionis</strong></span> <span class='ocrx_word' id='word_1_283' title='bbox 1028 2510 1161 2571; x_wconf 88' lang='lat' dir='ltr'><strong>dolorem</strong></span> <span class='ocrx_word' id='word_1_284' title='bbox 1181 2512 1259 2573; x_wconf 87' lang='lat' dir='ltr'><strong>illis·</strong></span> 
     </span>
     <span class='ocr_line' id='line_1_31' title="bbox 110 2582 1238 2666; baseline -0.003 -16"><span class='ocrx_word' id='word_1_285' title='bbox 110 2588 246 2652; x_wconf 83' lang='lat' dir='ltr'><strong>attribuit</strong></span> <span class='ocrx_word' id='word_1_286' title='bbox 264 2585 369 2645; x_wconf 89' lang='lat' dir='ltr'><strong>Paulus</strong></span> <span class='ocrx_word' id='word_1_287' title='bbox 389 2585 488 2661; x_wconf 84' lang='lat' dir='ltr'><strong>(Rom.</strong></span> <span class='ocrx_word' id='word_1_288' title='bbox 499 2589 528 2656; x_wconf 85' lang='grc'><strong>8,</strong></span> <span class='ocrx_word' id='word_1_289' title='bbox 540 2582 611 2659; x_wconf 70' lang='lat' dir='ltr'><strong>fil),</strong></span> <span class='ocrx_word' id='word_1_290' title='bbox 631 2594 663 2644; x_wconf 93' lang='lat' dir='ltr'><strong>ut</strong></span> <span class='ocrx_word' id='word_1_291' title='bbox 683 2605 747 2659; x_wconf 91' lang='lat' dir='ltr'><strong>uos,</strong></span> <span class='ocrx_word' id='word_1_292' title='bbox 789 2608 817 2644; x_wconf 94' lang='lat' dir='ltr'><strong>ui</strong></span> <span class='ocrx_word' id='word_1_293' title='bbox 837 2584 970 2664; x_wconf 91' lang='lat' dir='ltr'><strong>primitiis</strong></span> <span class='ocrx_word' id='word_1_294' title='bbox 990 2586 1116 2666; x_wconf 86' lang='lat' dir='ltr'><strong>Spiritus</strong></span> <span class='ocrx_word' id='word_1_295' title='bbox 1136 2588 1238 2648; x_wconf 91' lang='lat' dir='ltr'><strong>donati</strong></span> 
     </span>
     <span class='ocr_line' id='line_1_32' title="bbox 110 2606 1238 2750; baseline -0.004 -23"><span class='ocrx_word' id='word_1_296' title='bbox 110 2686 219 2738; x_wconf 89' lang='lat' dir='ltr'><strong>sumus,</strong></span> <span class='ocrx_word' id='word_1_297' title='bbox 238 2664 348 2744; x_wconf 90' lang='lat' dir='ltr'><strong>pudeat</strong></span> <span class='ocrx_word' id='word_1_298' title='bbox 366 2662 396 2720; x_wconf 93' lang='lat' dir='ltr'><strong>in</strong></span> <span class='ocrx_word' id='word_1_299' title='bbox 419 2673 516 2719; x_wconf 88' lang='lat' dir='ltr'><strong>nostra</strong></span> <span class='ocrx_word' id='word_1_300' title='bbox 534 2662 725 2750; x_wconf 87' lang='lat' dir='ltr'><strong>corruptione</strong></span> <span class='ocrx_word' id='word_1_301' title='bbox 745 2606 905 2737; x_wconf 78' lang='lat' dir='ltr'><strong>tabescere,</strong></span> <span class='ocrx_word' id='word_1_302' title='bbox 924 2682 958 2721; x_wconf 90' lang='lat' dir='ltr'><strong>ae</strong></span> <span class='ocrx_word' id='word_1_303' title='bbox 977 2684 1038 2722; x_wconf 89' lang='lat' dir='ltr'><strong>non</strong></span> <span class='ocrx_word' id='word_1_304' title='bbox 1059 2663 1163 2723; x_wconf 90' lang='lat' dir='ltr'><strong>imitari</strong></span> <span class='ocrx_word' id='word_1_305' title='bbox 1182 2664 1238 2724; x_wconf 90' lang='lat' dir='ltr'><strong>sal-</strong></span> 
     </span>
     <span class='ocr_line' id='line_1_33' title="bbox 110 2735 1236 2817; baseline -0.003 -15"><span class='ocrx_word' id='word_1_306' title='bbox 110 2755 174 2802; x_wconf 85' lang='lat' dir='ltr'><strong>tem</strong></span> <span class='ocrx_word' id='word_1_307' title='bbox 194 2753 306 2800; x_wconf 89' lang='lat' dir='ltr'><strong>mortua</strong></span> <span class='ocrx_word' id='word_1_308' title='bbox 327 2737 479 2809; x_wconf 89' lang='lat' dir='ltr'><strong>clementa,</strong></span> <span class='ocrx_word' id='word_1_309' title='bbox 499 2757 571 2815; x_wconf 87' lang='lat' dir='ltr'><strong>quae</strong></span> <span class='ocrx_word' id='word_1_310' title='bbox 591 2735 677 2795; x_wconf 91' lang='lat' dir='ltr'><strong>alieni</strong></span> <span class='ocrx_word' id='word_1_311' title='bbox 697 2738 808 2816; x_wconf 91' lang='lat' dir='ltr'><strong>peccati</strong></span> <span class='ocrx_word' id='word_1_312' title='bbox 828 2758 953 2817; x_wconf 87' lang='lat' dir='ltr'><strong>poenam</strong></span> <span class='ocrx_word' id='word_1_313' title='bbox 972 2740 1125 2799; x_wconf 88' lang='lat' dir='ltr'><strong>sustinent.</strong></span> <span class='ocrx_word' id='word_1_314' title='bbox 1166 2740 1236 2814; x_wconf 87' lang='lat' dir='ltr'><strong>Quo</strong></span> 
     </span>
     <span class='ocr_line' id='line_1_34' title="bbox 112 2811 1238 2893; baseline -0.004 -15"><span class='ocrx_word' id='word_1_315' title='bbox 112 2829 211 2878; x_wconf 90' lang='lat' dir='ltr'><strong>autem</strong></span> <span class='ocrx_word' id='word_1_316' title='bbox 231 2816 321 2875; x_wconf 91' lang='lat' dir='ltr'><strong>acrius</strong></span> <span class='ocrx_word' id='word_1_317' title='bbox 343 2835 395 2873; x_wconf 93' lang='lat' dir='ltr'><strong>nos</strong></span> <span class='ocrx_word' id='word_1_318' title='bbox 416 2824 537 2893; x_wconf 88' lang='lat' dir='ltr'><strong>pungat,</strong></span> <span class='ocrx_word' id='word_1_319' title='bbox 558 2811 689 2871; x_wconf 91' lang='lat' dir='ltr'><strong>ultimum</strong></span> <span class='ocrx_word' id='word_1_320' title='bbox 711 2812 820 2872; x_wconf 87' lang='lat' dir='ltr'><strong>Christi</strong></span> <span class='ocrx_word' id='word_1_321' title='bbox 839 2814 1092 2874; x_wconf 87' lang='lat' dir='ltr'><strong>adveutumvocat</strong></span> <span class='ocrx_word' id='word_1_322' title='bbox 1110 2830 1238 2874; x_wconf 82' lang='lat' dir='ltr'><strong>nostram</strong></span> 
     </span>
     <span class='ocr_line' id='line_1_35' title="bbox 110 2888 1237 2968; baseline -0.001 -15"><span class='ocrx_word' id='word_1_323' title='bbox 110 2892 338 2967; x_wconf 77' lang='lat' dir='ltr'><strong>redemptionem.</strong></span> <span class='ocrx_word' id='word_1_324' title='bbox 388 2891 496 2946; x_wconf 91' lang='lat' dir='ltr'><strong>Verum</strong></span> <span class='ocrx_word' id='word_1_325' title='bbox 525 2890 640 2967; x_wconf 90' lang='lat' dir='ltr'><strong>quidem</strong></span> <span class='ocrx_word' id='word_1_326' title='bbox 668 2900 726 2963; x_wconf 89' lang='lat' dir='ltr'><strong>est,</strong></span> <span class='ocrx_word' id='word_1_327' title='bbox 756 2890 811 2948; x_wconf 90' lang='lat' dir='ltr'><strong>iam</strong></span> <span class='ocrx_word' id='word_1_328' title='bbox 846 2888 1007 2968; x_wconf 91' lang='lat' dir='ltr'><strong>completos</strong></span> <span class='ocrx_word' id='word_1_329' title='bbox 1044 2910 1105 2950; x_wconf 90' lang='lat' dir='ltr'><strong>esse</strong></span> <span class='ocrx_word' id='word_1_330' title='bbox 1136 2913 1237 2953; x_wconf 87' lang='lat' dir='ltr'><strong>omnes</strong></span> 
     </span>
     <span class='ocr_line' id='line_1_36' title="bbox 109 2964 1237 3060; baseline -0.001 -30"><span class='ocrx_word' id='word_1_331' title='bbox 109 2969 321 3060; x_wconf 88' lang='lat' dir='ltr'><strong>redemptionis</strong></span> <span class='ocrx_word' id='word_1_332' title='bbox 342 2979 457 3025; x_wconf 77' lang='lat' dir='ltr'><strong>nostrae</strong></span> <span class='ocrx_word' id='word_1_333' title='bbox 478 2984 628 3023; x_wconf 88' lang='lat' dir='ltr'><strong>numeros:</strong></span> <span class='ocrx_word' id='word_1_334' title='bbox 649 2967 699 3024; x_wconf 93' lang='lat' dir='ltr'><strong>sed</strong></span> <span class='ocrx_word' id='word_1_335' title='bbox 714 2964 922 3043; x_wconf 84' lang='lat' dir='ltr'><strong>quiaCbristos</strong></span> <span class='ocrx_word' id='word_1_336' title='bbox 942 2964 1031 3025; x_wconf 87' lang='lat' dir='ltr'><strong>semel</strong></span> <span class='ocrx_word' id='word_1_337' title='bbox 1048 2966 1162 3026; x_wconf 89' lang='lat' dir='ltr'><strong>oblatus</strong></span> <span class='ocrx_word' id='word_1_338' title='bbox 1182 2989 1237 3047; x_wconf 91' lang='lat' dir='ltr'><strong>pro</strong></span> 
     </span>
     <span class='ocr_line' id='line_1_37' title="bbox 109 3040 1237 3128; baseline -0.003 -21"><span class='ocrx_word' id='word_1_339' title='bbox 109 3059 239 3128; x_wconf 89' lang='lat' dir='ltr'><strong>peccatis</strong></span> <span class='ocrx_word' id='word_1_340' title='bbox 258 3042 350 3121; x_wconf 88' lang='lat' dir='ltr'><strong>(lleb.</strong></span> <span class='ocrx_word' id='word_1_341' title='bbox 367 3050 396 3115; x_wconf 82' lang='lat'><strong>9,</strong></span> <span class='ocrx_word' id='word_1_342' title='bbox 412 3043 485 3115; x_wconf 56' lang='lat'><strong>28),</strong></span> <span class='ocrx_word' id='word_1_343' title='bbox 506 3042 609 3099; x_wconf 89' lang='lat' dir='ltr'><strong>iteruin</strong></span> <span class='ocrx_word' id='word_1_344' title='bbox 629 3040 738 3121; x_wconf 83' lang='lat' dir='ltr'><strong>absque</strong></span> <span class='ocrx_word' id='word_1_345' title='bbox 778 3055 878 3102; x_wconf 85' lang='lat' dir='ltr'><strong>eccato</strong></span> <span class='ocrx_word' id='word_1_346' title='bbox 898 3042 1093 3120; x_wconf 88' lang='lat' dir='ltr'><strong>conspicietur</strong></span> <span class='ocrx_word' id='word_1_347' title='bbox 1112 3044 1142 3102; x_wconf 92' lang='lat' dir='ltr'><strong>iii</strong></span> <span class='ocrx_word' id='word_1_348' title='bbox 1161 3044 1237 3104; x_wconf 89' lang='lat' dir='ltr'><strong>salii·</strong></span> 
     </span>
     <span class='ocr_line' id='line_1_38' title="bbox 112 3061 1238 3203; baseline -0.001 -21"><span class='ocrx_word' id='word_1_349' title='bbox 112 3136 188 3183; x_wconf 89' lang='lat' dir='ltr'><strong>tem:</strong></span> <span class='ocrx_word' id='word_1_350' title='bbox 209 3118 388 3203; x_wconf 83' lang='lat' dir='ltr'><strong>quibuslibet</strong></span> <span class='ocrx_word' id='word_1_351' title='bbox 400 3119 542 3177; x_wconf 86' lang='lat' dir='ltr'><strong>aerumnis</strong></span> <span class='ocrx_word' id='word_1_352' title='bbox 562 3138 737 3195; x_wconf 84' lang='lat' dir='ltr'><strong>premamur,</strong></span> <span class='ocrx_word' id='word_1_353' title='bbox 756 3061 828 3178; x_wconf 74' lang='lat' dir='ltr'><strong>daec</strong></span> <span class='ocrx_word' id='word_1_354' title='bbox 841 3138 894 3179; x_wconf 91' lang='lat' dir='ltr'><strong>nos</strong></span> <span class='ocrx_word' id='word_1_355' title='bbox 913 3118 1078 3197; x_wconf 90' lang='lat' dir='ltr'><strong>redemptio</strong></span> <span class='ocrx_word' id='word_1_356' title='bbox 1099 3120 1135 3180; x_wconf 92' lang='lat' dir='ltr'><strong>ad</strong></span> <span class='ocrx_word' id='word_1_357' title='bbox 1154 3142 1238 3181; x_wconf 91' lang='lat' dir='ltr'><strong>suum</strong></span> 
     </span>
     <span class='ocr_line' id='line_1_39' title="bbox 111 3195 528 3279; baseline -0.019 -20"><span class='ocrx_word' id='word_1_358' title='bbox 111 3219 205 3279; x_wconf 89' lang='lat' dir='ltr'><strong>usque</strong></span> <span class='ocrx_word' id='word_1_359' title='bbox 226 3197 362 3257; x_wconf 87' lang='lat' dir='ltr'><strong>effectum</strong></span> <span class='ocrx_word' id='word_1_360' title='bbox 382 3195 528 3254; x_wconf 88' lang='lat' dir='ltr'><strong>sustineat.</strong></span> 
     </span>
    </p>

    <p class='ocr_par' dir='ltr' id='par_1_5' title="bbox 113 3269 1304 4342">
     <span class='ocr_line' id='line_1_40' title="bbox 190 3269 1238 3350; baseline 0.002 -18"><span class='ocrx_word' id='word_1_361' title='bbox 190 3280 219 3339; x_wconf 89' lang='grc'><strong>3.</strong></span> <span class='ocrx_word' id='word_1_362' title='bbox 257 3273 391 3332; x_wconf 86' lang='lat' dir='ltr'><strong>Studium</strong></span> <span class='ocrx_word' id='word_1_363' title='bbox 411 3282 542 3329; x_wconf 92' lang='lat' dir='ltr'><strong>nostrum</strong></span> <span class='ocrx_word' id='word_1_364' title='bbox 563 3282 647 3329; x_wconf 90' lang='lat' dir='ltr'><strong>acuet</strong></span> <span class='ocrx_word' id='word_1_365' title='bbox 665 3269 758 3350; x_wconf 89' lang='lat' dir='ltr'><strong>ipsum</strong></span> <span class='ocrx_word' id='word_1_366' title='bbox 777 3272 821 3331; x_wconf 89' lang='lat' dir='ltr'><strong>rei</strong></span> <span class='ocrx_word' id='word_1_367' title='bbox 840 3270 964 3350; x_wconf 90' lang='lat' dir='ltr'><strong>pondus.</strong></span> <span class='ocrx_word' id='word_1_368' title='bbox 994 3272 1147 3333; x_wconf 85' lang='lat' dir='ltr'><strong>Necenim</strong></span> <span class='ocrx_word' id='word_1_369' title='bbox 1160 3272 1238 3334; x_wconf 92' lang='lat' dir='ltr'><strong>Pau-</strong></span> 
     </span>
     <span class='ocr_line' id='line_1_41' title="bbox 114 3346 1238 3431; baseline 0 -22"><span class='ocrx_word' id='word_1_370' title='bbox 114 3351 159 3409; x_wconf 90' lang='lat' dir='ltr'><strong>lus</strong></span> <span class='ocrx_word' id='word_1_371' title='bbox 180 3350 229 3409; x_wconf 90' lang='lat' dir='ltr'><strong>abs</strong></span> <span class='ocrx_word' id='word_1_372' title='bbox 254 3369 286 3408; x_wconf 89' lang='lat' dir='ltr'><strong>re</strong></span> <span class='ocrx_word' id='word_1_373' title='bbox 312 3347 480 3419; x_wconf 91' lang='lat' dir='ltr'><strong>contendit,</strong></span> <span class='ocrx_word' id='word_1_374' title='bbox 511 3346 564 3405; x_wconf 92' lang='lat' dir='ltr'><strong>nisi</strong></span> <span class='ocrx_word' id='word_1_375' title='bbox 597 3349 705 3406; x_wconf 87' lang='lat' dir='ltr'><strong>mortui</strong></span> <span class='ocrx_word' id='word_1_376' title='bbox 736 3358 903 3429; x_wconf 89' lang='lat' dir='ltr'><strong>resurgant,</strong></span> <span class='ocrx_word' id='word_1_377' title='bbox 932 3358 1026 3407; x_wconf 87' lang='lat' dir='ltr'><strong>totum</strong></span> <span class='ocrx_word' id='word_1_378' title='bbox 1045 3348 1238 3431; x_wconf 84' lang='lat' dir='ltr'><strong>Evangelium</strong></span> 
     </span>
     <span class='ocr_line' id='line_1_42' title="bbox 113 3423 1239 3504; baseline 0.001 -19"><span class='ocrx_word' id='word_1_379' title='bbox 113 3427 204 3485; x_wconf 88' lang='lat' dir='ltr'><strong>inane</strong></span> <span class='ocrx_word' id='word_1_380' title='bbox 223 3437 252 3485; x_wconf 87' lang='lat' dir='ltr'><strong>et</strong></span> <span class='ocrx_word' id='word_1_381' title='bbox 269 3424 351 3484; x_wconf 85' lang='lat' dir='ltr'><strong>fallax</strong></span> <span class='ocrx_word' id='word_1_382' title='bbox 364 3444 424 3483; x_wconf 89' lang='lat' dir='ltr'><strong>csse</strong></span> <span class='ocrx_word' id='word_1_383' title='bbox 444 3423 786 3502; x_wconf 76' lang='lat' dir='ltr'><strong>(l.(}0r.15,13—17.):</strong></span> <span class='ocrx_word' id='word_1_384' title='bbox 806 3424 871 3504; x_wconf 89' lang='lat' dir='ltr'><strong>quie</strong></span> <span class='ocrx_word' id='word_1_385' title='bbox 891 3424 1025 3483; x_wconf 88' lang='lat' dir='ltr'><strong>miserior</strong></span> <span class='ocrx_word' id='word_1_386' title='bbox 1045 3439 1120 3484; x_wconf 89' lang='lat' dir='ltr'><strong>esset</strong></span> <span class='ocrx_word' id='word_1_387' title='bbox 1139 3437 1239 3486; x_wconf 85' lang='lat' dir='ltr'><strong>nostra</strong></span> 
     </span>
     <span class='ocr_line' id='line_1_43' title="bbox 113 3498 1240 3590; baseline -0.001 -29"><span class='ocrx_word' id='word_1_388' title='bbox 113 3523 202 3582; x_wconf 89' lang='lat' dir='ltr'><strong>quani</strong></span> <span class='ocrx_word' id='word_1_389' title='bbox 229 3501 350 3561; x_wconf 88' lang='lat' dir='ltr'><strong>alioruin</strong></span> <span class='ocrx_word' id='word_1_390' title='bbox 378 3499 544 3558; x_wconf 88' lang='lat' dir='ltr'><strong>mortalium</strong></span> <span class='ocrx_word' id='word_1_391' title='bbox 569 3498 714 3574; x_wconf 87' lang='lat' dir='ltr'><strong>conditio,</strong></span> <span class='ocrx_word' id='word_1_392' title='bbox 743 3512 847 3590; x_wconf 89' lang='lat' dir='ltr'><strong>utpote</strong></span> <span class='ocrx_word' id='word_1_393' title='bbox 866 3501 915 3579; x_wconf 91' lang='lat' dir='ltr'><strong>qui</strong></span> <span class='ocrx_word' id='word_1_394' title='bbox 934 3499 1091 3560; x_wconf 91' lang='lat' dir='ltr'><strong>multorum</strong></span> <span class='ocrx_word' id='word_1_395' title='bbox 1112 3502 1188 3560; x_wconf 86' lang='lat' dir='ltr'><strong>odiis</strong></span> <span class='ocrx_word' id='word_1_396' title='bbox 1208 3513 1240 3561; x_wconf 91' lang='lat' dir='ltr'><strong>et</strong></span> 
     </span>
     <span class='ocr_line' id='line_1_44' title="bbox 113 3573 1240 3665; baseline -0.003 -27"><span class='ocrx_word' id='word_1_397' title='bbox 113 3579 231 3658; x_wconf 89' lang='lat' dir='ltr'><strong>probris</strong></span> <span class='ocrx_word' id='word_1_398' title='bbox 252 3576 389 3655; x_wconf 81' lang='lat' dir='ltr'><strong>expositi,</strong></span> <span class='ocrx_word' id='word_1_399' title='bbox 424 3577 453 3633; x_wconf 92' lang='lat' dir='ltr'><strong>in</strong></span> <span class='ocrx_word' id='word_1_400' title='bbox 473 3573 598 3654; x_wconf 90' lang='lat' dir='ltr'><strong>singulas</strong></span> <span class='ocrx_word' id='word_1_401' title='bbox 620 3574 703 3634; x_wconf 86' lang='lat' dir='ltr'><strong>horas</strong></span> <span class='ocrx_word' id='word_1_402' title='bbox 717 3576 933 3665; x_wconf 77' lang='lat' dir='ltr'><strong>periclitamur,</strong></span> <span class='ocrx_word' id='word_1_403' title='bbox 962 3577 1021 3636; x_wconf 93' lang='lat' dir='ltr'><strong>imo</strong></span> <span class='ocrx_word' id='word_1_404' title='bbox 1041 3599 1137 3637; x_wconf 91' lang='lat' dir='ltr'><strong>sumus</strong></span> <span class='ocrx_word' id='word_1_405' title='bbox 1158 3576 1240 3656; x_wconf 89' lang='lat' dir='ltr'><strong>quasi</strong></span> 
     </span>
     <span class='ocr_line' id='line_1_45' title="bbox 114 3652 1239 3730; baseline -0.003 -16"><span class='ocrx_word' id='word_1_406' title='bbox 114 3674 184 3715; x_wconf 87' lang='lat' dir='ltr'><strong>oves</strong></span> <span class='ocrx_word' id='word_1_407' title='bbox 203 3654 373 3713; x_wconf 86' lang='lat' dir='ltr'><strong>mactationi</strong></span> <span class='ocrx_word' id='word_1_408' title='bbox 393 3652 565 3711; x_wconf 84' lang='lat' dir='ltr'><strong>destinatae:</strong></span> <span class='ocrx_word' id='word_1_409' title='bbox 596 3672 628 3709; x_wconf 89' lang='lat' dir='ltr'><strong>ae</strong></span> <span class='ocrx_word' id='word_1_410' title='bbox 659 3653 783 3730; x_wconf 81' lang='lat' dir='ltr'><strong>proinde</strong></span> <span class='ocrx_word' id='word_1_411' title='bbox 807 3653 977 3715; x_wconf 89' lang='lat' dir='ltr'><strong>concideret</strong></span> <span class='ocrx_word' id='word_1_412' title='bbox 1001 3653 1062 3712; x_wconf 89' lang='lat' dir='ltr'><strong>eius</strong></span> <span class='ocrx_word' id='word_1_413' title='bbox 1082 3653 1239 3713; x_wconf 88' lang='lat' dir='ltr'><strong>auctoritas</strong></span> 
     </span>
     <span class='ocr_line' id='line_1_46' title="bbox 115 3726 1304 3819; baseline -0.001 -29"><span class='ocrx_word' id='word_1_414' title='bbox 115 3752 176 3790; x_wconf 91' lang='lat' dir='ltr'><strong>non</strong></span> <span class='ocrx_word' id='word_1_415' title='bbox 198 3752 253 3789; x_wconf 87' lang='lat' dir='ltr'><strong>uua</strong></span> <span class='ocrx_word' id='word_1_416' title='bbox 275 3731 303 3787; x_wconf 95' lang='lat' dir='ltr'><strong>in</strong></span> <span class='ocrx_word' id='word_1_417' title='bbox 327 3740 407 3807; x_wconf 90' lang='lat' dir='ltr'><strong>parte</strong></span> <span class='ocrx_word' id='word_1_418' title='bbox 428 3728 579 3800; x_wconf 79' lang='lat' dir='ltr'><strong>duntaxat,</strong></span> <span class='ocrx_word' id='word_1_419' title='bbox 604 3726 703 3786; x_wconf 89' lang='lat' dir='ltr'><strong>sedin</strong></span> <span class='ocrx_word' id='word_1_420' title='bbox 725 3741 786 3788; x_wconf 90' lang='lat' dir='ltr'><strong>tota</strong></span> <span class='ocrx_word' id='word_1_421' title='bbox 805 3748 931 3801; x_wconf 90' lang='lat' dir='ltr'><strong>summa,</strong></span> <span class='ocrx_word' id='word_1_422' title='bbox 959 3750 1043 3807; x_wconf 89' lang='lat' dir='ltr'><strong>quain</strong></span> <span class='ocrx_word' id='word_1_423' title='bbox 1065 3741 1094 3787; x_wconf 91' lang='lat' dir='ltr'><strong>et</strong></span> <span class='ocrx_word' id='word_1_424' title='bbox 1117 3730 1238 3819; x_wconf 86' lang='lat' dir='ltr'><strong>adoptio</strong></span> <span class='ocrx_word' id='word_1_425' title='bbox 1301 3763 1304 3767; x_wconf 43' lang='lat'><strong>⁴</strong></span> 
     </span>
     <span class='ocr_line' id='line_1_47' title="bbox 114 3803 1239 3883; baseline -0.002 -17"><span class='ocrx_word' id='word_1_426' title='bbox 114 3819 146 3866; x_wconf 89' lang='lat' dir='ltr'><strong>et</strong></span> <span class='ocrx_word' id='word_1_427' title='bbox 164 3807 263 3866; x_wconf 88' lang='lat' dir='ltr'><strong>salutis</strong></span> <span class='ocrx_word' id='word_1_428' title='bbox 285 3816 399 3864; x_wconf 88' lang='lat' dir='ltr'><strong>nostrae</strong></span> <span class='ocrx_word' id='word_1_429' title='bbox 420 3804 542 3864; x_wconf 89' lang='lat' dir='ltr'><strong>effectus</strong></span> <span class='ocrx_word' id='word_1_430' title='bbox 563 3803 774 3881; x_wconf 88' lang='lat' dir='ltr'><strong>complectitur.</strong></span> <span class='ocrx_word' id='word_1_431' title='bbox 812 3807 910 3883; x_wconf 82' lang='lat' dir='ltr'><strong>Atque</strong></span> <span class='ocrx_word' id='word_1_432' title='bbox 930 3805 969 3864; x_wconf 91' lang='lat' dir='ltr'><strong>ita</strong></span> <span class='ocrx_word' id='word_1_433' title='bbox 989 3807 1018 3863; x_wconf 91' lang='lat' dir='ltr'><strong>in</strong></span> <span class='ocrx_word' id='word_1_434' title='bbox 1038 3825 1098 3864; x_wconf 89' lang='lat' dir='ltr'><strong>rem</strong></span> <span class='ocrx_word' id='word_1_435' title='bbox 1119 3824 1239 3865; x_wconf 84' lang='lat' dir='ltr'><strong>maxime</strong></span> 
     </span>
     <span class='ocr_line' id='line_1_48' title="bbox 115 3879 1240 3953; baseline -0.002 -11"><span class='ocrx_word' id='word_1_436' title='bbox 115 3883 247 3942; x_wconf 90' lang='lat' dir='ltr'><strong>omnium</strong></span> <span class='ocrx_word' id='word_1_437' title='bbox 268 3881 370 3942; x_wconf 87' lang='lat' dir='ltr'><strong>seriam</strong></span> <span class='ocrx_word' id='word_1_438' title='bbox 390 3881 476 3940; x_wconf 91' lang='lat' dir='ltr'><strong>simus</strong></span> <span class='ocrx_word' id='word_1_439' title='bbox 498 3879 617 3953; x_wconf 88' lang='lat' dir='ltr'><strong>attenti,</strong></span> <span class='ocrx_word' id='word_1_440' title='bbox 638 3879 767 3941; x_wconf 89' lang='lat' dir='ltr'><strong>utnulla</strong></span> <span class='ocrx_word' id='word_1_441' title='bbox 787 3881 959 3939; x_wconf 83' lang='lat' dir='ltr'><strong>diuturnitas</strong></span> <span class='ocrx_word' id='word_1_442' title='bbox 979 3879 1176 3941; x_wconf 87' lang='lat' dir='ltr'><strong>lassitudinem</strong></span> <span class='ocrx_word' id='word_1_443' title='bbox 1195 3881 1240 3941; x_wconf 88' lang='lat' dir='ltr'><strong>af-</strong></span> 
     </span>
     <span class='ocr_line' id='line_1_49' title="bbox 114 3955 1240 4047; baseline -0.001 -31"><span class='ocrx_word' id='word_1_444' title='bbox 114 3960 200 4017; x_wconf 88' lang='lat' dir='ltr'><strong>ferat.</strong></span> <span class='ocrx_word' id='word_1_445' title='bbox 240 3956 311 4030; x_wconf 86' lang='lat' dir='ltr'><strong>Quo</strong></span> <span class='ocrx_word' id='word_1_446' title='bbox 332 3957 454 4017; x_wconf 87' lang='lat' dir='ltr'><strong>consilio</strong></span> <span class='ocrx_word' id='word_1_447' title='bbox 476 3956 560 4029; x_wconf 85' lang='lat' dir='ltr'><strong>etiam</strong></span> <span class='ocrx_word' id='word_1_448' title='bbox 580 3957 610 4014; x_wconf 93' lang='lat' dir='ltr'><strong>in</strong></span> <span class='ocrx_word' id='word_1_449' title='bbox 632 3955 708 4015; x_wconf 90' lang='lat' dir='ltr'><strong>bunc</strong></span> <span class='ocrx_word' id='word_1_450' title='bbox 728 3955 824 4016; x_wconf 87' lang='lat' dir='ltr'><strong>locum</strong></span> <span class='ocrx_word' id='word_1_451' title='bbox 838 3955 945 4028; x_wconf 85' lang='lat' dir='ltr'><strong>distuli,</strong></span> <span class='ocrx_word' id='word_1_452' title='bbox 963 3957 1043 4047; x_wconf 87' lang='lat' dir='ltr'><strong>quod</strong></span> <span class='ocrx_word' id='word_1_453' title='bbox 1063 3958 1099 4016; x_wconf 90' lang='lat' dir='ltr'><strong>de</strong></span> <span class='ocrx_word' id='word_1_454' title='bbox 1119 3977 1152 4018; x_wconf 86' lang='lat' dir='ltr'><strong>ea</strong></span> <span class='ocrx_word' id='word_1_455' title='bbox 1172 3955 1240 4016; x_wconf 92' lang='lat' dir='ltr'><strong>bre·</strong></span> 
     </span>
     <span class='ocr_line' id='line_1_50' title="bbox 115 4030 1241 4111; baseline 0 -19"><span class='ocrx_word' id='word_1_456' title='bbox 115 4035 193 4093; x_wconf 85' lang='lat' dir='ltr'><strong>viter</strong></span> <span class='ocrx_word' id='word_1_457' title='bbox 213 4033 393 4093; x_wconf 83' lang='lat' dir='ltr'><strong>tractandum</strong></span> <span class='ocrx_word' id='word_1_458' title='bbox 414 4046 486 4107; x_wconf 90' lang='lat' dir='ltr'><strong>crat,</strong></span> <span class='ocrx_word' id='word_1_459' title='bbox 507 4044 538 4091; x_wconf 92' lang='lat' dir='ltr'><strong>ut</strong></span> <span class='ocrx_word' id='word_1_460' title='bbox 558 4033 666 4091; x_wconf 85' lang='lat' dir='ltr'><strong>discant</strong></span> <span class='ocrx_word' id='word_1_461' title='bbox 685 4030 820 4107; x_wconf 87' lang='lat' dir='ltr'><strong>lectores,</strong></span> <span class='ocrx_word' id='word_1_462' title='bbox 841 4032 891 4091; x_wconf 91' lang='lat' dir='ltr'><strong>ubi</strong></span> <span class='ocrx_word' id='word_1_463' title='bbox 906 4032 1053 4092; x_wconf 85' lang='lat' dir='ltr'><strong>Christum</strong></span> <span class='ocrx_word' id='word_1_464' title='bbox 1074 4033 1241 4111; x_wconf 87' lang='lat' dir='ltr'><strong>receperint</strong></span> 
     </span>
     <span class='ocr_line' id='line_1_51' title="bbox 115 4107 1241 4190; baseline 0.002 -24"><span class='ocrx_word' id='word_1_465' title='bbox 115 4109 265 4188; x_wconf 89' lang='lat' dir='ltr'><strong>perfectae</strong></span> <span class='ocrx_word' id='word_1_466' title='bbox 285 4108 381 4168; x_wconf 87' lang='lat' dir='ltr'><strong>salutis</strong></span> <span class='ocrx_word' id='word_1_467' title='bbox 401 4122 566 4182; x_wconf 85' lang='lat' dir='ltr'><strong>auctorem,</strong></span> <span class='ocrx_word' id='word_1_468' title='bbox 586 4107 670 4167; x_wconf 91' lang='lat' dir='ltr'><strong>altius</strong></span> <span class='ocrx_word' id='word_1_469' title='bbox 689 4128 854 4190; x_wconf 83' lang='lat' dir='ltr'><strong>assurgere,</strong></span> <span class='ocrx_word' id='word_1_470' title='bbox 878 4109 1026 4188; x_wconf 86' lang='lat' dir='ltr'><strong>sciantque</strong></span> <span class='ocrx_word' id='word_1_471' title='bbox 1047 4108 1168 4169; x_wconf 89' lang='lat' dir='ltr'><strong>coelesti</strong></span> <span class='ocrx_word' id='word_1_472' title='bbox 1186 4110 1241 4168; x_wconf 90' lang='lat' dir='ltr'><strong>im·</strong></span> 
     </span>
     <span class='ocr_line' id='line_1_52' title="bbox 118 4184 1240 4267; baseline 0.002 -24"><span class='ocrx_word' id='word_1_473' title='bbox 118 4186 294 4251; x_wconf 83' lang='lat' dir='ltr'><strong>mortalitate</strong></span> <span class='ocrx_word' id='word_1_474' title='bbox 315 4196 344 4244; x_wconf 91' lang='lat' dir='ltr'><strong>et</strong></span> <span class='ocrx_word' id='word_1_475' title='bbox 369 4185 463 4267; x_wconf 90' lang='lat' dir='ltr'><strong>gloria</strong></span> <span class='ocrx_word' id='word_1_476' title='bbox 482 4185 633 4258; x_wconf 87' lang='lat' dir='ltr'><strong>vestitum,</strong></span> <span class='ocrx_word' id='word_1_477' title='bbox 664 4197 697 4243; x_wconf 91' lang='lat' dir='ltr'><strong>ut</strong></span> <span class='ocrx_word' id='word_1_478' title='bbox 728 4195 822 4244; x_wconf 90' lang='lat' dir='ltr'><strong>totum</strong></span> <span class='ocrx_word' id='word_1_479' title='bbox 846 4204 952 4265; x_wconf 87' lang='lat' dir='ltr'><strong>corpus</strong></span> <span class='ocrx_word' id='word_1_480' title='bbox 977 4185 1062 4264; x_wconf 86' lang='lat' dir='ltr'><strong>capiti</strong></span> <span class='ocrx_word' id='word_1_481' title='bbox 1086 4184 1240 4245; x_wconf 84' lang='lat' dir='ltr'><strong>conforme</strong></span> 
     </span>
     <span class='ocr_line' id='line_1_53' title="bbox 118 4260 1242 4342; baseline 0.001 -21"><span class='ocrx_word' id='word_1_482' title='bbox 118 4262 266 4321; x_wconf 88' lang='lat' dir='ltr'><strong>reddatur.</strong></span> <span class='ocrx_word' id='word_1_483' title='bbox 307 4261 560 4335; x_wconf 88' lang='lat' dir='ltr'><strong>Quemadmodum</strong></span> <span class='ocrx_word' id='word_1_484' title='bbox 579 4260 666 4320; x_wconf 86' lang='lat' dir='ltr'><strong>etiam</strong></span> <span class='ocrx_word' id='word_1_485' title='bbox 695 4262 725 4320; x_wconf 86' lang='lat' dir='ltr'><strong>iu</strong></span> <span class='ocrx_word' id='word_1_486' title='bbox 750 4263 812 4321; x_wconf 86' lang='lat' dir='ltr'><strong>eius</strong></span> <span class='ocrx_word' id='word_1_487' title='bbox 835 4281 961 4342; x_wconf 86' lang='lat' dir='ltr'><strong>persona</strong></span> <span class='ocrx_word' id='word_1_488' title='bbox 980 4260 1106 4340; x_wconf 86' lang='lat' dir='ltr'><strong>Spiritus</strong></span> <span class='ocrx_word' id='word_1_489' title='bbox 1125 4272 1242 4330; x_wconf 80' lang='lat' dir='ltr'><strong>sauctus</strong></span> 
     </span>
    </p>

    <p class='ocr_par' dir='ltr' id='par_1_6' title="bbox 58 4334 1240 4421">
     <span class='ocr_line' id='line_1_54' title="bbox 58 4334 1240 4421; baseline 0.005 -27"><span class='ocrx_word' id='word_1_490' title='bbox 58 4348 62 4355; x_wconf 84' lang='lat'><em>·</em></span> <span class='ocrx_word' id='word_1_491' title='bbox 116 4338 338 4400; x_wconf 85' lang='lat' dir='ltr'><strong>resurrectionis</strong></span> <span class='ocrx_word' id='word_1_492' title='bbox 358 4336 519 4417; x_wconf 86' lang='lat' dir='ltr'><strong>exemplum</strong></span> <span class='ocrx_word' id='word_1_493' title='bbox 538 4336 662 4400; x_wconf 88' lang='lat' dir='ltr'><strong>subinde</strong></span> <span class='ocrx_word' id='word_1_494' title='bbox 685 4337 838 4421; x_wconf 80' lang='lat' dir='ltr'><strong>proponit.</strong></span> <span class='ocrx_word' id='word_1_495' title='bbox 890 4336 947 4400; x_wconf 74' lang='lat' dir='ltr'><strong>lies</strong></span> <span class='ocrx_word' id='word_1_496' title='bbox 966 4349 1011 4400; x_wconf 87' lang='lat' dir='ltr'><strong>est</strong></span> <span class='ocrx_word' id='word_1_497' title='bbox 1029 4338 1142 4399; x_wconf 89' lang='lat' dir='ltr'><strong>creditu</strong></span> <span class='ocrx_word' id='word_1_498' title='bbox 1160 4334 1240 4400; x_wconf 90' lang='lat' dir='ltr'><strong>difli-</strong></span> 
     </span>
    </p>
   </div>
   <div class='ocr_carea' id='block_1_3' title="bbox 0 0 1365 4732">
    <p class='ocr_par' dir='ltr' id='par_1_7' title="bbox 0 0 1365 4732">
     <span class='ocr_line' id='line_1_55' title="bbox 0 0 1365 4732; baseline 0 0"><span class='ocrx_word' id='word_1_499' title='bbox 0 0 1365 4732; x_wconf 95' lang='lat' dir='ltr'><strong> </strong></span> 
     </span>
    </p>
   </div>
  </div>
 </body>
</html>
