2596 4726
20 1408 23 1413 '
125 1422 168 1479 „a
187 1403 255 1462 Deo
275 1413 355 1461 totus
373 1400 505 1481 pendere
523 1402 644 1461 discat.“
683 1400 765 1475 Quid
790 1402 798 1459 i

128 156 188 258 trs*
525 188 603 253 utu.
622 188 665 250 ιι.
705 189 794 253 car.
814 189 854 249 tt
947 170 951 179 '

128 354 163 396 ex
181 353 285 395 eorum
304 330 419 413 scriptis
439 330 542 393 haberi
560 344 699 415 nequeat.
737 332 805 393 Hoc
825 332 904 393 enim
922 331 1046 415 perinde
1064 334 1206 397 nonnulli
1217 334 1267 397 in·

9 424 11 431 '
67 464 74 477 ,
126 412 380 502 terpretabuotur,
399 410 480 489 quasi
501 431 517 468 a
536 410 670 503 suffragii
689 409 754 503 iure
764 409 913 490 depellere
932 409 1025 502 ideoi
1044 411 1266 503 sosvolueriur,

126 490 194 568 qnia
213 488 286 549 milri
303 498 364 547 sunt
382 506 485 545 omnes
505 485 669 547 adversaru-
707 486 773 568 hgo
805 506 877 545 vero
909 486 983 546 nrhrl
1014 488 1094 579 arud
1119 491 1266 605 :P‘clll'lg

126 586 214 644 quam
234 564 315 657 guod
334 562 415 622 volui
433 562 604 654 simpliciter
622 562 755 655 aclbona
773 560 832 621 lide
851 562 1017 623 consultum
1044 565 1099 643 pits
1119 584 1262 659 ingenua.

126 662 201 777 auae
220 662 244 701 ss
265 659 368 699 eorum
386 650 563 698 sententiam
583 640 636 699 hac
656 660 686 699 ru
707 649 789 718 parte
809 650 993 719 exspectent,
1012 661 1129 720 semper
1148 654 1263 705 mcerta

150 716 326 777 uctualtunt:
359 716 434 775 adeo
460 734 539 775 nunc
560 716 706 774 hominem
727 714 812 774 liberi
831 716 943 775 arbitrii
962 716 1072 775 virilius
1091 717 1264 797 spoliatum,

126 793 163 854 ad
185 792 275 853 solam
301 792 424 873 gratiam
449 791 611 872 confugere
641 792 767 851 docent:
798 813 877 851 nunc
902 792 1030 873 propriis
1053 794 1147 873 ipsum
1175 796 1262 854 armis

126 880 177 930 ant
195 870 359 942 instruunt,
378 877 429 926 aut
446 868 583 927 videntur
607 872 761 927 instruere.
818 868 948 927 Dilficile
971 880 1068 929 tamen
1093 868 1174 931 lactu
1199 890 1261 931 non

126 956 188 1018 est,
206 957 239 1004 ut
255 956 395 1035 appareat
414 962 465 1003 eos
485 942 515 1004 in
544 942 706 1004 huiusmodi
732 943 873 1023 loquendi
897 944 1104 1037 ambiguitate,
1134 946 1260 1007 humana

125 1022 233 1081 virtute
251 1019 325 1081 nihil
344 1030 395 1080 aut
405 1040 491 1097 quam
512 1020 633 1079 minimo
653 1020 814 1095 aestimata,
835 1032 928 1080 totam
940 1020 1063 1099 Spiritui
1081 1034 1186 1083 saneto
1206 1023 1261 1085 bo·

126 1118 233 1157 norum
253 1097 385 1156 omnium
405 1096 520 1157 laudem
540 1096 691 1156 detulisse:
711 1098 735 1157 si
755 1098 891 1174 quasdam
913 1116 1015 1157 eorum
1032 1098 1194 1159 sententias
1204 1098 1261 1159 lanc

126 1174 268 1246 inseram,
295 1173 400 1251 quibus
419 1172 449 1231 id
468 1172 545 1232 clare
565 1172 697 1233 docetur.
737 1171 817 1246 Quid
842 1173 921 1241 enirn
947 1173 1001 1232 sibi
1025 1174 1087 1232 vult
1105 1172 1178 1233 illud
1200 1174 1260 1255 Cy·

125 1250 232 1331 priani,
252 1253 340 1309 toties
359 1249 395 1308 ab
414 1248 581 1329 Augustino
601 1250 781 1309 celebratum
798 1250 849 1325 *):
870 1248 937 1323 „De
957 1248 1040 1309 nullo
1059 1249 1258 1331 gloriantium:

125 1328 215 1405 „quia
236 1325 307 1385 nihil
328 1336 460 1385 nostrum
480 1336 540 1395 est,
565 1326 619 1385 nisi
639 1337 673 1384 ut
692 1325 782 1385 homo
802 1346 920 1460 prppspp
939 1326 1016 1461 aputd
1033 1347 1067 1416 se
1080 1326 1259 1462 ainzim

825 1424 840 1459 u
914 1422 1078 1461 uusmre
1139 1422 1239 1463 ucerr

126 1479 196 1539 dum
216 1479 423 1560 lignum'vitae
444 1477 592 1538 Christum
613 1497 675 1537 esse
695 1490 861 1557 exponunt,
891 1422 1045 1557 adgquem
1071 1478 1121 1557 qui
1142 1426 1260 1539 manuni

126 1555 306 1637 porrexerit,
335 1555 427 1613 vivet:
460 1554 570 1635 lignum
590 1554 729 1615 scientiae
749 1554 821 1613 boni
841 1564 872 1612 et
890 1553 972 1630 mali,
1005 1554 1163 1615 voluntatis
1177 1554 1259 1627 arbi-

124 1631 229 1702 trium,
249 1631 286 1690 de
306 1650 382 1709 quo,
407 1630 457 1721 qui
477 1630 580 1689 relicta
599 1630 693 1711 gratia
712 1629 771 1687 Dei
788 1631 962 1711 gustaverit,
985 1630 1148 1691 morietur?
1177 1630 1259 1705 Quid

125 1707 198 1767 illud
219 1707 282 1768 Chr
302 1719 435 1779 sostomr,
455 1705 548 1780 Quod
568 1705 772 1766 omnishomo
792 1726 853 1765 uon
879 1708 968 1766 modo
993 1707 1167 1767 naturaiiter
1189 1726 1258 1787 pee-

127 1797 221 1859 cator,
240 1726 301 1843 aedv
311 1795 390 1843 totus
433 1796 562 1843 eccatum
582 1782 701 1843 estl'Si·
715 1782 788 1840 nilsil
806 1781 878 1841 boni
899 1794 1032 1842 nostrum
1052 1794 1106 1857 est,
1125 1783 1155 1843 si'
1170 1784 1259 1845 hodio

127 1880 144 1921 a
168 1860 279 1919 vertice
310 1860 347 1919 ad
376 1804 484 1919 calcem
513 1872 594 1919 totus
625 1871 669 1919 est
693 1869 860 1938 peccatum,
887 1860 910 1918 ai
937 1878 974 1917 ne
998 1870 1114 1919 tentare
1142 1860 1259 1940 quiden

128 1937 208 2010 licet,
228 1949 369 2016 quantum
389 1935 483 1996 valeat
503 1934 614 1995 arbitrii
635 1936 770 1995 facultas:
792 1938 841 2013 qui
866 1936 920 1993 iam
942 1936 1019 1995 inter
1038 1935 1136 1995 Ileum
1156 1947 1187 1996 et
1205 1934 1260 1997 lto·

126 2014 234 2073 minem
255 2012 369 2072 laudem
390 2012 462 2072 boni
482 2014 581 2091 operis
599 2012 703 2093 partiri
722 2010 825 2070 liceati'
844 2010 965 2070 Possem
986 2012 1129 2072 eiusmodi
1144 2010 1257 2073 lormae

126 2089 272 2172 permulta
299 2108 333 2147 ex
357 2088 421 2147 aliis
440 2088 567 2148 referre:
587 2089 639 2149 sed
659 2107 696 2146 oe
714 2090 778 2166 quis
797 2087 962 2162 cavilletur,
987 2109 1036 2148 me
1054 2086 1177 2170 seligere
1197 2088 1260 2149 sola

127 2186 163 2227 ea
183 2184 258 2244 quae
277 2184 379 2225 causae
398 2184 481 2223 meae
504 2164 651 2238 serviunt,
685 2183 761 2242 quae
793 2176 891 2222 autem
923 2165 1128 2238 adversantur,
1154 2164 1260 2225 callide

127 2242 304 2323 praeterire,
335 2239 372 2300 ab
393 2240 446 2299 hac
465 2240 637 2299 recitatione
656 2239 801 2303 abstineo.
857 2241 962 2300 Audeo
981 2252 1079 2300 tamen
1098 2238 1156 2301 ltoe
1181 2240 1260 2303 affir-

127 2338 224 2391 mare,
253 2329 342 2376 utcun
367 2336 404 2375 ue
424 2316 506 2375 nimii
526 2317 672 2375 interdurn
692 2316 750 2375 sint
770 2317 799 2374 in
821 2316 915 2376 liltero
935 2317 1058 2378 arbitrio
1078 2314 1260 2395 extollendo,

126 2394 205 2452 hunc
225 2404 321 2451 tamen
342 2338 399 2452 illis
419 2394 604 2473 propositum
626 2393 712 2452 luisse
736 2412 874 2471 scopum,
905 2405 937 2451 ut
962 2393 1110 2453 hominem
1130 2414 1147 2453 a
1165 2395 1261 2455 virtu·

126 2470 164 2529 tis
182 2490 250 2528 suae
270 2469 373 2527 fiducia
394 2471 509 2549 penitus
534 2491 681 2541 aversum,
712 2468 741 2525 in
767 2468 834 2527 Deo
865 2490 924 2529 uno
950 2469 1155 2529 fortitudinem
1178 2490 1259 2531 auam

126 2547 284 2626 repositam
305 2544 413 2604 habere
434 2545 570 2605 doceant.
609 2546 696 2605 Nunc
715 2544 752 2603 ad
771 2545 932 2636 simplicem
951 2544 1260 2627 veritatisexplicatio·

127 2642 194 2681 nem
215 2622 244 2679 in
265 2622 477 2681 consideranda
497 2621 623 2682 hominis
643 2634 745 2681 natura
765 2642 861 2681 vento.

203 2702 251 2762 10.
281 2688 384 2772 Ὦιιοά
407 2710 504 2757 tameo
530 2698 614 2757 initio
648 2698 730 2757 huius
757 2699 857 2777 capitis
881 2698 1028 2778 praelatus
1056 2720 1137 2773 sum,
1165 2718 1261 2793 cogor

126 2796 241 2835 rursum
262 2774 309 2834 hic
329 2787 479 2854 repetere:
502 2775 542 2834 Ut
563 2776 685 2854 quisque
705 2775 829 2833 maxime
848 2795 917 2835 suae
933 2774 1110 2849 calamitatis,
1129 2776 1260 2856 inopiae,
1289 2850 1292 2855 Ι

126 2851 281 2926 nuditatis,
311 2851 489 2931 ignominiae
509 2852 690 2935 conscientia
710 2851 839 2911 deiectus
859 2863 903 2911 est
922 2864 952 2911 et
971 2864 1191 2928 consternatus,
1219 2854 1279 2915 ita.

127 2928 849 3064 ttllfltt'ltttlltttl‘tl‘tltalt't
862 2927 1262 3067 ‘titatltttts‘lttt

127 3080 206 3159 quod
226 3080 282 3140 sibi
302 3081 392 3140 deest.
430 3079 472 3139 A:
491 3081 546 3140 silai
567 3047 605 3139 ire
616 3081 761 3139 tantillum
772 3026 890 3159 quidein
905 3100 1020 3140 sumere
1034 3079 1107 3141 ultra
1120 3080 1260 3143 iussurum

100 3154 105 3169 “
127 3166 250 3291 ppptest,t
269 3156 340 3290 qpin
359 3168 390 3215 et
408 3157 488 3247 inani
508 3156 683 3290 confidenpia
698 3176 734 3248 ‚⁸5
753 3158 873 3291 perdat3
905 3158 1088 3292 egtdivinum
1112 3150 1262 3294 lponolpen'

126 3251 220 3366 inii
238 3252 718 3398 tttttttttlfft{tt'tft't
735 3253 1127 3398 :tttdsmttttlt
1135 3252 1261 3391 '53:125

127 3404 201 3456 mus,
221 3383 301 3463 quod
321 3385 350 3444 iu
372 3385 458 3444 nobis
477 3384 589 3444 scilicet
608 3397 705 3464 potrus
725 3405 810 3462 quam
835 3408 866 3443 m
892 3386 959 3444 Deo
981 3384 1120 3458 resideat,
1144 3387 1259 3469 cogita·

127 3458 240 3518 tionem
261 3459 333 3519 hanc
353 3481 415 3519 nou
435 3461 471 3519 ab
496 3459 554 3520 alio
574 3460 742 3521 consiliario
761 3461 882 3521 sciamus
902 3462 988 3521 nobis
1005 3463 1139 3542 suggeri,
1171 3484 1257 3542 quam

128 3534 179 3672 ¹gui
198 3534 308 3670 primps
329 3549 464 3668 palreutes
474 3537 609 3671 binduxit?
634 3536 739 3671 utddipp
758 3557 829 3669 ¹esse
849 3538 956 3597 similes
976 3538 1100 3672 vellicat,
1130 3539 1257 3633 scientes

128 3631 240 3768 ,53:¹0¹
260 3631 356 3762 isli,
369 3634 474 3746 lt,
495 3632 724 3750 ttttlmt
737 3632 853 3748 tlt
866 3627 1257 3772 ‘tt:,‘¹¹,¹3,÷itt¹¹tttt:

128 3765 211 3825 libet.
267 3708 363 3823 Drilce
383 3764 501 3843 quidem
527 3777 584 3838 est,
611 3776 726 3826 tantum
751 3763 861 3825 habere
885 3767 1020 3846 propriae
1039 3768 1155 3828 virtutis
1175 3781 1208 3830 ut
1225 3768 1256 3827 in

129 3853 159 3900 te
179 3841 243 3921 ipso
263 3841 443 3920 acquiescas:
463 3842 532 3918 sed,
552 3860 590 3899 ne
615 3842 651 3900 ad
677 3844 793 3900 inanem
818 3843 899 3901 istam
924 3843 1059 3903 fiduciam
1079 3844 1254 3917 illectemur,

128 3918 296 3978 deterreant
315 3938 370 3978 uos
389 3928 436 3976 tot
455 3937 556 3998 graves
574 3918 752 3989 sententiae,
782 3917 886 3997 quilius
910 3939 1010 3978 severe
1030 3922 1255 3997 prosternimur:

128 3994 228 4073 quales
245 4004 313 4055 suot
343 3994 461 4067 (ierem.
482 4000 530 4069 15,
547 3994 611 4070 5.),
640 3994 828 4053 lllaledictum
855 4014 916 4056 esse
941 3995 991 4075 qui
1010 3996 1134 4057 conlidit
1151 3998 1182 4057 iu
1202 3996 1256 4057 lao-

131 4160 230 4169 -ιιιι-
239 4158 446 4171 u-n--n--u--a
458 4156 1254 4173 .-—-an-*-——-----.-·-—”..-

194 4245 224 4315 ⁸)
242 4246 281 4299 Cl'.
300 4247 402 4310 August
419 4244 464 4299 lib.
481 4246 515 4296 ‹le
531 4246 657 4313 praedest.
673 4260 751 4298 sanct.
770 4276 803 4289 ·-
836 4246 873 4301 ld.
891 4250 924 4302 ad
941 4248 1108 4303 Bouilaeium
1126 4250 1170 4302 lib.
1187 4250 1212 4303 4.
1228 4260 1252 4301 et

125 4312 195 4365 alibi.
210 4347 244 4360 -
262 4312 371 4368 Eucher.
389 4315 433 4367 lib.
450 4316 478 4367 iu
497 4312 617 4365 Genesin.
635 4343 664 4353 -
685 4312 814 4385 Chrysost.
832 4316 922 4371 homil.
940 4320 963 4370 1.
979 4316 1007 4369 in
1025 4319 1142 4371 adventu.
