2700 4732
102 198 164 263 iffi
275 151 278 156 Ι
480 197 557 263 tto.
577 197 619 260 ll.
656 199 746 262 ChP.
764 199 845 261 xvt.

86 372 88 379 ·
105 339 193 402 etiam
211 330 348 403 solatium
368 338 441 434 illud
461 342 637 404 anxietatum
657 355 689 406 et
708 343 861 420 dolorum,
891 343 972 425 qnod
991 343 1078 406 nobis
1094 345 1243 437 proponit

8 481 14 495 ,
103 415 277 556 {Apostolum
295 408 490 479 Mediatorem
511 420 589 480 hunc
608 433 758 500 expertum
778 442 840 482 ease
860 435 974 482 nostras
994 420 1187 495 infirmitates,
1206 432 1242 483 nt

159 494 389 581 pnecurrendnm
409 496 520 557 miseris
540 496 716 631 propensior
734 498 773 561 ait
791 498 884 576 (Heb.
898 505 929 570 4,
939 498 1011 575 15.).
1053 496 1244 577 Ohtendunt,

105 569 185 651 qnod
206 571 342 631 vitiosum
363 591 416 651 per
435 592 466 632 se
486 584 540 648 eat,
559 573 587 631 io
611 573 619 630 i
642 593 679 632 ne
700 573 819 634 Christo
840 573 937 634 tribui.
988 574 1081 648 Quasi
1100 593 1172 634 vero
1191 594 1243 635 an-

98 673 101 677 ·
128 669 159 708 ra
179 647 320 727 Spiritum
340 648 398 707 Dei
416 649 540 727 sapiant,
559 593 699 728 qnihaec
720 650 778 708 duo
798 650 883 709 simul
904 650 1057 724 conciliat,
1088 649 1240 710 Christum

105 670 195 786 luisse
215 736 358 784 tentatum
379 743 432 803 per
453 725 552 784 omnia
579 726 654 784 sicut
681 748 751 796 nos,
785 740 934 786 ettamen
966 727 1076 805 absque
1107 738 1241 806 peccato.

104 803 176 863 Non
197 813 241 861 est
260 800 349 881 igitur
368 822 421 861 cur
441 822 495 860 noa
515 812 623 861 terreat
642 802 792 863 infirmitas
813 802 932 876 Christi,
953 803 999 863 cui
1020 815 1053 863 ut
1071 803 1241 863 sesuhiice-

83 909 87 916 .
105 889 163 951 ret,
183 899 244 938 oon
265 877 401 936 violentia
422 888 472 936 aut
491 877 663 939 necessitate
685 890 813 954 coactns,
839 880 889 938 aed
910 900 992 939 mero
1013 899 1115 940 amore
1136 879 1243 953 nostri,

104 953 364 1032 misericordiaque
383 953 519 1015 indoctus
539 966 591 1014 est.
651 955 799 1033 Quicquid
826 969 923 1015 autem
949 968 1057 1034 sponte
1078 976 1176 1035 passus
1197 966 1244 1017 est

127 1052 162 1091 ro
184 1030 279 1103 nohis,
300 1029 371 1089 nihil
392 1049 426 1088 ex
445 1029 507 1089 eius
526 1029 632 1089 minuit
651 1031 768 1091 virtute.
828 1032 863 1089 ln
889 1052 949 1091 uno
975 1042 1071 1091 autem
1098 1030 1243 1092 falluntur

106 1106 155 1205 rqti
174 1105 399 1179 obtrectatores,
420 1105 499 1185 quod
518 1106 714 1166 infirmitatem
734 1107 764 1166 in
787 1106 906 1167 Christo
926 1108 1007 1167 omni
1026 1107 1101 1168 vitio
1114 1104 1242 1188 labe'qne

107 1204 209 1265 puram
231 1194 261 1244 et
279 1203 400 1242 vacuam
421 1203 482 1242 non
503 1196 682 1264 agnoscunt:
713 1185 780 1263 quia
805 1204 836 1243 se
863 1184 938 1245 intra
962 1184 1148 1244 obedientiae
1167 1186 1242 1245 fines

106 1257 263 1322 continuit
321 1258 396 1317 Nam
423 1258 489 1337 quia
515 1258 677 1321 moderatio
704 1260 733 1319 in
754 1272 874 1320 naturae
895 1272 1012 1320 nostrae
1032 1261 1243 1341 depravatione

43 1390 48 1401 ,
107 1335 238 1415 conspici
258 1355 318 1395 non
360 1345 448 1407 otest,
469 1335 519 1394 ubi
539 1356 641 1397 omnes
660 1335 783 1396 allectus
802 1336 1043 1418 turhidoimpetu
1060 1337 1242 1398 modurnex-

108 1414 229 1488 cedunt,
249 1413 303 1471 hac
355 1434 391 1471 na
411 1430 564 1491 perperam
586 1413 747 1472 metiuntur
764 1412 871 1472 titium
891 1413 959 1473 Dei.
995 1414 1038 1474 At
1052 1435 1140 1493 quum
1161 1414 1242 1475 inte·

106 1509 160 1572 ger
181 1501 272 1561 esset,
292 1488 322 1546 in
343 1486 454 1549 cunctis
474 1488 535 1548 eius
551 1488 709 1550 affectibus
728 1489 823 1572 riguit
842 1489 1024 1565 moderatio,
1069 1511 1123 1550 uae
1143 1511 1242 1551 exces-

106 1588 170 1628 sum
190 1564 351 1626 cohiberet.
402 1564 491 1623 Unde
512 1564 598 1625 nobis
618 1566 647 1624 in
668 1564 788 1638 dolore,
814 1577 945 1626 metuet
965 1512 1121 1626 formidine
1140 1565 1241 1628 similia

106 1663 169 1704 esse
190 1645 297 1722 potuit,
316 1652 350 1700 ut
366 1651 465 1700 tamen
488 1640 539 1702 hac
559 1653 629 1702 nota
650 1641 792 1702 dilserret.
851 1643 990 1703 Convicti
1014 1645 1050 1702 ad
1075 1642 1153 1704 aliud
1173 1655 1241 1703 tan·

108 1720 174 1779 dero
194 1718 329 1781 cavillum
350 1717 526 1792 transiliunt,
546 1718 677 1798 quamvis
696 1731 823 1779 mortem
834 1719 965 1779 timuerit
984 1720 1129 1794 Christus,
1149 1718 1243 1781 male-

107 1797 266 1858 dictionem
287 1807 318 1855 et
335 1793 408 1854 irum
429 1793 498 1867 Dei,
517 1815 533 1855 a
554 1816 609 1874 qua
628 1812 664 1855 se
679 1807 774 1854 tutum
795 1815 857 1856 esse
878 1807 1011 1870 noverat,
1030 1818 1091 1857 non
1103 1797 1242 1863 timuisse.

109 1875 170 1935 Sed
191 1872 356 1952 expendant
375 1871 416 1951 pii
437 1870 572 1944 lectores,
593 1893 677 1950 quam
689 1872 952 1933 honorificumhoc
963 1874 1002 1932 sit
1012 1874 1143 1947 Christo,
1162 1872 1242 1934 mol-

106 1951 212 2012 liorem
231 1971 264 2010 ac
283 1950 373 2029 magis
393 1946 596 2008 meticulosum
618 1947 704 2009 luisse
724 1970 808 2027 quam
831 1949 988 2030 plerosque
1015 1950 1165 2032 gregarios
1185 1950 1241 2019 ho·

106 2028 209 2095 mines.
249 2024 473 2085 Contumaciter
492 2025 529 2084 ad
548 2038 673 2085 mortem
693 2040 854 2117 properant
875 2025 1003 2086 latrones
1023 2027 1131 2109 aliique
1150 2027 1242 2087 male-

109 2105 170 2165 fici:
203 2124 269 2162 eam
286 2100 368 2159 multi
389 2100 449 2160 alto
469 2101 567 2161 animo
593 2102 770 2181 despiciunt:
802 2102 850 2162 alii
881 2101 994 2181 placide
1024 2123 1086 2163 earn
1117 2103 1241 2165 obeunt.

12 2194 36 2247 ’,
105 2182 179 2242 Eius
199 2180 323 2239 horrore
343 2176 448 2235 Filium
468 2177 525 2236 Dei
546 2178 633 2238 luisse
651 2178 819 2270 perculsum
839 2193 869 2239 et
910 2198 982 2258 rope
1003 2180 1171 2256 attonitum,
1191 2203 1242 2241 cu·

107 2259 152 2318 ius
172 2257 272 2316 luisset
291 2254 471 2313 constantiae
490 2253 535 2313 rel
560 2256 791 2336 magnitudinis?
808 2200 906 2329 Quod)
929 2255 1007 2315 enim
1037 2258 1240 2338 prodigiosum

109 2333 222 2395 censeri
243 2330 330 2411 vulgo
350 2342 463 2422 posset,
496 2331 532 2389 de
559 2351 596 2390 eo
621 2333 764 2406 refertur,
815 2353 863 2393 rae
889 2331 1071 2394 vehementia
1096 2334 1243 2410 cruciatus

109 2422 205 2494 guttas
225 2429 273 2469 sao
299 2406 371 2465 uinis
392 2427 425 2464 ex
445 2408 507 2467 eius
526 2407 600 2466 lacie
619 2408 743 2468 fluxisse.
792 2354 855 2469 bec
874 2429 946 2469 vero
965 2409 1161 2489 spectaculum
1181 2409 1242 2469 hoc

132 2486 246 2546 raehuit
264 2427 389 2544 aliorum
411 2484 513 2557 oculis,
544 2505 632 2563 quum
652 2485 682 2544 in
703 2505 809 2545 arcano
830 2506 946 2546 recessu
969 2487 1095 2567 gemitus
1113 2506 1182 2544 suos
1202 2484 1240 2543 ad

108 2512 227 2624 batrem
247 2561 301 2620 diri
326 2571 398 2618 eret.
437 2562 477 2619 Et
488 2559 709 2621 dubitationem
730 2561 842 2638 eximit,
863 2561 942 2641 quod
962 2560 1096 2641 angelos,
1122 2561 1172 2640 qul
1191 2560 1239 2618 in-

107 2579 420 2701 solitarconsolatioue
441 2656 506 2695 eum
526 2637 685 2719 erigerent,
706 2659 722 2697 e
741 2638 827 2699 coelo
849 2637 1024 2698 descendere
1044 2656 1163 2696 necesse
1176 2637 1240 2696 suit
1274 2693 1280 2711 ,

108 2717 206 2792 Quam
218 2711 367 2795 pudenda,
386 2725 419 2772 ut
438 2713 505 2786 dixi,
522 2712 621 2773 luisset
642 2714 712 2775 haec
732 2715 879 2790 mollities,
899 2733 1027 2794 eousque
1046 2713 1180 2793 torqueri
1199 2711 1240 2773 oh

108 2794 270 2855 eommunis
291 2790 393 2851 mortis
413 2787 616 2864 formidinem,
637 2804 669 2851 ut
688 2794 849 2873 sanguineo
870 2791 978 2851 sudore
998 2790 1157 2863 difflueret,
1186 2809 1242 2848 ne-

109 2890 167 2950 que
187 2880 287 2950 posset
304 2865 430 2927 recreari
449 2866 506 2926 nisi
524 2868 696 2948 angelorum
715 2867 894 2948 conspectu?
922 2867 1022 2940 Quid?
1042 2865 1090 2927 illa
1111 2866 1241 2946 precatio

110 2959 157 3007 ter
175 2946 315 3025 repetita,
336 2944 439 3015 Pater,
458 2943 481 3002 si
501 2942 564 3003 lieri
585 2957 697 3034 potest,
715 2956 844 3005 transeat
862 2964 877 3002 a
897 2965 945 3002 me
965 2944 1037 3003 calix
1057 2941 1244 3022 iste(blatth.

109 3030 158 3096 26,
176 3025 250 3100 39.),
280 3041 380 3080 annon
401 3040 433 3077 ex
453 3019 618 3080 incredibili
638 3022 830 3082 amaritudine
850 3020 938 3078 animi
959 3020 1109 3099 prolecta,
1141 3032 1244 3080 osten-

109 3100 153 3159 dit
172 3098 300 3177 asperius
320 3107 351 3156 et
369 3116 414 3154 ma
438 3095 460 3155 is
480 3096 601 3156 arduum
623 3097 709 3158 luisse
730 3098 851 3159 Christo
872 3108 1029 3169 certamen,
1058 3117 1143 3173 quam
1175 3116 1243 3156 cum

109 3186 207 3235 morte
227 3173 393 3234 communi?
414 3115 501 3231 itote
520 3186 643 3253 apparet
663 3188 820 3256 nugatores
845 3174 930 3244 istos,
961 3192 1026 3231 cnm
1053 3171 1158 3249 quihus
1183 3174 1244 3232 dis·

110 3264 202 3332 puto,
233 3250 371 3325 audacter
390 3249 501 3330 garrire
522 3251 558 3308 de
579 3250 667 3311 rebus
686 3249 858 3331 incognitis:
893 3247 960 3327 quia
988 3269 1138 3326 nunquam
1163 3249 1268 3311 serio*

110 3338 294 3407 reputarunt,
314 3326 383 3404 qnid
403 3326 440 3385 sit
460 3337 509 3385 aut
528 3326 624 3386 valeat
650 3348 703 3387 nos
728 3329 896 3405 redemptos
926 3343 989 3383 esse
1008 3345 1024 3384 a
1046 3324 1102 3382 ttei
1123 3324 1243 3386 iudicio.

110 3403 202 3494 Atqui
224 3405 294 3462 haec
315 3413 415 3461 nostra
434 3401 577 3480 sapientia
605 3415 662 3477 est,
696 3403 791 3484 probe
815 3401 924 3462 sentire
951 3401 1053 3479 quanti
1078 3402 1244 3463 constiterit

57 3531 60 3537 .
110 3480 169 3540 Dei
190 3479 266 3538 Filio
287 3490 385 3537 nostra
405 3477 487 3537 salus.
537 3480 569 3537 Si
594 3501 672 3539 nunc
692 3492 779 3560 roget
818 3477 952 3557 nispiam,
971 3500 1008 3537 an
1029 3489 1100 3537 tunc
1120 3477 1244 3537 descen-

111 3557 188 3615 derit
200 3555 332 3615 Christus
352 3554 387 3613 ad
408 3555 530 3629 inseror,
549 3577 637 3633 quum
659 3569 783 3615 mortem
798 3498 975 3633 deprecatus
996 3564 1054 3613 est:
1075 3555 1243 3632 respondeo

112 3634 170 3694 hoc
197 3632 282 3692 luisse
309 3630 473 3703 exordium,
498 3632 576 3691 unde
597 3631 695 3714 colligi
716 3645 814 3713 potest
834 3651 919 3709 quam
941 3630 1018 3690 diros
1040 3643 1070 3690 et
1089 3630 1245 3691 horribiles

112 3709 256 3771 eruciatus
277 3727 428 3788 perpessus
448 3707 545 3782 luerit,
565 3730 653 3786 quum
673 3729 704 3769 se
724 3710 761 3769 ad
782 3706 909 3768 tribunal
928 3707 986 3766 Dei
1006 3728 1087 3767 reum
1106 3717 1246 3767 stareco-

87 3790 92 3795 ’
112 3798 271 3870 gnosceret
290 3795 389 3843 nostra
410 3805 502 3843 cansa.
543 3782 720 3866 Quanquam
741 3799 837 3845 autern
856 3803 919 3842 sese
938 3784 974 3842 ad
993 3796 1175 3843 momentum
1192 3803 1247 3843 oe-

113 3862 233 3923 cultavit
258 3861 354 3920 divina
375 3860 415 3920 vis
445 3859 588 3940 Spiritus,
619 3874 651 3922 ut
674 3863 772 3921 locum
798 3861 959 3920 infirmitati
985 3860 1078 3920 carnis
1110 3860 1245 3920 cederet:

112 3938 263 4000 sciendum
285 3951 381 3998 tamen
403 3948 457 4010 est,
476 3936 564 3996 talem
586 3936 674 3997 luisse
691 3940 886 3999 tentationem
907 3956 940 3994 ex
961 3936 1071 3996 doloris
1102 3948 1131 3994 et
1150 3948 1246 3997 metus
1274 3982 1279 3991 .

115 4035 213 4087 sensu,
234 4035 393 4094 quaecum
415 4013 472 4072 fide
493 4035 553 4073 non
595 4027 728 4095 ugnaret.
768 4017 806 4073 Et
827 4014 883 4074 hoc
902 4012 992 4072 modo
1018 4011 1169 4090 impletum
1191 4025 1246 4088 est,

114 4092 195 4171 quod
216 4090 340 4151 habetur
359 4089 388 4149 in
410 4090 556 4150 concione
575 4035 668 4163 l’etri,
688 4094 748 4150 non
768 4091 898 4171 potuisse
919 4109 985 4147 eum
1005 4088 1100 4148 teneri
1120 4109 1136 4148 a
1157 4088 1246 4149 dolo-

114 4165 196 4227 ribus
215 4167 318 4227 mortis
347 4167 429 4243 (act.
448 4172 477 4242 2,
496 4173 578 4238 ato:
606 4165 672 4246 quia
696 4185 728 4227 ae
774 4166 834 4226 nasi
859 4165 1031 4225 derelictum
1056 4164 1157 4226 aDeo
1177 4187 1247 4224 sen·

113 4244 202 4318 tiens,
222 4263 261 4302 ne
281 4243 427 4302 tantillum
446 4241 563 4322 quidem
583 4241 701 4302 deflexit
718 4262 734 4302 a
754 4188 895 4304 bonitatis
920 4241 981 4302 eins
1002 4239 1113 4301 fiducia.
1153 4241 1247 4316 Quod

115 4320 204 4381 docet
222 4318 346 4380 celebris
365 4318 414 4379 illa
433 4319 601 4398 invocatio,
628 4318 660 4380 in
680 4339 736 4400 qua
759 4338 831 4402 prae
851 4317 963 4381 doloris
982 4317 1166 4383 vehementia
1186 4317 1246 4381 cla-

796 4428 820 4460 Χ
