2700 4732
140 170 199 233 170
503 160 580 224 ΗΒ.
599 162 656 223 lll.
696 160 784 223 CAP.
804 160 911 223 XXlV.

161 304 311 369 nuendum
342 303 399 367 erit
428 303 485 366 hoc
515 305 654 378 verbum,
692 317 726 365 nt
756 328 822 365 eum
852 303 946 368 altero
977 304 1136 367 conveniat
1165 304 1270 387 (Exod-

139 329 282 460 3219&
313 380 500 457 „Miserebor
531 382 611 442 cuius
642 380 821 456 miserebor,
854 394 883 441 et
908 380 1159 455 commiserabnr,
1182 390 1188 397 '
1211 402 1272 443 neta

140 460 227 521 luero
247 459 429 519 miseratus.“
469 459 531 533 Qui
552 458 653 540 deligit
672 478 746 536 quos
769 459 970 519 misericordia
994 458 1139 538 prosequi
1159 460 1178 517 d
1218 470 1272 535 eat,

141 556 206 599 eam
226 555 286 595 non
307 534 443 595 omnihus
462 534 635 613 impertitur.
680 534 740 593 Sed
760 533 810 595 ubi
831 535 908 595 clare
932 546 1055 614 apparet
1075 554 1138 595 non
1160 534 1199 595 de
1217 534 1272 595 aitr-

139 612 216 694 gulis
236 609 413 688 hominibus,
431 611 483 671 sed
504 612 540 670 de
560 610 710 670 hominum
731 610 881 671 ordinibus
902 610 960 671 illic
980 632 995 670 a
1019 612 1043 681 i,
1064 610 1194 673 lacessat
1210 608 1272 673 lon-

139 690 207 771 gior
227 686 397 767 disputatio.
437 689 612 767 Quanquam
633 685 717 747 simul
739 687 899 746 notandum
920 699 979 759 est,
1027 687 1128 747 aulum
1150 706 1271 747 non*

140 783 239 826 serere
258 763 328 843 quid
347 783 463 842 semper
482 775 511 822 et
532 763 640 843 ubique
660 775 691 822 et
716 763 745 822 iu
771 764 906 823 omnihus
933 762 1019 825 iaciat
1036 764 1138 823 Deus:
1169 762 1224 823 aed
1240 762 1272 821 li-

140 840 244 902 berum
258 839 285 899 ei
302 838 469 932 relinquere
488 851 521 899 ut
540 859 623 920 reges
643 839 759 900 tandem
775 852 805 902 et
817 840 998 921 magistratus
1010 838 1182 919 'participet
1192 838 1273 899 iae'mt

140 916 275 979 eoelestis
295 915 463 992 doetrinae,
515 917 621 976 uamvis
646 916 781 975 adversus
802 936 866 974 eam
907 937 939 977 ro
960 916 1109 977 coecitate
1128 936 1185 975 ena
1202 916 1272 975 iota-

140 993 232 1054 niant.
250 1026 289 1037 --
329 992 474 1051 Videntur
492 937 597 1053 iortius
623 1012 727 1074 urgere
752 991 872 1052 obiecto
919 992 975 1052 etri
994 990 1079 1065 loen,
1101 990 1207 1051 Mum
1226 1010 1271 1059 ne·

140 1070 248 1129 minem
267 1065 342 1127 velle
360 1067 474 1147 perire,
493 1067 544 1129 sed
564 1088 665 1129 omnes
686 1068 817 1147 recipere
843 1068 878 1128 ad
900 1066 1195 1148 poenitentiam,(ll.
1216 1068 1273 1127 ru

138 1145 242 1223 3,9.).
281 1144 392 1203 Verum
416 1143 487 1203 nodi
511 1143 620 1204 solutio
648 1144 702 1204 iam
729 1165 796 1204 mox
815 1145 846 1202 in
866 1145 997 1204 secundo
1016 1144 1112 1205 verbo
1131 1144 1272 1205 occurat:

139 1220 208 1301 quia
226 1219 360 1280 voluntas
379 1220 543 1299 reeipiendi
562 1220 596 1281 ad
623 1220 834 1299 poenitentiam
860 1241 919 1280 uon
947 1220 1001 1281 alia
1027 1218 1159 1302 intelligi
1180 1230 1273 1301 potest

139 1298 196 1357 nisi
216 1315 290 1376 quae
315 1296 418 1376 passim
443 1295 577 1358 traditur.
627 1296 705 1357 Sane
730 1296 886 1358 conversio
908 1297 937 1356 in
957 1296 1015 1355 Dei
1034 1316 1126 1356 manu
1149 1308 1211 1357 est:
1238 1316 1270 1357 an

139 1373 210 1433 velit
229 1391 331 1432 omnes
352 1385 541 1446 convertere,
564 1374 763 1454 interrogetur
787 1372 863 1453 ipse:
890 1374 958 1432 dum
1000 1373 1079 1433 aneis
1120 1371 1272 1433 uibusdam

139 1470 171 1511 te
191 1448 323 1508 daturum
345 1449 492 1528 promittit
511 1470 564 1509 cor
584 1469 733 1526 carneum,
752 1449 812 1510 aliis
832 1469 886 1511 eor
905 1448 965 1529 lapi
987 1468 1052 1509 eum
1074 1468 1109 1507 re
1122 1448 1272 1529 inquendo

65 1556 69 1563 ·
138 1524 262 1604 (Ezeeh.
280 1530 330 1597 36,
348 1529 420 1603 26.)
460 1526 570 1584 Verum
616 1526 712 1585 uidem
734 1538 792 1602 est,
824 1525 879 1587 uisi
905 1527 1036 1606 recipere
1056 1536 1183 1605 paratus
1203 1534 1272 1585 esset

139 1601 190 1682 qui
209 1600 270 1661 eius
289 1602 518 1662 misericordiam
538 1547 705 1681 impioram,
724 1602 881 1663 concidere
890 1602 967 1662 illam
979 1601 1161 1661 sententiam
1176 1598 1272 1679 (zaro

138 1689 167 1753 1,
186 1681 245 1755 a>=
270 1676 507 1754 „Convertimini
527 1678 562 1737 ad
583 1698 646 1753 me,
666 1691 695 1738 et
716 1690 869 1739 convertar
887 1678 923 1738 ad
943 1682 1035 1738 vos:“
1054 1678 1109 1737 sed
1130 1678 1205 1739 dico
1224 1694 1272 1737 ne-

138 1756 247 1815 minem
266 1753 431 1814 mortalium
453 1754 596 1814 adDenm
607 1755 759 1830 accedere,
780 1753 834 1813 nisi
846 1755 895 1834 qui
917 1754 1053 1814 divinitus
1075 1754 1271 1833 praevenitur.

137 1832 199 1906 Ae,
231 1831 254 1891 si
282 1833 311 1890 in
338 1830 463 1891 hominis
484 1831 606 1891 arbitrio
628 1843 703 1891 esset
723 1832 919 1909 poenitentia,
951 1853 1010 1890 nou
1031 1829 1152 1889 diceret
1169 1828 1272 1891 Paulus

137 1908 194 1999 (lt.
214 1906 292 1967 Tim.
311 1912 446 1984 2‚25.):
482 1908 535 1979 „Si
564 1907 641 1966 sorte
667 1906 716 1966 det
748 1906 804 1965 illis
830 1906 1077 1986 poeniteutiam.“
1126 1906 1198 1967 Imo
1222 1903 1271 1967 niti

138 1984 214 2043 rdem
231 1984 321 2058 Deus,
361 1984 390 2041 ui
410 1984 446 2043 ad
466 1982 678 2063 poenitentiam
699 2004 800 2043 omrres
821 2004 896 2043 voce
916 1983 1061 2059 hortatur,
1082 2002 1199 2059 arcano
1210 1980 1273 2063 spi-

137 2063 209 2120 ritns
228 2071 311 2119 motu
332 2004 441 2120 diceros
461 2060 629 2135 adduceret,
650 2078 710 2118 non
724 2061 835 2119 diceret
846 2060 983 2120 Ieremias
993 2060 1150 2135 (3131802
1171 2058 1271 2135 „Com

52 2190 55 2195 .
138 2147 303 2210 verteme,
334 2136 482 2213 Domine,
514 2148 544 2195 et
563 2148 733 2197 ermvertar:
765 2136 813 2197 ulsi
835 2137 914 2195 enim
940 2136 1113 2196 convertisti
1139 2156 1208 2213 me,
1229 2154 1271 2219 eg

159 2211 382 2274 senitentiam.“
1150 2222 1162 2231 “

138 2234 157 2293 Ρ
214 2295 260 2353 17.
300 2288 358 2346 Sed
381 2288 457 2347 enim
477 2287 618 2368 (inquies)
639 2288 663 2351 si
683 2288 722 2349 ita
742 2301 797 2363 est,
818 2311 919 2368 parum
936 2288 992 2347 erit
1010 2284 1081 2347 ttet
1101 2288 1272 2369 promistio-

137 2364 223 2424 nibus
249 2360 445 2445 Evangelieis‚
476 2386 550 2444 quae
574 2387 662 2443 quum
689 2366 725 2425 de
745 2366 897 2424 voluntate
923 2365 981 2423 Dei
1006 2375 1175 2439 testantur,
1210 2384 1271 2425 en

137 2439 213 2499 velle
246 2453 379 2499 esserunt
403 2442 481 2519 quod
513 2442 671 2500 inviolabili
692 2444 753 2502 eius
774 2443 894 2502 decreto
918 2442 1097 2501 adversetur.
1152 2442 1271 2503 Minime

138 2536 226 2589 vero,
256 2515 416 2594 quamlibet
434 2517 512 2576 enim
543 2518 718 2577 universales
742 2519 802 2578 sint
820 2518 918 2578 salutis
938 2516 1170 2596 promissiones,
1202 2516 1279 2579 uitt-

136 2605 234 2653 tamen
256 2615 271 2651 a
292 2593 488 2671 reproborum
510 2593 774 2671 praedestinatione
795 2596 975 2673 discrepant:
1001 2594 1092 2653 modo
1118 2593 1154 2654 in
1176 2613 1271 2655 earu!

137 2669 278 2729 effectum
298 2680 424 2728 mentem
445 2670 609 2749 dirigamus.
651 2670 789 2730 Esfieares
811 2670 895 2731 nobis
910 2684 971 2729 tum
985 2688 1046 2729 esse
1060 2670 1185 2730 demum
1206 2690 1270 2751 pro·

137 2746 287 2805 missiones
307 2748 427 2817 scimus,
448 2746 497 2805 ubi
519 2768 564 2806 eas
584 2746 642 2805 fide
663 2748 834 2826 recipimus:
866 2748 915 2806 ubi
935 2758 1039 2806 contra
1060 2748 1213 2807 exinanita
1232 2756 1273 2807 etl

138 2824 219 2895 fides,
239 2824 323 2881 simul
344 2822 452 2882 abolita
475 2835 517 2883 est
539 2824 702 2902 promissio.
744 2825 782 2882 Ea
795 2824 819 2883 si
832 2836 875 2882 est
895 2836 994 2882 natura
1014 2822 1159 2900 ipsarum,
1179 2824 1273 2883 videa·

135 2920 200 2959 mus
219 2898 275 2958 iam
290 2898 430 2977 nurnqnid
450 2900 528 2960 inter
546 2920 577 2960 se
598 2900 669 2959 haec
687 2900 851 2973 dissideant,
872 2899 951 2978 quod
965 2898 1070 2957 dicitur
1089 2898 1128 2957 ab
1151 2913 1273 2960 aeterno

64 2984 67 2989 '
137 2976 219 3035 Deus
240 2976 399 3050 ordinasse,
420 2997 492 3055 quos
513 2998 612 3036 amore
633 2975 805 3054 complecti,
826 2979 854 3034 in
877 2997 949 3054 quos
974 2975 1041 3033 iram
1064 2994 1210 3036 exercere
1227 2996 1273 3035 ve-

57 3112 65 3125 ,
137 3052 185 3111 lit:
207 3064 236 3110 et
257 3053 334 3131 qnod
355 3053 477 3111 salutem
498 3053 634 3113 onmibus
653 3053 901 3113 indiscriminatim
923 3051 1085 3112 denuntiat.
1125 3052 1273 3133 Equidem

137 3129 205 3187 dico
231 3128 342 3207 optime
375 3130 547 3188 convenire:
581 3129 623 3188 sic
650 3130 726 3187 enim
759 3128 976 3208 promittendo,
1007 3126 1077 3185 nihil
1104 3126 1192 3188 aliud
1216 3128 1274 3187 vult

137 3226 222 3285 quam
244 3204 380 3264 omnibns
400 3206 558 3284 expositam
580 3225 641 3263 esse
661 3227 740 3264 suam
762 3204 1001 3276 misericordiam,
1021 3205 1071 3280 qui
1092 3206 1191 3265 modo
1212 3226 1272 3267 eam

138 3292 278 3359 expetunt
297 3291 384 3358 atque
405 3280 576 3360 implorant:
602 3283 681 3359 quod
704 3303 763 3340 rton
784 3281 832 3341 alii
854 3281 965 3340 faciunt
989 3279 1042 3337 nisi
1064 3300 1144 3358 quos
1168 3280 1273 3341 illumi·

136 3357 224 3415 navit
269 3355 364 3415 Porro
389 3357 533 3416 illmuinat
554 3379 627 3448 quos
647 3357 872 3436 praedestinavit
892 3358 928 3415 ad
947 3356 1080 3415 salutem.
1136 3358 1197 3417 His
1215 3358 1275 3435 (io-

136 3432 238 3511 quam)
271 3444 387 3491 constat
411 3447 490 3492 certa
511 3446 539 3491 et
561 3455 731 3495 inconcussa
757 3434 982 3511 promissionum
1003 3431 1129 3507 veritas,
1166 3446 1201 3494 ut
1220 3434 1275 3495 diti

136 3519 263 3589 nequeat
281 3508 389 3587 aliquid
411 3529 472 3568 esse
491 3509 677 3571 dissensionis
698 3512 775 3569 inter
792 3523 940 3568 aeternam
951 3509 1009 3567 Dei
1030 3507 1227 3587 electionem,
1245 3520 1275 3571 et

136 3587 215 3663 quod
237 3584 369 3643 fidelibus
388 3585 479 3644 ollert
498 3587 610 3666 gratiae
628 3607 696 3645 snae
719 3586 972 3646 testimonium-
1011 3584 1070 3643 Seri
1093 3606 1149 3644 cur
1172 3606 1275 3648 omnes

136 3662 286 3721 nominat?
315 3662 430 3739 Nempe
451 3684 509 3740 qno
532 3664 618 3721 tutius
640 3664 755 3742 piorum
775 3662 969 3722 conscientiae
982 3661 1188 3740 acquiescant,
1208 3665 1274 3724 dum

136 3737 305 3819 intelligunt
330 3736 438 3796 rrrrllam
459 3760 520 3797 esse
541 3752 725 3818 peccatorum
748 3740 961 3813 differentiam,
981 3738 1071 3796 ruodo
1093 3739 1169 3799 assit
1189 3740 1273 3801 fides:

135 3814 218 3892 impii
239 3824 334 3872 antem
362 3835 421 3871 non
449 3828 603 3875 earrsentur
631 3816 686 3875 sibi
711 3816 810 3875 deesse
836 3815 962 3895 asylum,
987 3834 1045 3892 qno
1066 3835 1135 3875 sea
1161 3816 1275 3897 peceati

134 3892 275 3951 servitute
295 3890 453 3968 recipiant,
485 3891 552 3949 dum
578 3892 708 3951 oblatum
733 3893 787 3951 silri
812 3890 1019 3972 ingratitudine
1045 3912 1096 3949 sua
1118 3904 1275 3972 respuunt.

63 3988 69 3993 ·
137 3968 216 4047 l'rgo
236 3986 324 4046 quum
355 3967 485 4046 utrisque
507 3969 563 4026 ttei
593 3969 791 4028 misericordia
818 3989 871 4046 per
890 3966 1085 4057 Evangelium
1114 3967 1275 4043 offeratur,

134 4040 206 4101 fides
226 4053 285 4115 est,
306 4042 362 4101 laoe
382 4055 442 4119 est,
462 4044 519 4102 Dei
538 4043 728 4117 illuminatio,
754 4065 828 4123 quae
854 4045 932 4103 inter
955 4064 1019 4123 pros
1040 4054 1070 4101 et
1092 4044 1210 4124 'impios
1230 4046 1274 4105 di·

134 4117 270 4197 stinguit:
298 4129 331 4178 ut
352 4118 503 4199 Evangelii
522 4120 680 4183 efficaciam
702 4122 742 4180 ilii
762 4121 904 4197 sentiant,
924 4120 951 4179 hi
972 4141 1044 4178 vero
1065 4118 1184 4181 nullum
1206 4121 1275 4182 inde

135 4192 261 4253 fructum
287 4208 511 4275 consequantur.
561 4197 739 4257 lllnmiuatio
765 4217 883 4287 quoque
914 4197 974 4276 ipsa
1005 4196 1190 4258 electionem
1217 4198 1276 4258 Dei

133 4278 284 4333 aeternam
316 4292 372 4350 pro
404 4272 504 4355 regula
535 4273 632 4336 habet.
684 4272 906 4347 Querrmoniam
932 4272 1042 4336 Christi
1066 4294 1158 4352 quam
1184 4276 1276 4337 citant

104 4362 155 4424 h.
