2700 4732
109 182 170 247 378
197 233 201 244 .
495 177 573 241 Lm.
592 178 650 241 ΠΙ.
689 180 777 244 CAP.
798 182 839 242 11.

110 342 180 384 men
205 320 335 384 veritatis
358 321 518 384 mittendus
542 324 837 404 estllo.1d,13.),
868 327 919 406 qui
943 309 1074 406 ipsorum
1099 324 1248 387 mentibus

111 398 235 459 eandem
254 398 377 460 instillet
396 399 574 477 doctrinam,
597 422 682 481 quam
708 403 826 463 auribus
851 414 1069 484 usurpaverant„
1113 402 1247 463 Verbum

110 475 229 556 quidem
240 475 298 536 Dei
316 475 409 536 instar
426 477 549 537 solisest
569 479 706 540 omnibus
725 477 906 560 affulgentis,
924 479 1027 559 quibus
1048 478 1248 560 praedicatur:

109 546 162 612 aed
182 550 264 613 nullo
285 574 352 612 cum
373 553 470 612 fructu
491 555 567 613 inter
578 574 694 615 coecos.
732 557 795 616 Nos
815 567 911 615 autern
932 566 1035 614 natura
1045 556 1128 614 coeci
1146 576 1247 616 sumus

110 647 215 689 omnes
234 628 289 689 bac
308 629 340 688 in
360 642 457 709 parte:
499 630 603 690 roinde
623 631 652 690 in
667 643 794 691 mentem
837 645 972 692 cnetrare
992 631 1105 710 nequit,
1124 630 1179 691 nisi
1198 632 1246 690 irr-

109 706 222 840 tedcgre
240 705 292 765 illo
312 706 453 787 magistro
474 650 587 787 hpiritu
612 727 770 788 persuum
797 652 1039 769 illuminationem
1065 708 1175 767 aditum
1199 707 1245 768 ia·

109 800 175 842 cren
191 801 216 840 e.

186 863 235 923 35.
272 856 365 931 Alibi,
383 879 472 937 quum
487 857 523 917 de
543 870 664 919 naturae
681 860 871 941 corruptione
890 860 1075 921 tractandum
1096 859 1160 936 luit,
1178 858 1246 953 ple·
1298 934 1302 940 .

108 934 176 995 nina
194 933 377 1015 ostendimus
395 935 501 1069 hm
523 942 584 999 c.2.
604 948 636 996 et
653 936 706 1011 3.),
727 958 811 1016 quam
832 958 893 998 non
913 938 970 998 sint
990 937 1090 998 idonei
1111 937 1247 999 hommes

108 1011 144 1070 ad
170 1010 358 1071 credendum.
426 1023 513 1090 taque
543 1034 603 1071 non
634 1012 764 1093 fatigabo
790 1014 915 1074 lectores
942 1015 1043 1073 eadem
1070 1012 1246 1093 repetendo.

109 1084 244 1147 Sufficiat
254 1087 399 1167 Spiritum
419 1087 486 1147 fidei
506 1087 606 1149 vocari
626 1089 746 1149 aPanlo
766 1090 852 1150 fidem
873 1091 965 1172 ipsam
977 1090 1032 1225 ln·
1045 1090 1116 1150 Cor.
1128 1096 1157 1164 l,
1169 1092 1246 1166 13),

15 1170 19 1175 '
130 1185 165 1223 ua
191 1163 336 1223 donamur
359 1185 375 1223 a
396 1163 525 1242 Spiritu,
556 1184 618 1224 non
648 1179 745 1225 autem
770 1188 858 1246 qnam
882 1179 982 1225 natura
998 1168 1052 1225 iter
1077 1166 1245 1225 habeamus.

108 1185 183 1299 ideo
201 1251 338 1319 precatur
356 1239 413 1319 (ΙΙ.
432 1240 535 1300 Thess.
555 1249 584 1313 1,
604 1244 677 1318 lh),
699 1253 731 1301 ut
749 1243 779 1301 irr
793 1242 1103 1302 Thessalonicensibus
1123 1243 1162 1301 im
1185 1241 1247 1303 leat

107 1315 189 1376 Deus
208 1335 298 1376 omne
317 1316 533 1395 beneplacitum
552 1338 634 1375 suum
656 1328 770 1395 etopus
789 1318 857 1376 lidei
877 1317 907 1376 in
920 1318 1038 1377 virtute.
1078 1317 1139 1376 Ubi
1154 1264 1245 1387 thiens

104 1410 216 1452 vocans
234 1391 389 1466 opusDer',
410 1404 441 1450 et
459 1390 527 1451 loco
548 1392 668 1470 epitheti
688 1392 864 1474 insigniens,
886 1393 1050 1472 appositive
1068 1411 1176 1452 vorans
1194 1389 1245 1451 be·

106 1466 296 1543 nepludtum,
323 1480 413 1549 negat
433 1487 495 1526 esse
516 1488 549 1527 ex
569 1469 692 1548 proprio
713 1468 838 1530 bominis
862 1482 962 1530 motu:
988 1487 1085 1547 neque
1109 1488 1145 1528 eo
1167 1488 1245 1529 corr-

107 1555 206 1604 tentus
241 1544 390 1628 adiungit,
425 1544 576 1605 recimen
601 1564 664 1605 esse
688 1545 802 1605 virtutis
828 1542 950 1606 divinae.
989 1545 1035 1604 Ad
1058 1543 1246 1619 Corinthios,

106 1620 159 1682 ubi
179 1620 266 1679 fidem
285 1641 347 1681 non
368 1641 427 1702 pen
450 1639 500 1679 ere
519 1641 554 1679 ea
572 1622 715 1697 sapientia
737 1621 887 1681 hominum
909 1622 993 1695 dicit,
1019 1621 1069 1681 sed
1090 1621 1244 1681 fundatam

106 1716 171 1757 esse
189 1697 220 1756 in
240 1699 372 1777 potentia
391 1698 520 1777 Spiritus
538 1698 579 1776 (Ι.
597 1697 668 1758 Cor.
684 1700 779 1775 Ab),
800 1697 931 1778 loquitur
950 1697 1068 1778 quidem
1088 1697 1125 1756 de
1145 1708 1246 1757 ester-

106 1773 152 1833 uis
176 1774 336 1834 miraculis:
368 1776 420 1836 sed
447 1774 515 1854 quis
540 1773 576 1833 ad
609 1793 712 1834 eorum
739 1786 888 1854 aspectum
913 1775 1084 1835 coecntiunt
1109 1773 1245 1865 reprobi,

106 1851 331 1930 comprehendit
343 1852 429 1911 etiam
450 1851 572 1910 interius
590 1850 662 1909 illud
682 1850 818 1931 sigillum,
839 1851 919 1911 cuius
939 1850 1007 1910 alibi
1028 1853 1167 1909 meminit.
1196 1850 1245 1913 Ae

107 1947 167 2005 quo
188 1928 277 2008 magis
296 1928 325 1986 in
347 1938 405 1987 tarn
425 1928 559 2007 praciam
580 1927 661 1987 dono
680 1950 760 1987 snam
780 1926 983 1988 liberalitatem
1003 1927 1130 1986 illustret
1148 1926 1245 2003 Deus,

105 2024 167 2064 non
188 2024 291 2064 omnes
310 2024 347 2062 eo
368 2006 535 2086 promiscue
555 2004 705 2085 dignatur:
724 2004 775 2063 sed
795 2004 936 2085 singulari
954 2004 1110 2095 privilegio
1131 2003 1245 2139 imper·

105 2079 144 2140 tit
162 2080 268 2159 quibus
286 2079 357 2140 vult.
397 2082 489 2143 Cuius
508 2082 552 2140 rei
570 2092 638 2140 ante
651 2082 799 2141 citavimus
819 2081 1001 2140 testimonia:
1023 2100 1147 2159 qnorum
1187 2080 1245 2157 dns

105 2157 252 2237 interpres
271 2158 502 2237 Augustinus
522 2157 662 2218 exclamat
689 2157 818 2239 [viride
842 2157 922 2216 verb.
945 2159 1049 2237 Apost
1072 2176 1158 2215 serm.
1181 2156 1243 2239 2]a

105 2233 170 2311 „Ut
189 2233 330 2294 Servatur
349 2235 485 2309 doceret,
507 2234 602 2313 ipsum
628 2254 747 2313 qnoque
766 2235 887 2294 eredere
905 2233 975 2294 doni
997 2253 1073 2305 esse,
1097 2253 1159 2293 non
1180 2254 1243 2295 me·

105 2309 192 2386 „riti,
217 2310 330 2388 Nemo,
350 2313 461 2392 (inquit
487 2311 531 2370 Io.
552 2316 587 2386 6,
605 2312 687 2388 bb),
719 2313 800 2371 verrit
818 2312 853 2371 ad
873 2331 936 2385 me,
966 2309 1020 2368 nisi
1046 2310 1135 2369 Pater
1159 2330 1242 2373 meus

104 2388 246 2463 „traxerit
264 2405 341 2460 eum,
362 2398 392 2447 et
411 2389 458 2449 cui
478 2389 577 2447 datum
597 2387 687 2446 fuerit
705 2406 721 2447 a
741 2386 829 2446 Patre
848 2407 926 2446 meo.
964 2387 1073 2445 biirnm
1094 2397 1138 2445 est
1158 2386 1242 2467 quod

104 2464 187 2539 „duo
206 2463 341 2523 andiunt:
363 2486 437 2524 unus
457 2465 633 2538 contemnit,
651 2463 726 2523 alter
736 2464 875 2523 ascendit.
917 2463 977 2536 Qui
991 2464 1165 2536 contemnit,
1184 2464 1243 2525 im-

104 2552 214 2621 „pntet
233 2541 304 2600 sibi:
331 2541 381 2620 qni
400 2542 548 2615 ascendit,
570 2561 631 2600 nou
653 2542 773 2622 arroget
792 2539 878 2599 sibi.“
915 2540 983 2599 Alio
1004 2540 1088 2601 loco:
1113 2541 1240 2615 „Quare

104 2617 178 2693 „uni
199 2617 297 2676 datum
317 2627 376 2690 est,
395 2639 457 2677 norr
477 2616 585 2677 alteri?
624 2619 694 2677 Non
713 2637 759 2675 me
779 2617 860 2698 piget
881 2616 995 2690 dicere,
1014 2616 1082 2676 Hoc
1103 2627 1147 2675 est
1168 2636 1240 2696 pro-

98 2693 251 2772 „lnndnm
272 2695 375 2754 crucis.
413 2695 461 2754 De
485 2693 635 2774 profundo
660 2694 841 2772 nescioquo
868 2692 1042 2752 iudiciorum
1062 2692 1137 2769 Dei,
1161 2711 1240 2771 quae

104 2771 304 2851 „perscrutari
325 2764 385 2829 r'rorr
406 2792 569 2853 possumus,
589 2770 725 2850 procedit
744 2770 924 2848 omnequod
946 2789 1107 2846 possumus.
1147 2768 1240 2843 Quod

104 2868 254 2928 „possum,
273 2847 375 2909 video:
395 2849 474 2908 unde
491 2868 619 2929 possum,
638 2868 700 2906 non
713 2846 815 2906 video:
836 2846 968 2925 nisiqnia
989 2845 1128 2904 hactenus
1140 2845 1241 2919 video,

105 2946 144 3001 „a
166 2924 232 2985 Deo
254 2944 324 2983 esse.
365 2925 467 2998 Quare
487 2938 583 2984 autem
603 2923 700 2994 illurn,
732 2934 764 2983 et
783 2944 843 2981 non
864 2922 964 2980 illum?
995 2922 1117 2981 multum
1139 2934 1183 2982 est
1202 2922 1240 2983 ad

104 3021 186 3077 „mer
208 3000 326 3081 abyssus
346 3014 406 3062 est:
427 3001 606 3081 profundum
626 3000 731 3060 crucis.
770 3000 974 3058 Admiratione
990 2998 1150 3059 exclamare
1170 3018 1241 3078 pos·

103 3100 205 3154 „sumz
226 3099 288 3137 non
308 3078 506 3158 disputatione
526 3079 720 3137 monstrare.“
757 3076 823 3136 Huc
844 3077 920 3134 redit
937 3096 1058 3150 summa,
1080 3074 1241 3150 Christum,

103 3154 157 3214 ubi
177 3174 230 3213 nos
250 3155 280 3213 irr
301 3154 388 3213 fidem
413 3154 559 3215 illuminat
578 3153 706 3234 Spiritus
729 3154 774 3213 sni
793 3154 916 3224 virtute,
947 3152 1032 3211 simul
1057 3151 1187 3213 inserere
1207 3153 1240 3212 in

104 3250 211 3310 corpus
231 3251 324 3305 suum,
345 3244 377 3291 ut
396 3231 496 3292 fiamus
516 3231 664 3291 bonorum
684 3231 814 3291 omnium
834 3229 999 3309 participes.

181 3313 230 3371 36.
268 3307 371 3367 Restat
391 3308 497 3367 deinde
517 3318 551 3366 ut
570 3307 650 3386 quod
671 3327 752 3367 mens
773 3308 881 3377 hausit,
902 3306 931 3363 in
953 3325 1005 3363 cor
1025 3304 1120 3383 ipsum
1141 3316 1240 3365 trans·

104 3382 258 3443 fundatur:
280 3403 377 3462 neque
399 3387 476 3443 enim
496 3384 569 3443 siin
589 3404 703 3443 summo
723 3383 848 3443 cerebro
868 3381 1084 3441 volutaturlJei
1105 3381 1240 3458 verbum,

104 3459 163 3520 fide
183 3471 353 3539 perceptum
374 3472 431 3521 est:
458 3460 508 3519 sed
529 3458 579 3519 ubi
599 3460 628 3518 in
650 3462 710 3519 imo
730 3460 820 3520 corde
840 3460 950 3519 radices
973 3459 1048 3537 egit,
1069 3470 1100 3516 ut
1120 3458 1155 3516 ad
1176 3480 1239 3518 sus-

104 3535 240 3595 tinendas
265 3556 297 3594 re
320 3536 509 3616 ellendasque
537 3556 639 3597 ornnes
658 3538 856 3596 tentationum
877 3535 1023 3593 machinas
1043 3535 1182 3594 invictum
1202 3534 1241 3594 sit

102 3557 367 3697 propugnaculum.
407 3614 523 3689 Quodsi
542 3634 638 3675 veram
658 3615 762 3673 mentis
782 3611 876 3672 intelli
901 3612 1024 3685 entiam,
1050 3612 1110 3670 eius
1130 3611 1240 3670 illumi·

104 3694 257 3751 nationem
278 3710 339 3751 esse
359 3712 459 3750 verum
481 3703 541 3766 est,
569 3691 600 3751 in
620 3691 672 3751 tali
691 3689 787 3749 cordis
813 3632 1037 3749 configrrnatione
1063 3688 1157 3747 multo
1178 3688 1238 3746 evi-

105 3769 222 3828 dentius
242 3769 304 3828 eins
324 3767 415 3828 rirtns
435 3778 573 3848 apparet:
601 3788 660 3847 quo
680 3766 793 3827 scilicet
818 3777 847 3825 et
867 3768 961 3824 maior
981 3777 1024 3823 est
1044 3765 1140 3823 cordis
1161 3763 1239 3823 dilii-

104 3845 204 3906 dentia
226 3865 312 3924 quam
331 3845 438 3904 mentis
459 3845 603 3917 coecitas,
637 3854 667 3902 et
693 3843 820 3902 animum
847 3842 1001 3901 securitate
1026 3842 1132 3901 instrui
1151 3860 1240 3934 apuam

103 3917 235 3981 menter'n
260 3921 432 4002 cognitione
456 3921 549 3980 imbui
575 3919 721 3981 difficilius
746 3930 799 3979 est.
845 3918 977 3977 Proinde
998 3918 1123 3996 Spiritus
1150 3940 1173 3977 sr
1196 3916 1238 3976 illi

103 3999 165 4058 vioe
187 3997 319 4080 iungitur
344 3998 381 4057 ad
406 4019 453 4057 eas
478 3998 553 4077 ipsas
577 3996 786 4078 promissiones
812 3996 843 4054 in
869 3994 1007 4054 cordibus
1032 3995 1139 4054 nostris
1159 3936 1240 4055 obsi·

28 4110 31 4115 ·
105 4074 250 4156 guandas,
271 4095 393 4152 quarum
413 4074 619 4134 certitudinem
639 4073 718 4153 prius
738 4072 886 4131 mentibus
905 4071 1068 4151 impressit:
1095 4083 1183 4150 atque
1202 4070 1239 4130 ad

8 4192 11 4201 ·
104 4150 317 4214 confirmandas
330 4163 361 4211 et
369 4150 589 4212 constituendas
608 4150 712 4211 arrhae
728 4148 826 4209 locum
845 4160 938 4207 tenet.
977 4147 1159 4238 „Postquam
1174 4168 1241 4207 cre«

104 4228 214 4289 didistis
234 4229 345 4308 (inquit
364 4227 524 4308 Apostolus
544 4226 620 4306 pr.
639 4234 669 4301 t,
688 4228 761 4302 13),
780 4224 929 4307 obsignati
942 4225 1015 4284 restis
1036 4223 1150 4305 Sprritu
1170 4245 1241 4303 pro·

54 4380 59 4387 Ι
103 4304 250 4369 missionis
268 4315 385 4382 sancto,
414 4304 465 4387 qui
484 4314 528 4367 est
546 4302 673 4365 arrhabo
692 4301 880 4364 baereditatis
898 4305 1048 4365 nostrae.“
1096 4300 1189 4363 Vides
1208 4312 1241 4362 nt
