2596 4726
482 206 557 265 tttt.
579 204 635 265 ΠΙ.
674 206 763 268 cdv.
784 206 824 266 tt.
1148 216 1209 274 ets
1273 234 1276 247 ¹

66 349 100 408 in
130 348 283 427 posterum
308 346 420 409 valere:
449 348 509 409 imo
534 349 586 409 ubi
611 349 772 411 deseruisse
798 370 853 410 nos
873 352 1000 424 videtur,
1025 368 1124 411 sensus
1150 372 1205 409 no·
1258 334 1263 369 ¹

64 435 147 485 stros
166 424 282 505 longius
309 425 467 484 extendere
494 428 649 502 convenit,
680 439 714 485 nt
742 438 852 487 vetusta
884 430 945 485 eius
975 428 1117 487 beneficia
1149 446 1204 487 nos

66 500 200 595 erigant,
219 501 305 563 sicuti
324 503 383 560 alio
404 501 520 563 Psalmo
540 502 646 562 dicitur
664 506 753 581 (133,
771 508 828 576 5.):
857 505 996 576 „lllemor
1022 503 1063 563 lui
1090 505 1202 562 dierum

66 589 273 656 antiquorum:
305 578 461 639 meditatus
479 599 543 639 sum
568 579 598 637 in
629 580 741 639 cunctis
769 579 1010 659 operibus-tow
1032 592 1087 639 etc.
1127 580 1201 638 Item

66 656 140 745 377,
158 654 238 729 12.):
275 653 495 730 „Recordabor
517 676 640 733 operum
660 655 799 731 Domini,
826 669 856 715 et
879 655 1055 714 mirabilium
1081 658 1142 715 eius
1166 655 1203 717 ab

66 730 185 789 rnitin.“
229 728 289 788 Sed
311 730 377 809 quia
400 731 465 791 sine
480 732 572 791 verbo
593 732 744 791 evanidam
770 744 829 805 est,
853 732 994 811 quiequid
1023 733 1204 812 concipimus

68 805 104 866 de
128 807 264 885 potentia
283 806 341 865 Dei
366 818 396 865 et
421 806 574 887 operibus:
605 828 665 868 non
692 820 804 867 temere
827 809 980 868 asserimus
1006 808 1114 867 nullam
1141 826 1203 868 erse

39 895 49 901 ’“
66 881 165 956 fidem,
185 881 283 942 donec
302 884 412 963 gratiae
430 901 500 943 suae
523 882 694 944 testimonio
716 884 882 964 praeluceat
901 885 991 946 Deus.
1030 886 1136 947 Posset
1153 884 1201 945 liic
1267 894 1272 904 '

65 969 166 1017 umen
185 958 299 1018 moveri
318 960 464 1039 quaestio,
485 961 554 1039 quid
580 960 616 1021 de
637 960 708 1021 Sara
735 973 764 1020 et
783 960 917 1021 Rebecca
942 960 1127 1021 sentiendum
1152 962 1201 1035 sit,

67 1054 190 1113 quarum
211 1046 334 1115 utraque
358 1036 426 1096 fidei
450 1034 515 1095 zelo
535 1044 585 1171 qut
605 1037 736 1112 videtur)
760 1037 901 1117 impulsa,
927 1050 1007 1098 extre
1026 1038 1108 1095 uerbi
1128 1038 1201 1097 fines

66 1130 184 1245 egressa
204 1122 258 1170 est.
301 1110 372 1171 Sara
393 1133 481 1191 quum
502 1133 533 1172 ar
555 1125 618 1172 eret
643 1112 787 1172 desiderio
812 1113 972 1193 promissae
994 1112 1122 1187 sobolis,
1147 1132 1201 1173 an-

68 1210 91 1246 cr
106 1186 163 1245 lam
183 1208 265 1246 suam
284 1188 388 1247 marito
408 1190 571 1267 supposuit.
610 1189 692 1263 Quin
717 1189 814 1249 multis
836 1190 929 1251 modis
950 1191 1127 1269 peccaverit,
1148 1188 1199 1248 ne·

65 1262 194 1343 gaudum
221 1283 283 1322 non
308 1276 364 1323 est:
395 1266 446 1325 sed
475 1266 531 1325 boc
557 1266 657 1325 vitium
682 1286 761 1325 nunc
785 1266 916 1345 attingo,
969 1266 1027 1325 uod
1053 1265 1119 1325 uelo
1143 1286 1199 1325 suo

64 1340 188 1418 abrepta
213 1359 245 1399 se
269 1340 343 1398 iutra
364 1342 446 1399 verbi
466 1339 523 1399 Dei
548 1353 638 1400 metas
665 1362 726 1401 non
753 1342 909 1401 continuit.
982 1355 1077 1401 ertum
1103 1354 1199 1402 tamen

65 1426 118 1489 ert,
138 1414 315 1477 desiderium
338 1414 407 1475 illud
427 1438 443 1476 a
464 1416 521 1474 fide
540 1417 706 1496 proiectum
727 1437 797 1476 esse.
836 1418 971 1477 Rebecca
991 1416 1112 1478 oraculo
1134 1439 1199 1477 cer·
1293 1458 1295 1465 ι

63 1492 123 1550 tior
144 1490 220 1551 lacta
242 1491 278 1549 de
298 1490 446 1552 electione
464 1492 516 1551 lilii
537 1495 581 1551 sui
594 1493 695 1567 lacob,
715 1495 776 1552 eins
798 1493 1034 1554 benedictionem
1055 1493 1133 1555 malo
1153 1514 1199 1553 ar·

10 1582 14 1603 '
63 1566 156 1626 tilicio
182 1580 338 1647 procurat:
365 1570 498 1628 maritum
524 1591 606 1629 suum
633 1570 743 1663 gratiae
764 1570 820 1628 Dei
845 1582 949 1629 testem
975 1592 1008 1631 ac
1033 1570 1199 1629 ministrum

62 1642 190 1723 decipit:
211 1642 301 1702 filium
322 1666 405 1704 suum
430 1646 512 1726 cogit
536 1647 668 1706 mentiri:
695 1646 780 1706 variis
806 1646 954 1706 fraudibus
976 1658 1005 1705 et
1030 1646 1198 1725 imposturis

62 1720 229 1799 corrumpit
248 1720 305 1780 Dei
324 1723 491 1781 veritatem:
511 1722 639 1800 denique
657 1722 785 1782 ludibrio
805 1741 954 1801 exponens
977 1723 1054 1782 illius
1074 1722 1201 1802 prornis-

60 1795 194 1867 sionem,
218 1808 359 1875 quantum
385 1799 466 1858 inse
491 1810 535 1858 est
555 1819 618 1858 eam
642 1798 751 1858 abolet.
789 1801 895 1877 Neque
918 1811 1015 1857 tamen
1036 1799 1093 1857 hoc
1114 1819 1199 1878 opus,

61 1871 224 1951 quamlibet
238 1874 371 1932 vitiosum
387 1886 416 1933 et
436 1894 468 1933 re
491 1875 666 1934 rebensinne
679 1875 809 1956 dignum,
829 1876 886 1933 lide
899 1896 1021 1934 vacuum
1043 1875 1111 1933 luit:
1131 1874 1199 1953 quia

58 1968 203 2029 superare
221 1950 312 2009 multa
322 1895 500 2010 offendicula
522 1971 640 2010 necesse
652 1951 715 2026 suit,
736 1963 768 2009 nt
788 1964 943 2031 tantopere
953 1962 1106 2030 appeteret
1117 1950 1200 2029 qnod

59 2025 127 2085 sinc
147 2044 200 2105 spe
219 2037 354 2085 terrenae
365 2025 495 2087 utilitatis
514 2027 684 2109 ingentibus
704 2027 844 2088 molestiis
859 2040 888 2086 ct
907 2027 1043 2106 periculis
1056 2026 1198 2087 reserum

59 2112 135 2161 erat.
175 2101 269 2160 Sicuti
288 2114 420 2162 sanctum
441 2103 636 2178 Patriasclram
661 2104 741 2163 Isaac
761 2126 821 2163 ιιοιι
844 2106 965 2164 omnino
991 2104 1049 2162 fide
1069 2102 1197 2183 privabi-

58 2198 146 2249 mus,
177 2180 315 2256 eoquod
345 2180 509 2240 admonitus
535 2182 639 2239 eodem
660 2181 779 2241 oraculo
802 2181 838 2240 de
863 2181 977 2241 bonore
997 2180 1032 2239 ad
1052 2180 1198 2239 minorem

58 2254 155 2315 filium
174 2256 333 2330 translato,
358 2276 418 2315 non
447 2256 552 2316 desinit
576 2268 673 2316 tamen
700 2278 863 2338 propensus
884 2277 945 2316 esse
966 2257 996 2315 iu
1016 2256 1199 2338 primogeni-

57 2342 126 2391 tu·
145 2352 229 2390 snum
249 2332 337 2391 Esau.
386 2332 507 2392 Docent
526 2344 606 2393 certe
627 2333 697 2393 haec
718 2334 863 2414 exempla,
889 2353 1004 2393 errores
1024 2352 1109 2412 saepe
1130 2331 1199 2393 fidei

58 2408 312 2488 mpcrmistos:
331 2406 372 2467 sie
392 2421 489 2468 tamen
510 2421 543 2469 ut
563 2411 716 2490 primatum
729 2431 847 2489 semper
865 2422 966 2469 teneat
985 2409 1044 2483 illa,
1065 2408 1115 2469 ubi
1128 2428 1197 2469 vcra

60 2496 116 2544 est.
157 2484 253 2543 Sicuti
284 2486 362 2542 enim
381 2486 536 2545 Rebeccae
561 2486 741 2577 particularis
766 2508 850 2546 error
875 2507 936 2545 nnn
963 2487 1076 2544 irritum
1105 2485 1197 2546 bene-

60 2560 201 2621 dictionis
222 2560 362 2620 essectum
383 2562 526 2635 reddidit,
546 2585 589 2623 stc
609 2583 705 2641 neque
724 2564 828 2638 fidem,
848 2582 922 2642 quae
943 2562 1122 2643 generaliter
1143 2562 1199 2620 do-

59 2638 171 2698 minata
203 2649 246 2697 est
277 2636 311 2695 in'
338 2639 399 2697 eins
431 2639 543 2711 animo,
578 2640 753 2719 principium
778 2659 814 2698 ue
849 2650 878 2698 et
915 2660 998 2698 cansa
1031 2638 1084 2696 suit
1119 2638 1197 2699 illius

60 2714 196 2775 actionis.
236 2712 270 2772 ln
297 2735 333 2772 eo
361 2715 549 2774 nihilominus
575 2717 706 2795 prodidit
725 2662 976 2794 Rilrccca,‘quam
1004 2714 1134 2773 lubricus
1159 2716 1197 2775 sit

63 2791 209 2851 humanae
230 2792 336 2849 mentis
358 2792 459 2867 Herus,
482 2790 601 2851 simulac
625 2793 672 2851 vel
700 2792 843 2851 tantillum
863 2793 919 2851 sibi
939 2791 1091 2871 permittit.
1134 2790 1199 2851 Etsi

33 2872 37 2877 '
60 2867 302 2928 antcmdelectus
322 2880 351 2925 et
371 2867 550 2928 imbecillitas
570 2866 655 2926 iidem
668 2869 814 2942 obscurat,
834 2889 894 2927 non
914 2879 1013 2925 tamen
1026 2867 1115 2925 exstin
1139 2869 1196 2926 uit:

60 2944 179 3005 interim
201 2964 256 3003 nos
276 2944 425 3019 adruonet,
445 2966 530 3023 qnam
550 2945 674 3004 sollicite
712 2945 821 3003 endere
840 2954 978 3024 oporteat
998 2963 1032 3001 ex
1051 2963 1104 3002 ore
1155 2944 1197 3021 ei:

62 3033 95 3081 et
113 3019 199 3082 simul
226 3021 382 3081 coufirmat
405 3020 485 3100 quod
506 3022 667 3093 docuimus,
687 2966 774 3080 bdem
795 3022 850 3080 nisi
870 3019 961 3079 verbo
982 3018 1131 3078 suliultam
1153 3019 1198 3079 ei·

62 3097 170 3161 llnere:
188 3100 275 3157 sicuti
296 3109 326 3157 et
345 3099 434 3157 Sarae
460 3109 489 3156 et
509 3099 589 3158 Isaac
615 3111 644 3157 et
664 3098 817 3157 Rebeccae
841 3096 1027 3156 evanuissent
1052 3095 1197 3163 animiin

61 3174 191 3253 obliquis
216 3175 274 3234 suis
300 3174 524 3249 deflexiouibus,
556 3175 612 3234 nisi
637 3196 743 3235 arcano
764 3175 822 3233 Dei
849 3174 934 3233 freno
959 3173 990 3233 in
1013 3173 1096 3234 verbi
1122 3172 1197 3234 obe-

62 3252 171 3312 dientia
191 3251 299 3311 retenti
319 3262 424 3310 essent.
641 3270 645 3277 ’

138 3332 188 3393 32.
227 3327 352 3386 Rursum
377 3348 438 3386 non
455 3327 527 3385 sine
552 3347 635 3385 eausa
661 3329 691 3387 in
714 3327 833 3387 Cbristn
854 3325 1066 3460 promissiones
1093 3345 1197 3389 omnes

60 3403 281 3465 concludimus:
301 3405 418 3482 quando
440 3405 549 3463 eteius
569 3404 719 3483 agnitione
739 3415 834 3463 totum
880 3403 1044 3483 vangelium
1066 3402 1197 3484 Aposto-

61 3480 108 3541 lus
127 3479 293 3553 concludit,
318 3492 347 3540 ct
366 3480 435 3539 alibi
457 3480 559 3553 dorcet,
603 3491 729 3560 uotquot
748 3492 816 3541 sunt
835 3479 892 3538 Dei
912 3480 1141 3558 promissiones,
1164 3481 1197 3540 in

62 3559 128 3638 ipso
146 3578 211 3617 esse
231 3556 325 3615 Etiam
347 3569 377 3616 et
396 3558 545 3631 dmm).
581 3502 676 3617 lluius
701 3556 743 3616 rei
764 3558 793 3614 in
813 3566 953 3646 promptu
974 3567 1018 3616 est
1036 3559 1122 3617 ratio.
1162 3556 1197 3615 Si

63 3634 134 3717 qnid
159 3634 240 3692 enim
264 3633 423 3708 pollicetur
445 3634 540 3707 Deus,
569 3653 605 3693 eo
633 3633 865 3692 benevolentiam
891 3652 971 3691 suam
995 3644 1134 3694 testatur:
1163 3644 1197 3693 ut
1259 3694 1262 3699 ,

63 3710 143 3771 nulla
163 3711 202 3770 sit
221 3710 282 3770 eius
295 3711 458 3788 promissio,
478 3730 553 3789 quae
574 3732 633 3769 non
654 3714 691 3769 sit
702 3709 865 3768 dilectionis
884 3710 1094 3767 testimonium.
1134 3709 1198 3768 Nec

62 3788 157 3849 refert
175 3783 263 3867 quod
287 3786 456 3869 ingentibus
481 3799 569 3865 atquc
594 3786 712 3846 assiduis
741 3786 854 3845 divinae
877 3786 1017 3865 largitatis
1046 3784 1197 3846 beneficiis

62 3864 134 3925 dum
153 3864 236 3945 impii
257 3863 458 3938 cumulantur,
483 3883 520 3921 co
546 3863 673 3945 graviori
699 3861 808 3921 iudicio
832 3882 896 3921 sese
920 3863 1055 3921 induunt.
1095 3860 1196 3934 Quum

63 3942 143 4001 enim
164 3960 199 4000 ea
218 3940 274 4001 sibi
296 3960 312 4000 e
332 3940 454 3998 Domini
477 3961 565 3999 manu
592 3938 749 4021 proveni're
776 3960 832 3999 nec
852 3939 1002 4032 cogitent,
1027 3957 1082 3997 nec
1102 3936 1199 4017 agnu-¹

62 4030 162 4093 scant,
182 4026 233 4077 aut
252 4018 276 4075 si
297 4015 414 4095 quando
434 4029 610 4098 agnoscant,
630 4019 690 4076 eius
710 4028 808 4075 umen
830 4014 992 4075 bonitatem
1013 4034 1198 4093 nequaquam

64 4094 141 4177 apud
164 4114 199 4154 se
223 4104 379 4175 reputent:
410 4112 472 4153 non
498 4105 621 4174 possunt
649 4093 718 4153 inde
741 4093 832 4175 magis
851 4093 889 4152 de
913 4092 974 4153 eius
999 4088 1200 4153 misericordie
1245 4172 1250 4183 ι

61 4242 1197 4269 mmm-m

130 4326 345 4399 'filum-bd.
377 4323 562 4392 Renum.
596 4326 631 4384 ll.
649 4324 712 4380 Cor.
730 4326 812 4389 mu.
