<?xml version="1.0" encoding="UTF-8"?>
<!DOCTYPE html PUBLIC "-//W3C//DTD XHTML 1.0 Transitional//EN"
    "http://www.w3.org/TR/xhtml1/DTD/xhtml1-transitional.dtd">
<html xmlns="http://www.w3.org/1999/xhtml" xml:lang="en" lang="en">
 <head>
  <title>
</title>
<meta http-equiv="Content-Type" content="text/html;charset=utf-8" />
  <meta name='ocr-system' content='tesseract 3.04.00' />
  <meta name='ocr-capabilities' content='ocr_page ocr_carea ocr_par ocr_line ocrx_word'/>
</head>
<body>
  <div class='ocr_page' id='page_1' title='image "./ioanniscalvinii02tholgoog/ioanniscalvinii02tholgoog_0474.png"; bbox 0 0 2700 4732; ppageno 0'>
   <div class='ocr_carea' id='block_1_1' title="bbox 506 202 1253 303">
    <p class='ocr_par' dir='ltr' id='par_1_1' title="bbox 506 202 1253 303">
     <span class='ocr_line' id='line_1_1' title="bbox 506 202 1253 303; baseline 0.003 -40"><span class='ocrx_word' id='word_1_1' title='bbox 506 202 582 303; x_wconf 75' lang='lat' dir='ltr'><strong>bill.</strong></span> <span class='ocrx_word' id='word_1_2' title='bbox 601 202 659 263; x_wconf 86' lang='grc' dir='ltr'><strong>ΙΙΙ.</strong></span> <span class='ocrx_word' id='word_1_3' title='bbox 698 202 788 267; x_wconf 79' lang='lat' dir='ltr'><strong>CAP.</strong></span> <span class='ocrx_word' id='word_1_4' title='bbox 807 204 860 265; x_wconf 85' lang='lat' dir='ltr'><strong>lli.</strong></span> <span class='ocrx_word' id='word_1_5' title='bbox 1197 214 1253 279; x_wconf 60' lang='grc' dir='ltr'><strong>ΑΜ</strong></span> 
     </span>
    </p>
   </div>
   <div class='ocr_carea' id='block_1_2' title="bbox 77 345 1254 4307">
    <p class='ocr_par' dir='ltr' id='par_1_2' title="bbox 113 345 1254 1711">
     <span class='ocr_line' id='line_1_2' title="bbox 115 345 1254 435; baseline 0 -20"><span class='ocrx_word' id='word_1_6' title='bbox 115 352 173 415; x_wconf 84' lang='lat' dir='ltr'><strong>ista</strong></span> <span class='ocrx_word' id='word_1_7' title='bbox 191 348 302 413; x_wconf 82' lang='lat' dir='ltr'><strong>omnia.</strong></span> <span class='ocrx_word' id='word_1_8' title='bbox 338 347 451 409; x_wconf 84' lang='lat' dir='ltr'><strong>Verum</strong></span> <span class='ocrx_word' id='word_1_9' title='bbox 469 345 522 407; x_wconf 92' lang='lat' dir='ltr'><strong>ubi</strong></span> <span class='ocrx_word' id='word_1_10' title='bbox 541 346 658 424; x_wconf 89' lang='lat' dir='ltr'><strong>accidit,</strong></span> <span class='ocrx_word' id='word_1_11' title='bbox 677 360 882 409; x_wconf 88' lang='lat' dir='ltr'><strong>momentanea</strong></span> <span class='ocrx_word' id='word_1_12' title='bbox 898 347 1149 433; x_wconf 85' lang='lat' dir='ltr'><strong>estpbilosoplria,</strong></span> <span class='ocrx_word' id='word_1_13' title='bbox 1167 375 1254 435; x_wconf 89' lang='lat' dir='ltr'><strong>quae,</strong></span> 
     </span>
     <span class='ocr_line' id='line_1_3' title="bbox 115 426 1253 519; baseline 0.003 -30"><span class='ocrx_word' id='word_1_14' title='bbox 115 426 295 507; x_wconf 70' lang='lat' dir='ltr'><strong>simulatque</strong></span> <span class='ocrx_word' id='word_1_15' title='bbox 313 436 398 519; x_wconf 90' lang='lat' dir='ltr'><strong>terga</strong></span> <span class='ocrx_word' id='word_1_16' title='bbox 416 426 564 497; x_wconf 86' lang='lat' dir='ltr'><strong>vertimur,</strong></span> <span class='ocrx_word' id='word_1_17' title='bbox 585 426 744 497; x_wconf 87' lang='lat' dir='ltr'><strong>evanescit,</strong></span> <span class='ocrx_word' id='word_1_18' title='bbox 763 446 798 483; x_wconf 89' lang='lat' dir='ltr'><strong>ac</strong></span> <span class='ocrx_word' id='word_1_19' title='bbox 817 444 855 483; x_wconf 94' lang='lat' dir='ltr'><strong>ne</strong></span> <span class='ocrx_word' id='word_1_20' title='bbox 875 426 1027 485; x_wconf 90' lang='lat' dir='ltr'><strong>minimum</strong></span> <span class='ocrx_word' id='word_1_21' title='bbox 1047 430 1164 508; x_wconf 91' lang='lat' dir='ltr'><strong>quidem</strong></span> <span class='ocrx_word' id='word_1_22' title='bbox 1184 444 1253 511; x_wconf 92' lang='lat' dir='ltr'><strong>post</strong></span> 
     </span>
     <span class='ocr_line' id='line_1_4' title="bbox 116 500 1253 582; baseline 0.002 -15"><span class='ocrx_word' id='word_1_23' title='bbox 116 526 149 567; x_wconf 84' lang='lat' dir='ltr'><strong>se</strong></span> <span class='ocrx_word' id='word_1_24' title='bbox 168 502 386 565; x_wconf 80' lang='lat' dir='ltr'><strong>recordatiouis</strong></span> <span class='ocrx_word' id='word_1_25' title='bbox 403 502 557 582; x_wconf 85' lang='lat' dir='ltr'><strong>vestigium</strong></span> <span class='ocrx_word' id='word_1_26' title='bbox 578 500 733 581; x_wconf 76' lang='lat' dir='ltr'>relinquit:</span> <span class='ocrx_word' id='word_1_27' title='bbox 761 501 888 581; x_wconf 89' lang='lat' dir='ltr'><strong>denique</strong></span> <span class='ocrx_word' id='word_1_28' title='bbox 907 522 968 563; x_wconf 91' lang='lat' dir='ltr'><strong>non</strong></span> <span class='ocrx_word' id='word_1_29' title='bbox 987 502 1073 563; x_wconf 91' lang='lat' dir='ltr'><strong>aliter</strong></span> <span class='ocrx_word' id='word_1_30' title='bbox 1093 508 1189 567; x_wconf 84' lang='lat' dir='ltr'><strong>effluit</strong></span> <span class='ocrx_word' id='word_1_31' title='bbox 1208 520 1253 569; x_wconf 87' lang='lat' dir='ltr'><strong>at-</strong></span> 
     </span>
     <span class='ocr_line' id='line_1_5' title="bbox 116 576 1252 667; baseline 0.004 -27"><span class='ocrx_word' id='word_1_32' title='bbox 116 602 178 663; x_wconf 90' lang='lat' dir='ltr'><strong>que</strong></span> <span class='ocrx_word' id='word_1_33' title='bbox 195 578 347 641; x_wconf 80' lang='lat' dir='ltr'><strong>theatralis</strong></span> <span class='ocrx_word' id='word_1_34' title='bbox 365 576 483 659; x_wconf 84' lang='lat' dir='ltr'><strong>plausus</strong></span> <span class='ocrx_word' id='word_1_35' title='bbox 501 578 532 637; x_wconf 90' lang='lat' dir='ltr'><strong>in</strong></span> <span class='ocrx_word' id='word_1_36' title='bbox 553 578 683 637; x_wconf 87' lang='lat' dir='ltr'><strong>iucundo</strong></span> <span class='ocrx_word' id='word_1_37' title='bbox 702 576 801 656; x_wconf 90' lang='lat' dir='ltr'><strong>aliquo</strong></span> <span class='ocrx_word' id='word_1_38' title='bbox 821 578 997 667; x_wconf 86' lang='lat' dir='ltr'><strong>spectaculo.</strong></span> <span class='ocrx_word' id='word_1_39' title='bbox 1047 582 1153 661; x_wconf 84' lang='lat' dir='ltr'><strong>Neque</strong></span> <span class='ocrx_word' id='word_1_40' title='bbox 1172 586 1252 645; x_wconf 89' lang='lat' dir='ltr'><strong>enim</strong></span> 
     </span>
     <span class='ocr_line' id='line_1_6' title="bbox 114 652 1252 734; baseline 0.001 -15"><span class='ocrx_word' id='word_1_41' title='bbox 114 656 221 719; x_wconf 87' lang='lat' dir='ltr'><strong>mortis</strong></span> <span class='ocrx_word' id='word_1_42' title='bbox 239 653 435 729; x_wconf 71' lang='lat' dir='ltr'><strong>natumsed</strong></span> <span class='ocrx_word' id='word_1_43' title='bbox 453 653 636 713; x_wconf 75' lang='lat' dir='ltr'><strong>mortalitatis</strong></span> <span class='ocrx_word' id='word_1_44' title='bbox 656 673 775 733; x_wconf 89' lang='lat' dir='ltr'><strong>quoque</strong></span> <span class='ocrx_word' id='word_1_45' title='bbox 793 652 883 734; x_wconf 80' lang='lat' dir='ltr'><strong>ipsius</strong></span> <span class='ocrx_word' id='word_1_46' title='bbox 904 653 1000 729; x_wconf 90' lang='lat' dir='ltr'><strong>obliti,</strong></span> <span class='ocrx_word' id='word_1_47' title='bbox 1019 658 1076 717; x_wconf 88' lang='lat' dir='ltr'><strong>acsi</strong></span> <span class='ocrx_word' id='word_1_48' title='bbox 1087 658 1183 721; x_wconf 89' lang='lat' dir='ltr'><strong>nullus</strong></span> <span class='ocrx_word' id='word_1_49' title='bbox 1196 682 1252 720; x_wconf 89' lang='lat' dir='ltr'><strong>un-</strong></span> 
     </span>
     <span class='ocr_line' id='line_1_7' title="bbox 117 728 1252 815; baseline 0.001 -20"><span class='ocrx_word' id='word_1_50' title='bbox 117 754 208 815; x_wconf 80' lang='lat' dir='ltr'><strong>quam</strong></span> <span class='ocrx_word' id='word_1_51' title='bbox 225 732 265 791; x_wconf 92' lang='lat' dir='ltr'><strong>de</strong></span> <span class='ocrx_word' id='word_1_52' title='bbox 283 751 318 791; x_wconf 92' lang='lat' dir='ltr'><strong>ea</strong></span> <span class='ocrx_word' id='word_1_53' title='bbox 337 750 440 792; x_wconf 73' lang='lat' dir='ltr'><strong>rumor</strong></span> <span class='ocrx_word' id='word_1_54' title='bbox 457 728 494 789; x_wconf 92' lang='lat' dir='ltr'><strong>ad</strong></span> <span class='ocrx_word' id='word_1_55' title='bbox 514 751 568 789; x_wconf 91' lang='lat' dir='ltr'><strong>nos</strong></span> <span class='ocrx_word' id='word_1_56' title='bbox 588 730 785 809; x_wconf 85' lang='lat' dir='ltr'><strong>pervenisset,</strong></span> <span class='ocrx_word' id='word_1_57' title='bbox 815 730 847 789; x_wconf 91' lang='lat' dir='ltr'><strong>in</strong></span> <span class='ocrx_word' id='word_1_58' title='bbox 877 731 1011 810; x_wconf 75' lang='lat' dir='ltr'><strong>supinam</strong></span> <span class='ocrx_word' id='word_1_59' title='bbox 1035 744 1173 794; x_wconf 87' lang='lat' dir='ltr'><strong>terrenae</strong></span> <span class='ocrx_word' id='word_1_60' title='bbox 1196 739 1252 797; x_wconf 89' lang='lat' dir='ltr'><strong>im-</strong></span> 
     </span>
     <span class='ocr_line' id='line_1_8' title="bbox 115 805 1252 890; baseline 0.003 -19"><span class='ocrx_word' id='word_1_61' title='bbox 115 807 308 873; x_wconf 76' lang='lat' dir='ltr'><strong>mortalitatis</strong></span> <span class='ocrx_word' id='word_1_62' title='bbox 326 808 512 869; x_wconf 82' lang='lat' dir='ltr'><strong>securitatem</strong></span> <span class='ocrx_word' id='word_1_63' title='bbox 533 805 717 865; x_wconf 79' lang='lat' dir='ltr'><strong>revolvimur.</strong></span> <span class='ocrx_word' id='word_1_64' title='bbox 768 806 802 866; x_wconf 90' lang='lat' dir='ltr'><strong>Si</strong></span> <span class='ocrx_word' id='word_1_65' title='bbox 855 808 897 866; x_wconf 89' lang='lat' dir='ltr'><strong>uis</strong></span> <span class='ocrx_word' id='word_1_66' title='bbox 921 808 1037 867; x_wconf 89' lang='lat' dir='ltr'><strong>interim</strong></span> <span class='ocrx_word' id='word_1_67' title='bbox 1058 811 1252 890; x_wconf 87' lang='lat' dir='ltr'><strong>proverbium</strong></span> 
     </span>
     <span class='ocr_line' id='line_1_9' title="bbox 115 826 1251 961; baseline 0.002 -16"><span class='ocrx_word' id='word_1_68' title='bbox 115 886 252 961; x_wconf 86' lang='lat' dir='ltr'><strong>oceiuat,</strong></span> <span class='ocrx_word' id='word_1_69' title='bbox 283 882 434 946; x_wconf 89' lang='lat' dir='ltr'><strong>bominem</strong></span> <span class='ocrx_word' id='word_1_70' title='bbox 459 881 564 944; x_wconf 87' lang='lat' dir='ltr'><strong>animal</strong></span> <span class='ocrx_word' id='word_1_71' title='bbox 585 901 646 941; x_wconf 87' lang='lat' dir='ltr'><strong>esse</strong></span> <span class='ocrx_word' id='word_1_72' title='bbox 666 880 816 955; x_wconf 68' lang='grc' dir='ltr'><strong><em>ἐφήμερον.</em></strong></span> <span class='ocrx_word' id='word_1_73' title='bbox 833 826 967 942; x_wconf 75' lang='lat' dir='ltr'><strong>latemur</strong></span> <span class='ocrx_word' id='word_1_74' title='bbox 984 883 1013 943; x_wconf 95' lang='lat' dir='ltr'><strong>id</strong></span> <span class='ocrx_word' id='word_1_75' title='bbox 1055 887 1165 947; x_wconf 89' lang='lat' dir='ltr'><strong>uidem:</strong></span> <span class='ocrx_word' id='word_1_76' title='bbox 1198 889 1251 951; x_wconf 86' lang='lat' dir='ltr'><strong>sed</strong></span> 
     </span>
     <span class='ocr_line' id='line_1_10' title="bbox 116 906 1252 1041; baseline 0.003 -17"><span class='ocrx_word' id='word_1_77' title='bbox 116 962 194 1024; x_wconf 85' lang='lat' dir='ltr'><strong>adeo</strong></span> <span class='ocrx_word' id='word_1_78' title='bbox 219 959 300 1021; x_wconf 86' lang='lat' dir='ltr'><strong>nulla</strong></span> <span class='ocrx_word' id='word_1_79' title='bbox 327 960 509 1032; x_wconf 75' lang='lat' dir='ltr'><strong>attentione,</strong></span> <span class='ocrx_word' id='word_1_80' title='bbox 538 971 572 1019; x_wconf 92' lang='lat' dir='ltr'><strong>ut</strong></span> <span class='ocrx_word' id='word_1_81' title='bbox 592 958 793 1039; x_wconf 77' lang='lat' dir='ltr'><strong>perpetuitatis</strong></span> <span class='ocrx_word' id='word_1_82' title='bbox 812 959 956 1041; x_wconf 84' lang='lat' dir='ltr'><strong>cogitatio</strong></span> <span class='ocrx_word' id='word_1_83' title='bbox 976 906 1167 1025; x_wconf 85' lang='lat' dir='ltr'><strong>nibilominus</strong></span> <span class='ocrx_word' id='word_1_84' title='bbox 1186 968 1252 1027; x_wconf 90' lang='lat' dir='ltr'><strong>aui-</strong></span> 
     </span>
     <span class='ocr_line' id='line_1_11' title="bbox 115 1034 1253 1127; baseline 0.002 -26"><span class='ocrx_word' id='word_1_85' title='bbox 115 1038 172 1101; x_wconf 87' lang='lat' dir='ltr'><strong>tuis</strong></span> <span class='ocrx_word' id='word_1_86' title='bbox 191 1036 330 1098; x_wconf 87' lang='lat' dir='ltr'><strong>insideat.</strong></span> <span class='ocrx_word' id='word_1_87' title='bbox 388 1035 464 1111; x_wconf 90' lang='lat' dir='ltr'><strong>Quis</strong></span> <span class='ocrx_word' id='word_1_88' title='bbox 484 1054 557 1117; x_wconf 86' lang='lat' dir='ltr'><strong>ergo</strong></span> <span class='ocrx_word' id='word_1_89' title='bbox 577 1045 682 1127; x_wconf 85' lang='lat' dir='ltr'><strong>neget,</strong></span> <span class='ocrx_word' id='word_1_90' title='bbox 700 1034 786 1094; x_wconf 89' lang='lat' dir='ltr'><strong>nobis</strong></span> <span class='ocrx_word' id='word_1_91' title='bbox 812 1035 948 1096; x_wconf 89' lang='lat' dir='ltr'><strong>omnibus</strong></span> <span class='ocrx_word' id='word_1_92' title='bbox 971 1056 1114 1098; x_wconf 86' lang='lat' dir='ltr'><strong>summum</strong></span> <span class='ocrx_word' id='word_1_93' title='bbox 1141 1059 1253 1120; x_wconf 86' lang='lat' dir='ltr'><strong>operae</strong></span> 
     </span>
     <span class='ocr_line' id='line_1_12' title="bbox 115 1110 1252 1197; baseline 0.003 -21"><span class='ocrx_word' id='word_1_94' title='bbox 115 1116 245 1197; x_wconf 89' lang='lat' dir='ltr'><strong>pretium</strong></span> <span class='ocrx_word' id='word_1_95' title='bbox 264 1131 343 1186; x_wconf 87' lang='lat' dir='ltr'><strong>esse,</strong></span> <span class='ocrx_word' id='word_1_96' title='bbox 372 1132 432 1173; x_wconf 91' lang='lat' dir='ltr'><strong>non</strong></span> <span class='ocrx_word' id='word_1_97' title='bbox 458 1111 525 1171; x_wconf 89' lang='lat' dir='ltr'><strong>dicu</strong></span> <span class='ocrx_word' id='word_1_98' title='bbox 550 1110 645 1171; x_wconf 80' lang='lat' dir='ltr'><strong>verbis</strong></span> <span class='ocrx_word' id='word_1_99' title='bbox 671 1110 838 1185; x_wconf 87' lang='lat' dir='ltr'><strong>admoneri,</strong></span> <span class='ocrx_word' id='word_1_100' title='bbox 868 1112 918 1171; x_wconf 87' lang='lat' dir='ltr'><strong>sed</strong></span> <span class='ocrx_word' id='word_1_101' title='bbox 946 1111 1167 1195; x_wconf 73' lang='lat' dir='ltr'><strong>quibuscunque</strong></span> <span class='ocrx_word' id='word_1_102' title='bbox 1187 1118 1252 1179; x_wconf 88' lang='lat' dir='ltr'><strong>fieri</strong></span> 
     </span>
     <span class='ocr_line' id='line_1_13' title="bbox 116 1186 1250 1281; baseline 0.001 -28"><span class='ocrx_word' id='word_1_103' title='bbox 116 1201 218 1273; x_wconf 88' lang='lat' dir='ltr'><strong>potest</strong></span> <span class='ocrx_word' id='word_1_104' title='bbox 237 1189 442 1281; x_wconf 72' lang='lat' dir='ltr'><strong>experimentis</strong></span> <span class='ocrx_word' id='word_1_105' title='bbox 461 1188 596 1248; x_wconf 82' lang='lat' dir='ltr'><strong>convinci</strong></span> <span class='ocrx_word' id='word_1_106' title='bbox 615 1187 652 1246; x_wconf 92' lang='lat' dir='ltr'><strong>de</strong></span> <span class='ocrx_word' id='word_1_107' title='bbox 671 1186 774 1247; x_wconf 88' lang='lat' dir='ltr'><strong>misera</strong></span> <span class='ocrx_word' id='word_1_108' title='bbox 793 1187 940 1249; x_wconf 80' lang='lat' dir='ltr'><strong>terrestria</strong></span> <span class='ocrx_word' id='word_1_109' title='bbox 963 1190 1043 1250; x_wconf 84' lang='lat' dir='ltr'><strong>vitae</strong></span> <span class='ocrx_word' id='word_1_110' title='bbox 1062 1192 1250 1255; x_wconf 89' lang='lat' dir='ltr'><strong>conditione:</strong></span> 
     </span>
     <span class='ocr_line' id='line_1_14' title="bbox 137 1262 1251 1345; baseline 0.002 -17"><span class='ocrx_word' id='word_1_111' title='bbox 137 1267 238 1328; x_wconf 88' lang='lat' dir='ltr'><strong>uaudo</strong></span> <span class='ocrx_word' id='word_1_112' title='bbox 257 1289 302 1327; x_wconf 84' lang='lat' dir='ltr'><strong>vrx</strong></span> <span class='ocrx_word' id='word_1_113' title='bbox 322 1264 448 1326; x_wconf 90' lang='lat' dir='ltr'><strong>convicti</strong></span> <span class='ocrx_word' id='word_1_114' title='bbox 468 1264 555 1323; x_wconf 88' lang='lat' dir='ltr'><strong>etiam</strong></span> <span class='ocrx_word' id='word_1_115' title='bbox 576 1262 734 1323; x_wconf 77' lang='lat' dir='ltr'><strong>desinimus</strong></span> <span class='ocrx_word' id='word_1_116' title='bbox 752 1282 840 1342; x_wconf 87' lang='lat' dir='ltr'><strong>prava</strong></span> <span class='ocrx_word' id='word_1_117' title='bbox 859 1263 1005 1345; x_wconf 87' lang='lat' dir='ltr'><strong>stultaque</strong></span> <span class='ocrx_word' id='word_1_118' title='bbox 1029 1266 1092 1327; x_wconf 90' lang='lat' dir='ltr'><strong>eius</strong></span> <span class='ocrx_word' id='word_1_119' title='bbox 1123 1268 1251 1331; x_wconf 79' lang='lat' dir='ltr'><strong>admira-</strong></span> 
     </span>
     <span class='ocr_line' id='line_1_15' title="bbox 114 1338 1252 1422; baseline 0.003 -17"><span class='ocrx_word' id='word_1_120' title='bbox 114 1354 199 1405; x_wconf 83' lang='lat' dir='ltr'><strong>troue</strong></span> <span class='ocrx_word' id='word_1_121' title='bbox 211 1341 437 1422; x_wconf 73' lang='lat' dir='ltr'><strong>obstupescere,</strong></span> <span class='ocrx_word' id='word_1_122' title='bbox 455 1340 513 1399; x_wconf 89' lang='lat' dir='ltr'><strong>acsi</strong></span> <span class='ocrx_word' id='word_1_123' title='bbox 524 1340 654 1399; x_wconf 90' lang='lat' dir='ltr'><strong>ultimam</strong></span> <span class='ocrx_word' id='word_1_124' title='bbox 670 1338 818 1398; x_wconf 91' lang='lat' dir='ltr'><strong>bonorum</strong></span> <span class='ocrx_word' id='word_1_125' title='bbox 838 1352 944 1399; x_wconf 88' lang='lat' dir='ltr'><strong>metam</strong></span> <span class='ocrx_word' id='word_1_126' title='bbox 964 1341 994 1400; x_wconf 91' lang='lat' dir='ltr'><strong>iu</strong></span> <span class='ocrx_word' id='word_1_127' title='bbox 1014 1362 1047 1403; x_wconf 92' lang='lat' dir='ltr'><strong>se</strong></span> <span class='ocrx_word' id='word_1_128' title='bbox 1066 1345 1252 1409; x_wconf 73' lang='lat' dir='ltr'><strong>contineret?</strong></span> 
     </span>
     <span class='ocr_line' id='line_1_16' title="bbox 115 1416 1252 1497; baseline 0.001 -16"><span class='ocrx_word' id='word_1_129' title='bbox 115 1418 236 1497; x_wconf 82' lang='lat' dir='ltr'><strong>Quodsi</strong></span> <span class='ocrx_word' id='word_1_130' title='bbox 260 1438 380 1478; x_wconf 87' lang='lat' dir='ltr'><strong>necesse</strong></span> <span class='ocrx_word' id='word_1_131' title='bbox 405 1416 493 1476; x_wconf 91' lang='lat' dir='ltr'><strong>babet</strong></span> <span class='ocrx_word' id='word_1_132' title='bbox 512 1417 593 1475; x_wconf 91' lang='lat' dir='ltr'><strong>Deus</strong></span> <span class='ocrx_word' id='word_1_133' title='bbox 613 1436 667 1475; x_wconf 91' lang='lat' dir='ltr'><strong>nos</strong></span> <span class='ocrx_word' id='word_1_134' title='bbox 687 1416 820 1475; x_wconf 84' lang='lat' dir='ltr'><strong>crudire:</strong></span> <span class='ocrx_word' id='word_1_135' title='bbox 841 1416 935 1475; x_wconf 89' lang='lat' dir='ltr'><strong>nostri</strong></span> <span class='ocrx_word' id='word_1_136' title='bbox 955 1416 1076 1478; x_wconf 84' lang='lat' dir='ltr'><strong>vicissim</strong></span> <span class='ocrx_word' id='word_1_137' title='bbox 1096 1422 1189 1482; x_wconf 78' lang='lat' dir='ltr'><strong>officii</strong></span> <span class='ocrx_word' id='word_1_138' title='bbox 1206 1432 1252 1484; x_wconf 85' lang='lat' dir='ltr'><strong>est</strong></span> 
     </span>
     <span class='ocr_line' id='line_1_17' title="bbox 113 1491 1251 1580; baseline 0.003 -22"><span class='ocrx_word' id='word_1_139' title='bbox 113 1494 281 1559; x_wconf 86' lang='lat' dir='ltr'><strong>auscultare</strong></span> <span class='ocrx_word' id='word_1_140' title='bbox 299 1494 432 1566; x_wconf 89' lang='lat' dir='ltr'><strong>vocanti,</strong></span> <span class='ocrx_word' id='word_1_141' title='bbox 457 1504 487 1553; x_wconf 88' lang='lat' dir='ltr'><strong>et</strong></span> <span class='ocrx_word' id='word_1_142' title='bbox 506 1505 658 1571; x_wconf 90' lang='lat' dir='ltr'><strong>torporem</strong></span> <span class='ocrx_word' id='word_1_143' title='bbox 679 1503 811 1551; x_wconf 89' lang='lat' dir='ltr'><strong>nostrum</strong></span> <span class='ocrx_word' id='word_1_144' title='bbox 831 1491 994 1569; x_wconf 84' lang='lat' dir='ltr'><strong>vellicanti,</strong></span> <span class='ocrx_word' id='word_1_145' title='bbox 1024 1506 1058 1554; x_wconf 92' lang='lat' dir='ltr'><strong>ut</strong></span> <span class='ocrx_word' id='word_1_146' title='bbox 1076 1509 1251 1580; x_wconf 85' lang='lat' dir='ltr'><strong>contempto</strong></span> 
     </span>
     <span class='ocr_line' id='line_1_18' title="bbox 113 1568 1250 1709; baseline 0.004 -78"><span class='ocrx_word' id='word_1_147' title='bbox 113 1572 248 1709; x_wconf 64' lang='grc' dir='ltr'><strong>11ιιιιιάο,</strong></span> <span class='ocrx_word' id='word_1_148' title='bbox 285 1571 322 1631; x_wconf 91' lang='lat' dir='ltr'><strong>ad</strong></span> <span class='ocrx_word' id='word_1_149' title='bbox 358 1570 472 1629; x_wconf 79' lang='lat' dir='ltr'><strong>suturae</strong></span> <span class='ocrx_word' id='word_1_150' title='bbox 503 1569 578 1629; x_wconf 88' lang='lat' dir='ltr'><strong>vitae</strong></span> <span class='ocrx_word' id='word_1_151' title='bbox 612 1568 833 1630; x_wconf 87' lang='lat' dir='ltr'><strong>meditationem</strong></span> <span class='ocrx_word' id='word_1_152' title='bbox 866 1579 932 1630; x_wconf 90' lang='lat' dir='ltr'><strong>toto</strong></span> <span class='ocrx_word' id='word_1_153' title='bbox 969 1581 1093 1650; x_wconf 90' lang='lat' dir='ltr'><strong>pectore</strong></span> <span class='ocrx_word' id='word_1_154' title='bbox 1123 1588 1250 1635; x_wconf 88' lang='lat' dir='ltr'><strong>conten-</strong></span> 
     </span>
     <span class='ocr_line' id='line_1_19' title="bbox 133 1668 227 1711; baseline -0.053 0"><span class='ocrx_word' id='word_1_155' title='bbox 133 1668 227 1711; x_wconf 67' lang='lat' dir='ltr'><strong>imm·</strong></span> 
     </span>
    </p>

    <p class='ocr_par' dir='ltr' id='par_1_3' title="bbox 77 1720 1250 4167">
     <span class='ocr_line' id='line_1_20' title="bbox 191 1720 1249 1804; baseline 0.008 -21"><span class='ocrx_word' id='word_1_156' title='bbox 191 1728 223 1789; x_wconf 82' lang='grc'><strong>3.</strong></span> <span class='ocrx_word' id='word_1_157' title='bbox 259 1721 321 1783; x_wconf 87' lang='lat' dir='ltr'><strong>Sed</strong></span> <span class='ocrx_word' id='word_1_158' title='bbox 340 1723 417 1780; x_wconf 92' lang='lat' dir='ltr'><strong>enim</strong></span> <span class='ocrx_word' id='word_1_159' title='bbox 436 1721 472 1781; x_wconf 95' lang='lat' dir='ltr'><strong>ad</strong></span> <span class='ocrx_word' id='word_1_160' title='bbox 492 1720 580 1780; x_wconf 89' lang='lat' dir='ltr'><strong>talem</strong></span> <span class='ocrx_word' id='word_1_161' title='bbox 599 1721 759 1800; x_wconf 85' lang='lat' dir='ltr'><strong>praesentis</strong></span> <span class='ocrx_word' id='word_1_162' title='bbox 784 1721 860 1781; x_wconf 90' lang='lat' dir='ltr'><strong>vitae</strong></span> <span class='ocrx_word' id='word_1_163' title='bbox 883 1733 1086 1804; x_wconf 88' lang='lat' dir='ltr'><strong>contemptum</strong></span> <span class='ocrx_word' id='word_1_164' title='bbox 1115 1747 1179 1787; x_wconf 85' lang='lat' dir='ltr'><strong>sese</strong></span> <span class='ocrx_word' id='word_1_165' title='bbox 1203 1749 1249 1791; x_wconf 83' lang='lat' dir='ltr'><strong>as·</strong></span> 
     </span>
     <span class='ocr_line' id='line_1_21' title="bbox 115 1796 1249 1879; baseline 0.002 -16"><span class='ocrx_word' id='word_1_166' title='bbox 115 1798 280 1863; x_wconf 86' lang='lat' dir='ltr'><strong>sueiaciant</strong></span> <span class='ocrx_word' id='word_1_167' title='bbox 309 1797 427 1870; x_wconf 86' lang='lat' dir='ltr'><strong>fideles,</strong></span> <span class='ocrx_word' id='word_1_168' title='bbox 457 1799 507 1877; x_wconf 89' lang='lat' dir='ltr'><strong>qui</strong></span> <span class='ocrx_word' id='word_1_169' title='bbox 527 1816 624 1876; x_wconf 90' lang='lat' dir='ltr'><strong>neque</strong></span> <span class='ocrx_word' id='word_1_170' title='bbox 644 1797 706 1856; x_wconf 90' lang='lat' dir='ltr'><strong>eius</strong></span> <span class='ocrx_word' id='word_1_171' title='bbox 731 1796 831 1855; x_wconf 89' lang='lat' dir='ltr'><strong>odium</strong></span> <span class='ocrx_word' id='word_1_172' title='bbox 856 1811 996 1879; x_wconf 79' lang='lat' dir='ltr'><strong>generet,</strong></span> <span class='ocrx_word' id='word_1_173' title='bbox 1027 1820 1083 1860; x_wconf 92' lang='lat' dir='ltr'><strong>nec</strong></span> <span class='ocrx_word' id='word_1_174' title='bbox 1112 1802 1249 1867; x_wconf 88' lang='lat' dir='ltr'><strong>adversus</strong></span> 
     </span>
     <span class='ocr_line' id='line_1_22' title="bbox 112 1872 1249 1957; baseline 0.002 -20"><span class='ocrx_word' id='word_1_175' title='bbox 112 1878 214 1937; x_wconf 82' lang='lat' dir='ltr'><strong>Deum</strong></span> <span class='ocrx_word' id='word_1_176' title='bbox 232 1873 481 1957; x_wconf 88' lang='lat' dir='ltr'><strong>ingratitudinem.</strong></span> <span class='ocrx_word' id='word_1_177' title='bbox 519 1872 673 1953; x_wconf 87' lang='lat' dir='ltr'><strong>Siquidem</strong></span> <span class='ocrx_word' id='word_1_178' title='bbox 694 1872 765 1933; x_wconf 88' lang='lat' dir='ltr'><strong>baec</strong></span> <span class='ocrx_word' id='word_1_179' title='bbox 784 1876 853 1948; x_wconf 89' lang='lat' dir='ltr'><strong>vita,</strong></span> <span class='ocrx_word' id='word_1_180' title='bbox 885 1886 1034 1955; x_wconf 89' lang='lat' dir='ltr'><strong>utcunque</strong></span> <span class='ocrx_word' id='word_1_181' title='bbox 1054 1876 1174 1940; x_wconf 85' lang='lat' dir='ltr'><strong>infinitis</strong></span> <span class='ocrx_word' id='word_1_182' title='bbox 1194 1881 1249 1939; x_wconf 93' lang='lat' dir='ltr'><strong>mi-</strong></span> 
     </span>
     <span class='ocr_line' id='line_1_23' title="bbox 111 1950 1249 2033; baseline 0.001 -18"><span class='ocrx_word' id='word_1_183' title='bbox 111 1952 197 2015; x_wconf 84' lang='lat' dir='ltr'><strong>seriis</strong></span> <span class='ocrx_word' id='word_1_184' title='bbox 217 1952 327 2011; x_wconf 85' lang='lat' dir='ltr'><strong>reierta</strong></span> <span class='ocrx_word' id='word_1_185' title='bbox 345 1950 392 2025; x_wconf 86' lang='lat' dir='ltr'><strong>sit,</strong></span> <span class='ocrx_word' id='word_1_186' title='bbox 411 1961 547 2009; x_wconf 87' lang='lat' dir='ltr'><strong>censetur</strong></span> <span class='ocrx_word' id='word_1_187' title='bbox 566 1962 662 2009; x_wconf 87' lang='lat' dir='ltr'><strong>tamen</strong></span> <span class='ocrx_word' id='word_1_188' title='bbox 682 1951 788 2009; x_wconf 91' lang='lat' dir='ltr'><strong>merito</strong></span> <span class='ocrx_word' id='word_1_189' title='bbox 808 1950 887 2009; x_wconf 90' lang='lat' dir='ltr'><strong>inter</strong></span> <span class='ocrx_word' id='word_1_190' title='bbox 905 1971 965 2011; x_wconf 93' lang='lat' dir='ltr'><strong>non</strong></span> <span class='ocrx_word' id='word_1_191' title='bbox 986 1954 1180 2033; x_wconf 87' lang='lat' dir='ltr'><strong>aspernandas</strong></span> <span class='ocrx_word' id='word_1_192' title='bbox 1191 1958 1249 2017; x_wconf 86' lang='lat' dir='ltr'><strong>Dei</strong></span> 
     </span>
     <span class='ocr_line' id='line_1_24' title="bbox 113 2025 1250 2109; baseline 0.001 -18"><span class='ocrx_word' id='word_1_193' title='bbox 113 2028 350 2091; x_wconf 87' lang='lat' dir='ltr'><strong>benedictiones.</strong></span> <span class='ocrx_word' id='word_1_194' title='bbox 402 2026 503 2100; x_wconf 86' lang='lat' dir='ltr'><strong>Quare</strong></span> <span class='ocrx_word' id='word_1_195' title='bbox 533 2025 558 2086; x_wconf 84' lang='lat' dir='ltr'><strong>si</strong></span> <span class='ocrx_word' id='word_1_196' title='bbox 582 2025 653 2084; x_wconf 88' lang='lat' dir='ltr'><strong>nibil</strong></span> <span class='ocrx_word' id='word_1_197' title='bbox 678 2026 709 2085; x_wconf 92' lang='lat' dir='ltr'><strong>in</strong></span> <span class='ocrx_word' id='word_1_198' title='bbox 735 2045 768 2085; x_wconf 88' lang='lat' dir='ltr'><strong>ea</strong></span> <span class='ocrx_word' id='word_1_199' title='bbox 790 2028 1026 2109; x_wconf 84' lang='lat' dir='ltr'><strong>recognoscimus</strong></span> <span class='ocrx_word' id='word_1_200' title='bbox 1046 2030 1136 2090; x_wconf 91' lang='lat' dir='ltr'><strong>divini</strong></span> <span class='ocrx_word' id='word_1_201' title='bbox 1157 2032 1250 2092; x_wconf 89' lang='lat' dir='ltr'><strong>bene·</strong></span> 
     </span>
     <span class='ocr_line' id='line_1_25' title="bbox 113 2102 1247 2187; baseline 0.004 -22"><span class='ocrx_word' id='word_1_202' title='bbox 113 2104 189 2177; x_wconf 82' lang='lat' dir='ltr'><strong>ficii,</strong></span> <span class='ocrx_word' id='word_1_203' title='bbox 219 2104 263 2164; x_wconf 90' lang='lat' dir='ltr'><strong>rei</strong></span> <span class='ocrx_word' id='word_1_204' title='bbox 291 2104 347 2164; x_wconf 89' lang='lat' dir='ltr'><strong>iam</strong></span> <span class='ocrx_word' id='word_1_205' title='bbox 377 2124 474 2163; x_wconf 89' lang='lat' dir='ltr'><strong>sumus</strong></span> <span class='ocrx_word' id='word_1_206' title='bbox 503 2123 564 2161; x_wconf 93' lang='lat' dir='ltr'><strong>non</strong></span> <span class='ocrx_word' id='word_1_207' title='bbox 597 2122 701 2181; x_wconf 90' lang='lat' dir='ltr'><strong>parvae</strong></span> <span class='ocrx_word' id='word_1_208' title='bbox 729 2102 758 2161; x_wconf 93' lang='lat' dir='ltr'><strong>in</strong></span> <span class='ocrx_word' id='word_1_209' title='bbox 777 2102 873 2161; x_wconf 87' lang='lat' dir='ltr'><strong>Deum</strong></span> <span class='ocrx_word' id='word_1_210' title='bbox 901 2103 993 2163; x_wconf 82' lang='lat' dir='ltr'><strong>irsum</strong></span> <span class='ocrx_word' id='word_1_211' title='bbox 1021 2107 1247 2187; x_wconf 79' lang='lat' dir='ltr'><strong>ingratitudinis.</strong></span> 
     </span>
     <span class='ocr_line' id='line_1_26' title="bbox 112 2125 1248 2247; baseline 0.005 -6"><span class='ocrx_word' id='word_1_212' title='bbox 112 2181 293 2243; x_wconf 80' lang='lat' dir='ltr'><strong>Praesertim</strong></span> <span class='ocrx_word' id='word_1_213' title='bbox 319 2199 388 2239; x_wconf 89' lang='lat' dir='ltr'><strong>vero</strong></span> <span class='ocrx_word' id='word_1_214' title='bbox 414 2178 547 2238; x_wconf 84' lang='lat' dir='ltr'><strong>fidelibus</strong></span> <span class='ocrx_word' id='word_1_215' title='bbox 573 2177 772 2241; x_wconf 89' lang='lat' dir='ltr'><strong>testimonium</strong></span> <span class='ocrx_word' id='word_1_216' title='bbox 793 2200 854 2239; x_wconf 85' lang='lat' dir='ltr'><strong>csse</strong></span> <span class='ocrx_word' id='word_1_217' title='bbox 873 2125 962 2239; x_wconf 85' lang='lat' dir='ltr'><strong>delet</strong></span> <span class='ocrx_word' id='word_1_218' title='bbox 982 2180 1096 2243; x_wconf 91' lang='lat' dir='ltr'><strong>divinae</strong></span> <span class='ocrx_word' id='word_1_219' title='bbox 1116 2183 1248 2247; x_wconf 89' lang='lat' dir='ltr'><strong>benevo-</strong></span> 
     </span>
     <span class='ocr_line' id='line_1_27' title="bbox 113 2254 1248 2336; baseline 0.004 -17"><span class='ocrx_word' id='word_1_220' title='bbox 113 2257 238 2319; x_wconf 87' lang='lat' dir='ltr'><strong>lentiae:</strong></span> <span class='ocrx_word' id='word_1_221' title='bbox 270 2256 387 2335; x_wconf 86' lang='lat' dir='ltr'><strong>quando</strong></span> <span class='ocrx_word' id='word_1_222' title='bbox 416 2254 452 2316; x_wconf 88' lang='lat' dir='ltr'><strong>ad</strong></span> <span class='ocrx_word' id='word_1_223' title='bbox 484 2254 606 2315; x_wconf 88' lang='lat' dir='ltr'><strong>salutem</strong></span> <span class='ocrx_word' id='word_1_224' title='bbox 632 2273 734 2315; x_wconf 89' lang='lat' dir='ltr'><strong>eorum</strong></span> <span class='ocrx_word' id='word_1_225' title='bbox 762 2256 990 2336; x_wconf 86' lang='lat' dir='ltr'><strong>promovendam</strong></span> <span class='ocrx_word' id='word_1_226' title='bbox 1011 2270 1074 2319; x_wconf 90' lang='lat' dir='ltr'><strong>tota</strong></span> <span class='ocrx_word' id='word_1_227' title='bbox 1094 2272 1138 2321; x_wconf 87' lang='lat' dir='ltr'><strong>est</strong></span> <span class='ocrx_word' id='word_1_228' title='bbox 1158 2260 1248 2323; x_wconf 87' lang='lat' dir='ltr'><strong>desti-</strong></span> 
     </span>
     <span class='ocr_line' id='line_1_28' title="bbox 112 2329 1248 2418; baseline 0.004 -24"><span class='ocrx_word' id='word_1_229' title='bbox 112 2346 194 2394; x_wconf 86' lang='lat' dir='ltr'><strong>nata.</strong></span> <span class='ocrx_word' id='word_1_230' title='bbox 247 2332 333 2391; x_wconf 86' lang='lat' dir='ltr'><strong>Prius</strong></span> <span class='ocrx_word' id='word_1_231' title='bbox 359 2330 437 2391; x_wconf 89' lang='lat' dir='ltr'><strong>enirn</strong></span> <span class='ocrx_word' id='word_1_232' title='bbox 462 2352 548 2411; x_wconf 88' lang='lat' dir='ltr'><strong>qnam</strong></span> <span class='ocrx_word' id='word_1_233' title='bbox 571 2342 707 2390; x_wconf 88' lang='lat' dir='ltr'><strong>aeternae</strong></span> <span class='ocrx_word' id='word_1_234' title='bbox 727 2329 840 2413; x_wconf 89' lang='lat' dir='ltr'><strong>gloriae</strong></span> <span class='ocrx_word' id='word_1_235' title='bbox 860 2332 1068 2396; x_wconf 86' lang='lat' dir='ltr'><strong>haereditatem</strong></span> <span class='ocrx_word' id='word_1_236' title='bbox 1088 2337 1175 2399; x_wconf 88' lang='lat' dir='ltr'><strong>uobis</strong></span> <span class='ocrx_word' id='word_1_237' title='bbox 1194 2358 1248 2418; x_wconf 87' lang='lat' dir='ltr'><strong>pa-</strong></span> 
     </span>
     <span class='ocr_line' id='line_1_29' title="bbox 112 2407 1247 2476; baseline 0.004 -4"><span class='ocrx_word' id='word_1_238' title='bbox 112 2410 172 2471; x_wconf 89' lang='lat' dir='ltr'><strong>lam</strong></span> <span class='ocrx_word' id='word_1_239' title='bbox 182 2408 319 2471; x_wconf 78' lang='lat' dir='ltr'><strong>exhibeat</strong></span> <span class='ocrx_word' id='word_1_240' title='bbox 328 2408 491 2467; x_wconf 91' lang='lat' dir='ltr'><strong>minoribus</strong></span> <span class='ocrx_word' id='word_1_241' title='bbox 510 2408 693 2467; x_wconf 85' lang='lat' dir='ltr'><strong>documentis</strong></span> <span class='ocrx_word' id='word_1_242' title='bbox 712 2428 743 2467; x_wconf 89' lang='lat' dir='ltr'><strong>se</strong></span> <span class='ocrx_word' id='word_1_243' title='bbox 762 2407 850 2467; x_wconf 87' lang='lat' dir='ltr'><strong>uobis</strong></span> <span class='ocrx_word' id='word_1_244' title='bbox 868 2408 986 2469; x_wconf 87' lang='lat' dir='ltr'><strong>Patrem</strong></span> <span class='ocrx_word' id='word_1_245' title='bbox 1005 2411 1068 2471; x_wconf 90' lang='lat' dir='ltr'><strong>vult</strong></span> <span class='ocrx_word' id='word_1_246' title='bbox 1085 2412 1247 2476; x_wconf 80' lang='lat' dir='ltr'><strong>declarare:</strong></span> 
     </span>
     <span class='ocr_line' id='line_1_30' title="bbox 77 2483 1247 2576; baseline 0.002 -27"><span class='ocrx_word' id='word_1_247' title='bbox 77 2544 91 2565; x_wconf 64' lang='grc'><strong>,</strong></span> <span class='ocrx_word' id='word_1_248' title='bbox 114 2508 148 2549; x_wconf 90' lang='lat' dir='ltr'><strong>ea</strong></span> <span class='ocrx_word' id='word_1_249' title='bbox 168 2496 240 2547; x_wconf 89' lang='lat' dir='ltr'><strong>sunt</strong></span> <span class='ocrx_word' id='word_1_250' title='bbox 259 2505 334 2576; x_wconf 87' lang='lat' dir='ltr'><strong>quae</strong></span> <span class='ocrx_word' id='word_1_251' title='bbox 354 2485 484 2563; x_wconf 89' lang='lat' dir='ltr'><strong>quotidie</strong></span> <span class='ocrx_word' id='word_1_252' title='bbox 504 2484 540 2543; x_wconf 91' lang='lat' dir='ltr'><strong>ab</strong></span> <span class='ocrx_word' id='word_1_253' title='bbox 568 2485 630 2564; x_wconf 88' lang='lat' dir='ltr'><strong>ipso</strong></span> <span class='ocrx_word' id='word_1_254' title='bbox 648 2483 742 2545; x_wconf 86' lang='lat' dir='ltr'><strong>‚nobis</strong></span> <span class='ocrx_word' id='word_1_255' title='bbox 774 2483 968 2544; x_wconf 79' lang='lat' dir='ltr'><strong>conseruntur</strong></span> <span class='ocrx_word' id='word_1_256' title='bbox 996 2485 1086 2548; x_wconf 91' lang='lat' dir='ltr'><strong>bona.</strong></span> <span class='ocrx_word' id='word_1_257' title='bbox 1145 2492 1247 2565; x_wconf 84' lang='lat' dir='ltr'><strong>Quum</strong></span> 
     </span>
     <span class='ocr_line' id='line_1_31' title="bbox 112 2559 1248 2645; baseline 0.002 -20"><span class='ocrx_word' id='word_1_258' title='bbox 112 2583 187 2645; x_wconf 87' lang='lat' dir='ltr'><strong>ergo</strong></span> <span class='ocrx_word' id='word_1_259' title='bbox 208 2562 295 2622; x_wconf 82' lang='lat' dir='ltr'><strong>nobis</strong></span> <span class='ocrx_word' id='word_1_260' title='bbox 314 2561 420 2621; x_wconf 84' lang='lat' dir='ltr'><strong>serviat</strong></span> <span class='ocrx_word' id='word_1_261' title='bbox 438 2561 499 2619; x_wconf 89' lang='lat' dir='ltr'><strong>vita</strong></span> <span class='ocrx_word' id='word_1_262' title='bbox 521 2560 588 2621; x_wconf 83' lang='lat' dir='ltr'><strong>baec</strong></span> <span class='ocrx_word' id='word_1_263' title='bbox 609 2560 643 2620; x_wconf 90' lang='lat' dir='ltr'><strong>ad</strong></span> <span class='ocrx_word' id='word_1_264' title='bbox 663 2559 883 2641; x_wconf 84' lang='lat' dir='ltr'><strong>intelligendam</strong></span> <span class='ocrx_word' id='word_1_265' title='bbox 895 2562 953 2621; x_wconf 85' lang='lat' dir='ltr'><strong>Ilei</strong></span> <span class='ocrx_word' id='word_1_266' title='bbox 973 2562 1146 2641; x_wconf 87' lang='lat' dir='ltr'><strong>bonitatem,</strong></span> <span class='ocrx_word' id='word_1_267' title='bbox 1166 2567 1248 2627; x_wconf 84' lang='lat' dir='ltr'><strong>iasti-</strong></span> 
     </span>
     <span class='ocr_line' id='line_1_32' title="bbox 111 2636 1247 2725; baseline 0.003 -25"><span class='ocrx_word' id='word_1_268' title='bbox 111 2640 267 2701; x_wconf 89' lang='lat' dir='ltr'><strong>diemusne</strong></span> <span class='ocrx_word' id='word_1_269' title='bbox 287 2658 350 2697; x_wconf 88' lang='lat' dir='ltr'><strong>earn</strong></span> <span class='ocrx_word' id='word_1_270' title='bbox 371 2637 450 2716; x_wconf 90' lang='lat' dir='ltr'><strong>quasi</strong></span> <span class='ocrx_word' id='word_1_271' title='bbox 471 2636 579 2694; x_wconf 87' lang='lat' dir='ltr'><strong>nullam</strong></span> <span class='ocrx_word' id='word_1_272' title='bbox 599 2637 672 2695; x_wconf 91' lang='lat' dir='ltr'><strong>boni</strong></span> <span class='ocrx_word' id='word_1_273' title='bbox 691 2638 793 2695; x_wconf 85' lang='lat' dir='ltr'><strong>micam</strong></span> <span class='ocrx_word' id='word_1_274' title='bbox 814 2638 843 2696; x_wconf 92' lang='lat' dir='ltr'><strong>in</strong></span> <span class='ocrx_word' id='word_1_275' title='bbox 863 2658 895 2698; x_wconf 92' lang='lat' dir='ltr'><strong>se</strong></span> <span class='ocrx_word' id='word_1_276' title='bbox 914 2637 1056 2701; x_wconf 79' lang='lat' dir='ltr'><strong>liaberet?</strong></span> <span class='ocrx_word' id='word_1_277' title='bbox 1080 2643 1169 2703; x_wconf 90' lang='lat' dir='ltr'><strong>llunc</strong></span> <span class='ocrx_word' id='word_1_278' title='bbox 1188 2644 1247 2725; x_wconf 88' lang='lat' dir='ltr'><strong>igi-</strong></span> 
     </span>
     <span class='ocr_line' id='line_1_33' title="bbox 112 2712 1247 2805; baseline 0.002 -27"><span class='ocrx_word' id='word_1_279' title='bbox 112 2728 299 2779; x_wconf 71' lang='lat' dir='ltr'><strong>tarsensem</strong></span> <span class='ocrx_word' id='word_1_280' title='bbox 319 2725 406 2805; x_wconf 82' lang='lat' dir='ltr'><strong>atque</strong></span> <span class='ocrx_word' id='word_1_281' title='bbox 426 2714 563 2771; x_wconf 80' lang='lat' dir='ltr'><strong>allectum</strong></span> <span class='ocrx_word' id='word_1_282' title='bbox 584 2712 707 2771; x_wconf 91' lang='lat' dir='ltr'><strong>induere</strong></span> <span class='ocrx_word' id='word_1_283' title='bbox 727 2734 780 2772; x_wconf 92' lang='lat' dir='ltr'><strong>nos</strong></span> <span class='ocrx_word' id='word_1_284' title='bbox 801 2725 937 2791; x_wconf 88' lang='lat' dir='ltr'><strong>oportet,</strong></span> <span class='ocrx_word' id='word_1_285' title='bbox 956 2727 989 2775; x_wconf 90' lang='lat' dir='ltr'><strong>ut</strong></span> <span class='ocrx_word' id='word_1_286' title='bbox 1008 2717 1098 2796; x_wconf 89' lang='lat' dir='ltr'><strong>ipsam</strong></span> <span class='ocrx_word' id='word_1_287' title='bbox 1119 2738 1247 2798; x_wconf 89' lang='lat' dir='ltr'><strong>repona-</strong></span> 
     </span>
     <span class='ocr_line' id='line_1_34' title="bbox 115 2788 1247 2867; baseline 0.004 -15"><span class='ocrx_word' id='word_1_288' title='bbox 115 2812 175 2853; x_wconf 83' lang='lat' dir='ltr'><strong>mus</strong></span> <span class='ocrx_word' id='word_1_289' title='bbox 196 2792 276 2850; x_wconf 91' lang='lat' dir='ltr'><strong>inter</strong></span> <span class='ocrx_word' id='word_1_290' title='bbox 294 2790 411 2848; x_wconf 80' lang='lat' dir='ltr'><strong>minime</strong></span> <span class='ocrx_word' id='word_1_291' title='bbox 431 2789 592 2867; x_wconf 87' lang='lat' dir='ltr'><strong>respuenda</strong></span> <span class='ocrx_word' id='word_1_292' title='bbox 613 2789 724 2848; x_wconf 86' lang='lat' dir='ltr'><strong>divinae</strong></span> <span class='ocrx_word' id='word_1_293' title='bbox 745 2788 933 2867; x_wconf 83' lang='lat' dir='ltr'><strong>benignitatis</strong></span> <span class='ocrx_word' id='word_1_294' title='bbox 946 2790 1032 2851; x_wconf 91' lang='lat' dir='ltr'><strong>dona.</strong></span> <span class='ocrx_word' id='word_1_295' title='bbox 1070 2793 1145 2852; x_wconf 88' lang='lat' dir='ltr'><strong>Nam</strong></span> <span class='ocrx_word' id='word_1_296' title='bbox 1157 2797 1181 2855; x_wconf 92' lang='lat' dir='ltr'><strong>si</strong></span> <span class='ocrx_word' id='word_1_297' title='bbox 1194 2797 1247 2856; x_wconf 90' lang='lat' dir='ltr'><strong>de-</strong></span> 
     </span>
     <span class='ocr_line' id='line_1_35' title="bbox 114 2865 1246 2948; baseline 0.003 -19"><span class='ocrx_word' id='word_1_298' title='bbox 114 2879 212 2929; x_wconf 80' lang='lat' dir='ltr'><strong>essent</strong></span> <span class='ocrx_word' id='word_1_299' title='bbox 242 2866 412 2944; x_wconf 89' lang='lat' dir='ltr'><strong>Scripturae</strong></span> <span class='ocrx_word' id='word_1_300' title='bbox 442 2866 611 2925; x_wconf 88' lang='lat' dir='ltr'><strong>testimonia</strong></span> <span class='ocrx_word' id='word_1_301' title='bbox 642 2868 737 2945; x_wconf 87' lang='lat' dir='ltr'><strong>(quae</strong></span> <span class='ocrx_word' id='word_1_302' title='bbox 765 2865 890 2942; x_wconf 85' lang='lat' dir='ltr'><strong>plurima</strong></span> <span class='ocrx_word' id='word_1_303' title='bbox 913 2878 982 2926; x_wconf 91' lang='lat' dir='ltr'><strong>sunt</strong></span> <span class='ocrx_word' id='word_1_304' title='bbox 1008 2880 1037 2925; x_wconf 90' lang='lat' dir='ltr'><strong>ct</strong></span> <span class='ocrx_word' id='word_1_305' title='bbox 1065 2869 1246 2948; x_wconf 89' lang='lat' dir='ltr'><strong>clarissima),</strong></span> 
     </span>
     <span class='ocr_line' id='line_1_36' title="bbox 110 2940 1246 3025; baseline 0.004 -20"><span class='ocrx_word' id='word_1_306' title='bbox 110 2944 174 3025; x_wconf 88' lang='lat' dir='ltr'><strong>ipsa</strong></span> <span class='ocrx_word' id='word_1_307' title='bbox 195 2962 316 3023; x_wconf 92' lang='lat' dir='ltr'><strong>quoque</strong></span> <span class='ocrx_word' id='word_1_308' title='bbox 336 2953 437 3002; x_wconf 92' lang='lat' dir='ltr'><strong>natura</strong></span> <span class='ocrx_word' id='word_1_309' title='bbox 457 2963 511 3001; x_wconf 90' lang='lat' dir='ltr'><strong>nos</strong></span> <span class='ocrx_word' id='word_1_310' title='bbox 532 2942 666 3001; x_wconf 89' lang='lat' dir='ltr'><strong>hortatur</strong></span> <span class='ocrx_word' id='word_1_311' title='bbox 684 2942 719 3000; x_wconf 88' lang='lat' dir='ltr'><strong>ad</strong></span> <span class='ocrx_word' id='word_1_312' title='bbox 741 2940 916 3000; x_wconf 88' lang='lat' dir='ltr'><strong>reddendam</strong></span> <span class='ocrx_word' id='word_1_313' title='bbox 933 2943 1065 3003; x_wconf 91' lang='lat' dir='ltr'><strong>Domino</strong></span> <span class='ocrx_word' id='word_1_314' title='bbox 1086 2947 1246 3025; x_wconf 88' lang='lat' dir='ltr'><strong>gratiarum</strong></span> 
     </span>
     <span class='ocr_line' id='line_1_37' title="bbox 111 3017 1246 3098; baseline 0.002 -15"><span class='ocrx_word' id='word_1_315' title='bbox 111 3022 274 3094; x_wconf 85' lang='lat' dir='ltr'><strong>actionem,</strong></span> <span class='ocrx_word' id='word_1_316' title='bbox 304 3018 382 3098; x_wconf 92' lang='lat' dir='ltr'><strong>quod</strong></span> <span class='ocrx_word' id='word_1_317' title='bbox 404 3020 433 3076; x_wconf 92' lang='lat' dir='ltr'><strong>in</strong></span> <span class='ocrx_word' id='word_1_318' title='bbox 455 3018 516 3077; x_wconf 89' lang='lat' dir='ltr'><strong>eius</strong></span> <span class='ocrx_word' id='word_1_319' title='bbox 536 3018 630 3077; x_wconf 89' lang='lat' dir='ltr'><strong>lucem</strong></span> <span class='ocrx_word' id='word_1_320' title='bbox 651 3038 705 3077; x_wconf 90' lang='lat' dir='ltr'><strong>nos</strong></span> <span class='ocrx_word' id='word_1_321' title='bbox 726 3017 865 3095; x_wconf 91' lang='lat' dir='ltr'><strong>protulit,</strong></span> <span class='ocrx_word' id='word_1_322' title='bbox 898 3018 978 3097; x_wconf 89' lang='lat' dir='ltr'><strong>quod</strong></span> <span class='ocrx_word' id='word_1_323' title='bbox 1009 3042 1125 3081; x_wconf 89' lang='lat' dir='ltr'><strong>usuram</strong></span> <span class='ocrx_word' id='word_1_324' title='bbox 1157 3024 1246 3085; x_wconf 90' lang='lat' dir='ltr'><strong>nobis</strong></span> 
     </span>
     <span class='ocr_line' id='line_1_38' title="bbox 110 3094 1246 3178; baseline 0.004 -21"><span class='ocrx_word' id='word_1_325' title='bbox 110 3096 269 3171; x_wconf 88' lang='lat' dir='ltr'><strong>concedit,</strong></span> <span class='ocrx_word' id='word_1_326' title='bbox 299 3095 377 3175; x_wconf 93' lang='lat' dir='ltr'><strong>quod</strong></span> <span class='ocrx_word' id='word_1_327' title='bbox 405 3096 503 3154; x_wconf 86' lang='lat' dir='ltr'><strong>onmia</strong></span> <span class='ocrx_word' id='word_1_328' title='bbox 527 3096 562 3154; x_wconf 90' lang='lat' dir='ltr'><strong>ad</strong></span> <span class='ocrx_word' id='word_1_329' title='bbox 589 3114 651 3154; x_wconf 88' lang='lat' dir='ltr'><strong>eam</strong></span> <span class='ocrx_word' id='word_1_330' title='bbox 676 3094 901 3154; x_wconf 86' lang='lat' dir='ltr'><strong>conservandam</strong></span> <span class='ocrx_word' id='word_1_331' title='bbox 922 3099 1082 3156; x_wconf 90' lang='lat' dir='ltr'><strong>necessaria</strong></span> <span class='ocrx_word' id='word_1_332' title='bbox 1102 3100 1246 3178; x_wconf 88' lang='lat' dir='ltr'><strong>praesidia</strong></span> 
     </span>
     <span class='ocr_line' id='line_1_39' title="bbox 111 3170 1246 3254; baseline 0.002 -20"><span class='ocrx_word' id='word_1_333' title='bbox 111 3172 247 3254; x_wconf 81' lang='lat' dir='ltr'><strong>largitur.</strong></span> <span class='ocrx_word' id='word_1_334' title='bbox 285 3172 324 3230; x_wconf 90' lang='lat' dir='ltr'><strong>Et</strong></span> <span class='ocrx_word' id='word_1_335' title='bbox 343 3171 435 3230; x_wconf 89' lang='lat' dir='ltr'><strong>multo</strong></span> <span class='ocrx_word' id='word_1_336' title='bbox 456 3171 504 3229; x_wconf 87' lang='lat' dir='ltr'><strong>illa</strong></span> <span class='ocrx_word' id='word_1_337' title='bbox 523 3172 617 3230; x_wconf 88' lang='lat' dir='ltr'><strong>maior</strong></span> <span class='ocrx_word' id='word_1_338' title='bbox 636 3182 680 3230; x_wconf 90' lang='lat' dir='ltr'><strong>est</strong></span> <span class='ocrx_word' id='word_1_339' title='bbox 699 3171 785 3244; x_wconf 89' lang='lat' dir='ltr'><strong>ratio,</strong></span> <span class='ocrx_word' id='word_1_340' title='bbox 804 3170 828 3229; x_wconf 89' lang='lat' dir='ltr'><strong>si</strong></span> <span class='ocrx_word' id='word_1_341' title='bbox 847 3183 1014 3250; x_wconf 85' lang='lat' dir='ltr'><strong>reputamus</strong></span> <span class='ocrx_word' id='word_1_342' title='bbox 1034 3172 1064 3232; x_wconf 88' lang='lat' dir='ltr'><strong>in</strong></span> <span class='ocrx_word' id='word_1_343' title='bbox 1085 3194 1118 3235; x_wconf 81' lang='lat' dir='ltr'><strong>ea</strong></span> <span class='ocrx_word' id='word_1_344' title='bbox 1137 3196 1192 3235; x_wconf 89' lang='lat' dir='ltr'><strong>nos</strong></span> <span class='ocrx_word' id='word_1_345' title='bbox 1208 3177 1246 3236; x_wconf 86' lang='lat' dir='ltr'><strong>ad</strong></span> 
     </span>
     <span class='ocr_line' id='line_1_40' title="bbox 107 3247 1246 3333; baseline 0.004 -24"><span class='ocrx_word' id='word_1_346' title='bbox 107 3250 237 3333; x_wconf 80' lang='lat' dir='ltr'><strong>gloriam</strong></span> <span class='ocrx_word' id='word_1_347' title='bbox 258 3249 341 3329; x_wconf 87' lang='lat' dir='ltr'><strong>regni</strong></span> <span class='ocrx_word' id='word_1_348' title='bbox 362 3247 496 3307; x_wconf 86' lang='lat' dir='ltr'><strong>coelestis</strong></span> <span class='ocrx_word' id='word_1_349' title='bbox 516 3247 732 3325; x_wconf 87' lang='lat' dir='ltr'><strong>quodammodo</strong></span> <span class='ocrx_word' id='word_1_350' title='bbox 756 3249 932 3327; x_wconf 90' lang='lat' dir='ltr'><strong>praeparari.</strong></span> <span class='ocrx_word' id='word_1_351' title='bbox 971 3249 1022 3307; x_wconf 89' lang='lat' dir='ltr'><strong>Sic</strong></span> <span class='ocrx_word' id='word_1_352' title='bbox 1040 3250 1119 3310; x_wconf 92' lang='lat' dir='ltr'><strong>enim</strong></span> <span class='ocrx_word' id='word_1_353' title='bbox 1138 3251 1246 3313; x_wconf 84' lang='grc' dir='ltr'><strong>1)οωί-</strong></span> 
     </span>
     <span class='ocr_line' id='line_1_41' title="bbox 108 3323 1245 3402; baseline 0.003 -15"><span class='ocrx_word' id='word_1_354' title='bbox 108 3348 169 3387; x_wconf 85' lang='lat' dir='ltr'><strong>uus</strong></span> <span class='ocrx_word' id='word_1_355' title='bbox 199 3325 362 3400; x_wconf 88' lang='lat' dir='ltr'><strong>ordinavit,</strong></span> <span class='ocrx_word' id='word_1_356' title='bbox 397 3335 429 3382; x_wconf 93' lang='lat' dir='ltr'><strong>ut</strong></span> <span class='ocrx_word' id='word_1_357' title='bbox 460 3323 510 3402; x_wconf 91' lang='lat' dir='ltr'><strong>qui</strong></span> <span class='ocrx_word' id='word_1_358' title='bbox 542 3324 613 3383; x_wconf 90' lang='lat' dir='ltr'><strong>olim</strong></span> <span class='ocrx_word' id='word_1_359' title='bbox 634 3323 797 3384; x_wconf 88' lang='lat' dir='ltr'><strong>coronandi</strong></span> <span class='ocrx_word' id='word_1_360' title='bbox 816 3336 882 3384; x_wconf 88' lang='lat' dir='ltr'><strong>sunt</strong></span> <span class='ocrx_word' id='word_1_361' title='bbox 901 3325 931 3382; x_wconf 93' lang='lat' dir='ltr'><strong>in</strong></span> <span class='ocrx_word' id='word_1_362' title='bbox 952 3324 1055 3397; x_wconf 90' lang='lat' dir='ltr'><strong>coelo,</strong></span> <span class='ocrx_word' id='word_1_363' title='bbox 1087 3329 1245 3390; x_wconf 84' lang='lat' dir='ltr'><strong>certamina</strong></span> 
     </span>
     <span class='ocr_line' id='line_1_42' title="bbox 108 3399 1245 3485; baseline 0.004 -24"><span class='ocrx_word' id='word_1_364' title='bbox 108 3402 196 3485; x_wconf 88' lang='lat' dir='ltr'><strong>prius</strong></span> <span class='ocrx_word' id='word_1_365' title='bbox 214 3402 246 3459; x_wconf 88' lang='lat' dir='ltr'><strong>in</strong></span> <span class='ocrx_word' id='word_1_366' title='bbox 264 3402 350 3461; x_wconf 88' lang='lat' dir='ltr'><strong>terris</strong></span> <span class='ocrx_word' id='word_1_367' title='bbox 370 3401 490 3475; x_wconf 88' lang='lat' dir='ltr'><strong>obeant,</strong></span> <span class='ocrx_word' id='word_1_368' title='bbox 510 3420 547 3458; x_wconf 89' lang='lat' dir='ltr'><strong>ne</strong></span> <span class='ocrx_word' id='word_1_369' title='bbox 568 3400 749 3479; x_wconf 87' lang='lat' dir='ltr'><strong>triumphent</strong></span> <span class='ocrx_word' id='word_1_370' title='bbox 769 3399 822 3459; x_wconf 89' lang='lat' dir='ltr'><strong>nisi</strong></span> <span class='ocrx_word' id='word_1_371' title='bbox 841 3402 983 3479; x_wconf 87' lang='lat' dir='ltr'><strong>superatis</strong></span> <span class='ocrx_word' id='word_1_372' title='bbox 1003 3402 1073 3462; x_wconf 83' lang='lat' dir='ltr'><strong>bolli</strong></span> <span class='ocrx_word' id='word_1_373' title='bbox 1090 3404 1245 3466; x_wconf 79' lang='lat' dir='ltr'><strong>difficulta-</strong></span> 
     </span>
     <span class='ocr_line' id='line_1_43' title="bbox 107 3475 1246 3555; baseline 0.003 -16"><span class='ocrx_word' id='word_1_374' title='bbox 107 3478 193 3539; x_wconf 83' lang='lat' dir='ltr'><strong>tibus</strong></span> <span class='ocrx_word' id='word_1_375' title='bbox 213 3489 244 3536; x_wconf 90' lang='lat' dir='ltr'><strong>et</strong></span> <span class='ocrx_word' id='word_1_376' title='bbox 262 3488 344 3555; x_wconf 86' lang='lat' dir='ltr'><strong>parta</strong></span> <span class='ocrx_word' id='word_1_377' title='bbox 363 3477 495 3536; x_wconf 87' lang='lat' dir='ltr'><strong>victoria.</strong></span> <span class='ocrx_word' id='word_1_378' title='bbox 533 3476 649 3535; x_wconf 90' lang='lat' dir='ltr'><strong>Deinde</strong></span> <span class='ocrx_word' id='word_1_379' title='bbox 668 3475 774 3552; x_wconf 90' lang='lat' dir='ltr'><strong>altera,</strong></span> <span class='ocrx_word' id='word_1_380' title='bbox 798 3477 877 3554; x_wconf 90' lang='lat' dir='ltr'><strong>quod</strong></span> <span class='ocrx_word' id='word_1_381' title='bbox 897 3478 982 3537; x_wconf 85' lang='lat' dir='ltr'><strong>variis</strong></span> <span class='ocrx_word' id='word_1_382' title='bbox 1002 3476 1151 3541; x_wconf 86' lang='lat' dir='ltr'><strong>beneficiis</strong></span> <span class='ocrx_word' id='word_1_383' title='bbox 1170 3482 1246 3543; x_wconf 84' lang='lat' dir='ltr'><strong>divi·</strong></span> 
     </span>
     <span class='ocr_line' id='line_1_44' title="bbox 106 3552 1246 3637; baseline 0.004 -22"><span class='ocrx_word' id='word_1_384' title='bbox 106 3572 170 3615; x_wconf 82' lang='lat' dir='ltr'><strong>uae</strong></span> <span class='ocrx_word' id='word_1_385' title='bbox 189 3553 376 3636; x_wconf 84' lang='lat' dir='ltr'><strong>benignitatis</strong></span> <span class='ocrx_word' id='word_1_386' title='bbox 395 3553 562 3612; x_wconf 89' lang='lat' dir='ltr'><strong>suavitatem</strong></span> <span class='ocrx_word' id='word_1_387' title='bbox 584 3552 711 3613; x_wconf 86' lang='lat' dir='ltr'><strong>delibare</strong></span> <span class='ocrx_word' id='word_1_388' title='bbox 731 3553 760 3611; x_wconf 92' lang='lat' dir='ltr'><strong>in</strong></span> <span class='ocrx_word' id='word_1_389' title='bbox 782 3572 815 3610; x_wconf 87' lang='lat' dir='ltr'><strong>ea</strong></span> <span class='ocrx_word' id='word_1_390' title='bbox 840 3554 1007 3633; x_wconf 82' lang='lat' dir='ltr'><strong>incipimus:</strong></span> <span class='ocrx_word' id='word_1_391' title='bbox 1036 3578 1095 3635; x_wconf 89' lang='lat' dir='ltr'><strong>quo</strong></span> <span class='ocrx_word' id='word_1_392' title='bbox 1120 3577 1186 3637; x_wconf 84' lang='lat' dir='ltr'><strong>spes</strong></span> <span class='ocrx_word' id='word_1_393' title='bbox 1211 3578 1246 3620; x_wconf 91' lang='lat' dir='ltr'><strong>ac</strong></span> 
     </span>
     <span class='ocr_line' id='line_1_45' title="bbox 107 3628 1245 3711; baseline 0.003 -20"><span class='ocrx_word' id='word_1_394' title='bbox 107 3629 289 3691; x_wconf 85' lang='lat' dir='ltr'><strong>desiderium</strong></span> <span class='ocrx_word' id='word_1_395' title='bbox 310 3641 441 3690; x_wconf 89' lang='lat' dir='ltr'><strong>nostrum</strong></span> <span class='ocrx_word' id='word_1_396' title='bbox 462 3640 582 3688; x_wconf 87' lang='lat' dir='ltr'><strong>acuatur</strong></span> <span class='ocrx_word' id='word_1_397' title='bbox 602 3629 636 3688; x_wconf 91' lang='lat' dir='ltr'><strong>ad</strong></span> <span class='ocrx_word' id='word_1_398' title='bbox 657 3630 773 3709; x_wconf 87' lang='lat' dir='ltr'><strong>plenam</strong></span> <span class='ocrx_word' id='word_1_399' title='bbox 793 3628 854 3687; x_wconf 85' lang='lat' dir='ltr'><strong>eius</strong></span> <span class='ocrx_word' id='word_1_400' title='bbox 874 3630 1084 3690; x_wconf 89' lang='lat' dir='ltr'><strong>revelationem</strong></span> <span class='ocrx_word' id='word_1_401' title='bbox 1104 3646 1245 3711; x_wconf 81' lang='lat' dir='ltr'><strong>expeten-</strong></span> 
     </span>
     <span class='ocr_line' id='line_1_46' title="bbox 106 3705 1245 3779; baseline 0.003 -12"><span class='ocrx_word' id='word_1_402' title='bbox 106 3706 189 3767; x_wconf 82' lang='lat' dir='ltr'><strong>dam.</strong></span> <span class='ocrx_word' id='word_1_403' title='bbox 229 3705 288 3765; x_wconf 91' lang='lat' dir='ltr'><strong>Ubi</strong></span> <span class='ocrx_word' id='word_1_404' title='bbox 307 3706 497 3766; x_wconf 88' lang='lat' dir='ltr'><strong>constitutum</strong></span> <span class='ocrx_word' id='word_1_405' title='bbox 518 3705 587 3764; x_wconf 90' lang='lat' dir='ltr'><strong>illud</strong></span> <span class='ocrx_word' id='word_1_406' title='bbox 608 3706 713 3779; x_wconf 91' lang='lat' dir='ltr'><strong>suerit,</strong></span> <span class='ocrx_word' id='word_1_407' title='bbox 732 3705 846 3764; x_wconf 88' lang='lat' dir='ltr'><strong>divinae</strong></span> <span class='ocrx_word' id='word_1_408' title='bbox 865 3705 1037 3766; x_wconf 89' lang='lat' dir='ltr'><strong>clementiae</strong></span> <span class='ocrx_word' id='word_1_409' title='bbox 1057 3730 1161 3768; x_wconf 89' lang='lat' dir='ltr'><strong>munus</strong></span> <span class='ocrx_word' id='word_1_410' title='bbox 1182 3729 1245 3770; x_wconf 84' lang='lat' dir='ltr'><strong>esse</strong></span> 
     </span>
     <span class='ocr_line' id='line_1_47' title="bbox 105 3780 1244 3867; baseline 0.003 -25"><span class='ocrx_word' id='word_1_411' title='bbox 105 3782 194 3865; x_wconf 90' lang='lat' dir='ltr'><strong>quod</strong></span> <span class='ocrx_word' id='word_1_412' title='bbox 213 3793 359 3842; x_wconf 88' lang='lat' dir='ltr'><strong>terrenam</strong></span> <span class='ocrx_word' id='word_1_413' title='bbox 378 3783 464 3841; x_wconf 89' lang='lat' dir='ltr'><strong>vitam</strong></span> <span class='ocrx_word' id='word_1_414' title='bbox 484 3783 618 3855; x_wconf 80' lang='lat' dir='ltr'><strong>vivianus,</strong></span> <span class='ocrx_word' id='word_1_415' title='bbox 645 3782 726 3842; x_wconf 90' lang='lat' dir='ltr'><strong>cuius</strong></span> <span class='ocrx_word' id='word_1_416' title='bbox 750 3780 845 3861; x_wconf 85' lang='lat' dir='ltr'><strong>gratia</strong></span> <span class='ocrx_word' id='word_1_417' title='bbox 869 3792 902 3840; x_wconf 88' lang='lat' dir='ltr'><strong>ut</strong></span> <span class='ocrx_word' id='word_1_418' title='bbox 920 3804 1017 3843; x_wconf 86' lang='lat' dir='ltr'><strong>sumus</strong></span> <span class='ocrx_word' id='word_1_419' title='bbox 1042 3783 1083 3843; x_wconf 93' lang='lat' dir='ltr'><strong>illi</strong></span> <span class='ocrx_word' id='word_1_420' title='bbox 1109 3783 1244 3867; x_wconf 90' lang='lat' dir='ltr'><strong>obligati,</strong></span> 
     </span>
     <span class='ocr_line' id='line_1_48' title="bbox 103 3859 1243 3939; baseline 0.004 -19"><span class='ocrx_word' id='word_1_421' title='bbox 103 3861 152 3920; x_wconf 84' lang='lat' dir='ltr'><strong>ita</strong></span> <span class='ocrx_word' id='word_1_422' title='bbox 171 3879 317 3919; x_wconf 85' lang='lat' dir='ltr'><strong>memores</strong></span> <span class='ocrx_word' id='word_1_423' title='bbox 337 3871 494 3939; x_wconf 85' lang='lat' dir='ltr'><strong>gratosque</strong></span> <span class='ocrx_word' id='word_1_424' title='bbox 515 3878 575 3917; x_wconf 89' lang='lat' dir='ltr'><strong>esse</strong></span> <span class='ocrx_word' id='word_1_425' title='bbox 596 3871 731 3937; x_wconf 89' lang='lat' dir='ltr'><strong>oportet:</strong></span> <span class='ocrx_word' id='word_1_426' title='bbox 759 3871 820 3916; x_wconf 86' lang='lat' dir='ltr'><strong>tunt</strong></span> <span class='ocrx_word' id='word_1_427' title='bbox 842 3870 1012 3937; x_wconf 88' lang='lat' dir='ltr'><strong>opportune</strong></span> <span class='ocrx_word' id='word_1_428' title='bbox 1033 3859 1243 3924; x_wconf 83' lang='lat' dir='ltr'><strong>descendemus</strong></span> 
     </span>
     <span class='ocr_line' id='line_1_49' title="bbox 104 3933 1245 4014; baseline -0.001 -15"><span class='ocrx_word' id='word_1_429' title='bbox 104 3936 148 3999; x_wconf 80' lang='lat' dir='ltr'><strong>ad</strong></span> <span class='ocrx_word' id='word_1_430' title='bbox 169 3935 411 3996; x_wconf 86' lang='lat' dir='ltr'><strong>considerandam</strong></span> <span class='ocrx_word' id='word_1_431' title='bbox 431 3935 619 3994; x_wconf 88' lang='lat' dir='ltr'><strong>miserrimam</strong></span> <span class='ocrx_word' id='word_1_432' title='bbox 640 3935 701 3994; x_wconf 89' lang='lat' dir='ltr'><strong>eius</strong></span> <span class='ocrx_word' id='word_1_433' title='bbox 726 3933 942 3996; x_wconf 87' lang='lat' dir='ltr'><strong>conditionem:</strong></span> <span class='ocrx_word' id='word_1_434' title='bbox 974 3956 1033 4014; x_wconf 91' lang='lat' dir='ltr'><strong>quo</strong></span> <span class='ocrx_word' id='word_1_435' title='bbox 1058 3936 1169 3997; x_wconf 89' lang='lat' dir='ltr'><strong>scilicet</strong></span> <span class='ocrx_word' id='word_1_436' title='bbox 1194 3958 1245 3998; x_wconf 83' lang='lat' dir='ltr'><strong>ex-</strong></span> 
     </span>
     <span class='ocr_line' id='line_1_50' title="bbox 105 4010 1243 4091; baseline 0.002 -17"><span class='ocrx_word' id='word_1_437' title='bbox 105 4012 252 4075; x_wconf 88' lang='lat' dir='ltr'><strong>tricemnr</strong></span> <span class='ocrx_word' id='word_1_438' title='bbox 271 4033 286 4071; x_wconf 90' lang='lat' dir='ltr'><strong>a</strong></span> <span class='ocrx_word' id='word_1_439' title='bbox 306 4013 394 4072; x_wconf 90' lang='lat' dir='ltr'><strong>nimia</strong></span> <span class='ocrx_word' id='word_1_440' title='bbox 414 4015 473 4071; x_wconf 85' lang='lat' dir='ltr'><strong>eius</strong></span> <span class='ocrx_word' id='word_1_441' title='bbox 494 4010 661 4091; x_wconf 88' lang='lat' dir='ltr'><strong>cupiditate,</strong></span> <span class='ocrx_word' id='word_1_442' title='bbox 680 4011 714 4071; x_wconf 88' lang='lat' dir='ltr'><strong>ad</strong></span> <span class='ocrx_word' id='word_1_443' title='bbox 735 4033 831 4090; x_wconf 84' lang='lat' dir='ltr'><strong>quarn,</strong></span> <span class='ocrx_word' id='word_1_444' title='bbox 851 4022 883 4071; x_wconf 89' lang='lat' dir='ltr'><strong>ut</strong></span> <span class='ocrx_word' id='word_1_445' title='bbox 903 4011 1083 4089; x_wconf 88' lang='lat' dir='ltr'><strong>dictumest,</strong></span> <span class='ocrx_word' id='word_1_446' title='bbox 1103 4012 1243 4076; x_wconf 86' lang='lat' dir='ltr'><strong>ultrona-</strong></span> 
     </span>
     <span class='ocr_line' id='line_1_51' title="bbox 104 4090 849 4167; baseline -0.008 -18"><span class='ocrx_word' id='word_1_447' title='bbox 104 4101 176 4149; x_wconf 87' lang='lat' dir='ltr'><strong>tura</strong></span> <span class='ocrx_word' id='word_1_448' title='bbox 196 4109 251 4167; x_wconf 90' lang='lat' dir='ltr'><strong>pro</strong></span> <span class='ocrx_word' id='word_1_449' title='bbox 275 4090 421 4148; x_wconf 87' lang='lat' dir='ltr'><strong>eodemus.</strong></span> <span class='ocrx_word' id='word_1_450' title='bbox 846 4138 849 4143; x_wconf 93' lang='lat'><strong>.</strong></span> 
     </span>
    </p>

    <p class='ocr_par' dir='ltr' id='par_1_4' title="bbox 103 4110 1246 4307">
     <span class='ocr_line' id='line_1_52' title="bbox 185 4110 1243 4244; baseline 0.001 -17"><span class='ocrx_word' id='word_1_451' title='bbox 185 4172 216 4227; x_wconf 78' lang='lat'><strong>4.</strong></span> <span class='ocrx_word' id='word_1_452' title='bbox 254 4110 351 4224; x_wconf 78' lang='lat' dir='ltr'><strong>l&#39;orro</strong></span> <span class='ocrx_word' id='word_1_453' title='bbox 372 4164 509 4244; x_wconf 90' lang='lat' dir='ltr'><strong>quicquid</strong></span> <span class='ocrx_word' id='word_1_454' title='bbox 530 4163 693 4223; x_wconf 82' lang='lat' dir='ltr'><strong>detrahitur</strong></span> <span class='ocrx_word' id='word_1_455' title='bbox 712 4183 802 4241; x_wconf 85' lang='lat' dir='ltr'><strong>pravo</strong></span> <span class='ocrx_word' id='word_1_456' title='bbox 824 4164 885 4225; x_wconf 88' lang='lat' dir='ltr'><strong>eius</strong></span> <span class='ocrx_word' id='word_1_457' title='bbox 904 4165 1010 4241; x_wconf 87' lang='lat' dir='ltr'><strong>amori,</strong></span> <span class='ocrx_word' id='word_1_458' title='bbox 1028 4164 1119 4225; x_wconf 86' lang='lat' dir='ltr'><strong>debet</strong></span> <span class='ocrx_word' id='word_1_459' title='bbox 1138 4164 1243 4228; x_wconf 88' lang='lat' dir='ltr'><strong>melio-</strong></span> 
     </span>
     <span class='ocr_line' id='line_1_53' title="bbox 103 4239 1246 4307; baseline -0.001 -3"><span class='ocrx_word' id='word_1_460' title='bbox 103 4242 148 4303; x_wconf 91' lang='lat' dir='ltr'><strong>ris</strong></span> <span class='ocrx_word' id='word_1_461' title='bbox 175 4241 253 4301; x_wconf 86' lang='lat' dir='ltr'><strong>vitae</strong></span> <span class='ocrx_word' id='word_1_462' title='bbox 277 4241 421 4303; x_wconf 88' lang='lat' dir='ltr'><strong>desiderio</strong></span> <span class='ocrx_word' id='word_1_463' title='bbox 448 4241 595 4303; x_wconf 90' lang='lat' dir='ltr'><strong>accedere.</strong></span> <span class='ocrx_word' id='word_1_464' title='bbox 646 4239 756 4301; x_wconf 82' lang='lat' dir='ltr'><strong>Fateor</strong></span> <span class='ocrx_word' id='word_1_465' title='bbox 779 4260 850 4303; x_wconf 88' lang='lat' dir='ltr'><strong>saue</strong></span> <span class='ocrx_word' id='word_1_466' title='bbox 874 4242 1023 4307; x_wconf 86' lang='lat' dir='ltr'><strong>verissime</strong></span> <span class='ocrx_word' id='word_1_467' title='bbox 1044 4242 1169 4303; x_wconf 84' lang='lat' dir='ltr'><strong>semisse</strong></span> <span class='ocrx_word' id='word_1_468' title='bbox 1194 4260 1246 4303; x_wconf 83' lang='lat' dir='ltr'><strong>eos</strong></span> 
     </span>
    </p>
   </div>
   <div class='ocr_carea' id='block_1_3' title="bbox 132 4322 1043 4386">
    <p class='ocr_par' dir='ltr' id='par_1_5' title="bbox 132 4322 1043 4386">
     <span class='ocr_line' id='line_1_54' title="bbox 132 4322 1043 4386; baseline 0.014 -4"><span class='ocrx_word' id='word_1_469' title='bbox 132 4340 229 4385; x_wconf 71' lang='lat' dir='ltr'><strong>cratim</strong></span> <span class='ocrx_word' id='word_1_470' title='bbox 244 4342 393 4386; x_wconf 71' lang='lat' dir='ltr'><strong>rantvuini.</strong></span> <span class='ocrx_word' id='word_1_471' title='bbox 1001 4322 1043 4385; x_wconf 64' lang='lat' dir='ltr'><strong>ill</strong></span> 
     </span>
    </p>
   </div>
   <div class='ocr_carea' id='block_1_4' title="bbox 0 0 1354 4732">
    <p class='ocr_par' dir='ltr' id='par_1_6' title="bbox 0 0 1354 4732">
     <span class='ocr_line' id='line_1_55' title="bbox 0 0 1354 4732; baseline 0 2"><span class='ocrx_word' id='word_1_472' title='bbox 0 0 1354 4732; x_wconf 95' lang='lat' dir='ltr'><strong> </strong></span> 
     </span>
    </p>
   </div>
  </div>
 </body>
</html>
