2700 4732
497 192 574 257 LIB.
588 192 648 254 tv,
688 191 778 256 cte.
798 192 840 255 1t
1192 204 1252 270 πω

106 340 182 403 culis
202 340 384 415 continetur,
403 356 490 399 sanae
509 336 663 398 doetrinae
683 337 895 413 consensione,
914 348 946 399 et
963 335 1095 401 fraterna
1114 340 1246 405 caritate.

106 418 199 478 Unde
209 419 289 477 inter
299 414 460 477 haereticos
472 427 502 475 et
513 414 709 476 schismaticos
720 415 778 476 hoc
791 412 963 477 discriminis
996 415 1248 498 onitAugnstinus

104 494 174 632 ΕΗΒ.
195 505 305 573 quaest.
325 492 357 552 in
376 492 487 572 Evang.
507 491 640 570 blatth.],
661 492 742 627 ‹ppod
761 491 805 552 illi
824 491 942 571 quidem
974 490 1040 579 alpis
1060 493 1246 575 dogmatibus
1258 560 1271 573 ,

131 572 178 631 dei
209 569 405 630 sinceritatem
438 581 642 646 corrumpant:
694 568 825 628 iautem
850 568 997 628 interdum
1017 569 1106 629 etiam
1125 571 1156 629 in
1176 571 1246 633 fidei

105 647 299 709 similitudine
318 645 466 706 societatis
485 645 631 704 vinculum
646 644 836 722 disrumpant.
876 644 988 704 Verum
1006 644 1036 705 id
1055 665 1245 726 quoqueno·

106 724 230 784 tandum
252 734 313 796 est,
340 722 414 782 hanc
440 721 566 781 caritatis
587 720 827 781 coniunctionem
847 720 889 779 sic
913 742 929 780 a
949 720 1017 779 fidei
1036 720 1148 781 unitate
1190 744 1244 785 en.

107 802 192 870 dere,
211 810 245 857 ut
264 799 335 857 haec
354 797 430 857 illius
451 797 576 871 initium,
596 797 671 870 finis,
692 797 776 856 unica
790 795 916 876 denique
929 795 1030 877 regula
1048 817 1111 857 esse
1129 745 1245 861 debeat.

103 875 328 936 Meminerimus
348 896 432 954 ergo,
453 874 567 952 quoties
588 872 781 933 ecclesiastica
800 874 895 933 unitas
915 874 1000 933 nobis
1012 876 1246 951 commendatur,

105 952 169 1013 boc
189 949 289 1032 quaeri
309 962 341 1010 ut
359 950 427 1009 dum
446 961 559 1009 mentes
578 950 608 1008 in
623 948 742 1009 Christo
753 951 953 1027 consentiunt,
971 948 1137 1011 voluntates
1157 951 1245 1013 etiam

105 1040 231 1089 nostrae
262 1040 361 1088 mutua
390 1027 420 1084 in
442 1026 560 1087 Christo
586 1025 792 1086 benevolentia
818 1025 896 1085 inter
918 1046 950 1085 se
975 1026 1150 1087 coniunctae
1176 1028 1244 1088 sint.

104 1104 156 1171 lta
179 1125 215 1162 ue
235 1103 358 1176 Paulus,
379 1103 446 1161 dum
467 1103 502 1162 ad
522 1102 600 1161 illam
622 1123 675 1162 nos
697 1102 846 1175 hortatur,
865 1123 919 1180 pro
941 1101 1134 1163 fundamento
1154 1104 1244 1165 sumit

104 1181 171 1317 §Ep
194 1182 250 1251 La,
269 1182 323 1256 5.)‚
344 1201 432 1237 unum
454 1199 515 1238 esse
534 1178 648 1250 Deum,
668 1199 756 1237 uuam
776 1178 878 1251 fidem,
899 1190 929 1237 ct
949 1200 1038 1237 unum
1058 1178 1244 1259 baptismum.

127 1277 177 1315 mo
197 1255 364 1333 ubicunque
384 1276 438 1314 nos
462 1256 536 1316 idem
562 1255 686 1325 sentire,
718 1266 749 1312 et
770 1254 848 1314 idem
870 1253 944 1313 velle
964 1254 1069 1330 docet,
1100 1256 1243 1317 continuo

104 1333 201 1407 addit,
220 1332 256 1390 In
278 1332 406 1405 Christo,
425 1330 471 1391 vel
490 1331 649 1392 secundum
667 1329 815 1391 Christum
835 1330 927 1409 (Phil.
939 1336 1008 1404 m.
1025 1342 1055 1389 et
1072 1332 1130 1407 6.):
1150 1332 1243 1413 signi-

104 1410 199 1469 ficans
218 1408 374 1487 impiorum
396 1427 458 1467 esse
478 1408 647 1484 factionem,
666 1427 728 1466 non
740 1408 988 1487 conspirationem
1006 1406 1148 1486 fidelium,
1167 1428 1244 1489 quae

103 1486 144 1547 fit
165 1497 242 1546 extra
261 1483 384 1543 verbum
403 1484 535 1543 Domini.

187 1568 215 1626 6.
253 1559 376 1619 Paulum
395 1581 514 1638 quoque
533 1570 673 1639 sequutus
693 1560 901 1640 Cyprianus
920 1561 1011 1622 totius
1030 1560 1243 1624 ecclesiasticae

103 1638 289 1701 concordiae
308 1635 421 1695 fontem
441 1637 476 1696 ab
497 1637 584 1696 unico
601 1636 712 1697 Christi
732 1637 909 1718 Episcopatu
929 1638 1009 1697 ducit
1028 1636 1078 1714 [de
1095 1637 1242 1729 simplicit.

105 1713 294 1797 praelator}
332 1713 440 1772 Postea
460 1713 761 1787 achheim-„Ecclesia
781 1734 837 1772 una
858 1726 911 1786 est,
932 1717 1057 1793 quaein
1077 1714 1242 1774 multitudi-

104 1811 200 1871 „nem
232 1792 315 1849 latios
341 1790 525 1848 incremento
551 1789 759 1850 foecunditatis
784 1790 964 1850 extenditur:
1016 1790 1146 1850 uomodo
1171 1790 1242 1852 solis

103 1868 206 1946 „radii
225 1866 326 1939 multi,
351 1865 401 1925 sed
423 1865 519 1924 lumen
541 1888 646 1925 unum:
677 1878 707 1925 et
728 1866 800 1925 rami
819 1866 931 1926 arboris
950 1811 1052 1942 multi,
1076 1866 1127 1926 sed
1148 1866 1242 1927 robur

104 1965 222 2021 „unum
242 1942 338 2002 tenaci
357 1942 454 2001 radice
475 1942 636 2001 fundatum.
679 1942 718 1999 Et
737 1963 826 2020 quum
846 1942 882 2001 de
907 1940 992 2002 fonte
1016 1962 1078 2002 uno
1091 1942 1155 2015 ,rivi
1174 1942 1241 2022 plu·

102 2019 197 2100 „rimi
216 2019 358 2090 defluunt,
378 2021 569 2079 numerositas
590 2018 658 2078 licet
677 2018 782 2077 diffusa
794 2018 927 2079 videatur
945 2018 1117 2079 exundantis
1136 2040 1171 2079 co
1195 2019 1242 2080 iae

104 2097 281 2178 ‚,largitate,
300 2096 395 2154 unitas
415 2107 513 2154 tannen
534 2108 632 2155 manet
652 2092 683 2154 in
703 2095 828 2177 origine.
877 2094 980 2155 Avelle
1000 2095 1114 2154 radium
1133 2040 1203 2156 solis
1222 2115 1242 2157 a

103 2192 273 2252 ‚,cocpore,
294 2171 462 2231 divisionem
484 2171 577 2231 unitas
598 2192 658 2231 non
680 2171 766 2250 capit
805 2170 852 2230 Ab
865 2170 972 2231 arbore
993 2171 1096 2254 frange
1115 2193 1240 2249 ramum,

102 2249 241 2328 „fractus
260 2250 424 2329 germinare
444 2268 505 2306 non
552 2248 651 2307 eterit.
689 2248 717 2306 lt
737 2248 820 2307 fonte
839 2248 974 2327 praecide
994 2250 1105 2324 rivum,
1126 2249 1241 2328 praeci·

103 2348 178 2403 „sus
197 2326 312 2384 arescit.
356 2325 405 2383 Sic
426 2335 455 2382 et
475 2271 595 2384 ecciesia
615 2324 737 2384 Domini
758 2323 822 2383 luce
842 2324 973 2403 perfusa,
998 2345 1052 2403 per
1071 2337 1167 2385 totum
1187 2346 1240 2385 or·

103 2402 200 2476 „bem
221 2401 394 2480 porrigitur:
416 2423 505 2459 unum
527 2414 622 2460 tamen
643 2400 742 2460 lumen
755 2413 799 2460 est
812 2401 890 2481 quod
911 2400 961 2460 ubi
985 2422 1021 2461 ue
1034 2400 1239 2467 diffunditur.“

102 2476 189 2541 ttihit
210 2477 369 2557 elegantius
390 2477 444 2535 dici
466 2478 563 2556 potuit
582 2477 618 2537 ad
639 2477 855 2557 exprimendam
875 2423 1052 2537 individuam
1073 2475 1150 2537 illam
1164 2498 1239 2538 con-

106 2554 278 2628 nexionem,
299 2575 384 2632 quam
405 2554 513 2612 habent
532 2555 610 2613 inter
627 2574 659 2613 se
679 2554 778 2612 omnia
794 2552 902 2614 Christi
923 2553 1060 2614 membra.
1098 2553 1239 2615 Videmus

104 2644 141 2692 ut
162 2630 197 2688 od
223 2642 311 2708 caput
334 2630 434 2709 <ipsum
469 2642 610 2709 perpetuo
638 2650 691 2689 nos
716 2641 845 2689 revocet.
898 2630 1027 2689 Proinde
1054 2630 1188 2691 haereses
1208 2640 1239 2689 et

105 2707 260 2769 schismata
280 2707 347 2764 inde
369 2707 437 2764 oriri
460 2707 638 2785 pronuntiat,
658 2706 737 2785 quod
758 2706 793 2765 ad
805 2707 933 2766 veritatis
945 2704 1091 2787 originem
1110 2726 1171 2765 non
1192 2725 1239 2765 re·

108 2786 199 2858 ditur,
220 2803 273 2842 nec
294 2795 379 2861 caput
399 2784 557 2860 quaeritur,
578 2803 631 2842 nec
652 2782 787 2842 coelestis
807 2783 934 2864 magistri
946 2783 1079 2841 doctrina
1098 2793 1239 2844 servatur.

106 2863 188 2921 Eant
209 2879 301 2931 nunc,
326 2872 355 2919 et
376 2859 523 2917 clamitent
544 2858 705 2917 haereticos
726 2879 779 2918 nos
800 2878 879 2935 esse,
905 2858 955 2936 qui
975 2858 1011 2917 ab
1038 2860 1168 2948 ipsorum
1189 2878 1239 2918 ec·

107 2936 202 3015 clesia
218 2935 433 2995 recesserimus:
462 2957 549 3024 quum
570 2934 648 2993 nulla
675 2934 861 2993 alienationis
882 2955 966 2993 causa
987 2934 1076 2993 fuerat
1095 2934 1148 2993 nisi
1170 2935 1241 2994 baec

104 3035 178 3085 una,
198 3011 278 3091 quod
298 3026 398 3090 puram
419 3013 544 3070 veritatis
566 3011 778 3089 professionem
799 3010 880 3068 nullo
899 3010 989 3069 modo
1012 3010 1089 3069 ferre
1108 3021 1241 3091 possunt.

106 3090 210 3150 Taceo
235 3100 333 3147 autem
355 3088 433 3167 quod
454 3088 681 3146 anathematibus
708 3100 737 3144 et
758 3087 825 3145 diris
851 3107 905 3146 nos
926 3086 1108 3165 expulerunt
1147 3085 1240 3162 Quod

106 3178 209 3227 tamen
231 3166 324 3244 ipsum
344 3165 411 3224 satis
436 3185 582 3243 superque
609 3184 662 3222 nos
694 3162 833 3236 absolvit,
864 3162 920 3222 nisi
938 3160 1101 3242 apostotos
1120 3181 1242 3244 quoque

106 3243 270 3304 schismatis
296 3240 432 3300 damnare
452 3240 558 3313 velint,
590 3240 761 3319 quibuscum
790 3240 915 3300 similem
947 3239 1086 3301 habemus
1117 3242 1242 3300 eausam.

107 3319 272 3391 Praedixit,
302 3317 435 3395 inquam,
467 3317 599 3377 Christus
618 3316 769 3396 Apostolis
790 3316 867 3389 suis,
895 3315 961 3375 fore
986 3328 1019 3375 ut
1042 3336 1059 3375 a
1083 3314 1241 3399 synagogis

107 3407 236 3476 propter
261 3415 369 3455 nomen
398 3416 480 3453 surim
508 3393 684 3451 eiicerentur
703 3391 764 3470 (10.
785 3398 831 3465 16,
849 3392 923 3471 2.).·
950 3391 1023 3452 lllae
1043 3414 1134 3473 porro
1155 3413 1241 3473 syna·

132 3491 224 3553 ogae,
246 3470 281 3531 de
308 3470 414 3550 quihus
439 3469 584 3548 loquitur,
616 3481 685 3528 tunc
718 3467 901 3528 habebantur
924 3466 1071 3550 legitimae
1092 3469 1241 3531 ecclesiae.

106 3494 212 3624 Coum
232 3567 304 3630 ergo
327 3548 435 3606 eiectos
456 3566 517 3604 esse
538 3566 593 3604 nos
613 3555 738 3619 constet,
757 3545 845 3622 idque
865 3545 1111 3623 propterChristi
1131 3565 1242 3605 nomeu

107 3626 200 3687 fuisse
225 3625 333 3684 factum
361 3623 452 3703 parati
475 3622 562 3680 simus
582 3622 754 3690 ostendere,
780 3621 815 3679 de
835 3640 919 3680 causa
945 3633 1025 3681 certe
1051 3622 1130 3701 prius
1151 3639 1242 3700 quae·
1300 3662 1303 3667 -

108 3700 235 3763 rendum
255 3713 314 3771 est,
335 3721 421 3777 quam
441 3697 478 3758 ali
503 3699 549 3756 uid
570 3697 605 3755 de
631 3698 717 3756 nobis
742 3699 773 3756 in
795 3696 868 3756 hanc
886 3696 936 3757 rel
954 3697 1033 3757 illam
1058 3708 1170 3778 partem
1190 3696 1242 3755 de·

106 3777 237 3843 finiatur.
288 3778 348 3836 Sed
381 3775 436 3834 hoc
467 3721 539 3847 illis,
569 3775 592 3834 si
617 3772 655 3833 ita
680 3772 798 3847 volunt,
828 3785 935 3851 sponte
959 3773 1093 3834 remitto:
1124 3770 1243 3833 abunde

106 3854 188 3917 enim
208 3854 280 3913 mihi
301 3865 360 3927 est,
394 3851 559 3931 oportuisse
580 3870 633 3911 nos
652 3848 688 3910 ab
710 3850 777 3929 ipsis
797 3849 954 3926 recedere,
985 3860 1019 3909 ut
1035 3848 1072 3912 ad
1091 3848 1243 3912 Christum

105 3931 326 3993 accederemus.

185 4012 216 4072 7.
256 4006 315 4066 Sed
336 4002 491 4085 apparebit
511 4004 667 4062 etiamnum
692 3999 811 4079 certius,
833 4022 892 4081 quo
912 4001 981 4064 loco
1001 4000 1088 4063 nobis
1108 4017 1170 4073 esse
1190 4001 1243 4073 de-

105 4084 201 4144 beant
221 4082 361 4143 ecclesiae
382 4102 493 4155 omnes,
513 4078 719 4158 qnasRomani
738 4077 813 4137 illius
833 4078 903 4139 idoli
924 4078 1053 4159 tyrannis
1073 4076 1241 4157 occuparit,

106 4160 134 4223 si
156 4180 222 4219 cum
241 4159 400 4219 israelitica
420 4158 469 4216 illa
488 4157 595 4228 veteri,
628 4155 719 4236 qualis
738 4176 752 4214 a
777 4155 813 4213 ud
834 4155 998 4235 Prophetas
1024 4153 1167 4216 delineata
1186 4165 1242 4230 est,

107 4234 289 4299 conferatur.
328 4236 408 4294 Vera
428 4245 490 4293 tum
511 4232 639 4293 exstabat
656 4230 733 4312 apud
750 4177 874 4294 lhdaeos
895 4245 926 4293 et
943 4232 1090 4293 israelitas
1110 4229 1250 4316 ecclesia,

106 4333 202 4396 quum
221 4310 253 4372 in
272 4311 403 4373 foederis
423 4310 536 4395 legibus
556 4319 735 4392 perstarent:
755 4328 790 4371 ea
808 4308 920 4373 scilicet
932 4308 1103 4373 obtinentes
1113 4308 1172 4371 Dei
1190 4307 1248 4371 be·

136 4412 232 4461 onan
245 4412 365 4462 ramum
383 4412 419 4461 n.
893 4492 896 4497 Ι
1006 4392 1047 4455 tt
