2700 4732
495 213 634 278 tlttll.
673 215 880 278 essunt
1195 223 1259 303 sss

119 357 233 421 iudicio
251 357 327 432 Dei,
350 378 414 419 uon
433 356 501 418 fore
524 360 633 421 merito
653 357 767 420 iocum:
794 360 862 440 quin
881 380 944 420 non
963 361 1130 442 reperietur
1149 363 1180 422 in
1201 361 1257 424 ho·

118 437 201 496 mine
221 436 356 517 dignitas,
376 455 452 513 quoe
472 436 565 514 possit
583 432 680 496 Deum
699 438 878 516 promereri:
898 438 958 496 imo
978 449 1012 497 ut
1029 438 1175 498 verissime
1187 438 1258 499 hu-

117 511 294 596 gostinus
312 511 471 589 scribit*):
492 510 712 584 „Clarissimum
733 514 831 573 lumen
852 513 1126 592 praedestinationis
1146 527 1256 597 etgra-

117 590 201 664 „tiae
226 588 289 669 ipse
314 599 359 647 est
382 586 511 651 salvator
529 588 619 649 horno
641 588 808 651 Christus
827 591 946 651 lesus:
968 590 1018 670 qui
1038 602 1071 651 ut
1090 591 1147 651 hoc
1167 603 1255 669 esset,

117 663 229 741 „nullis
254 685 377 744 operum
396 663 445 723 rei
476 665 545 723 iudei
578 665 822 745 praecedentibus
853 666 966 726 meritis
990 678 1091 726 natura
1118 667 1256 743 humant,

117 760 217 822 „ques
236 739 266 800 in
287 740 338 800 ilio
360 753 414 815 est,
433 742 624 820 compararit.
647 741 884 823 Respondentur,
904 742 1204 822 quaeso,·iliehomo,
1221 756 1256 804 ut

117 840 157 893 „2
167 817 271 877 Verbo
281 817 362 876 Patri
373 829 533 877 coaeterno
547 819 577 876 in
591 817 730 878 unitatem
746 839 889 897 personae
904 831 1076 899 assumptus,
1095 819 1185 881 Filius
1195 819 1255 881 Dei

116 894 308 986 „unigenitus
317 905 404 967 esset,
423 893 501 952 unde
521 892 579 953 hoe
587 894 765 955 merueriti“
776 930 812 942 -
824 896 893 975 „hp
897 907 996 975 pareat
1007 895 1097 977 igitur
1108 895 1138 954 in
1150 909 1254 960 nostro

116 984 236 1050 „capite
255 971 317 1049 ipse
337 969 404 1030 [ons
424 970 544 1049 gratiae,
564 970 643 1030 unde
662 971 821 1030 secundum
843 972 1067 1051 uniuscuiusque
1087 992 1254 1033 mensuram

116 1088 138 1121 „
161 1066 195 1105 er
213 1059 317 1107 cuncta
337 1047 398 1104 eius
416 1045 547 1106 membra
566 1066 598 1106 se
618 1045 765 1106 diffundit.
789 1048 832 1107 Eu
874 1048 945 1107 ratis
966 1047 1090 1128 quisque
1110 1048 1145 1108 ab
1166 1048 1268 1141 initio·

115 1068 208 1198 „huet
226 1142 295 1183 suae
315 1123 349 1180 fic
369 1120 571 1195 Christianus,
590 1144 646 1201 qua
667 1123 757 1182 homo
777 1124 826 1183 iile
846 1068 882 1184 ah
903 1124 990 1183 initio
1010 1145 1064 1184 suo
1092 1125 1184 1184 factius
1208 1134 1254 1185 est

114 1199 303 1275 „Christus-“
322 1199 399 1258 Item
409 1197 491 1256 aiibi:
509 1198 648 1270 „Nullum
661 1197 797 1260 illustrius
813 1213 855 1259 est
868 1200 1142 1280 praedestinationis
1154 1219 1253 1259 exem-

113 1275 231 1356 „pinnn
248 1296 336 1354 quem
357 1276 418 1364 ipse
437 1273 593 1335 Mediator.
639 1275 701 1349 Qui
720 1277 799 1335 enirn
821 1277 897 1337 hunc
919 1276 989 1336 serit
1008 1277 1172 1335 exsemine
1191 1277 1254 1337 Da·

112 1351 185 1427 „vid
204 1351 353 1412 hominem
373 1362 492 1422 rustum,
511 1351 562 1430 qui
581 1372 729 1443 nunquam
743 1363 819 1412 esset
838 1353 959 1411 iniustus
978 1352 1042 1411 sine
1061 1353 1122 1411 uilo
1143 1352 1256 1431 merito,

112 1426 340 1508 „praecedentis
364 1423 521 1487 vohrntatis
551 1427 628 1500 eius,
658 1448 720 1507 rpse
754 1448 786 1488 ex
817 1429 930 1488 iniustis
962 1428 1031 1487 facit
1061 1428 1168 1503 iustos,
1200 1427 1252 1507 qui

113 1502 270 1581 „membre
288 1513 358 1563 sunt
375 1501 453 1562 iilius
472 1504 610 1582 capitis,“
631 1516 661 1564 et
680 1525 753 1583 quae
772 1517 944 1583 sequuntur.
999 1504 1098 1578 Quum
1121 1522 1193 1585 ergo
1214 1505 1253 1565 de

113 1579 228 1642 Christi
245 1580 352 1639 merito
372 1580 478 1659 agitur,
498 1600 558 1639 non
575 1580 712 1639 statuitur
732 1582 815 1641 ineo
837 1580 1025 1660 principium:
1045 1581 1095 1640 sed
1107 1599 1252 1639 conscen-

114 1656 211 1716 dimus
230 1656 267 1715 ad
286 1655 345 1713 Dei
365 1654 595 1730 ordinationem,
615 1676 689 1735 qune
709 1658 800 1738 prima
822 1679 905 1716 causa
927 1669 983 1716 est:
1004 1656 1070 1747 quia
1091 1677 1173 1715 mero
1195 1655 1250 1715 be·

112 1732 263 1813 nepiacito
276 1730 472 1791 Mediatorem
491 1733 602 1805 statuit,
622 1734 671 1811 qui
692 1733 778 1794 nobis
797 1733 919 1794 salutem
939 1744 1112 1811 acquireret.
1151 1731 1252 1811 Atque

112 1809 153 1868 ita
178 1808 285 1868 inscite
309 1808 472 1887 opponitur
493 1808 602 1868 Christi
626 1810 762 1869 meritum
787 1810 1003 1869 misericordiae
1030 1809 1097 1866 Dei.
1135 1808 1253 1889 Regula

114 1884 194 1946 enim
204 1883 332 1965 vulgaris
346 1894 401 1958 est,
421 1904 495 1962 quae
506 1884 675 1944 subalterna
694 1898 762 1944 sunt
782 1906 843 1945 non
864 1904 1009 1965 pugnare:
1029 1884 1157 1963 ideoque
1175 1881 1251 1943 nihil

113 1961 231 2035 obstat,
254 1958 411 2038 quominus
431 1962 555 2038 gratuita
575 1963 613 2020 sit
643 1960 802 2020 hominum*
821 1961 989 2021 iustihcatio
1021 1980 1055 2019 ex
1085 1980 1165 2020 mera
1190 1958 1250 2019 Dei

111 2035 329 2110 misericordia,
361 2046 391 2093 et
413 2035 500 2095 simul
526 2037 702 2096 interveniat
722 2038 832 2097 Christi
857 2039 994 2096 meritum
1016 2037 1096 2116 quod
1118 2035 1174 2094 Dei
1194 2035 1249 2094 mi·
1319 2061 1325 2073 ‘

111 2112 292 2174 sericordiae
311 2112 473 2172 subiicitur.
514 2113 630 2173 Nostris
650 2124 745 2172 autem
760 2113 899 2194 operibus
918 2124 986 2193 apte
1006 2114 1169 2192 opponitur
1187 2123 1248 2172 tam

111 2189 257 2271 gratuitus
276 2189 334 2247 Dei
355 2188 453 2264 favor,
487 2211 571 2268 quam
594 2189 704 2250 Christi
723 2190 908 2262 obedientia,
936 2210 990 2251 suo
1011 2189 1115 2248 ordine
1136 2200 1250 2247 utrum·
1304 2244 1311 2251 .

110 2286 188 2346 que:
219 2286 286 2324 narn
307 2264 440 2323 Christus
471 2265 589 2326 nonnisi
616 2286 650 2325 ex
668 2266 726 2325 Dei
752 2266 937 2345 beneplacito
955 2266 1114 2399 quicquam
1139 2264 1249 2325 mereri

110 2342 220 2423 potuit.
258 2340 319 2400 Sed
331 2341 405 2418 quia·
418 2341 453 2401 ud
475 2341 531 2401 hoc
552 2343 711 2402 destinatus
729 2355 800 2415 erat,
821 2355 853 2401 ut
872 2343 943 2402 iram
985 2342 1012 2400 ei
1030 2341 1172 2402 sacrificio
1191 2360 1247 2401 suo

113 2419 262 2499 placaret,
297 2438 407 2495 suaque
434 2418 605 2478 obedientia
634 2419 747 2478 deleret
776 2420 1021 2498 transgressiones
1050 2429 1181 2478 nostras:
1214 2417 1247 2476 in

110 2515 234 2569 summa,
276 2494 374 2552 uando
396 2515 430 2553 ex
449 2494 511 2554 sola
525 2494 582 2554 Dei
603 2495 696 2587 gratia
716 2500 805 2574 (quae
825 2495 903 2555 hunc
923 2495 1008 2553 nobis
1029 2494 1183 2553 constituit
1202 2514 1248 2554 st·

110 2570 179 2632 lutis
204 2515 341 2644 modum)
367 2570 515 2662 dependet
540 2584 676 2631 meritum
702 2572 830 2647 Christi,
862 2593 921 2632 non
946 2572 1041 2631 minus
1066 2583 1134 2652 epte
1159 2591 1247 2650 quam

109 2648 160 2707 itta
180 2647 314 2706 humanis
334 2649 470 2706 omnihus
489 2649 603 2707 iustitiis
623 2649 792 2727 opponitur.

187 2730 218 2787 ὓ.
258 2724 339 2782 llaec
359 2724 506 2783 distinctio
520 2724 587 2783 colli
610 2725 667 2783 itur
687 2725 870 2802 exipiurimis
885 2725 1054 2804 Scripturas
1074 2722 1159 2783 locis:
1180 2722 1246 2795 „lu

114 2798 199 2859 Deus
216 2798 315 2858 dilexit
333 2802 474 2858 mnndum
500 2812 532 2859 ut
557 2745 664 2859 Fihnm
689 2823 771 2858 suurn
792 2799 974 2879 unigeniturd
995 2802 1095 2872 duret,
1115 2811 1147 2857 ut
1167 2799 1246 2878 quis-

113 2874 181 2955 quis
199 2875 291 2935 credit
309 2876 340 2935 iu
352 2896 430 2950 eum,
450 2898 510 2935 non
531 2882 652 2955 pereat“
671 2878 732 2954 (lo.
745 2884 775 2950 3,
794 2884 866 2953 1162).
904 2877 1043 2934 Videmus
1064 2886 1097 2933 ut
1114 2874 1246 2955 priorem

112 2953 214 3012 locum
233 2953 399 3011 teneatDei
421 2953 549 3025 ditectio,
572 2967 707 3031 tanquam
728 2974 836 3013 summa
859 2952 997 3012 causavel
1017 2951 1120 3032 origo:
1140 2969 1245 3027 sequa-

110 3041 164 3089 tur
183 3028 253 3088 fides
271 3029 302 3088 in
317 3029 477 3103 Christum,
496 3042 633 3107 tanquam
654 3051 737 3089 causa
757 3029 884 3090 secunda
905 3041 935 3087 et
954 3029 1088 3108 propior.
1129 3027 1161 3084 Si
1182 3025 1246 3104 quis

111 3105 252 3185 excipiat,
276 3106 426 3167 Christum
447 3108 565 3165 nonnisi
588 3106 738 3166 formalem
760 3125 821 3164 esse
842 3126 972 3176 causam,
997 3103 1088 3185 magis
1109 3111 1247 3161 extenuat

111 3183 174 3241 eius
189 3183 340 3255 virtutem,
361 3204 446 3263 quam
469 3182 675 3242 seraritrerbu.
714 3185 786 3243 Nam
807 3184 830 3241 si
850 3181 918 3256 fide,
938 3201 1012 3261 quae
1033 3183 1061 3238 in
1084 3182 1175 3258 ipsum
1197 3197 1245 3237 re-

109 3257 224 3319 cumbit
244 3259 380 3318 iustitiam
401 3260 622 3336 consequimur,
647 3258 745 3318 salutis
770 3271 887 3318 nostrae
908 3258 1025 3325 materia
1045 3257 1074 3315 in
1095 3276 1132 3315 eo
1154 3274 1246 3334 quae-

109 3335 442 3413 renda(l.lo.d,10.):
465 3336 543 3415 quod
557 3336 688 3415 pluribus
709 3335 783 3394 locis
796 3336 872 3394 clare
893 3335 1044 3415 probatur.
1082 3332 1151 3392 Non
1185 3329 1246 3391 uod

108 3412 227 3491 priores
252 3412 434 3472 dilexerimus
459 3432 539 3486 enm,
572 3413 621 3470 sed
655 3413 715 3491 ipse
743 3434 797 3472 nos
822 3412 904 3491 prior
931 3411 1044 3484 dilexit,
1075 3430 1110 3469 uc
1135 3353 1244 3467 Fihum

107 3508 196 3547 suum
216 3488 293 3548 misit
311 3488 431 3559 ἱλασμὸν
448 3510 504 3567 pro
526 3490 650 3568 peccatis
671 3488 786 3548 nostris.
832 3488 919 3546 (liare
940 3488 984 3547 his
1002 3486 1099 3546 verbis
1120 3484 1244 3543 demon-

106 3576 220 3623 stretur
237 3564 351 3639 Deum,
370 3585 408 3622 ne
429 3565 497 3642 quid
518 3587 571 3625 suo
593 3585 660 3646 erga
680 3586 734 3624 nos
753 3564 845 3623 amori
866 3564 1015 3636 obstaret,
1034 3559 1245 3622 reconciliandi

108 3640 231 3699 modurn
256 3643 391 3701 statuisse
416 3643 445 3698 iu
474 3642 603 3701 Christo.
648 3642 690 3701 hc
715 3662 852 3720 magnum
879 3644 993 3720 pondus
1019 3639 1107 3697 habet
1132 3656 1242 3696 nomen

105 3716 299 3791 placationis:
325 3719 392 3796 quia
412 3718 492 3775 Deus
519 3717 660 3776 ineffabili
681 3719 806 3796 quodam
827 3719 934 3789 modo,
954 3737 1014 3796 quo
1034 3728 1169 3849 tempore
1189 3731 1245 3769 uos

106 3794 242 3869 amabat,
271 3793 355 3854 simui
377 3806 474 3853 tamen
495 3808 558 3853 erat
577 3794 706 3854 infensus
728 3794 827 3866 nobis,
859 3794 954 3863 dquec
973 3790 1093 3851 reconti
1107 3790 1180 3847 iatus
1201 3797 1246 3846 est

106 3871 138 3930 iu
161 3871 292 3932 Christo.
338 3871 409 3946 Quo
431 3873 582 3951 pertinent
600 3891 703 3931 omnes
722 3872 793 3931 istae
812 3868 1055 3948 sententiae**):
1080 3866 1169 3946 „Ipse
1195 3883 1244 3923 ex·

499 4037 730 4049 ——-,.-—
734 4034 983 4043 ----·..--—.--

176 4134 205 4202 ⁸)
224 4132 265 4185 Cf.
284 4134 317 4185 de
335 4136 460 4202 praedest
480 4134 564 4185 Sanet
589 4133 633 4184 lib.
654 4138 678 4189 1,
707 4153 763 4200 cnp.
781 4133 822 4185 15.
863 4129 897 4180 Et
913 4130 994 4200 punio
1020 4141 1094 4199 post,
1120 4126 1243 4178 debono

108 4219 236 4269 persever.
255 4222 311 4271 cap.
330 4202 430 4253 nhirnn,
465 4202 523 4252 Vid.
540 4221 617 4271 snpra
636 4221 664 4252 ca
685 4242 690 4251 .
709 4201 750 4256 14.
767 4215 826 4251 sect.
843 4200 866 4252 Ἰ.

168 4269 212 4337 μ)
230 4270 249 4321 1.
267 4270 305 4322 10.
322 4271 348 4331 n,
364 4271 389 4321 2.
424 4269 481 4368 por.
499 4271 637 4333 1111111.
666 4223 703 4320 h.
722 4269 784 4322 cor.
800 4271 828 4331 s,
842 4268 883 4322 111,
916 4265 984 4335 eps
1001 4262 1066 4327 nt
1083 4260 1164 4325 Μ
