2700 4732
480 188 555 255 nte.
574 190 614 251 ll.
654 192 743 253 cte.
765 190 832 251 vtl.
1167 202 1226 283 23⁴3

116 356 191 399 enas
206 307 420 421 tegtstsuien
440 338 625 398 coutumacia
643 336 766 397 accedit.
804 336 908 397 Restat
922 336 1013 419 igitur
1031 350 1064 399 ut
1082 342 1153 401 iram
1166 342 1225 403 Dei

116 412 306 495 'upeccatoris
326 414 447 473 exitium
467 426 577 473 armet:
607 414 674 492 quia
700 413 772 473 nihil
791 434 846 493 per
864 434 896 473 sc
914 414 1014 494 potest
1034 437 1119 496 quam
1139 440 1226 479 accu-

115 510 169 567 ttre,
183 490 330 565 damnare,
349 504 381 551 et
390 489 535 571 perdere.
574 490 612 549 Et
644 490 1224 573 uenradtnodumscrilsitAugustinus*):

113 566 154 641 ,Si
169 568 239 629 desit
256 568 279 629 S
302 566 387 627 iritus
407 566 539 649 gratiae,
566 566 597 625 in
622 512 684 627 loc
713 578 825 625 tantum
850 566 933 625 adest
951 581 985 627 ιιι
1002 589 1070 629 reos
1090 570 1176 631 iaciat
1194 585 1227 633 et

112 644 238 705 arduu‘
274 588 311 703 fil
331 656 430 713 autern
449 664 542 734 quum
561 643 677 719 dicitur,
698 664 754 703 nee
771 642 933 723 ignominia
944 644 1071 705 allicitur
1080 648 1150 719 Len,
1169 669 1225 709 nec

108 718 1016 876 ilil'ilis'iiiiii‘ll'iislliil'’ilid‘diiilimdili
1032 724 1226 862 dtl‘t‘tt

108 870 160 933 ‘um
175 872 209 933 ad
226 874 345 935 odotem
364 872 516 935 sufficeret
533 872 595 932 sola
613 873 702 952 ipsius
722 894 758 933 co
781 873 869 933 nitio:
889 886 920 933 at
938 895 1029 953 quum
1050 823 1157 937 nutriri
1169 899 1226 939 uo-

105 958 162 1009 stra
177 948 294 1011 earnalis
312 961 343 1009 et
362 960 501 1027 corrupta
521 970 588 1007 curn
606 948 750 1028 spirituali
798 950 825 1009 ei
834 950 917 1031 Lege
938 950 1086 1012 hostiliter
1104 966 1227 1035 pugnet,

105 1044 160 1085 nec
176 1028 233 1087 rim
251 1025 406 1107 disciplina·
421 1025 577 1105 quicquam
598 1026 786 1099 emendetur,
804 1038 938 1105 superest
956 1039 990 1087 ut
1007 1028 1079 1101 Les,
1099 1050 1173 1109 quae
1191 1032 1224 1089 in

106 1100 218 1175 salutern
235 1104 273 1183 (si
289 1102 441 1163 auditores
460 1102 585 1163 idoncos
604 1114 688 1163 nacta
710 1103 824 1173 luisset)
858 1103 923 1163 data
946 1114 1026 1179 erat,
1054 1106 1085 1165 in
1113 1108 1224 1185 peccati

106 1188 137 1237 et
151 1180 245 1239 nortis
268 1180 454 1241 occasionem
481 1179 576 1238 cedat.
635 1178 885 1259 Quandoquidem
916 1180 995 1239 enirn
1027 1200 1131 1241 omncs
1163 1184 1225 1244 eius

106 1260 320 1337 musgruwres
342 1275 407 1317 esse
426 1256 643 1330 convincimur,
677 1275 738 1334 quo
758 1255 893 1315 iustitiam
919 1254 975 1315 Ilei
996 1256 1101 1318 clarius
1122 1258 1224 1337 refert,

109 1344 140 1389 es
154 1333 279 1393 uoeuar'rr
299 1352 335 1392 ea
353 1332 476 1393 adverso
496 1331 677 1411 iniquitatem
698 1332 787 1411 magis
808 1332 875 1391 dete
897 1331 932 1391 it:
962 1353 1023 1411 quo
1048 1336 1124 1394 vitae
1147 1336 1225 1395 salu-

110 1404 496 1493 !'aquepraemiumiustitiae
515 1408 675 1489 repositum
695 1412 803 1468 certius
823 1352 989 1480 conirmat,
1008 1428 1045 1467 eo
1066 1412 1225 1471 certiorem

65 1536 67 1541 .
133 1482 141 1499 '
175 1504 258 1545 orum
276 1486 429 1545 interitum
448 1484 553 1543 reddit.
591 1484 719 1544 Tantum
739 1504 812 1565 ergo
833 1484 926 1555 abest,
943 1486 1013 1563 quin
1027 1486 1099 1569 Legi
1118 1501 1225 1547 contu-

154 1562 210 1621 'osa
227 1562 290 1623 siut
308 1562 364 1623 ista
383 1560 490 1641 elogia,
522 1573 555 1621 ut
579 1560 615 1621 ad
647 1560 835 1621 illustriorem
868 1560 983 1620 divinae
1013 1563 1226 1625 beneficentiae

65 1654 73 1693 ι
117 1637 380 1699 commendationem
409 1638 567 1717 plurimum
597 1637 723 1697 valeant.
780 1638 854 1697 Nam
880 1638 950 1697 inde
976 1638 1113 1717 protecto
1134 1653 1225 1719 patet,

116 1722 192 1775 Ιιιιιι
208 1734 248 1773 ne
270 1714 343 1775 uitia
362 1725 395 1775 et
412 1714 553 1795 pravitate
571 1733 628 1774 nos
646 1713 799 1794 impediri,
823 1716 979 1793 quominus
1004 1716 1078 1773 vitae
1099 1716 1225 1775 beatitu-

104 1784 166 1865 Ιἤιε
180 1808 233 1871 per
249 1735 364 1883 legem
385 1790 414 1850 in
435 1789 706 1870 propatutoposita
727 1790 866 1851 truamur.
907 1790 995 1848 Unde
1018 1792 1138 1851 erravior
1158 1794 1224 1851 red·

116 1860 185 1941 Har,
199 1886 276 1947 quae
293 1886 359 1927 srue
379 1868 466 1949 Legis
485 1866 615 1927 subsidio
635 1866 722 1927 uobis
741 1868 883 1926 succurrit
902 1867 962 1927 Ilei
999 1868 1085 1927 entia:
1106 1880 1223 1929 etams-

114 1934 201 2027 ,²⁰¹5
228 1962 285 2004 uae
304 1942 382 2003 illam
401 1944 489 2005 nobis
508 1945 640 2017 confert,
658 1943 873 2016 misericordia,
893 1964 950 2023 qua
970 1887 1120 2019 issimus,
1140 1945 1224 2004 iden-

115 2014 186 2109 fllq
208 1964 443 2113 ieuefaciendo,
475 2032 506 2081 et
535 2040 610 2079 nora
639 2018 718 2081 dona
746 2020 922 2081 cumulando
954 2042 1102 2101 nunquam
1129 2021 1223 2103 ipsum

114 2089 329 2259 Ἢιιοᾶ
348 2186 446 2235 autem
465 2173 597 2235 omnium
617 2184 748 2236 nostrum
770 2174 907 2267 iniquitas
927 2186 957 2235 et
977 2174 1140 2249 damnatio,
1164 2174 1223 2233 Le·

170 2250 330 2312 tutimonio
347 2251 548 2329 consignatur,
568 2272 628 2310 non
650 2251 718 2311 ideo
738 2252 771 2311 fit
810 2274 835 2313 ιι
855 2264 952 2311 tamen
973 2250 1029 2309 rite
1049 2252 1078 2310 iu
1100 2272 1134 2311 ea
1153 2272 1224 2331 pro-

119 2262 225 2413 ζῇ)
238 2338 271 2389 ιι
290 2328 477 2389 concidamus
497 2328 718 2407 desperatione,
743 2348 777 2389 ac
796 2256 948 2407 impensis
968 2326 1071 2387 animis
1091 2328 1120 2387 in
1141 2348 1224 2407 prae·

65 2411 69 2462 t
122 2408 425 2477 flptlucorruamus.
463 2404 498 2463 ln
519 2404 598 2463 hune
617 2416 698 2465 certe
717 2404 836 2464 modum
855 2403 936 2465 illinc
960 2405 1159 2463 exanimantur
1178 2424 1224 2463 re·

65 2533 83 2606 ι·
120 2474 1224 2637 dietus”tutum‘esttnrtutdtutgt‘tutu

65 2621 71 2639 ²
118 2640 300 2697 ‘attestatur
323 2636 348 2695 A
372 2632 483 2693 ostolus
508 2633 610 2711 (Rom.
629 2639 659 2706 3,
678 2638 756 2707 itt),
787 2656 847 2713 quo
873 2655 962 2694 omne
988 2654 1020 2693 os
1046 2632 1225 2709 obstruatur,

119 2704 288 2771 uolumini
307 2732 341 2771 re
362 2711 448 2770 datur
465 2712 559 2770 omnis
578 2711 703 2769 mundus
722 2712 800 2769 Deo.
858 2711 940 2769 Idem
961 2722 1058 2768 tamen
1079 2710 1149 2769 alibi
1170 2710 1224 2770 do-

65 2812 68 2819 ·
121 2788 160 2839 “l
172 2782 264 2861 (Rem
281 2790 422 2863 1132),
441 2787 536 2845 Deum
558 2807 660 2846 omues
671 2787 726 2847 sub
742 2787 946 2847 incredulitate
957 2786 1143 2859 conclusisse,
1163 2808 1224 2846 non

65 2865 70 2906 t
122 2864 151 2913 1
168 2862 277 2939 perdat,
305 2878 357 2924 aut
386 2883 489 2923 omnes
513 2864 610 2945 perire
633 2863 725 2937 sinat,
754 2865 805 2924 sed
831 2875 864 2923 ut
888 2864 1019 2922 omniurn
1045 2862 1225 2922 misereatur.

65 3000 67 3014 ,
122 2926 215 3017 litlpe
236 2952 270 3000 ut
293 2940 397 3001 omissa
421 2961 490 3001 suae
514 2939 629 2999 virtutis
647 2940 752 3000 stolida
777 2941 934 3019 opinione,
967 2939 1029 2997 sola
1056 2939 1113 2996 Dei
1139 2961 1226 2997 manu

65 3024 71 3036 '
123 3016 184 3071 ¹²¹!
197 3032 227 3075 se
244 3030 275 3077 et
293 3018 452 3077 consistere
471 3016 653 3097 intelligant,
671 3029 705 3077 ιιι
725 3018 795 3075 nudi
816 3029 847 3077 et
865 3016 947 3075 vacui
967 3016 1003 3074 ad
1029 3014 1089 3073 eins
1115 3006 1246 3075 miseri-l

125 3088 227 3151 mun
245 3094 433 3174 confugiant,
452 3094 483 3152 in
504 3094 578 3153 hanc
597 3113 629 3153 se
649 3094 705 3153 toti
726 3094 885 3163 reclinent,
912 3093 943 3151 in
965 3092 1039 3151 lrane
1059 3093 1175 3171 penitus
1195 3113 1227 3151 se

65 3233 68 3244 ,
125 3158 220 3249 Qut,
235 3168 309 3231 ltauc
329 3190 416 3229 unam
437 3190 492 3249 pro
511 3168 620 3229 iustitia
641 3182 671 3228 et
690 3171 801 3230 meritis
821 3171 973 3249 arripiant,
993 3190 1068 3247 qnae
1089 3169 1227 3229 omnibus

65 3273 71 3329 q
127 3254 153 3297 ΙΙ
174 3240 279 3309 ttdsro
308 3246 439 3326 exposita
463 3258 526 3319 est,
555 3248 722 3325 quicunque
743 3267 804 3307 eam
824 3267 892 3306 vera
911 3246 969 3304 fide
990 3257 1019 3305 et
1040 3258 1178 3324 expetunt
1198 3258 1228 3305 et

65 3337 69 3365 ι
128 3328 271 3403 waiam.
309 3324 391 3383 Deus
403 3323 480 3381 enim
502 3324 529 3381 in
550 3322 638 3403 Legis
657 3325 820 3403 praeceptis
840 3323 958 3382 nonnisi
978 3322 1126 3401 perlectae
1145 3323 1227 3382 iusti-

65 3367 77 3428 ι
126 3398 180 3471 ¹¹⁸,
194 3418 307 3477 qranos
320 3418 423 3459 omnes
434 3398 568 3459 destituti·
583 3421 692 3471 sumus,
711 3411 928 3459 remunerator:
950 3410 1052 3459 contra
1072 3411 1229 3463 autemse·

77 3550 82 3555 ·
123 3475 795 3634 t‘tt‘dftttl?ttttfftnltr‘llzt
814 3474 1028 3635 “tt‘ttltgtt
1041 3475 1228 3630 ‘ltdt‘ti

414 3595 424 3626 2

89 3622 221 3709 ΙιιΙιιιι.

65 2295 69 2313 l

65 2377 67 2386 ι

181 3710 208 3768 t.
239 3706 287 3765 De
305 3702 443 3786 prosectu
463 3704 499 3765 ad
518 3704 730 3841 implorandam
751 3704 848 3763 ausilii
869 3705 990 3785 gratiam
1001 3722 1092 3793 saepe
1109 3702 1228 3785 Augu-

126 3774 233 3858 stinus,
249 3794 284 3843 ut
301 3804 392 3863 quum
403 3781 507 3843 scribit
518 3783 556 3843 lli
569 3784 709 3859 ario**):
730 3782 840 3858 „Iubet
850 3782 921 3856 Lex,
931 3793 964 3840 ut
975 3782 1071 3840 iacere
1082 3801 1157 3839 mssa
1178 3801 1229 3839 eo·

65 4124 67 4131 Ι
132 4036 256 4159 maalle
272 4056 382 4113 corrept.
399 4056 425 4094 et
440 4041 528 4106 gratia.
571 4041 630 4093 t'id.
653 4041 773 4093 Ambros.
801 4040 846 4093 lib.
873 4046 896 4095 1,
921 4042 954 4091 de
971 4039 1021 4088 lac.
1039 4050 1064 4087 et
1082 4056 1138 4105 cap.
1155 4036 1179 4089 6.
1197 4038 1230 4087 dc

176 4126 260 4239 ⁸⁸)(il'.
288 4180 390 4243 August.
417 4197 458 4245 cp.
482 4176 524 4230 89.
543 4190 637 4246 quaest.
656 4180 681 4229 2.
714 4180 753 4227 Ac
771 4176 899 4244 deinceps.
918 4176 951 4225 ad
969 4173 1046 4224 Asell-
1064 4191 1104 4240 cp.
1120 4173 1179 4223 ⁶200.
1198 4172 1230 4221 ad

139 4226 306 4313 triremes
322 4276 354 4287 -
389 4246 450 4299 Lib.
469 4246 503 4296 de
521 4259 635 4317 corrept.
658 4259 682 4297 et
704 4242 782 4311 gratia
806 4246 839 4298 ad
856 4244 958 4295 Valent.
977 4270 1008 4282 -·
1043 4240 1073 4293 lu
1091 4239 1131 4293 Ps.
1149 4241 1189 4295 tu.
1207 4258 1232 4291 ιι

77 4339 99 4399 1³.
144 4298 218 4355 lll-
245 4312 525 4379 temerationem.
