2700 4732
387 128 400 163 l

529 198 605 261 ult.
624 200 665 261 Π.
704 200 794 263 CAP.
813 196 883 263 m
1208 210 1269 284 M

117 354 236 409 terent
273 340 409 406 Solleiet
427 363 484 427 pro
503 344 641 409 omuibus
659 366 751 405 unum
769 344 842 405 illud
862 344 1005 426 imprimis
1025 345 1144 411 celebre
1152 348 1267 413 Ieraiae

119 420 331 483 testimonium
349 422 422 499 (les.
440 426 499 498 63,
517 428 547 486 t.
565 424 625 495 5.),
643 422 696 482 uti
715 422 859 502 praedicit
883 424 1105 501 percutiendum
1124 446 1187 489 esre
1205 428 1266 489 Dei

119 520 222 635 2:¹qu
236 510 360 633 prqpqqr
376 494 490 633 sqcleera
509 497 630 590 populi,
646 510 684 590 ut
703 498 855 633 cas'tigatio
875 499 953 634 psqcis
977 512 1054 635 qqset
1071 522 1263 636 superemur

121 594 194 711 lore
214 596 277 710 aelii:
295 595 462 710 ianilateirl:
473 594 900 727 ἐἰειῗῑιυίῗοῖιιιέἑᾞτᾞπιηῖ
912 595 1180 715 ettrtoeinstaerxopviirgtii
1197 600 1263 716 lii-⁸

121 737 197 787 runt
215 726 353 806 dispersi,
392 725 513 786 lacuisse
532 727 600 786 Deo
619 726 700 787 illum
722 726 782 786 allli
805 747 871 801 ere,
891 740 924 786 ut
943 729 1073 788 omniurn
1093 729 1261 810 iniquitates

122 803 229 873 ferret.
270 802 328 862 Ubi
348 749 390 863 ai
404 824 422 862 o
446 822 493 861 ern
511 802 623 862 miseris
645 747 846 881 peecatorilsus
870 804 1019 863 serendam
1046 804 1194 867 Christum
1215 807 1261 867 di-

121 879 234 940 vinitus
252 880 375 959 proprie
394 900 410 938 a
433 878 490 938 dici
510 878 652 953 audimus,
672 879 800 971 quinquis
821 879 871 939 has
890 891 981 940 metas
999 881 1135 957 transilit,
1153 880 1261 945 stultae

124 953 288 1017 curiositati
308 955 392 1016 nimis
411 954 555 1046 indulget.
613 955 674 1014 lam
703 954 754 1015 obs
778 955 888 1034 prodiit
912 958 991 1035 ipse,
1024 956 1099 1018 hane
1116 958 1259 1021 adventus

122 1030 170 1093 sui
191 1052 306 1093 eausam
327 1051 389 1091 esse
408 1043 540 1104 asseruit,
558 1043 593 1091 ut
611 1031 727 1111 placato
746 1031 815 1091 Deo
835 1052 889 1091 nos
909 1052 925 1091 a
943 1043 1040 1094 morte
1058 1032 1260 1096 invitameol·

124 1105 244 1189 ligeret.
285 1108 366 1167 Idem
387 1109 483 1168 testati
501 1120 571 1169 sunt
590 1107 627 1167 dc
647 1127 684 1167 eo
704 1107 840 1187 Apostoli
860 1107 1175 1188 (lo.1,9.10,1t.).
1207 1112 1259 1173 Sic

124 1184 258 1245 loannes
275 1196 431 1276 antequam
456 1184 563 1244 doceat
586 1184 760 1243 Sermonem
786 1184 893 1245 lactum
919 1204 981 1244 esse
1007 1206 1142 1264 carnem,
1175 1187 1259 1248 dele·

126 1260 259 1321 ctionem
280 1259 404 1320 hominis
424 1273 531 1320 narrat.
589 1260 649 1321 Sed
676 1261 736 1341 ipse
755 1272 823 1319 ante
844 1280 948 1320 omnes
966 1260 1126 1323 audiendos
1145 1275 1201 1340 est,
1221 1264 1260 1325 de

122 1336 225 1397 allicio
244 1358 300 1398 suo
320 1336 463 1397 disserens
474 1338 524 1413 l'):
549 1336 620 1412 „sic
640 1336 721 1395 Deus
740 1336 839 1396 dilexit
858 1336 1008 1411 mundum,
1027 1340 1131 1417 inquit,
1155 1353 1189 1400 ut
1207 1340 1258 1401 Fi·

121 1413 219 1489 „lium
244 1435 329 1473 suum
353 1413 536 1494 unigenitum
563 1414 662 1485 daret,
693 1424 726 1472 ut
754 1413 882 1492 quisquis
911 1413 1004 1473 credit
1039 1414 1071 1473 iu
1097 1434 1163 1475 eum
1193 1438 1257 1477 non

120 1502 259 1569 „pereat
277 1488 327 1551 aed
349 1488 455 1549 habeat
472 1488 559 1548 vitam
580 1496 760 1564 aeternam‘f
796 1487 889 1548 ltem:
908 1490 1020 1563 „Venit
1038 1490 1110 1551 hora
1132 1503 1257 1552 utmor-

121 1566 188 1641 „tui
208 1566 328 1626 audiant
345 1584 449 1625 voeern
471 1565 538 1624 Filii
558 1566 626 1634 Dei,
646 1577 676 1627 et
695 1567 760 1644 quia
780 1566 925 1624 audierint
944 1566 1048 1624 vivant.
1104 1567 1171 1649 Ego
1190 1590 1256 1629 aum

133 1645 324 1713 ,resurrectio
345 1654 374 1701 et
394 1642 466 1701 vita:
488 1644 537 1721 qui
558 1641 652 1701 credit
670 1641 700 1699 in
721 1662 778 1712 me,
798 1641 926 1720 quamvis
938 1642 1128 1716 sitmortuus,
1147 1644 1255 1705 viret.“

119 1684 215 1779 ltem:
234 1718 346 1793 „Filius
367 1717 492 1778 hominia
513 1719 591 1777 venit
611 1718 646 1777 ad
666 1717 838 1777 seruandum
859 1717 938 1795 quod
963 1718 1122 1797 perierat.“
1160 1719 1253 1781 Item:

118 1795 231 1871 „Sanis
251 1815 313 1855 non
333 1814 407 1873 opus
427 1806 470 1853 est
488 1794 634 1853 medico.“
670 1793 774 1853 Nullus
791 1805 867 1853 esset
885 1793 961 1866 finis,
980 1794 1004 1852 si
1024 1795 1123 1855 omnia
1140 1796 1256 1857 relcrre

117 1871 238 1931 vellem.
276 1870 347 1931 Uno
368 1870 484 1951 quidem
505 1890 650 1931 consensu
670 1870 704 1928 ad
726 1869 802 1929 hunc
822 1869 936 1929 sontem
950 1871 1254 1952 nosrevocautllpo-

117 1947 207 2008 stoli:
237 1956 269 2007 ct
291 1958 372 2007 certe
393 1946 445 2006 nisi
466 1946 500 2006 ad
520 1945 768 2006 reconciliandum
788 1945 885 2006 Deum
910 1947 1051 2019 uenisset,
1082 1948 1262 2009 concideret·

118 2024 222 2083 laonor
239 2022 413 2096 sacerdotii,
432 2023 548 2102 quando
569 2024 604 2081 ad
626 2023 661 2081 de
685 2022 840 2081 recandum
869 2022 982 2082 medius
1009 2023 1147 2083 statuitur
1176 2024 1254 2084 inter

115 2100 220 2160 Deum
240 2112 272 2160 et
291 2099 423 2159 homines
444 2100 587 2158 Sacerdos
606 2045 821 2176 (llelsr.5,1.):
847 2118 908 2156 non
928 2109 1003 2158 essct
1023 2099 1131 2160 iustitia
1143 2113 1253 2176 nostra,

117 2177 192 2256 quia
212 2175 375 2255 pronubis
396 2176 509 2235 victima
531 2177 622 2234 lactus
643 2186 701 2247 est,
720 2188 752 2235 ut
773 2174 858 2234 nobis
878 2186 997 2252 peccata
1016 2176 1096 2236 Deus
1116 2197 1177 2235 non
1196 2178 1254 2236 inr-

116 2264 208 2333 putet
226 2252 283 2331 (ll
304 2252 376 2313 Cor.
395 2259 425 2322 5,
446 2255 518 2328 19.).
538 2251 674 2330 Denique
695 2252 830 2311 omnibus
850 2250 968 2330 elogiis,
1012 2252 1097 2312 tubus
1116 2270 1182 2312 eum
1203 2274 1254 2313 or·

116 2341 173 2389 nat
191 2328 345 2408 Scriptura
366 2328 547 2419 spoliabitur.
588 2328 726 2389 Concidit
746 2328 832 2386 etiam
852 2327 924 2386 illurl
936 2272 1019 2386 Pauli
1036 2329 1138 2405 (llum.
1150 2333 1179 2401 8,
1192 2332 1252 2405 3.):

117 2405 216 2480 Quod
235 2404 416 2485 inpossibile
437 2417 499 2485 erat
518 2405 602 2485 Legi,
621 2404 718 2462 Deum
739 2404 848 2463 misisse
866 2404 972 2463 Filium
991 2426 1090 2477 suum,
1110 2404 1192 2465 utin
1211 2407 1252 2466 si-

115 2481 288 2542 militudine
308 2482 402 2542 carnis
422 2480 534 2560 peccati
554 2502 608 2571 pro
629 2481 716 2540 nobis
734 2480 920 2541 satisfaceret
976 2479 1040 2539 Nec
1063 2480 1151 2541 stabit
1171 2481 1251 2561 quod

118 2558 190 2619 alibi
211 2558 300 2618 docet
319 2558 395 2636 (Tit.
414 2565 444 2629 2,
464 2560 537 2632 11.),
558 2579 586 2615 ur
608 2556 664 2615 hoc
684 2557 802 2635 speculo
821 2555 986 2635 apparuisse
1005 2556 1063 2615 Dei
1087 2558 1250 2619 bonitatem

118 2646 151 2694 et
168 2636 343 2694 immensum
363 2655 492 2693 amorem
514 2653 582 2713 erga
602 2631 752 2707 homines,
777 2634 844 2691 dum
867 2633 999 2693 Christus
1025 2634 1105 2692 «latus
1126 2646 1170 2693 est
1189 2635 1250 2694 tte-

123 2709 266 2788 demptor.
305 2711 442 2789 Denique
463 2731 524 2769 raon
543 2710 629 2769 alium
651 2708 737 2768 finem
758 2710 866 2798 ubique
878 2708 1001 2787 assignat
1013 2709 1177 2788 Scriptura,
1198 2731 1251 2769 cur

123 2805 242 2846 carnem
259 2799 388 2846 nostram
408 2787 556 2866 suscipere
575 2785 701 2844 voluerit
720 2785 776 2843 Dei
797 2784 902 2857 Filius,
934 2797 963 2843 et
983 2784 1039 2843 hoc
1059 2785 1146 2845 etiam
1166 2805 1250 2843 man-

123 2860 364 2922 datumaPatre
385 2884 452 2921 acce
476 2864 544 2934 erit,
575 2862 629 2921 nisi
655 2874 687 2920 ut
712 2861 825 2921 victima
852 2861 936 2918 lieret
955 2859 989 2917 ad
1010 2859 1126 2918 Patrem
1160 2861 1249 2920 nobis

118 2937 303 3019 placandum.
342 2940 408 3012 „Ita
427 2939 446 2979 *
468 2940 481 3014 )
506 2937 644 3017 scriptum
671 2949 729 3012 est,
760 2948 848 3014 atque
876 2936 916 2995 ita
941 2935 1074 3013 oportuit
1099 2936 1251 2996 Christum

113 3015 215 3151 „pati
234 3028 265 3075 et
283 3015 442 3095 praedicari
456 3015 491 3104 'in
511 3014 632 3104 nomine
653 3015 713 3073 eius
729 3012 983 3102 poeniteutiam‘ffi
1009 3012 1192 3090 „Propterea
1205 3012 1251 3071 di·

111 3093 480 3243 :ldamtelt‘lullt
498 3086 1058 3245 :ittetttltl'1‘ttt‘tsslllt
1077 3087 1251 3241 ilidii}

110 3248 179 3319 „ita
199 3257 323 3379 oportet
341 3244 458 3302 exaltari
479 3243 585 3301 Filium
606 3243 763 3334 hoqrinis.“
800 3241 898 3300 Alibi:
917 3185 1027 3351 „lpter
1045 3259 1134 3329 serva·
1149 3260 1197 3299 me
1216 3260 1251 3332 ex

110 3320 551 3472 ‚elitl'ttflttz'tltzt
568 3315 1253 3475 itl'ltltilt‘t'trgllftillitis}

111 3472 337 3607 lfss²⁰l¹⁰¹¹¹Lfi³l
356 3471 507 3612 qbqlqndis
532 3471 666 3604 peccqtis.
711 3469 1170 3604 E³ssim·0,i{²i⁰¹i⁶ml.i⁰⁰ss¹iiii,ii
1193 3470 1251 3604 Z:-

110 3551 267 3698 qqurqsuq
284 3572 428 3685 illiimiirel
443 3551 497 3701 sirii
513 3568 672 3682 sichqnppq
683 3567 979 3710 'lirigrtissmsediliant
1036 3566 1119 3680 llaec
1149 3567 1250 3681 oinirii

106 3702 335 3763 meminerimus
356 3701 393 3759 de
412 3701 489 3759 Filio
510 3700 567 3758 Dei
590 3699 765 3776 praedicari,
795 3698 825 3755 in
850 3718 909 3775 quo
935 3695 1003 3756 alubi
1028 3695 1132 3755 Paulus
1163 3695 1248 3773 (Col.

106 3786 144 3848 2,
163 3782 195 3841 3.
225 3776 249 3835 1.
262 3777 335 3839 Cor.
355 3783 384 3849 2,
403 3778 448 3853 2.)
469 3797 571 3835 omnes
589 3774 727 3835 scientiae
748 3785 778 3832 et
789 3772 947 3852 sapientiae
960 3771 1112 3832 thesauros
1123 3770 1249 3831 abscon·

107 3856 197 3917 ditos
217 3873 278 3915 esse
298 3864 432 3925 testatur,
453 3864 481 3911 et
502 3863 618 3931 praeter
638 3871 725 3931 quern
745 3850 816 3908 nihil
836 3869 867 3908 se
886 3851 961 3909 scire
982 3848 1134 3929 gloriatur.

195 3936 226 3994 5.
262 3930 295 3988 si
316 3930 378 4008 quis
399 3928 530 4007 excipiet,
548 3927 653 3987 horum
673 3924 746 3984 nihil
766 3925 883 3985 obstare
905 3926 1060 4004 quominus
1071 3923 1149 3983 idem
1160 3921 1249 3983 Clari-

105 4019 189 4082 stus,
209 4006 258 4085 qui
271 4006 421 4065 damnatos
441 4004 576 4078 redemit,
594 4002 696 4063 testari
716 4003 801 4062 etiam
821 4001 953 4081 potuerit
968 4021 1053 4061 suum
1072 4019 1142 4081 erga
1153 3998 1251 4061 salvos

185 4250 201 4281 ⁴
230 4249 268 4303 lo.
284 4250 310 4310 3,
326 4251 368 4304 ta
403 4249 469 4301 lbid.
486 4250 512 4309 5,
527 4249 569 4300 ta.
605 4245 671 4297 lbid.
689 4248 731 4306 11,
747 4246 789 4299 25.
823 4243 976 4303 Msertrttt.
994 4246 1035 4301 11.
1067 4242 1134 4302 lbid.
1151 4244 1176 4306 9,
1193 4243 1234 4297 ld.

151 4248 215 4386 ”i
227 4318 290 4370 Luc.
306 4318 407 4380 2116.
442 4318 480 4371 lo.
497 4316 539 4377 10,
555 4316 597 4371 ll·
615 4314 680 4368 tutu
697 4316 723 4375 3,
741 4314 780 4368 tt.
798 4310 864 4366 lbid.
881 4314 928 4387 ta,
944 4312 1048 4369 2228.

140 4407 402 4457 muniuerunt.
1010 4381 1049 4440 ²⁰
