2700 4732
91 184 163 287 xorn
484 214 634 312 emm
662 216 856 281 curum.

105 359 187 437 iisse,
203 369 238 421 ut
257 379 361 422 eorum
380 371 511 424 ossuum
532 374 706 424 assumeret:
725 362 776 424 sed
797 373 929 424 nostram
949 360 1144 441 assumpsisse,
1163 356 1197 422 ul
1215 362 1246 422 in

105 448 246 500 etmeet
262 438 406 523 sanguine
424 456 479 520 per
498 452 624 500 mortem
644 438 808 500 destrueret
818 460 896 516 eum,
917 438 967 519 qui
979 437 1152 518 potiebatur
1163 448 1246 498 mor-

105 514 144 575 tis
162 512 297 595 imperio.
335 515 410 576 Item
431 516 525 595 (flet.
544 522 575 591 2,
593 522 640 582 11.
660 519 737 593 tt),
770 517 831 578 eius
851 515 1126 576 communicationis
1153 514 1247 576 bene-

106 588 177 652 heio
197 610 253 651 nos
273 590 377 652 iratres
397 593 459 653 eius
479 592 601 654 censeri.
640 592 717 653 Item
735 593 821 672 (ibid.
841 599 870 667 4,
890 593 963 668 ts),
989 591 1125 652 debuisse
1145 592 1246 652 iratri-

106 665 163 729 bus
181 666 307 728 similem
332 669 413 745 fieri,
439 679 472 728 ut
495 669 661 730 misericors
681 682 756 730 esset
776 690 810 729 ac
842 668 933 728 fidelis
964 667 1156 728 intercessor:
1189 688 1246 729 nos

107 743 283 804 Pontificem
305 765 365 805 non
385 745 506 819 babere,
525 746 576 826 qui
595 767 656 804 non
676 745 769 825 possit
788 766 853 806 com
876 748 915 804 ati
939 743 1157 804 infirmitatibus
1187 765 1245 805 no-

106 817 188 882 stris:
210 831 240 879 et
258 820 373 882 similia.
411 821 526 881 Eodem
546 823 675 902 pertinet
693 823 772 903 quod
793 767 881 901 paulis
898 833 966 880 onte
982 821 1129 902 attigimus
1141 821 1245 901 (Rom.

107 898 140 969 8,
157 898 213 974 d),
232 897 397 978 oportuisse
416 898 448 956 in
469 919 555 959 carne
581 910 680 959 nostra
706 899 812 977 expiari
859 909 955 957 cecata
981 897 1097 956 mundi:
1127 897 1246 978 quoda

108 971 204 1032 Paulo
224 971 302 1034 clare
321 973 468 1034 asseritur.
527 976 572 1037 Ac
601 987 681 1035 certe
710 975 779 1034 ideo
810 919 856 1034 ad
876 994 930 1033 nos
954 973 1084 1052 pertinet
1103 974 1244 1054 quicquid

28 1065 32 1080 ·
109 1047 231 1110 Christo
251 1049 379 1110 contulit
397 1050 497 1124 Pater,
525 1051 593 1185 quia
613 1062 701 1131 caput
720 1063 780 1125 est,
799 1070 833 1111 ex
857 1070 916 1130 quo
941 1061 1036 1110 totum
1064 1070 1171 1131 corpus
1190 1070 1246 1142 per

107 1123 257 1186 iuncturas
277 1146 442 1187 connexum
462 1127 534 1188 simu
567 1127 705 1187 coalescit
724 1127 764 1207 (E
786 1126 814 1187 h.
834 1133 864 1200 4,
882 1126 953 1202 to).
995 1126 1057 1188 imo
1079 1147 1139 1188 non
1160 1127 1246 1187 alster

108 1202 268 1261 conveniet
285 1202 365 1282 quod
386 1203 492 1263 dicitur
522 1202 581 1281 (Io.
602 1211 631 1277 1,
650 1206 731 1281 to),
763 1147 907 1283 §piritum
928 1202 956 1261 ei
977 1202 1074 1261 datum
1096 1224 1158 1263 esse
1179 1203 1246 1263 abs·

107 1295 325 1423 ll‘lilssllz
343 1279 637 1435 ”tltd't‘litllt
658 1280 718 1415 {ii
732 1278 1038 1415 lttlllttttltt
1059 1279 1248 1415 tillidi*

107 1426 224 1508 pletari.
243 1431 307 1491 Hac
326 1397 413 1488 itiam
433 1433 548 1489 ratione
568 1431 637 1488 dicit
655 1430 725 1489 olibi
740 1429 874 1489 Christus
887 1430 958 1510 ipse,
978 1429 1045 1510 Ego
1059 1443 1183 1513 propter
1195 1450 1247 1491 eos

108 1503 258 1565 sanctifico
279 1505 439 1586 meipsum
459 1505 520 1586 (lo.
540 1510 589 1578 17,
608 1506 681 1581 19.).

184 1586 213 1645 ‘h
254 1581 340 1656 Quos
359 1601 430 1642 vero
450 1583 480 1641 in
501 1583 609 1641 erroris
628 1580 673 1641 sui
697 1580 950 1642 confirmationem
975 1579 1058 1642 locos
1078 1581 1246 1662 proieruut,

108 1655 195 1717 nimis
215 1656 316 1738 inepte
336 1669 550 1738 contorquent:
571 1677 625 1717 nec
645 1657 800 1739 quicquam
814 1656 925 1717 frivolis
937 1657 1055 1736 argutiis
1074 1659 1246 1738 proficiunt,

56 1771 59 1777 ,
109 1731 162 1792 ubi
183 1732 295 1792 diluere
315 1746 471 1809 conantur,
490 1753 564 1814 quae
584 1734 640 1792 iam
661 1753 694 1793 ex
714 1746 797 1812 psrte
818 1745 919 1792 nostra
945 1734 1058 1794 adduxi.
1110 1735 1246 1795 Marcion

108 1807 279 1890 phantasma
298 1831 353 1890 pro
374 1830 501 1892 corpore
522 1809 671 1870 Christum
692 1810 820 1871 induisse
845 1810 900 1868 ima
924 1809 1036 1871 inatur:
1069 1811 1137 1891 quia
1168 1811 1247 1871 dica·

107 1896 159 1945 tur
177 1885 248 1945 alibi
268 1887 299 1945 in
318 1885 537 1947 similitudinem
557 1886 683 1947 hominis
703 1886 812 1958 lactus,
843 1897 873 1946 et
902 1830 995 2022 igura
1020 1898 1188 2023 compertus
1213 1899 1248 1946 ut

107 1961 210 2022 homo.
250 1962 309 2022 Sed
330 1962 369 2022 ita
389 1964 509 2024 minime
530 1963 676 2044 expendit,
697 1964 767 2044 quid
779 1963 839 2022 illic
851 1976 916 2044 agat
1064 1964 1086 2021 P

109 2037 181 2098 Non
202 2039 281 2098 enim
324 2039 387 2098 uale
407 2039 462 2100 sihi
482 2062 589 2119 corpus
618 2041 774 2122 sumpserit
795 2040 938 2113 Christus,
962 2041 1024 2102 vult
1065 2060 1166 2100 ocere:
1194 2040 1246 2099 sed

21 2138 23 2142 ⁸
108 2134 199 2194 quum
219 2114 282 2173 iure
303 2060 482 2176 divinitatem
502 2138 583 2177 suam
604 2128 736 2176 exserere
761 2128 874 2196 posset,
895 2117 966 2176 nibil
986 2135 1057 2198 prae
1087 2136 1119 2176 se
1135 2116 1246 2193 tulisse,

108 2189 166 2250 uisi
187 2192 266 2271 quod
288 2203 351 2251 erat
369 2191 477 2252 abiecti
496 2193 719 2274 contemptique
739 2192 875 2252 hominis.
912 2195 998 2263 Nam,
1019 2204 1051 2251 ut
1071 2193 1132 2252 eius
1149 2213 1246 2251 exem-

107 2265 160 2346 plo
180 2288 235 2327 nos
254 2268 392 2328 hortetur
409 2269 444 2329 sd
465 2269 699 2345 submissionem,
720 2269 859 2340 ostendit,
879 2269 967 2349 quum
981 2271 1062 2329 Deus
1084 2281 1170 2343 esset,
1190 2290 1246 2361 po-

100 2342 199 2403 ·tuisse
219 2345 329 2405 mundo
350 2344 474 2427 gloriam
493 2367 572 2406 susm
592 2347 779 2427 conspicuam
799 2346 895 2405 statim
915 2365 1101 2428 proponere:
1128 2364 1247 2405 cessisse

107 2429 207 2481 tamen
227 2420 291 2480 iure
310 2442 376 2496 suo,
397 2432 427 2482 et
445 2434 551 2503 sponte
570 2443 601 2483 se
614 2423 707 2503 ipsum
728 2422 901 2482 exinanisse:
923 2425 989 2502 quia
1013 2422 1125 2482 scilicet
1144 2422 1247 2502 imagi·

109 2515 178 2556 nem
197 2496 273 2556 servi
292 2497 398 2574 induit,
418 2511 449 2557 et
468 2518 501 2559 ea
521 2498 685 2560 humilitate
705 2510 872 2573 contentus,
892 2499 986 2559 carnis
1005 2496 1148 2556 velamine
1163 2519 1242 2556 suam

110 2570 292 2633 divinitatem
311 2573 453 2635 abscondi
473 2596 570 2656 passus
591 2587 643 2635 est
681 2575 739 2634 Hic
764 2587 845 2634 certe
865 2595 925 2634 non
946 2574 1043 2647 docet,
1064 2571 1133 2651 quid
1153 2572 1244 2633 luerit

108 2647 255 2722 Christus,
273 2651 324 2711 sed
344 2651 469 2731 qualiter
487 2672 519 2712 se
539 2650 669 2735 gesserit.
710 2651 890 2727 Quinetiam
910 2670 944 2709 ex
962 2661 1029 2709 toto
1040 2659 1178 2709 contextu
1199 2649 1244 2708 ia-

109 2725 166 2786 cile
185 2727 345 2808 colligitur,
365 2728 394 2786 in
415 2748 482 2788 vera
503 2728 629 2789 bominis
650 2740 752 2789 natura
773 2728 949 2787 exinanitum
975 2725 1061 2786 luisse
1083 2724 1245 2786 Christum.

110 2802 192 2878 Quid
212 2807 289 2864 enim
310 2803 368 2865 hnc
386 2803 444 2864 sibi
463 2805 534 2865 vult.
572 2805 680 2887 Figura
706 2816 855 2883 repertum
882 2804 969 2863 luisse
988 2815 1127 2882 tunquam
1149 2802 1245 2861 borni-

109 2898 193 2939 nem:
213 2880 269 2941 nisi
290 2880 357 2961 quia
378 2881 413 2941 nd
433 2892 549 2961 tempus
569 2903 630 2941 non
649 2880 832 2961 resplenduit
852 2881 948 2939 divina
968 2879 1078 2962 gloria,
1108 2878 1158 2937 sed
1179 2891 1246 2937 tan-

108 2968 172 3017 tum
190 2957 221 3016 in
241 2957 290 3018 vili
311 2969 342 3018 et
365 2957 480 3018 abiecta
504 2958 677 3018 conditione
701 2980 715 3017 s
740 2957 838 3036 paruit
862 2956 989 3015 humana
1020 2955 1149 3034 species?
1180 2953 1247 3016 Nec

108 3052 179 3094 uero
210 3032 295 3094 aliter
326 3046 475 3094 constaret
505 3034 578 3093 illud
598 3034 680 3093 Petri
710 2978 750 3110 (h.
771 3053 787 3092 e
811 3033 968 3106 .3,18.),
986 3043 1135 3090 mortuum
1157 3030 1245 3093 luisse

109 3129 209 3185 carne,
228 3109 404 3171 vivificatum
423 3110 541 3189 spiritu,
562 3110 618 3170 nisi
638 3111 769 3170 infirmus
789 3053 890 3169 inisset
910 3108 1001 3167 Filius
1019 3107 1078 3165 Dei
1098 3107 1126 3165 in
1148 3106 1247 3167 homi-

108 3185 155 3245 nis
174 3193 287 3246 natura.
332 3187 424 3260 Quod
444 3187 552 3247 Paulus
572 3186 676 3247 clarius
695 3184 821 3265 explicat
852 3184 907 3264 (ll.
928 3185 1001 3243 Cor.
1020 3190 1069 3256 13,
1089 3185 1148 3260 4.),
1178 3205 1247 3273 pas·

108 3281 171 3321 sum
193 3262 281 3322 luisse
301 3283 431 3323 asserens
460 3284 517 3344 pro
545 3263 639 3324 cernis
665 3262 842 3322 infirmitate.
899 3257 1000 3351 Atque
1032 3261 1088 3318 buc
1116 3272 1247 3339 pertinet

109 3337 259 3413 exaltatio,
289 3341 356 3419 quia
384 3340 491 3398 diserte
510 3360 615 3400 novam
635 3339 758 3420 gloriam
779 3339 901 3417 adeptus
920 3336 1008 3396 sursse
1028 3336 1136 3395 dicitur
1157 3335 1247 3396 Chri-

108 3425 187 3489 stus,
218 3427 371 3496 postquam
391 3437 422 3476 se
437 3418 531 3495 ipsum
552 3415 722 3475 exinanivit:
744 3414 822 3495 quod
843 3425 912 3492 apte
932 3434 993 3472 non
1015 3412 1170 3492 quadraret
1189 3413 1247 3472 nisi

106 3488 308 3552 inhominem
329 3494 578 3553 carneetaoima
620 3493 769 3552 raeditum.
807 3489 994 3549 Manichaeus
1014 3496 1131 3549 siceum
1152 3488 1247 3549 sabri—
1291 3504 1293 3509 ’

108 3579 192 3629 catur
210 3589 328 3648 corpus,
348 3569 416 3647 quia
436 3580 559 3629 vocetur
592 3569 722 3644 xbristus,
742 3567 885 3628 secundus
906 3567 999 3625 Adam
1021 3567 1056 3625 de
1077 3566 1162 3625 coelo
1174 3586 1247 3628 coe-

107 3641 198 3706 lestis.
256 3649 298 3704 At
323 3664 419 3724 neque
444 3644 503 3704 illic
524 3646 677 3706 essentiam
697 3645 829 3722 corporis
851 3642 1018 3703 coelestem
1029 3642 1142 3701 inducit
1160 3641 1188 3700 A
1210 3664 1247 3700 o-

108 3721 201 3783 stnlus
220 3721 261 3802 (1.
284 3721 355 3783 Cor.
375 3727 423 3798 15,
442 3722 515 3797 dl),
535 3723 586 3783 sed
605 3723 662 3781 vim
682 3721 881 3801 spiritualem,
914 3740 987 3797 quae
1007 3739 1023 3778 a
1045 3718 1163 3779 Christo
1186 3664 1245 3778 ‹lit-

107 3798 174 3859 iusn
192 3819 246 3858 nos
264 3796 401 3859 vivificat
451 3799 549 3858 Porro
570 3819 651 3871 eam,
681 3810 714 3857 ut
733 3797 875 3868 vidimus,
906 3797 1011 3855 Petrus
1032 3807 1062 3853 et
1080 3795 1187 3854 Paulus
1207 3795 1245 3855 ab

108 3876 170 3936 eius
190 3886 277 3935 carne
296 3886 440 3954 separant.
481 3874 564 3949 Quin
595 3875 693 3954 potius
726 3895 758 3933 ex
787 3894 823 3933 eo
850 3871 916 3932 loco
950 3872 1069 3952 egregie
1089 3871 1247 3948 stabilitur,

108 3971 185 4033 quae
205 3953 282 4012 inter
302 3951 482 4012 orthodoxos
503 3951 539 4009 de
560 3950 671 4012 Christi
691 3971 778 4011 carne
799 3949 878 4030 viget
897 3949 1039 4009 doctrina.
1082 3948 1145 4007 Nisi
1165 3950 1246 4008 enim

107 4048 195 4087 unam
216 4026 339 4087 haberet
360 4027 512 4087 nobiscum
533 4027 666 4108 corporis
687 4039 818 4085 naturam
841 4024 984 4099 Christus,
1004 4024 1096 4083 inanis
1111 4037 1247 4083 essetsa-

106 4103 275 4179 tiocinatio,
287 4125 372 4186 quam
385 4115 463 4163 tanta
473 4102 657 4166 vehementia
669 4103 775 4162 Paulus
788 4103 976 4182 prosequitur
987 4101 1026 4177 (1.
1034 4100 1246 4177 Cor.15,1t”s):

108 4180 141 4240 Si
161 4178 295 4242 Christus
314 4180 486 4255 resurrexit,
516 4201 571 4242 nos
590 4199 710 4262 quoque
728 4190 960 4239 resurrecturos:
990 4177 1015 4237 si
1034 4198 1096 4237 non
1115 4178 1246 4313 resurgi)-

106 4277 181 4332 mus‚
199 4275 298 4337 neque
322 4256 474 4318 Christum
506 4257 706 4319 resurrexisse.
765 4255 1001 4335 Quibuscunque
1031 4253 1137 4314 cavillis
1168 4253 1213 4313 ela
1237 4255 1247 4314 i

108 4344 255 4398 conentur
272 4334 335 4398 sire
352 4333 518 4398 Manichaei
535 4344 662 4412 veteres,
680 4330 741 4396 sive
752 4342 887 4395 recentes
898 4351 1002 4394 eorum
1016 4328 1162 4415 discipuli,
1181 4350 1248 4393 uon

954 1963 1062 2098 sutusq
1099 1963 1245 2041 rtur).
