2700 4732
375 230 378 237 .
429 138 438 147 ’
497 191 573 251 stu.
594 140 662 249 ιιι.Ι
690 154 778 253 car.
797 188 866 251 x11.
1195 194 1235 255 aa

105 329 169 395 sibi
191 334 335 405 retinens,
358 333 481 415 gloriam
506 333 647 413 relinquit
671 332 1112 414 Deo[rerm.1.ttncsnc]:
1140 330 1234 407 „Tibi

105 410 254 545 ἲ,ὶίιιιιιιίθ
273 410 384 471 illibata
403 423 520 470 maneat
538 410 647 493 gloria:
667 430 781 471 mecum
796 410 878 501 ‚bene
893 410 1000 489 agitur,
1018 408 1043 469 si
1062 428 1162 489 pacem
1182 408 1234 470 lra-

106 530 128 562 „
153 507 234 546 uero.
271 488 385 547 Abinro
405 486 529 567 gloriam
556 508 687 566 prorsus:
720 507 757 546 ne
782 508 805 546 sr
829 506 1007 565 usurpavero
1032 486 1111 563 quod
1135 506 1233 545 meum
1286 506 1290 515 ’

106 585 191 638 ,,ιοιι
206 575 259 636 est,
279 565 397 641 perdam
412 577 442 621 et
454 563 614 622 olrlatum.“
644 563 782 639 Apertius
794 563 948 621 etiamalio
966 563 1033 621 loco
1047 560 1232 643 [serm-tiit.]a

106 639 179 713 „Dc
197 640 309 700 meritis
328 639 396 718 quid
420 639 544 698 sollicita
564 640 602 697 sit
626 640 761 698 ccclesias
786 638 831 697 cui
858 639 894 698 de
943 637 1074 718 reposito
1099 638 1157 697 Dei
1182 638 1233 695 fir-

107 716 210 791 „mior
236 717 368 795 suppetit
394 715 584 795 securiorque
614 715 759 797 gloriandi
785 714 880 774 ratio?
913 660 963 774 ilc
993 734 1053 773 non
1081 724 1125 773 est
1152 714 1233 793 quod

106 812 266 871 „quaer-as,
286 792 391 870 quibus
411 792 520 851 meritis
546 811 694 871 speremus
720 791 813 851 bona:
840 790 1008 871 praesertim
1028 810 1116 868 quum
1135 789 1234 849 audias

106 867 207 944 „apud
227 868 421 946 Prophetam,
441 869 510 927 Nou
531 879 653 946 propter
672 888 722 927 ros
743 866 855 940 faciam,
873 868 923 927 sed
944 877 1066 946 propter
1085 884 1142 941 me,
1162 864 1235 925 dicit

96 940 275 1019 „Dominus
294 944 417 1019 (Erech.
436 949 485 1015 36,
504 950 550 1005 ⁶22.
565 944 678 1019 etli‘d).
703 942 821 1003 Suslicit
840 943 877 1002 ad
896 942 1031 1003 meritum
1050 942 1135 1013 scire,
1154 940 1235 1021 quod

107 1040 192 1095 „oon
212 1019 359 1080 sufficiant
378 1022 494 1079 merita:
513 1020 564 1079 sed
585 1032 617 1078 ut
635 1020 670 1078 ad
690 1018 905 1093 meritumsatis
924 1030 968 1078 est
987 1017 1023 1076 de
1042 1017 1151 1077 meritis
1172 1038 1234 1077 noo

107 1095 638 1232 tltttt'tt‘ttlt'tt‘till
652 1095 776 1231 ‘tituil
790 1094 1236 1231 titillati‘in‘itlltttf

107 1246 146 1305 ln
166 1247 225 1305 line
244 1266 314 1307 sero
334 1193 487 1307 crrirsiliim
508 1248 569 1307 eius
589 1194 781 1307 tuirpterrer’e
801 1190 989 1338 lypocritas,
1017 1246 1069 1325 qui
1094 1212 1236 1326 peccandi

106 1322 226 1383 licentia
249 1336 353 1383 contra
377 1323 433 1382 Dei
459 1324 579 1404 gratiam
603 1323 804 1401 proterviunt:
835 1323 920 1383 sicuti
950 1344 1017 1381 mos
1040 1342 1073 1381 se
1096 1322 1233 1401 explicat:

105 1397 212 1475 „Felix
241 1399 362 1459 ecclesia
391 1399 437 1457 cui
470 1420 524 1458 nec
553 1400 657 1460 merita
692 1400 756 1460 sine
787 1399 1037 1479 praesumptione,
1068 1418 1123 1457 nec
1151 1418 1236 1477 prae-

105 1476 259 1566 „sumptio
279 1474 389 1552 absque
408 1475 517 1533 meritis
539 1474 630 1534 deest.
678 1476 777 1535 Habet
795 1475 874 1535 nude
893 1485 1072 1555 praesumat,
1101 1474 1152 1533 sed
1172 1494 1234 1534 non

105 1564 240 1627 „merita
278 1552 378 1610 llabet
396 1552 510 1625 merita,
530 1550 579 1608 sed
600 1551 636 1609 ad
655 1551 894 1631 promerendum,-
911 1571 972 1609 non
985 1550 1236 1629 praesumendum.

105 1626 229 1707 „ipsum
248 1647 310 1686 non
331 1646 516 1706 praesumere
536 1648 637 1686 nonne
655 1627 818 1706 promereri
837 1626 898 1686 est?
927 1626 1009 1707 Ergo
1021 1644 1057 1683 eo
1078 1628 1237 1717 praesumit

106 1704 273 1778 ,pecarium
292 1724 351 1791 quo
373 1724 434 1761 non
456 1703 629 1782 praesumit,
659 1704 706 1762 cui
731 1701 825 1783 ampla
851 1702 985 1762 materies
1009 1702 1156 1783 gloriandi
1180 1714 1236 1779 est,

106 1779 345 1857 „misericordiae
363 1779 486 1838 Domini
504 1779 643 1837 multae.“
1108 1822 1111 1827 -

184 1862 213 1919 d·
251 1855 298 1915 lta
323 1867 367 1914 est
389 1874 468 1914 sone.
507 1856 574 1915 lioc
599 1855 715 1915 unicum
738 1855 837 1915 salutis
861 1853 988 1936 asylum,
1011 1852 1042 1911 io
1062 1872 1123 1931 quo
1142 1852 1236 1931 respi-

107 1950 176 1991 rare
193 1942 261 1991 tuto
280 1931 407 2009 possint,
436 1931 566 1991 sentiunt
585 1933 758 1991 exercitatae
778 1931 990 2003 conscientiae,
1020 1929 1072 1989 ubi
1091 1950 1157 1990 curn
1176 1929 1236 1991 uei

107 2006 218 2068 iudicio
238 2027 275 2066 ne
297 2008 388 2066 otium
409 2019 461 2067 est.
496 2008 570 2067 Nam
589 2006 625 2080 si,
644 2027 719 2086 quae
738 2007 927 2068 lucidissimae
947 2003 1119 2067 videbantur
1144 2016 1237 2065 noctu

106 2082 227 2157 stellae,
250 2026 436 2162 splendorem
454 2105 537 2143 suom
559 2084 685 2162 perdunt
703 2085 772 2144 solis
791 2094 925 2164 aspectu,
969 2083 1017 2143 uid
1038 2094 1170 2173 putamus
1189 2080 1236 2142 rel

107 2159 269 2220 rarissimae
298 2158 426 2246 hominis
454 2159 642 2219 innocentiae
672 2159 815 2234 futurum,
848 2159 899 2219 ubi
929 2104 967 2219 ad
991 2158 1049 2217 Der
1077 2160 1235 2237 puritatem

108 2236 273 2314 composita
293 2236 398 2295 fuerit?
437 2236 502 2295 Erit
522 2236 599 2294 enim
619 2237 833 2297 severissimum
853 2234 927 2296 illud
947 2254 1081 2307 examen,
1103 2235 1183 2313 quod
1203 2235 1234 2293 in
1268 2256 1272 2263 ·

107 2312 296 2373 abditissimas
316 2332 444 2445 quastpue
463 2312 562 2371 cordis
588 2312 781 2393 cogitationes
806 2312 975 2404 penetrabit
998 2324 1028 2371 et
1046 2310 1235 2446 Ἦιειιιιάιιιο·

107 2388 178 2448 dum
198 2388 239 2447 ait
256 2386 361 2448 Paulus
380 2390 392 2463 (
412 2430 420 2446 .
441 2387 512 2448 Cor.
530 2396 559 2461 d,
578 2392 637 2465 5.):
657 2388 833 2463 „Revelabrt
852 2388 967 2449 occulta
985 2401 1054 2447 tenc
1076 2408 1184 2463 rarum,
1204 2398 1236 2447 et
1338 2454 1342 2465 Ι

108 2464 279 2524 abscondita
299 2465 431 2525 cordium
450 2475 565 2546 reteget
573 2471 603 2524 :⁶⁶
625 2466 705 2542 quod
731 2465 892 2525 latitantem
913 2477 943 2525 et
961 2465 1142 2524 restitantem
1161 2484 1236 2523 con-

107 2540 260 2602 scientiam
291 2540 425 2620 proferre
446 2561 480 2599 co
504 2555 533 2600 et
557 2542 671 2615 omnia,
695 2561 770 2620 quae
800 2560 878 2603 nunc
902 2561 920 2601 e
943 2542 1084 2601 memoria
1116 2560 1235 2618 quoque

108 2629 208 2677 nostra
230 2616 327 2697 elapsa
347 2628 423 2676 sunt.
499 2616 594 2697 rgebit
613 2630 766 2678 accusator
784 2618 933 2687 diabolus,
951 2616 1084 2677 conscius
1104 2616 1235 2675 omnium

106 2693 298 2775 flagitiorum,
309 2693 344 2752 ad
356 2713 429 2772 quae
440 2693 632 2772 perpetranda
652 2715 706 2753 uos
724 2694 885 2773 impulerit:
903 2692 962 2754 illic
981 2691 1053 2752 nihil
1072 2692 1236 2771 proderunt

109 2785 246 2830 externae
271 2770 417 2829 bonorum
438 2792 456 2829 o
480 2792 559 2829 erum
580 2790 721 2849 pompae,
740 2790 815 2848 quae
835 2769 913 2829 solae
933 2790 1011 2828 nunc
1031 2768 1234 2829 aestimantur:

109 2846 173 2907 sola
204 2846 398 2925 postulabitur
426 2792 581 2906 voluntatis
610 2847 768 2906 sinceritas.
827 2845 929 2915 Quare
959 2844 1138 2926 hypocrisis,
1172 2865 1234 2903 non

108 2922 202 2982 modo
219 2943 274 3000 qua
294 2923 383 2982 homo
404 2943 502 2983 corum
520 2923 586 2981 Deo
607 2923 662 2981 sibi
683 2921 756 2981 male
776 2921 919 2994 conscius,
938 2931 1087 2981 ostentare
1106 2939 1137 2978 se
1157 2919 1235 2999 apud

109 2999 244 3073 immines
262 2998 394 3071 allectat,
413 3001 463 3059 sed
484 3020 540 3078 qua
559 2997 616 3057 silri
635 2999 758 3077 quisque
778 3019 876 3057 coram
887 2998 954 3058 Deo
974 2995 1100 3076 imponit
1118 3000 1166 3073 (ut
1185 3020 1235 3056 su·

109 3097 175 3134 mus
194 3074 229 3134 ad
249 3097 303 3134 nos
323 3075 483 3153 palpandos
503 3073 720 3153 adulandosque
744 3073 903 3154 proclives)
935 3074 1055 3138 contusa
1088 3074 1235 3147 concidet,

75 3204 86 3217 .,
108 3163 259 3230 utcunque
285 3174 363 3210 nunc
384 3151 446 3230 plus
466 3173 550 3230 quam
570 3150 728 3211 temulenta
747 3152 866 3210 audacia
885 3149 1044 3229 superbiat.
1091 3150 1137 3208 Ad
1158 3150 1235 3209 eius·

109 3228 191 3287 modi
209 3228 404 3317 spectaculum
425 3229 472 3307 qui
492 3248 608 3285 sensum
628 3250 709 3287 sunm
730 3249 791 3287 non
812 3227 951 3309 dirigunt,
971 3224 1096 3285 suaviter
1138 3227 1235 3286 uidem

107 3314 142 3439 r
160 3302 271 3439 tata:
287 3304 432 3439 atta
447 3305 507 3439 ιιι,
522 3303 564 3438 ιι
578 3247 1235 3459 statuta.‘autmutariaa:

417 3428 423 3437 ·
764 3428 771 3440 ·
1226 3421 1237 3454 s

107 3474 165 3536 per
187 3457 333 3515 somnium
368 3454 545 3529 cumulatae,
575 3455 783 3536 expergefactis
808 3467 994 3515 evanescunt.
1045 3454 1107 3527 Qui
1138 3468 1235 3515 autem

105 3534 204 3607 serio,
230 3545 366 3611 tanquam
387 3534 441 3592 sub
461 3533 518 3591 Dei
538 3545 712 3612 conspectu,
739 3533 859 3592 devera
880 3532 1006 3592 iustitiae
1023 3531 1125 3611 regula
1142 3552 1236 3610 quac·

106 3621 185 3681 rent,
204 3609 248 3667 illi
267 3622 349 3668 certo
370 3611 563 3687 comperient,
583 3610 680 3668 omnia
701 3609 851 3668 hominum
872 3628 972 3687 opera,
991 3608 1014 3667 si
1032 3629 1083 3669 sua
1096 3606 1236 3700 dignitate

107 3695 298 3757 censeantur,
319 3686 388 3744 nihil
410 3686 463 3744 nisi
483 3686 512 3743 in
536 3687 699 3745 uinamenta
720 3705 782 3745 esse
802 3698 832 3744 et
851 3685 966 3744 sordes:
987 3695 1017 3743 et
1036 3702 1109 3762 quae
1128 3684 1237 3744 iustitia

105 3761 197 3841 vulgo
216 3760 352 3833 habetur,
372 3782 434 3821 cam
455 3707 532 3839 apud
550 3763 645 3821 Deum
664 3783 774 3821 meram
796 3781 857 3821 esse
877 3760 1075 3839 iniquitatem:
1096 3780 1171 3850 quae
1190 3761 1237 3818 in·

106 3838 230 3917 tegritas
250 3851 395 3914 censetur,
416 3839 625 3914 pollutionem:
647 3859 721 3927 quae
741 3837 833 3919 gloria
854 3837 979 3910 ducitur,
999 3835 1198 3917 ignominiam.

185 3920 215 3977 5.
254 3913 300 3972 At
328 3914 381 3973 hac
401 3915 515 3974 divinae
540 3915 728 3995 perfectionis
749 3911 998 3991 contemplatione
1027 3912 1064 3971 ad
1096 3932 1149 3971 nos
1173 3914 1236 3973 sine

107 3989 258 4049 blanditiis
284 4010 411 4050 coecose
438 3991 544 4050 amoris
573 3991 683 4050 aiiectu
709 3991 907 4070 respiciendos
931 3989 1108 4047 descendere
1134 4009 1171 4047 ne
1191 3992 1237 4070 pi·
1262 3994 1279 4023 ⁸

107 4078 186 4147 goat.
224 4067 330 4125 illisum
353 4068 428 4125 errim
450 4087 510 4125 uon
531 4081 584 4140 est,
604 4068 626 4125 si
649 4079 803 4146 tantopere
824 4065 1003 4127 coccutimus
1022 4065 1052 4123 in
1074 4064 1126 4125 hac
1145 4078 1238 4145 parte,

108 4164 198 4235 guum
218 4162 235 4201 a
255 4144 402 4223 pestilenti
423 4163 492 4225 erga
511 4165 542 4203 se
562 4142 742 4224 indulgentia
762 4164 850 4203 nemo
871 4154 1004 4202 nostrum
1023 4154 1134 4215 caveat,
1153 4164 1237 4222 quam

109 4240 140 4277 ιιι
168 4218 253 4279 uobis
278 4219 416 4279 omnibus
436 4219 609 4280 naturaliter
631 4220 753 4280 haerere
778 4219 883 4279 clamat
901 4219 1063 4299 Scriptura.
1100 4217 1239 4299 „Cuique

109 4294 175 4357 uiro
198 4296 312 4376 (iuquit
336 4295 457 4359 Salomo
484 4296 572 4359 Pron·
589 4302 644 4374 21,
661 4288 705 4376 2.)
739 4307 819 4359 recta
843 4308 890 4359 est
907 4295 954 4357 sia
979 4295 1010 4355 in
1033 4294 1128 4359 orum
1151 4300 1243 4363 misit
