2700 4732
1060 164 1067 202 l

419 220 422 233 ·
487 209 564 271 nus.
584 210 638 272 xv.
679 212 769 298 car..
791 212 860 272 nu
1194 218 1252 280 an

107 354 212 416 talium
238 374 327 416 nemo
351 351 555 436 repugnabat,
579 375 713 434 qnorum
737 356 882 417 intererat
903 355 936 416 id
959 355 1101 418 maxisnel
1136 350 1251 417 Aderat
1323 388 1329 411 r

107 443 192 494 certe
211 432 375 505 Proterius,
395 452 483 510 quem
497 429 692 492 Alexandriae
712 431 741 493 in
762 431 860 493 locum
869 432 1010 495 Dioscuri
1029 431 1248 514 praefecerantr
1290 450 1292 456 ⁴

107 510 233 578 aderant
243 508 291 568 alii
304 507 499 583 patriarchae,
520 528 645 587 quorum
663 508 761 568 honor
775 509 1011 570 imminuebatur.
1049 508 1259 570 Illommenat.

107 584 312 661 intercedere,
343 605 405 642 non
425 583 550 657 Leonis,
580 584 631 664 qui
649 605 704 644 suo
724 584 791 646 loco
812 585 928 667 integer
946 585 1093 648 manebat.
1145 585 1250 660 Quum

107 681 185 723 vero
205 671 305 721 tacent
323 660 366 719 illi
387 680 500 734 omnes,
520 660 581 720 imo
602 682 690 740 quum
712 662 920 737 assentiuntur,
939 668 1015 723 oriris
1027 662 1178 724 Romanus
1197 681 1247 721 re·

108 737 202 800 sistit:
223 758 307 818 prom
332 747 391 796 tum
413 746 457 796 est
474 736 603 797 iudicare
623 737 761 816 quidnam
780 746 846 798 eum
866 749 996 801 moveat!
1015 739 1126 802 scilicet
1166 740 1246 799 rovi-

64 858 67 863 -
109 812 219 890 debat,
240 758 328 893 quod
340 833 401 872 non
422 811 515 872 multo
541 824 609 905 post
638 813 757 889 accidit,
788 814 978 876 decrescente
1002 815 1108 880 veteris
1162 834 1250 877 omae

109 889 224 972 gloria,
254 890 372 949 forent
393 886 685 968 Constantinopolis,
713 891 842 950 seeundo
863 891 930 952 loco
953 913 1013 953 non
1033 891 1247 962 contenta„de

108 967 239 1046 primatu
259 988 324 1026 cum
345 988 376 1024 ea
397 964 532 1045 litigaret.
571 968 676 1048 Neque
695 977 792 1026 tamen
811 967 964 1028 clamando
983 979 1097 1028 tantum
1110 965 1248 1047 proiecit,

135 1044 185 1104 uin
205 1055 297 1101 ratum
318 1043 532 1101 essctfloncilii
553 1043 711 1102 decretum.
749 1043 854 1123 ltaque
873 1046 1137 1117 successoreseius,
1156 1048 1244 1122 qnu‘m

110 1063 221 1180 fractos
240 1140 271 1178 se
292 1119 439 1189 viderent,
464 1119 500 1177 ab
522 1117 568 1177 illa
590 1119 750 1197 pervicacia
769 1120 884 1199 placide
904 1122 1091 1182 destitemnt:
1115 1119 1246 1199 tulerunt

112 1196 193 1256 enim
214 1207 247 1253 ut
265 1196 409 1255 sccundus
430 1194 597 1254 Patriarcha
617 1195 784 1255 haberetur.
1108 1230 1111 1235 ·

190 1277 236 1335 16.
275 1273 385 1329 Verum
407 1271 493 1350 paulo
517 1284 582 1349 post
602 1291 732 1350 eousque
753 1271 850 1351 erupit
868 1270 1008 1348 loannes,
1027 1273 1079 1353 qui
1100 1271 1249 1354 Gregorii

111 1359 249 1427 tempore
270 1348 629 1426 Constantinopolitanam
656 1348 807 1413 ecclesiam
831 1350 974 1430 regebat,
994 1362 1026 1409 ut
1044 1370 1076 1409 se
1096 1351 1246 1410 nniversa-

110 1423 172 1484 lem
191 1422 385 1482 Patriareham
407 1423 528 1484 diceret
566 1425 622 1483 llic
634 1422 809 1505 Gregorius,
828 1446 867 1485 ne
886 1425 917 1484 in
937 1447 955 1486 o
979 1427 1047 1486 tima
1066 1447 1152 1489 eausa
1170 1425 1251 1487 sedis.

111 1520 183 1563 suae
203 1499 368 1559 defensioni
388 1499 510 1574 deesset,
530 1512 699 1560 constanter
718 1521 749 1561 se
768 1503 917 1585 opposuit,
959 1448 998 1562 ht
1018 1515 1080 1562 erat
1099 1515 1180 1563 certe
1200 1503 1248 1563 ina

110 1575 274 1637 tolerabilis
294 1598 358 1635 cnm
378 1575 515 1654 superbia
542 1588 603 1635 tum
629 1577 747 1649 insania¹
759 1577 897 1655 loannis,
922 1579 972 1658 qui
998 1578 1182 1658 episcopatus
1201 1579 1246 1638 sui

111 1654 187 1714 fines
208 1673 367 1732 exaequare
388 1653 507 1730 Imperii
527 1653 632 1713 finibus
652 1653 779 1715 volebat.
817 1655 921 1734 Neque
942 1668 1039 1715 tamen
1060 1654 1140 1733 quod
1160 1654 1246 1715 alteri

108 1740 204 1810 negat
223 1727 397 1809 Gregorius,
416 1729 472 1788 sihi
496 1730 551 1808 ipsi
569 1730 709 1789 vindicat:
727 1731 781 1790 ‘sed
800 1742 907 1793 vocem
923 1731 1011 1804 illam,
1032 1750 1046 1790 a
1069 1750 1246 1810 quocunque

110 1805 231 1866 tandem
252 1818 418 1883 usurpetur,
437 1816 469 1864 ut
488 1806 649 1880 scelestam,
669 1819 699 1865 et
719 1808 846 1886 impiam,
867 1820 897 1866 ct
916 1807 1071 1867 nefandam
1090 1807 1147 1869 abo
1182 1807 1189 1820 ’
1213 1826 1247 1867 a·

111 1894 171 1941 tur.
211 1882 292 1956 Quin
313 1883 400 1940 etiam
421 1881 549 1963 Eulogio
575 1882 773 1943 Alexandrino
794 1904 809 1944 e
833 1884 945 1963 iseopo.
960 1883 1067 1949 alicubi
1093 1898 1160 1943 succ
1180 1893 1247 1944 eset

112 1956 338 2040 Gregorius,
359 1980 373 2015 a
396 1980 455 2036 qno
477 1959 570 2017 fuerat
589 1959 731 2019 eiusmodi
751 1906 1028 2027 titulhhohoratus.
1065 1959 1165 2034 „Ecce
1183 1959 1245 2037 (in-

111 2036 202 2119 ‚,quit
221 2033 271 2093 lib.
289 2040 318 2099 7.
338 2056 384 2114 ep.
399 2036 462 2110 30.)
483 2035 511 2094 in
533 2035 716 2114 praelatione
736 2035 997 2116 epistolam-quam
1016 2036 1052 2097 ad
1071 2057 1119 2096 me
1138 2037 1249 2116 ipsum,

72 2140 82 2152 ·
109 2111 186 2191 „qui
208 2111 354 2191 prohibui,
374 2112 525 2186 direxistis,
544 2111 687 2191 superbae
707 2112 910 2194 appellationis
923 2113 1056 2189 verbum,
1076 2113 1184 2193 Papam
1196 2131 1246 2171 me

109 2187 326 2265 „universalem
346 2187 532 2266 appellando,
550 2189 718 2267 imprimere
731 2190 858 2250 curastis
898 2189 996 2262 Quod.
1011 2200 1093 2270 peto,
1110 2189 1251 2250 sanctitas

61 2290 68 2297 ·
110 2277 232 2342 „vestra
263 2262 385 2323 ulterius
415 2286 475 2322 non
509 2265 606 2326 faciat:
639 2265 706 2344 quia
726 2264 810 2328 vobis
829 2265 1025 2340 subtrahitur,
1054 2266 1143 2345 qnod·
1160 2258 1251 2325 alteri-

108 2341 200 2420 „plus
220 2362 304 2420 quarn
326 2340 412 2421 exigit
431 2341 506 2400 ratio
528 2341 621 2400 datur.
660 2342 725 2423 Ego
746 2343 890 2404 honorem
912 2363 972 2404 non
993 2342 1114 2422 deputo,
1133 2341 1164 2401 in
1184 2362 1246 2421 qno

109 2418 259 2497 „fratrum
283 2436 415 2477 meorum
442 2421 586 2479 honorem
616 2419 707 2479 minui
731 2419 827 2479 video.
877 2420 961 2479 llleus
981 2423 1058 2483 enim
1084 2417 1183 2484 honot
1201 2428 1247 2479 est
1330 2482 1331 2487 χ

110 2494 237 2574 „honor
267 2495 436 2554 universalis
462 2496 615 2567 ecclesiae,
648 2496 829 2576 fratrumque
857 2518 991 2557 meorum
1017 2495 1126 2560 solidus
1151 2494 1246 2575 rigor.

110 2571 170 2650 „si
189 2583 286 2630 autem
306 2571 496 2632 universalem
517 2593 563 2633 me
583 2573 691 2653 Papam
710 2575 849 2637 sauctitas
869 2586 962 2634 restra
990 2573 1076 2647 dicit,
1101 2586 1190 2652 negat
1214 2590 1250 2636 se

110 2648 195 2726 „hoe
215 2670 276 2708 esse
297 2649 374 2727 quod
396 2670 442 2708 me
463 2652 571 2709 fatetur
591 2653 788 2711 universum.“
827 2651 910 2710 Bona
921 2651 1036 2785 quidem
1060 2660 1120 2708 erat
1141 2660 1171 2706 et
1189 2646 1245 2705 ho·
1329 2704 1331 2709 .

112 2736 198 2785 nesta
223 2725 285 2784 Gre
309 2725 365 2784 orii
394 2748 492 2787 causa:
524 2728 573 2786 sed
601 2727 743 2802 loannes,
773 2727 906 2788 lllanricii
950 2728 1121 2805 mperatoris
1145 2723 1248 2787 farore

114 2800 248 2875 adiutus,
283 2747 424 2863 fimoveri
444 2826 459 2862 a
481 2805 635 2882 proposito
656 2826 716 2863 non
737 2807 842 2883 potuit.
882 2804 1026 2880 Cyriacus
1046 2819 1165 2880 quoque
1184 2799 1246 2863 eius

113 2897 267 2938 successor
286 2902 343 2938 nun
368 2901 431 2939 nam
453 2881 489 2938 de
510 2901 543 2938 ea
565 2901 596 2938 re
617 2902 713 2958 passus
734 2894 828 2940 estse
848 2881 971 2941 exorari.

193 2961 240 3020 17.
278 2901 410 3015 Tanllem
430 2957 559 3031 Phocas,
585 2959 633 3035 qui
661 2977 745 3018 caeso
766 2957 908 3017 lllauricio
935 2956 965 3016 in
987 2955 1047 3014 eius
1067 2949 1246 3016 looumeuf·
1303 2980 1307 2987 ¹

111 3031 212 3093 fectus
231 3042 275 3090 est
294 3034 408 3110 (nescio
431 3034 543 3113 quade
568 3054 652 3092 causa
673 3034 813 3093 Romanis
845 3032 981 3105 amicior,
1012 3033 1073 3090 imo
1094 3030 1161 3109 quia
1184 3027 1246 3090 illic

112 3107 226 3199 absque
246 3110 404 3168 certamine
417 3122 574 3169 coronatus
595 3110 710 3246 fueratlp
724 3110 880 3171 Bonifatio
901 3110 988 3170 tertio
1010 3104 1155 3168 concessit
1166 3103 1249 3183 quod
1329 3157 1332 3172 ,

111 3185 237 3245 minime
257 3185 423 3265 postulabat
444 3185 619 3266 Gregorius,
640 3199 672 3245 ut
712 3207 777 3246 orna
798 3198 886 3266 caput
905 3197 981 3246 esset
1000 3185 1132 3246 omnium
1153 3180 1247 3240 eecle-

112 3263 232 3324 siarum.
270 3263 304 3319 ln
327 3263 403 3322 hunc
424 3264 699 3342 moclnmdirempta
720 3277 764 3323 est
780 3263 988 3324 controversia.
1026 3262 1130 3341 Neque
1150 3271 1248 3322 tamen

114 3337 192 3397 adeo
212 3337 370 3416 profuisset
390 3339 446 3417 hoc
458 3340 647 3417 Imperatoris
668 3341 842 3399 heneficium
861 3339 922 3399 sedi
935 3339 1097 3410 Romanae,
1117 3335 1173 3413 nisi
1192 3333 1248 3398 alia

114 3413 225 3473 deinde
244 3416 440 3474 accessissent.
478 3417 552 3474 Nam
565 3415 700 3487 Graecia,
720 3430 751 3475 et
770 3429 831 3475 tota
847 3415 912 3489 Asia
933 3414 1019 3496 paulo
1040 3425 1109 3496 post
1128 3411 1164 3471 ab
1176 3411 1248 3494 ⁴eius

113 3491 326 3552 communione
346 3492 484 3551 abscissae
505 3504 581 3551 sunt.
621 3492 718 3552 Gallia
738 3494 778 3552 sic
799 3493 891 3571 ipsum
913 3492 1113 3563 reverebatur,
1135 3500 1248 3546 utnon

112 3579 234 3649 pareret
253 3568 307 3626 nisi
328 3568 424 3645 quoad
445 3568 564 3627 libebat.
608 3569 695 3628 Tunc
715 3589 787 3628 vcro
813 3569 938 3647 primnm
962 3568 992 3627 in
1012 3567 1180 3628 servitutem
1202 3582 1250 3623 re.-

115 3644 202 3703 dacta
227 3654 285 3716 est,
306 3644 358 3703 ubi
378 3645 498 3722 Pipinus
527 3665 650 3725 regnum
675 3647 843 3724 occupavit.
887 3647 961 3707 Nam
986 3665 1075 3723 quum
1097 3639 1249 3703 Zacharias

114 3718 257 3779 Pontifex
279 3720 443 3794 Romanus,
472 3721 498 3778 ei
518 3723 634 3780 adiutor
653 3722 755 3780 fuisset
774 3722 809 3780 ad
830 3721 982 3800 perfidiam
1000 3742 1033 3780 ac
1054 3716 1251 3788 latrocinium,

115 3808 152 3856 ut
171 3795 255 3875 pulso
277 3797 408 3874 legitimo
429 3797 512 3877 Rege
537 3818 660 3877 regnum
691 3798 771 3876 quasi
792 3797 917 3876 praedae
938 3796 1098 3874 expositum
1119 3804 1249 3872 raperet:

114 3873 177 3932 hoc
197 3875 340 3932 mercedis
361 3873 438 3946 tulit,
458 3886 491 3931 ut
510 3874 541 3931 in
555 3875 689 3934 ecclesias
703 3872 867 3933 Gallicanas
887 3873 1117 3933 iurisdietionem
1131 3869 1253 3929 haberet

113 3951 251 4010 Romana
264 3952 355 4008 sedes.
397 3952 655 4023 Quemadmodum
673 3951 835 4029 praedones
846 3970 1002 4011 commune
1017 3946 1141 4028 spolium
1156 3946 1254 4006 solent

115 4025 274 4108 partiendo
289 4027 426 4104 diripere,
447 4027 486 4084 ita
507 4028 579 4085 honi
599 4027 646 4086 isti
665 4028 718 4085 viri
738 4027 856 4086 intense
869 4036 1086 4108 compararunt,
1099 4035 1131 4082 ut
1145 4021 1251 4102 Pipino

116 4101 240 4180 quidem
259 4102 378 4161 cederet
398 4115 546 4161 terrenum
566 4124 600 4162 ac
620 4103 703 4162 civile.
723 4102 903 4174 dominium,
927 4102 1053 4183 spoliato
1074 4121 1144 4159 vcro
1164 4119 1252 4179 regeq

118 4178 274 4241 Zacharias
299 4191 396 4238 autem
416 4192 503 4256 caput
527 4181 612 4239 lieret
630 4179 761 4238 omnium
782 4179 1003 4259 episcoporum,
1024 4199 1056 4237 ac
1076 4175 1254 4255 spiritualem

118 4266 299 4334 potestatem
330 4255 465 4314 haberet:
495 4277 569 4334 quae
590 4278 678 4334 quum
699 4256 784 4314 initio
810 4256 924 4320 infirma
943 4256 1021 4317 soret
1040 4259 1089 4330 (ul
1107 4255 1257 4315 soletum

120 4332 224 4394 venire
245 4333 277 4392 in
295 4331 385 4394 rebus
404 4332 503 4413 novis)
528 4333 630 4396 Caroli
649 4333 719 4393 inde
738 4333 914 4394 auctoritate
933 4332 1107 4393 confirmata
1127 4330 1196 4407 fnit,
1218 4332 1258 4391 ei·

1234 4474 1245 4519 ⁸.
