2700 4732
430 98 433 105 .
1169 76 1174 115 Ι

27 142 34 159 “
115 188 174 251 ιιι
308 272 312 283 Ι
377 280 383 295 Ι
506 186 584 249 arn.
603 187 629 249 1.
666 187 756 251 cae.
774 188 856 249 xiv.

85 334 87 338 ’
115 328 265 409 potentia,
288 327 414 405 iustitia,
442 328 560 391 bonitas
578 331 609 389 in
628 331 730 391 mnndi
748 329 965 412 compositione
984 328 1129 403 reluceat,
1146 324 1247 407 null*

116 404 258 465 orationis
278 404 435 484 splendor,
455 406 550 467 nullus
570 420 689 467 ornatus
709 420 806 468 tantm
827 408 869 467 rei
889 406 1083 488 magnitudini
1124 426 1158 465 ar
1176 404 1244 473 erit·
1261 408 1272 447 ἰ

114 478 179 541 Nec
203 481 322 540 dubium
347 483 416 562 quin
440 483 515 542 velit
540 503 593 543 nos
619 484 765 544 Dominus
795 485 825 543 in
851 484 904 543 bac
928 495 1026 543 sancta
1051 427 1274 563 meditatimqi

115 557 305 617 continenter
325 560 474 637 occupari:
505 570 538 618 ut
557 559 625 618 dnm
646 559 707 619 illas
728 560 879 619 immensas
904 558 1077 639 sapientiae,
1108 556 1274 637 iustitiaqut'

115 631 272 708 bonitatis,
304 635 454 713 potentiae
478 655 547 694 suae
573 636 684 695 divitias
710 637 738 695 in
767 636 901 696 omnibns
925 636 1078 709 creaturis,
1108 632 1191 693 velut
1212 634 1274 715 ἰῌ

114 708 240 788 speculis
260 709 507 789 contemplamur,
538 733 598 770 non
623 724 735 770 tanturn
756 733 802 771 eas
828 713 960 792 fugiente
980 709 1068 771 oculo
1090 712 1243 789 perctam'·
1270 772 1273 779 ,

114 806 196 861 mus,
216 797 245 844 et
265 787 386 846 evanidn
406 791 454 865 (ut
472 788 513 847 sic
532 786 651 864 loquar)
672 788 792 848 intuitu:
812 790 861 847 sed
884 789 912 845 in
935 808 967 845 ea
988 786 1173 867 rogitatione
1192 782 1242 861 llil
1258 816 1274 871 ·,

114 862 321 937 immoremur,
341 883 403 920 eam
423 862 500 922 serio
521 884 554 921 ac
574 863 699 923 fideliter
717 865 818 925 animis
830 865 1022 934 revolvamus,
1042 862 1244 941 memoriaqlte
1266 906 1274 939 ·.

113 937 273 997 identidem
298 949 470 1017 repetamus.
521 940 647 1014 Verum,
672 940 737 1018 quia
764 961 841 999 nune
866 941 895 999 in
924 939 1068 997 didactico
1093 940 1247 1017 versamur
1262 944 1274 1007 :i

113 1032 235 1095 genere,
254 1013 289 1073 ab
308 1014 341 1073 iis
361 1014 551 1093 supersedere
571 1012 625 1074 rios
637 1016 784 1088 convenit,
801 1037 875 1095 quae
894 1014 995 1095 longas
1016 992 1274 1078 declamationes?¹

113 1089 276 1168 requirnnt
314 1090 395 1170 Ergo
417 1103 449 1149 ut
468 1091 645 1170 compendio
669 1093 814 1165 studeam,
846 1105 915 1152 tunc
940 1092 1033 1151 sciant
1058 1090 1186 1149 lectoren
1208 1082 1274 1169 re]

112 1185 182 1224 vera
202 1166 259 1224 lide
279 1167 517 1245 apprehendisse,
538 1166 606 1245 qnid
626 1169 663 1226 sit
684 1168 779 1226 Deum
801 1167 874 1227 coeli
897 1179 925 1225 et
949 1179 1044 1224 terrae
1069 1174 1132 1224 esse
1156 1176 1242 1225 crof·
1266 1174 1274 1217 l

112 1253 227 1316 torem,
258 1242 290 1300 si
307 1243 384 1301 illam
426 1243 528 1301 rimum
549 1243 738 1303 universalem
758 1244 888 1325 regulam
912 1254 1087 1321 sequautur,
1116 1250 1151 1299 ut
1169 1250 1247 1377 qepg,

113 1317 144 1377 in
164 1317 220 1378 suis
241 1319 378 1378 creaturis
398 1264 477 1378 bens
498 1319 614 1378 exbibet
633 1320 804 1397 conspicuas
821 1321 958 1391 virtutes,
978 1339 1038 1376 non
1053 1318 1174 1398 ingrata
1270 1339 1274 1385 ,ς

112 1392 303 1475 incogitantia
329 1392 374 1453 vel
400 1394 553 1454 oblivione
578 1407 739 1455 transeant:
771 1396 876 1455 deinde
905 1394 946 1454 sic
977 1394 1011 1452 ad
1037 1414 1069 1453 se
1094 1390 1274 1471 appliearo‘'

31 1494 34 1498 *
113 1469 237 1544 discant,
253 1492 310 1549 quo
331 1471 621 1549 penitusalficiantur
640 1473 668 1530 in
688 1472 746 1533 inis
766 1472 914 1530 cordibus.
956 1470 1063 1529 Peioris
1075 1489 1156 1527 exem
1180 1466 1241 1527 ln·
1257 1500 1274 1543 q

112 1557 172 1621 est,
192 1546 260 1604 dum
280 1559 447 1625 reputamus
467 1549 568 1626 quanti
593 1548 677 1606 luerit
697 1548 826 1621 artificis,
849 1549 920 1606 lianc
939 1546 1086 1605 stellarum
1108 1490 1243 1605 mullitu-
1266 1594 1269 1599 .

112 1620 210 1681 dinem
231 1642 305 1701 quae
324 1622 355 1681 in
374 1625 460 1683 coelo
481 1636 539 1696 est,
567 1635 626 1682 tarn
652 1625 789 1702 disposita
814 1625 888 1683 serie
909 1623 1046 1687 ordinare
1071 1633 1102 1681 et
1127 1630 1241 1699 aptare,
1269 1640 1274 1655 ¹

110 1710 146 1758 ut
165 1697 236 1757 nibil
257 1699 416 1779 excogitari
440 1701 534 1791 possit
556 1712 674 1778 aspectu
697 1701 870 1779 speciosius:
901 1698 969 1758 alias
987 1698 1025 1757 ita
1052 1698 1182 1757 inserere
1208 1704 1242 1759 el
1267 1694 1274 1723 ¹

110 1774 233 1856 affigere
252 1775 310 1835 suis
329 1776 515 1849 stationibus,
535 1788 567 1833 ut
586 1777 697 1835 moveri
718 1788 878 1855 nequeant:
899 1776 961 1833 aliis
981 1772 1150 1833 liberiorem
1170 1770 1247 1832 curi*
1272 1785 1274 1791 '

110 1850 174 1912 s'um
195 1851 375 1925 concedere,
405 1853 455 1910 sed
480 1853 520 1912 ita
547 1863 578 1911 ut
602 1853 728 1911 errando
756 1873 815 1911 non
837 1852 911 1910 ultra
930 1851 1054 1931 spatium
1073 1860 1257 1931 vageotnres

110 1927 241 1987 omnium
263 1940 373 1987 motum
395 1928 433 1988 ita
451 1941 626 2009 temperare,
646 1942 679 1988 ut
698 1930 757 1989 dies
771 1942 801 1987 et
818 1942 930 2000 noctes,
950 1946 1073 2000 menses,
1092 1946 1190 1985 annos
1206 1932 1253 1993 ei.

109 2004 180 2063 anni
199 2015 330 2083 tempora
349 2004 499 2064 metiatur:
529 2018 559 2064 et
580 2005 652 2065 banc
673 2026 807 2083 quoque,
826 2026 910 2084 quam
930 2002 1062 2082 quotidie
1081 2002 1241 2137 cerrima

110 2080 345 2159 inaequalitatem
373 2081 484 2140 dierum
509 2082 544 2140 ad
569 2083 626 2147 tale
652 2094 912 2161 temperamentum
938 2080 1086 2158 redigere,
1111 2088 1144 2137 ut
1165 2076 1196 2137 ni
1241 2104 1263 2123 ·-

110 2156 293 2216 confusionis
319 2155 432 2215 babeat.
483 2158 533 2217 Sic
553 2169 670 2237 quoque
692 2157 758 2215 diurn
784 2159 944 2236 potentiam
970 2157 1173 2227 observamus,
1203 2150 1258 2245 in:

110 2232 277 2292 sustinenda
299 2242 377 2303 tanta
397 2231 485 2307 mole,
506 2234 535 2292 in
555 2245 613 2292 tam
634 2234 722 2293 celeri
740 2233 873 2293 coelestis
892 2229 1239 2291 maclrinaevolotatiou
1261 2260 1268 2291 ·.

110 2307 310 2390 gubernanda,
329 2320 358 2366 et
368 2308 518 2368 similibus.
563 2310 642 2368 Haec
662 2311 740 2367 enim
761 2307 880 2389 paucula
905 2306 1033 2386 erenrpla
1052 2306 1120 2365 satis
1138 2302 1254 2373 declat,
1270 2328 1274 2347 ¹

108 2395 187 2459 rant,
206 2384 274 2461 quid
295 2383 333 2442 sit
344 2384 400 2443 Dei
411 2385 531 2445 virtutes
551 2388 582 2446 in
601 2387 701 2445 mnndi
721 2387 868 2447 creatione
887 2402 1112 2463 recognoscere.
1151 2378 1265 2461 Alidj

111 2459 203 2540 quisi
223 2471 313 2518 totam
335 2479 412 2534 rern,
445 2473 478 2520 ut
498 2462 571 2533 dixi,
604 2463 739 2521 oratione
759 2462 892 2542 persequi
918 2460 1025 2534 libeat,
1057 2457 1154 2523 nullus
1180 2454 1261 2527 eri}

109 2535 227 2595 modus:
260 2536 377 2614 quando
398 2549 444 2596 tot
462 2551 530 2598 sunt
550 2538 664 2597 divinae
685 2539 834 2617 potentiae
854 2536 1006 2612 miracula,
1037 2547 1084 2594 tot
1107 2526 1256 2617 insignio-'⁴

109 2611 266 2684 bonitatis,
298 2625 344 2671 tot
363 2615 520 2692 sapientiae
540 2615 732 2690 documenta,
765 2626 838 2694 quot
861 2625 929 2672 sunt
954 2612 985 2670 in
1004 2609 1115 2670 mundo
1134 2624 1254 2671 remus.

7 2758 10 2763 Ι
107 2687 230 2768 species,
248 2688 307 2747 imo
328 2703 402 2767 quot
420 2702 488 2749 sunt
508 2711 553 2750 res
573 2688 618 2750 vel
637 2711 757 2771 magnae
776 2690 823 2751 vel
842 2691 972 2779 exiguae.

184 2770 232 2827 Ὦ.
272 2764 374 2825 Restat
392 2765 482 2826 altera
502 2789 568 2847 pars
580 2787 653 2847 quae
673 2771 707 2826 ad
727 2767 813 2826 fidem
833 2787 952 2847 proprus
966 2763 1090 2824 aceedit:
1111 2774 1145 2823 ut
1165 2740 1252 2835 dutus⁸

108 2840 361 2901 animadvertimus
381 2843 411 2901 in
432 2844 541 2901 bonum
561 2866 594 2904 ac
619 2842 739 2902 salutem
760 2856 889 2902 nostram
909 2842 1005 2900 Deum
1025 2839 1122 2901 omnia
1142 2838 1249 2901 desti-¹

7 2920 10 2925 ’
107 2936 205 2992 nasse,
233 2916 318 2977 simul
337 2916 367 2976 in
388 2919 579 3000 nobisipsis,
603 2932 634 2978 et
656 2921 742 2979 tantis
763 2939 837 2997 quae
862 2920 892 2977 in
916 2941 970 2977 nos
990 2910 1116 2976 contulit
1135 2914 1236 2993 boni,

107 2993 247 3054 sentimus
267 2994 355 3072 ipsius
375 2997 536 3075 potentiam
558 3008 588 3055 et
607 2998 744 3075 gratiam:
765 2995 833 3055 inde
854 3016 906 3055 nos
926 2994 961 3052 ad
981 2994 1068 3072 ipsius
1087 2992 1244 3071 fiduciaq'

106 3070 335 3144 invocationem,
354 3070 478 3145 laudem,
498 3094 626 3132 amorem
648 3074 811 3131 excitemus.
850 3072 946 3130 Porro
966 3070 1063 3129 omnia
1082 3088 1114 3128 se
1135 3066 1254 3129 boui-i:

107 3145 152 3206 nis
172 3166 254 3205 causa
275 3145 413 3221 condere,
432 3153 497 3227 ipso
517 3148 634 3208 creandi
651 3150 755 3209 ordine
775 3147 985 3208 demonstravit
1004 3134 1255 3226 ipsellominmi

106 3234 140 3280 ut
159 3221 246 3299 paulo
268 3234 335 3281 ante
355 3223 502 3284 admonui.
542 3226 608 3283 Non
630 3227 706 3284 enim
727 3225 777 3284 abs
798 3221 904 3293 re'est,
922 3222 1002 3302 qnod
1022 3222 1122 3281 mnndi
1142 3219 1252 3309 labri-¹⁸

107 3318 170 3357 cam
191 3298 221 3356 in
241 3318 288 3357 sex
308 3299 368 3360 dies
389 3301 548 3360 distribuit:
576 3323 662 3380 qnnrn
686 3301 776 3359 nihilo
798 3300 943 3360 difficilius
964 3310 1055 3373 esset,
1078 3318 1138 3357 uno
1153 3298 1248 3377 imni}

105 3384 207 3434 mento
227 3386 323 3434 toturn
344 3398 417 3455 opus
440 3377 524 3437 simul
546 3378 681 3438 omnibus
706 3377 834 3436 numeris
859 3375 1024 3455 complere,
1049 3394 1134 3453 qnam
1155 3374 1256 3447 eiua-'5'

105 3450 187 3510 modi
207 3456 413 3531 progressione
431 3454 536 3513 sensim
557 3456 592 3512 ad
613 3453 858 3532 complementum
880 3451 1040 3531 pervenire.
1071 3450 1182 3511 Verum
1201 3446 1266 3543 iiii,

107 3547 144 3586 eo
162 3547 242 3585 suam
263 3549 296 3586 er
318 3552 332 3587 a
354 3550 406 3588 nos
430 3530 642 3609 providentiam
678 3543 875 3609 internamque
900 3527 1124 3587 sollicitudinem
1150 3542 1250 3589 coni:

106 3601 245 3662 mendare
265 3548 372 3664 voluit:
398 3608 476 3683 qnod
497 3620 651 3685 antequam
667 3552 819 3665 lrnminenr
840 3608 979 3686 fingeret,
1000 3602 1138 3682 quicquid
1160 3578 1257 3687 utile:¹

106 3679 148 3739 illi
172 3699 204 3739 ac
228 3679 353 3739 salutare
385 3682 558 3759 providebat
582 3684 662 3754 sore,
687 3684 716 3741 id
740 3695 834 3741 totum
860 3681 1048 3761 praeparavit.
1092 3680 1251 3755 Quantae?

105 3778 184 3815 rrunc
203 3757 417 3838 ingratitudinis
437 3759 530 3824 foret,
556 3758 689 3817 dubitare
710 3781 745 3818 an
768 3759 833 3818 buie
852 3761 966 3837 optimo
986 3756 1067 3815 Patri
1086 3777 1175 3816 curae
1192 3758 1254 3827 ri«,

104 3854 178 3906 mus,
198 3852 283 3912 quem
296 3835 425 3893 videmus
445 3836 481 3893 de
502 3836 596 3903 nobis,
617 3837 782 3912 priusquam
803 3855 996 3906 nasceremur,
1018 3833 1104 3893 luisse
1123 3832 1247 3913 sollici-‚-

103 3911 185 3969 tum't'
226 3910 322 3984 Quam
342 3911 460 3989 impium
483 3925 558 3970 esset
577 3912 738 3971 diffidentia
756 3913 917 3991 trepidare,
937 3931 974 3968 ne
998 3909 1156 3988 aliquando
1177 3910 1249 4005 nps'

104 3989 135 4046 in
156 3989 327 4047 necessitate
343 3988 480 4047 destituat
492 3990 552 4047 eius
573 3989 747 4065 benignitas,
767 4010 850 4068 qnam
862 3987 992 4045 videmus
1005 3987 1136 4045 nondum
1157 3976 1255 4061 nattes}

104 4086 169 4125 cum
189 4084 298 4123 surnnm
321 4064 465 4124 bonorum
487 4066 617 4124 omniunt
637 4065 785 4123 alllnentia
806 4065 892 4123 luisse
905 4062 1081 4143 expositam?
1112 4064 1231 4127 nutare

104 4140 234 4200 audimus
256 4162 288 4197 ex
308 4142 392 4199 Mose
411 4140 504 4216 (Gen.
526 4150 557 4213 l,
577 4149 630 4205 28:
642 4150 671 4215 9,
691 4146 750 4213 Ἀ),
777 4141 862 4200 nobis
888 4141 957 4199 eius.
969 4138 1142 4199 liberalitate
1160 4140 1257 4207 suls-v

103 4214 211 4274 iertnm
223 4216 361 4294 quicquid
382 4219 504 4277 omnino
525 4238 621 4277 rernm
642 4228 686 4277 est
705 4218 733 4275 in
754 4217 913 4275 tutonrbe.
953 4216 1076 4274 Certum
1095 4228 1150 4291 est,
1169 4236 1229 4278 ιιιιιι
1246 4250 1266 4257 ··

102 4291 172 4351 ideo
191 4291 294 4354 fecisse
313 4313 372 4372 quo
399 4315 453 4355 nos
479 4294 595 4356 luderet
618 4294 698 4356 inani
723 4292 808 4355 titulo
828 4291 1006 4355 donationis.
1056 4292 1138 4375 Ergo
1158 4258 1274 4375 nint-'2
