<?xml version="1.0" encoding="UTF-8"?>
<!DOCTYPE html PUBLIC "-//W3C//DTD XHTML 1.0 Transitional//EN"
    "http://www.w3.org/TR/xhtml1/DTD/xhtml1-transitional.dtd">
<html xmlns="http://www.w3.org/1999/xhtml" xml:lang="en" lang="en">
 <head>
  <title>
</title>
<meta http-equiv="Content-Type" content="text/html;charset=utf-8" />
  <meta name='ocr-system' content='tesseract 3.04.00' />
  <meta name='ocr-capabilities' content='ocr_page ocr_carea ocr_par ocr_line ocrx_word'/>
</head>
<body>
  <div class='ocr_page' id='page_1' title='image "./ioanniscalvinii02tholgoog/ioanniscalvinii02tholgoog_0750.png"; bbox 0 0 2700 4732; ppageno 0'>
   <div class='ocr_carea' id='block_1_1' title="bbox 510 220 1270 295">
    <p class='ocr_par' dir='ltr' id='par_1_1' title="bbox 510 220 1270 295">
     <span class='ocr_line' id='line_1_1' title="bbox 510 220 1270 295; baseline 0.007 -11"><span class='ocrx_word' id='word_1_1' title='bbox 510 221 589 295; x_wconf 73' lang='lat' dir='ltr'>tle.</span> <span class='ocrx_word' id='word_1_2' title='bbox 609 221 662 283; x_wconf 85' lang='lat' dir='ltr'>lV.</span> <span class='ocrx_word' id='word_1_3' title='bbox 700 220 790 285; x_wconf 82' lang='lat' dir='ltr'>CdP.</span> <span class='ocrx_word' id='word_1_4' title='bbox 810 220 896 295; x_wconf 67' lang='lat' dir='ltr'>tlte</span> <span class='ocrx_word' id='word_1_5' title='bbox 1039 276 1043 287; x_wconf 94' lang='lat'>.</span> <span class='ocrx_word' id='word_1_6' title='bbox 1210 231 1270 295; x_wconf 73' lang='grc'>273</span> 
     </span>
    </p>
   </div>
   <div class='ocr_carea' id='block_1_2' title="bbox 89 365 1279 3324">
    <p class='ocr_par' dir='ltr' id='par_1_2' title="bbox 89 365 1279 3324">
     <span class='ocr_line' id='line_1_2' title="bbox 141 365 1268 450; baseline 0.003 -22"><span class='ocrx_word' id='word_1_7' title='bbox 141 368 204 429; x_wconf 88' lang='lat' dir='ltr'>Pro</span> <span class='ocrx_word' id='word_1_8' title='bbox 227 367 347 444; x_wconf 84' lang='lat' dir='ltr'>hetae,·</span> <span class='ocrx_word' id='word_1_9' title='bbox 378 385 410 426; x_wconf 91' lang='lat' dir='ltr'>er</span> <span class='ocrx_word' id='word_1_10' title='bbox 435 387 509 446; x_wconf 90' lang='lat' dir='ltr'>quos</span> <span class='ocrx_word' id='word_1_11' title='bbox 531 387 607 429; x_wconf 85' lang='lat' dir='ltr'>nova</span> <span class='ocrx_word' id='word_1_12' title='bbox 626 366 744 446; x_wconf 88' lang='lat' dir='ltr'>quidem</span> <span class='ocrx_word' id='word_1_13' title='bbox 768 365 886 429; x_wconf 83' lang='lat' dir='ltr'>oracula</span> <span class='ocrx_word' id='word_1_14' title='bbox 909 366 1065 446; x_wconf 83' lang='lat' dir='ltr'>publicarit</span> <span class='ocrx_word' id='word_1_15' title='bbox 1086 368 1167 430; x_wconf 89' lang='lat' dir='ltr'>Deus</span> <span class='ocrx_word' id='word_1_16' title='bbox 1192 390 1268 450; x_wconf 80' lang='lat' dir='ltr'>quae</span> 
     </span>
     <span class='ocr_line' id='line_1_3' title="bbox 141 388 1265 528; baseline 0.002 -25"><span class='ocrx_word' id='word_1_17' title='bbox 141 444 180 509; x_wconf 81' lang='lat' dir='ltr'>ael</span> <span class='ocrx_word' id='word_1_18' title='bbox 200 388 311 525; x_wconf 65' lang='lat' dir='ltr'>hegem</span> <span class='ocrx_word' id='word_1_19' title='bbox 330 388 520 504; x_wconf 78' lang='lat' dir='ltr'>adderentur:</span> <span class='ocrx_word' id='word_1_20' title='bbox 545 465 606 503; x_wconf 92' lang='lat' dir='ltr'>non</span> <span class='ocrx_word' id='word_1_21' title='bbox 625 444 665 503; x_wconf 88' lang='lat' dir='ltr'>sic</span> <span class='ocrx_word' id='word_1_22' title='bbox 685 457 782 503; x_wconf 89' lang='lat' dir='ltr'>tamen</span> <span class='ocrx_word' id='word_1_23' title='bbox 807 464 894 517; x_wconf 89' lang='lat' dir='ltr'>nova,</span> <span class='ocrx_word' id='word_1_24' title='bbox 914 443 985 524; x_wconf 93' lang='lat' dir='ltr'>quin</span> <span class='ocrx_word' id='word_1_25' title='bbox 1010 465 1042 505; x_wconf 85' lang='lat' dir='ltr'>ex</span> <span class='ocrx_word' id='word_1_26' title='bbox 1060 445 1141 528; x_wconf 87' lang='lat' dir='ltr'>Lege</span> <span class='ocrx_word' id='word_1_27' title='bbox 1165 467 1265 506; x_wconf 89' lang='lat' dir='ltr'>mana-</span> 
     </span>
     <span class='ocr_line' id='line_1_4' title="bbox 141 518 1265 603; baseline 0.004 -24"><span class='ocrx_word' id='word_1_28' title='bbox 141 532 222 593; x_wconf 83' lang='lat' dir='ltr'>rent,</span> <span class='ocrx_word' id='word_1_29' title='bbox 242 532 273 579; x_wconf 91' lang='lat' dir='ltr'>et</span> <span class='ocrx_word' id='word_1_30' title='bbox 290 522 319 579; x_wconf 91' lang='lat' dir='ltr'>in</span> <span class='ocrx_word' id='word_1_31' title='bbox 340 522 430 597; x_wconf 81' lang='lat' dir='ltr'>ipsam</span> <span class='ocrx_word' id='word_1_32' title='bbox 450 521 637 600; x_wconf 79' lang='lat' dir='ltr'>respicerent.</span> <span class='ocrx_word' id='word_1_33' title='bbox 676 518 825 593; x_wconf 83' lang='lat' dir='ltr'>Quantum</span> <span class='ocrx_word' id='word_1_34' title='bbox 841 520 918 579; x_wconf 89' lang='lat' dir='ltr'>enim</span> <span class='ocrx_word' id='word_1_35' title='bbox 938 520 974 579; x_wconf 90' lang='lat' dir='ltr'>ad</span> <span class='ocrx_word' id='word_1_36' title='bbox 984 520 1156 598; x_wconf 88' lang='lat' dir='ltr'>doctrinam,</span> <span class='ocrx_word' id='word_1_37' title='bbox 1177 522 1265 603; x_wconf 87' lang='lat' dir='ltr'>Legis</span> 
     </span>
     <span class='ocr_line' id='line_1_5' title="bbox 113 594 1266 674; baseline 0.004 -19"><span class='ocrx_word' id='word_1_38' title='bbox 113 612 127 657; x_wconf 74' lang='lat'>¹.</span> <span class='ocrx_word' id='word_1_39' title='bbox 143 594 282 655; x_wconf 78' lang='lat' dir='ltr'>duntaxat</span> <span class='ocrx_word' id='word_1_40' title='bbox 305 596 478 674; x_wconf 76' lang='lat' dir='ltr'>interpretes</span> <span class='ocrx_word' id='word_1_41' title='bbox 505 596 636 654; x_wconf 77' lang='lat' dir='ltr'>fueruntz</span> <span class='ocrx_word' id='word_1_42' title='bbox 668 617 721 655; x_wconf 91' lang='lat' dir='ltr'>nec</span> <span class='ocrx_word' id='word_1_43' title='bbox 746 594 854 673; x_wconf 88' lang='lat' dir='ltr'>aliquid</span> <span class='ocrx_word' id='word_1_44' title='bbox 873 596 911 655; x_wconf 87' lang='lat' dir='ltr'>ad</span> <span class='ocrx_word' id='word_1_45' title='bbox 930 614 993 657; x_wconf 86' lang='lat' dir='ltr'>eam</span> <span class='ocrx_word' id='word_1_46' title='bbox 1017 598 1192 658; x_wconf 89' lang='lat' dir='ltr'>addiderunt</span> <span class='ocrx_word' id='word_1_47' title='bbox 1211 597 1266 661; x_wconf 90' lang='lat' dir='ltr'>nisi</span> 
     </span>
     <span class='ocr_line' id='line_1_6' title="bbox 140 670 1265 753; baseline 0.003 -20"><span class='ocrx_word' id='word_1_48' title='bbox 140 672 282 743; x_wconf 68' lang='lat' dir='ltr'>vaticinia</span> <span class='ocrx_word' id='word_1_49' title='bbox 302 671 338 729; x_wconf 90' lang='lat' dir='ltr'>de</span> <span class='ocrx_word' id='word_1_50' title='bbox 359 673 444 730; x_wconf 90' lang='lat' dir='ltr'>rebus</span> <span class='ocrx_word' id='word_1_51' title='bbox 465 670 576 731; x_wconf 84' lang='lat' dir='ltr'>futuris.</span> <span class='ocrx_word' id='word_1_52' title='bbox 625 672 678 730; x_wconf 90' lang='lat' dir='ltr'>llis</span> <span class='ocrx_word' id='word_1_53' title='bbox 699 691 765 731; x_wconf 84' lang='lat' dir='ltr'>erce</span> <span class='ocrx_word' id='word_1_54' title='bbox 789 672 840 746; x_wconf 89' lang='lat' dir='ltr'>tis,</span> <span class='ocrx_word' id='word_1_55' title='bbox 867 670 941 731; x_wconf 83' lang='lat' dir='ltr'>nihil</span> <span class='ocrx_word' id='word_1_56' title='bbox 965 672 1044 733; x_wconf 90' lang='lat' dir='ltr'>alind</span> <span class='ocrx_word' id='word_1_57' title='bbox 1069 674 1265 753; x_wconf 88' lang='lat' dir='ltr'>prodiderunt</span> 
     </span>
     <span class='ocr_line' id='line_1_7' title="bbox 142 747 1265 881; baseline 0.004 -74"><span class='ocrx_word' id='word_1_58' title='bbox 142 768 231 881; x_wconf 55' lang='lat' dir='ltr'>guam</span> <span class='ocrx_word' id='word_1_59' title='bbox 251 768 352 825; x_wconf 89' lang='lat' dir='ltr'>puram</span> <span class='ocrx_word' id='word_1_60' title='bbox 372 748 458 827; x_wconf 83' lang='lat' dir='ltr'>Legis</span> <span class='ocrx_word' id='word_1_61' title='bbox 483 747 712 827; x_wconf 77' lang='lat' dir='ltr'>explicationem.</span> <span class='ocrx_word' id='word_1_62' title='bbox 785 767 866 806; x_wconf 90' lang='lat' dir='ltr'>erum</span> <span class='ocrx_word' id='word_1_63' title='bbox 892 748 957 826; x_wconf 86' lang='lat' dir='ltr'>quia</span> <span class='ocrx_word' id='word_1_64' title='bbox 976 747 1108 809; x_wconf 87' lang='lat' dir='ltr'>Domino</span> <span class='ocrx_word' id='word_1_65' title='bbox 1132 750 1265 830; x_wconf 78' lang='lat' dir='ltr'>placebat</span> 
     </span>
     <span class='ocr_line' id='line_1_8' title="bbox 141 822 1264 903; baseline 0.004 -21"><span class='ocrx_word' id='word_1_66' title='bbox 141 822 330 883; x_wconf 87' lang='lat' dir='ltr'>ilustriorem</span> <span class='ocrx_word' id='word_1_67' title='bbox 351 835 459 882; x_wconf 78' lang='lat' dir='ltr'>exstare</span> <span class='ocrx_word' id='word_1_68' title='bbox 480 824 643 883; x_wconf 81' lang='lat' dir='ltr'>doctrinam</span> <span class='ocrx_word' id='word_1_69' title='bbox 664 835 694 883; x_wconf 92' lang='lat' dir='ltr'>et</span> <span class='ocrx_word' id='word_1_70' title='bbox 712 822 897 902; x_wconf 89' lang='lat' dir='ltr'>ampliorem,</span> <span class='ocrx_word' id='word_1_71' title='bbox 929 845 987 903; x_wconf 90' lang='lat' dir='ltr'>quo</span> <span class='ocrx_word' id='word_1_72' title='bbox 1018 824 1120 885; x_wconf 88' lang='lat' dir='ltr'>melius</span> <span class='ocrx_word' id='word_1_73' title='bbox 1144 825 1264 887; x_wconf 79' lang='lat' dir='ltr'>infirmia</span> 
     </span>
     <span class='ocr_line' id='line_1_9' title="bbox 142 898 1265 979; baseline 0.003 -20"><span class='ocrx_word' id='word_1_74' title='bbox 142 898 329 959; x_wconf 87' lang='lat' dir='ltr'>conscientiis</span> <span class='ocrx_word' id='word_1_75' title='bbox 347 898 509 959; x_wconf 86' lang='lat' dir='ltr'>satisfieret:</span> <span class='ocrx_word' id='word_1_76' title='bbox 534 900 704 978; x_wconf 83' lang='lat' dir='ltr'>l&#39;rophetias</span> <span class='ocrx_word' id='word_1_77' title='bbox 724 918 842 977; x_wconf 90' lang='lat' dir='ltr'>quoque</span> <span class='ocrx_word' id='word_1_78' title='bbox 864 898 979 976; x_wconf 89' lang='lat' dir='ltr'>seriptis</span> <span class='ocrx_word' id='word_1_79' title='bbox 998 901 1126 961; x_wconf 88' lang='lat' dir='ltr'>mandari</span> <span class='ocrx_word' id='word_1_80' title='bbox 1145 922 1265 979; x_wconf 89' lang='lat' dir='ltr'>praece·</span> 
     </span>
     <span class='ocr_line' id='line_1_10' title="bbox 142 970 1264 1055; baseline 0.005 -23"><span class='ocrx_word' id='word_1_81' title='bbox 142 975 205 1053; x_wconf 90' lang='lat' dir='ltr'>pit,</span> <span class='ocrx_word' id='word_1_82' title='bbox 224 986 254 1033; x_wconf 91' lang='lat' dir='ltr'>et</span> <span class='ocrx_word' id='word_1_83' title='bbox 274 974 374 1033; x_wconf 90' lang='lat' dir='ltr'>haberi</span> <span class='ocrx_word' id='word_1_84' title='bbox 393 974 474 1034; x_wconf 88' lang='lat' dir='ltr'>verbi</span> <span class='ocrx_word' id='word_1_85' title='bbox 494 974 537 1034; x_wconf 91' lang='lat' dir='ltr'>sni</span> <span class='ocrx_word' id='word_1_86' title='bbox 557 988 676 1053; x_wconf 89' lang='lat' dir='ltr'>partem.</span> <span class='ocrx_word' id='word_1_87' title='bbox 721 976 773 1033; x_wconf 87' lang='lat' dir='ltr'>llis</span> <span class='ocrx_word' id='word_1_88' title='bbox 797 970 880 1033; x_wconf 88' lang='lat' dir='ltr'>simol</span> <span class='ocrx_word' id='word_1_89' title='bbox 904 988 1087 1036; x_wconf 85' lang='lat' dir='ltr'>accesserunt</span> <span class='ocrx_word' id='word_1_90' title='bbox 1106 972 1264 1055; x_wconf 75' lang='lat' dir='ltr'>Historiae,</span> 
     </span>
     <span class='ocr_line' id='line_1_11' title="bbox 143 1050 1264 1132; baseline 0.005 -25"><span class='ocrx_word' id='word_1_91' title='bbox 143 1069 219 1127; x_wconf 86' lang='lat' dir='ltr'>quae</span> <span class='ocrx_word' id='word_1_92' title='bbox 239 1060 268 1108; x_wconf 89' lang='lat' dir='ltr'>et</span> <span class='ocrx_word' id='word_1_93' title='bbox 287 1053 365 1127; x_wconf 89' lang='lat' dir='ltr'>ipsae</span> <span class='ocrx_word' id='word_1_94' title='bbox 384 1050 596 1129; x_wconf 82' lang='lat' dir='ltr'>Prophetarum</span> <span class='ocrx_word' id='word_1_95' title='bbox 621 1063 688 1110; x_wconf 89' lang='lat' dir='ltr'>sunt</span> <span class='ocrx_word' id='word_1_96' title='bbox 711 1050 947 1123; x_wconf 82' lang='lat' dir='ltr'>lucubrationes,</span> <span class='ocrx_word' id='word_1_97' title='bbox 975 1051 1025 1109; x_wconf 86' lang='lat' dir='ltr'>sed</span> <span class='ocrx_word' id='word_1_98' title='bbox 1046 1051 1174 1112; x_wconf 84' lang='lat' dir='ltr'>dictante</span> <span class='ocrx_word' id='word_1_99' title='bbox 1195 1054 1264 1132; x_wconf 89' lang='lat' dir='ltr'>Spi-</span> 
     </span>
     <span class='ocr_line' id='line_1_12' title="bbox 145 1125 1263 1207; baseline 0.004 -22"><span class='ocrx_word' id='word_1_100' title='bbox 145 1125 207 1185; x_wconf 89' lang='lat' dir='ltr'>ritu</span> <span class='ocrx_word' id='word_1_101' title='bbox 229 1139 328 1185; x_wconf 88' lang='lat' dir='ltr'>sancto</span> <span class='ocrx_word' id='word_1_102' title='bbox 356 1129 543 1204; x_wconf 88' lang='lat' dir='ltr'>compositae.</span> <span class='ocrx_word' id='word_1_103' title='bbox 591 1127 721 1186; x_wconf 87' lang='lat' dir='ltr'>Pselmus</span> <span class='ocrx_word' id='word_1_104' title='bbox 749 1126 916 1204; x_wconf 90' lang='lat' dir='ltr'>Prophetiis</span> <span class='ocrx_word' id='word_1_105' title='bbox 939 1126 1113 1187; x_wconf 87' lang='lat' dir='ltr'>adnumero:</span> <span class='ocrx_word' id='word_1_106' title='bbox 1145 1130 1263 1207; x_wconf 90' lang='lat' dir='ltr'>quando</span> 
     </span>
     <span class='ocr_line' id='line_1_13' title="bbox 141 1198 1263 1285; baseline 0.006 -26"><span class='ocrx_word' id='word_1_107' title='bbox 141 1198 188 1261; x_wconf 90' lang='lat' dir='ltr'>bis</span> <span class='ocrx_word' id='word_1_108' title='bbox 208 1221 361 1259; x_wconf 88' lang='lat' dir='ltr'>commune</span> <span class='ocrx_word' id='word_1_109' title='bbox 382 1215 424 1260; x_wconf 86' lang='lat' dir='ltr'>est</span> <span class='ocrx_word' id='word_1_110' title='bbox 445 1203 523 1281; x_wconf 87' lang='lat' dir='ltr'>quod</span> <span class='ocrx_word' id='word_1_111' title='bbox 543 1201 598 1261; x_wconf 94' lang='lat' dir='ltr'>illis</span> <span class='ocrx_word' id='word_1_112' title='bbox 617 1202 779 1263; x_wconf 88' lang='lat' dir='ltr'>tribuimus.</span> <span class='ocrx_word' id='word_1_113' title='bbox 830 1202 941 1261; x_wconf 89' lang='lat' dir='ltr'>Totum</span> <span class='ocrx_word' id='word_1_114' title='bbox 961 1222 1032 1285; x_wconf 86' lang='lat' dir='ltr'>ergo</span> <span class='ocrx_word' id='word_1_115' title='bbox 1059 1200 1130 1262; x_wconf 92' lang='lat' dir='ltr'>illud</span> <span class='ocrx_word' id='word_1_116' title='bbox 1157 1226 1263 1282; x_wconf 83' lang='lat' dir='ltr'>corpus</span> 
     </span>
     <span class='ocr_line' id='line_1_14' title="bbox 142 1275 1263 1356; baseline 0.005 -21"><span class='ocrx_word' id='word_1_117' title='bbox 142 1296 179 1335; x_wconf 86' lang='lat' dir='ltr'>ex</span> <span class='ocrx_word' id='word_1_118' title='bbox 196 1275 238 1335; x_wconf 86' lang='lat' dir='ltr'>Le</span> <span class='ocrx_word' id='word_1_119' title='bbox 262 1296 288 1347; x_wconf 85' lang='lat' dir='ltr'>e,</span> <span class='ocrx_word' id='word_1_120' title='bbox 305 1277 469 1356; x_wconf 83' lang='lat' dir='ltr'>Prophetis,</span> <span class='ocrx_word' id='word_1_121' title='bbox 489 1278 617 1351; x_wconf 86' lang='lat' dir='ltr'>Psalmis,</span> <span class='ocrx_word' id='word_1_122' title='bbox 637 1290 666 1337; x_wconf 90' lang='lat' dir='ltr'>et</span> <span class='ocrx_word' id='word_1_123' title='bbox 686 1276 821 1337; x_wconf 86' lang='lat' dir='ltr'>Historiis</span> <span class='ocrx_word' id='word_1_124' title='bbox 841 1289 1035 1356; x_wconf 89' lang='lat' dir='ltr'>compactum,</span> <span class='ocrx_word' id='word_1_125' title='bbox 1052 1279 1176 1339; x_wconf 84' lang='lat' dir='ltr'>verbum</span> <span class='ocrx_word' id='word_1_126' title='bbox 1195 1282 1263 1341; x_wconf 91' lang='lat' dir='ltr'>Do-</span> 
     </span>
     <span class='ocr_line' id='line_1_15' title="bbox 141 1297 1263 1432; baseline 0.005 -21"><span class='ocrx_word' id='word_1_127' title='bbox 141 1352 216 1411; x_wconf 86' lang='lat' dir='ltr'>rnini</span> <span class='ocrx_word' id='word_1_128' title='bbox 236 1297 291 1411; x_wconf 67' lang='lat' dir='ltr'>liris</span> <span class='ocrx_word' id='word_1_129' title='bbox 310 1353 403 1412; x_wconf 86' lang='lat' dir='ltr'>veteri</span> <span class='ocrx_word' id='word_1_130' title='bbox 422 1354 547 1432; x_wconf 93' lang='lat' dir='ltr'>populo,</span> <span class='ocrx_word' id='word_1_131' title='bbox 568 1356 602 1413; x_wconf 90' lang='lat' dir='ltr'>ad</span> <span class='ocrx_word' id='word_1_132' title='bbox 624 1355 703 1414; x_wconf 90' lang='lat' dir='ltr'>cuius</span> <span class='ocrx_word' id='word_1_133' title='bbox 723 1374 754 1411; x_wconf 90' lang='lat' dir='ltr'>re</span> <span class='ocrx_word' id='word_1_134' title='bbox 777 1352 851 1411; x_wconf 91' lang='lat' dir='ltr'>ulam</span> <span class='ocrx_word' id='word_1_135' title='bbox 871 1353 1046 1413; x_wconf 84' lang='lat' dir='ltr'>Sacerdotes</span> <span class='ocrx_word' id='word_1_136' title='bbox 1066 1367 1095 1414; x_wconf 90' lang='lat' dir='ltr'>et</span> <span class='ocrx_word' id='word_1_137' title='bbox 1114 1356 1263 1418; x_wconf 76' lang='lat' dir='ltr'>Doctores</span> 
     </span>
     <span class='ocr_line' id='line_1_16' title="bbox 141 1373 1263 1509; baseline 0.004 -22"><span class='ocrx_word' id='word_1_138' title='bbox 141 1448 236 1506; x_wconf 90' lang='lat' dir='ltr'>usque</span> <span class='ocrx_word' id='word_1_139' title='bbox 259 1428 293 1486; x_wconf 90' lang='lat' dir='ltr'>ad</span> <span class='ocrx_word' id='word_1_140' title='bbox 316 1429 423 1487; x_wconf 84' lang='lat' dir='ltr'>Christi</span> <span class='ocrx_word' id='word_1_141' title='bbox 448 1432 621 1502; x_wconf 86' lang='lat' dir='ltr'>adventum,</span> <span class='ocrx_word' id='word_1_142' title='bbox 651 1450 731 1489; x_wconf 91' lang='lat' dir='ltr'>suam</span> <span class='ocrx_word' id='word_1_143' title='bbox 756 1373 918 1487; x_wconf 77' lang='lat' dir='ltr'>doctrinam</span> <span class='ocrx_word' id='word_1_144' title='bbox 942 1429 1057 1509; x_wconf 81' lang='lat' dir='ltr'>exigere</span> <span class='ocrx_word' id='word_1_145' title='bbox 1083 1431 1263 1492; x_wconf 88' lang='lat' dir='ltr'>debuerunt:</span> 
     </span>
     <span class='ocr_line' id='line_1_17' title="bbox 141 1503 1264 1577; baseline 0.004 -14"><span class='ocrx_word' id='word_1_146' title='bbox 141 1524 201 1563; x_wconf 89' lang='lat' dir='ltr'>nec</span> <span class='ocrx_word' id='word_1_147' title='bbox 222 1504 262 1563; x_wconf 90' lang='lat' dir='ltr'>sas</span> <span class='ocrx_word' id='word_1_148' title='bbox 283 1503 336 1563; x_wconf 90' lang='lat' dir='ltr'>illis</span> <span class='ocrx_word' id='word_1_149' title='bbox 358 1504 412 1562; x_wconf 88' lang='lat' dir='ltr'>suit</span> <span class='ocrx_word' id='word_1_150' title='bbox 430 1506 474 1563; x_wconf 89' lang='lat' dir='ltr'>vel</span> <span class='ocrx_word' id='word_1_151' title='bbox 494 1506 528 1564; x_wconf 92' lang='lat' dir='ltr'>ad</span> <span class='ocrx_word' id='word_1_152' title='bbox 549 1507 705 1577; x_wconf 82' lang='lat' dir='ltr'>dexteram,</span> <span class='ocrx_word' id='word_1_153' title='bbox 724 1504 768 1564; x_wconf 90' lang='lat' dir='ltr'>vel</span> <span class='ocrx_word' id='word_1_154' title='bbox 788 1503 824 1563; x_wconf 89' lang='lat' dir='ltr'>ad</span> <span class='ocrx_word' id='word_1_155' title='bbox 843 1505 987 1563; x_wconf 87' lang='lat' dir='ltr'>sinistram</span> <span class='ocrx_word' id='word_1_156' title='bbox 1007 1506 1177 1567; x_wconf 76' lang='lat' dir='ltr'>deflectere:</span> <span class='ocrx_word' id='word_1_157' title='bbox 1217 1508 1264 1568; x_wconf 88' lang='lat' dir='ltr'>uia</span> 
     </span>
     <span class='ocr_line' id='line_1_18' title="bbox 141 1580 1264 1659; baseline 0.004 -20"><span class='ocrx_word' id='word_1_158' title='bbox 141 1590 239 1639; x_wconf 89' lang='lat' dir='ltr'>totum</span> <span class='ocrx_word' id='word_1_159' title='bbox 259 1581 386 1659; x_wconf 87' lang='lat' dir='ltr'>ipsorum</span> <span class='ocrx_word' id='word_1_160' title='bbox 412 1603 515 1641; x_wconf 90' lang='lat' dir='ltr'>munus</span> <span class='ocrx_word' id='word_1_161' title='bbox 542 1582 584 1640; x_wconf 89' lang='lat' dir='ltr'>his</span> <span class='ocrx_word' id='word_1_162' title='bbox 609 1582 714 1641; x_wconf 86' lang='lat' dir='ltr'>finibus</span> <span class='ocrx_word' id='word_1_163' title='bbox 740 1580 881 1639; x_wconf 90' lang='lat' dir='ltr'>inclusum</span> <span class='ocrx_word' id='word_1_164' title='bbox 909 1593 985 1653; x_wconf 90' lang='lat' dir='ltr'>erat,</span> <span class='ocrx_word' id='word_1_165' title='bbox 1017 1594 1050 1640; x_wconf 90' lang='lat' dir='ltr'>ut</span> <span class='ocrx_word' id='word_1_166' title='bbox 1075 1603 1107 1640; x_wconf 83' lang='lat' dir='ltr'>er</span> <span class='ocrx_word' id='word_1_167' title='bbox 1132 1603 1185 1642; x_wconf 93' lang='lat' dir='ltr'>ore</span> <span class='ocrx_word' id='word_1_168' title='bbox 1236 1584 1264 1644; x_wconf 88' lang='lat' dir='ltr'>ci</span> 
     </span>
     <span class='ocr_line' id='line_1_19' title="bbox 165 1656 1262 1735; baseline 0.004 -22"><span class='ocrx_word' id='word_1_169' title='bbox 165 1656 254 1733; x_wconf 90' lang='lat' dir='ltr'>opulo</span> <span class='ocrx_word' id='word_1_170' title='bbox 274 1657 493 1733; x_wconf 88' lang='lat' dir='ltr'>responderent.</span> <span class='ocrx_word' id='word_1_171' title='bbox 533 1658 621 1731; x_wconf 86' lang='lat' dir='ltr'>Quod</span> <span class='ocrx_word' id='word_1_172' title='bbox 644 1678 675 1715; x_wconf 84' lang='lat' dir='ltr'>er</span> <span class='ocrx_word' id='word_1_173' title='bbox 695 1657 799 1735; x_wconf 77' lang='lat' dir='ltr'>insigni</span> <span class='ocrx_word' id='word_1_174' title='bbox 820 1656 886 1715; x_wconf 93' lang='lat' dir='ltr'>loco</span> <span class='ocrx_word' id='word_1_175' title='bbox 908 1656 1063 1715; x_wconf 85' lang='lat' dir='ltr'>Malachiae</span> <span class='ocrx_word' id='word_1_176' title='bbox 1082 1661 1127 1733; x_wconf 79' lang='lat' dir='ltr'>(l,</span> <span class='ocrx_word' id='word_1_177' title='bbox 1144 1662 1178 1735; x_wconf 83' lang='grc'>4)</span> <span class='ocrx_word' id='word_1_178' title='bbox 1198 1658 1262 1720; x_wconf 91' lang='lat' dir='ltr'>col-</span> 
     </span>
     <span class='ocr_line' id='line_1_20' title="bbox 142 1678 1264 1813; baseline 0.003 -22"><span class='ocrx_word' id='word_1_179' title='bbox 142 1678 164 1791; x_wconf 86' lang='lat' dir='ltr'>li</span> <span class='ocrx_word' id='word_1_180' title='bbox 189 1736 258 1792; x_wconf 91' lang='lat' dir='ltr'>itur:</span> <span class='ocrx_word' id='word_1_181' title='bbox 279 1732 327 1790; x_wconf 91' lang='lat' dir='ltr'>nbi</span> <span class='ocrx_word' id='word_1_182' title='bbox 348 1732 429 1791; x_wconf 91' lang='lat' dir='ltr'>iubet</span> <span class='ocrx_word' id='word_1_183' title='bbox 449 1753 591 1793; x_wconf 83' lang='lat' dir='ltr'>memores</span> <span class='ocrx_word' id='word_1_184' title='bbox 611 1754 672 1793; x_wconf 92' lang='lat' dir='ltr'>esse</span> <span class='ocrx_word' id='word_1_185' title='bbox 691 1733 793 1812; x_wconf 82' lang='lat' dir='ltr'>Legis,</span> <span class='ocrx_word' id='word_1_186' title='bbox 815 1731 899 1791; x_wconf 91' lang='lat' dir='ltr'>etad</span> <span class='ocrx_word' id='word_1_187' title='bbox 919 1753 982 1791; x_wconf 92' lang='lat' dir='ltr'>eam</span> <span class='ocrx_word' id='word_1_188' title='bbox 1001 1733 1153 1792; x_wconf 89' lang='lat' dir='ltr'>attendere</span> <span class='ocrx_word' id='word_1_189' title='bbox 1173 1756 1264 1813; x_wconf 90' lang='lat' dir='ltr'>usqne</span> 
     </span>
     <span class='ocr_line' id='line_1_21' title="bbox 143 1752 1264 1887; baseline 0.003 -20"><span class='ocrx_word' id='word_1_190' title='bbox 143 1752 187 1871; x_wconf 73' lang='lat' dir='ltr'>ad</span> <span class='ocrx_word' id='word_1_191' title='bbox 201 1808 348 1887; x_wconf 81' lang='lat' dir='ltr'>Evangelii</span> <span class='ocrx_word' id='word_1_192' title='bbox 376 1809 629 1885; x_wconf 83' lang='lat' dir='ltr'>praedicationem.</span> <span class='ocrx_word' id='word_1_193' title='bbox 678 1808 751 1867; x_wconf 86' lang='lat' dir='ltr'>Nam</span> <span class='ocrx_word' id='word_1_194' title='bbox 773 1809 811 1865; x_wconf 90' lang='lat' dir='ltr'>ita</span> <span class='ocrx_word' id='word_1_195' title='bbox 833 1828 883 1866; x_wconf 91' lang='lat' dir='ltr'>eos</span> <span class='ocrx_word' id='word_1_196' title='bbox 903 1819 983 1867; x_wconf 87' lang='lat' dir='ltr'>arcet</span> <span class='ocrx_word' id='word_1_197' title='bbox 1002 1807 1037 1866; x_wconf 88' lang='lat' dir='ltr'>ab</span> <span class='ocrx_word' id='word_1_198' title='bbox 1059 1808 1194 1869; x_wconf 90' lang='lat' dir='ltr'>omnibus</span> <span class='ocrx_word' id='word_1_199' title='bbox 1213 1809 1264 1870; x_wconf 91' lang='lat' dir='ltr'>ad·</span> 
     </span>
     <span class='ocr_line' id='line_1_22' title="bbox 141 1882 1265 1965; baseline 0.001 -20"><span class='ocrx_word' id='word_1_200' title='bbox 141 1884 270 1945; x_wconf 77' lang='lat' dir='ltr'>sentitiis</span> <span class='ocrx_word' id='word_1_201' title='bbox 289 1886 438 1955; x_wconf 87' lang='lat' dir='ltr'>doctrinis,</span> <span class='ocrx_word' id='word_1_202' title='bbox 458 1904 511 1943; x_wconf 90' lang='lat' dir='ltr'>nce</span> <span class='ocrx_word' id='word_1_203' title='bbox 530 1884 721 1944; x_wconf 77' lang='lat' dir='ltr'>coriceditvel</span> <span class='ocrx_word' id='word_1_204' title='bbox 742 1882 882 1943; x_wconf 89' lang='lat' dir='ltr'>tantillum</span> <span class='ocrx_word' id='word_1_205' title='bbox 903 1904 918 1942; x_wconf 96' lang='lat' dir='ltr'>a</span> <span class='ocrx_word' id='word_1_206' title='bbox 937 1884 980 1945; x_wconf 85' lang='lat' dir='ltr'>via</span> <span class='ocrx_word' id='word_1_207' title='bbox 992 1884 1158 1960; x_wconf 86' lang='lat' dir='ltr'>deflectere,</span> <span class='ocrx_word' id='word_1_208' title='bbox 1177 1907 1265 1965; x_wconf 87' lang='lat' dir='ltr'>qnam</span> 
     </span>
     <span class='ocr_line' id='line_1_23' title="bbox 140 1958 1264 2037; baseline 0.002 -18"><span class='ocrx_word' id='word_1_209' title='bbox 140 1961 240 2031; x_wconf 81' lang='lat' dir='ltr'>llloses</span> <span class='ocrx_word' id='word_1_210' title='bbox 260 1960 383 2020; x_wconf 88' lang='lat' dir='ltr'>hdeliter</span> <span class='ocrx_word' id='word_1_211' title='bbox 405 1959 461 2019; x_wconf 91' lang='lat' dir='ltr'>illis</span> <span class='ocrx_word' id='word_1_212' title='bbox 487 1970 704 2020; x_wconf 71' lang='lat' dir='ltr'>monstraverat.</span> <span class='ocrx_word' id='word_1_213' title='bbox 754 1958 851 2037; x_wconf 75' lang='lat' dir='ltr'>Atque</span> <span class='ocrx_word' id='word_1_214' title='bbox 877 1960 945 2019; x_wconf 88' lang='lat' dir='ltr'>haec</span> <span class='ocrx_word' id='word_1_215' title='bbox 965 1960 1039 2019; x_wconf 92' lang='lat' dir='ltr'>ratio</span> <span class='ocrx_word' id='word_1_216' title='bbox 1060 1973 1114 2035; x_wconf 83' lang='lat' dir='ltr'>est,</span> <span class='ocrx_word' id='word_1_217' title='bbox 1133 1983 1185 2020; x_wconf 91' lang='lat' dir='ltr'>cur</span> <span class='ocrx_word' id='word_1_218' title='bbox 1205 1976 1264 2022; x_wconf 87' lang='lat' dir='ltr'>tam</span> 
     </span>
     <span class='ocr_line' id='line_1_24' title="bbox 141 2035 1264 2117; baseline 0.001 -22"><span class='ocrx_word' id='word_1_219' title='bbox 141 2035 297 2116; x_wconf 81' lang='lat' dir='ltr'>magnifice.</span> <span class='ocrx_word' id='word_1_220' title='bbox 328 2037 475 2114; x_wconf 88' lang='lat' dir='ltr'>praedicat</span> <span class='ocrx_word' id='word_1_221' title='bbox 505 2038 596 2095; x_wconf 88' lang='lat' dir='ltr'>David</span> <span class='ocrx_word' id='word_1_222' title='bbox 622 2038 685 2113; x_wconf 89' lang='lat' dir='ltr'>(Ps.</span> <span class='ocrx_word' id='word_1_223' title='bbox 707 2042 753 2099; x_wconf 81' lang='lat'>19.</span> <span class='ocrx_word' id='word_1_224' title='bbox 774 2048 804 2093; x_wconf 86' lang='lat' dir='ltr'>et</span> <span class='ocrx_word' id='word_1_225' title='bbox 830 2038 910 2111; x_wconf 79' lang='lat'>119.)</span> <span class='ocrx_word' id='word_1_226' title='bbox 939 2036 1026 2117; x_wconf 88' lang='lat' dir='ltr'>Legis</span> <span class='ocrx_word' id='word_1_227' title='bbox 1055 2036 1264 2112; x_wconf 82' lang='lat' dir='ltr'>excellentiam,</span> 
     </span>
     <span class='ocr_line' id='line_1_25' title="bbox 91 2110 1264 2194; baseline 0.003 -23"><span class='ocrx_word' id='word_1_228' title='bbox 91 2186 95 2191; x_wconf 29' lang='grc'><strong>-</strong></span> <span class='ocrx_word' id='word_1_229' title='bbox 141 2124 247 2189; x_wconf 84' lang='lat' dir='ltr'>totque</span> <span class='ocrx_word' id='word_1_230' title='bbox 268 2113 328 2171; x_wconf 87' lang='lat' dir='ltr'>eius</span> <span class='ocrx_word' id='word_1_231' title='bbox 349 2114 480 2171; x_wconf 89' lang='lat' dir='ltr'>encomia</span> <span class='ocrx_word' id='word_1_232' title='bbox 501 2125 665 2173; x_wconf 85' lang='lat' dir='ltr'>recenseat:</span> <span class='ocrx_word' id='word_1_233' title='bbox 692 2132 729 2168; x_wconf 93' lang='lat' dir='ltr'>ne</span> <span class='ocrx_word' id='word_1_234' title='bbox 748 2111 860 2169; x_wconf 87' lang='lat' dir='ltr'>scilicet</span> <span class='ocrx_word' id='word_1_235' title='bbox 878 2110 978 2169; x_wconf 91' lang='lat' dir='ltr'>ludaei</span> <span class='ocrx_word' id='word_1_236' title='bbox 999 2113 1154 2190; x_wconf 84' lang='lat' dir='ltr'>quicquam</span> <span class='ocrx_word' id='word_1_237' title='bbox 1173 2134 1264 2194; x_wconf 90' lang='lat' dir='ltr'>appe-</span> 
     </span>
     <span class='ocr_line' id='line_1_26' title="bbox 140 2186 1102 2267; baseline -0.002 -20"><span class='ocrx_word' id='word_1_238' title='bbox 140 2199 241 2247; x_wconf 88' lang='lat' dir='ltr'>terent</span> <span class='ocrx_word' id='word_1_239' title='bbox 260 2200 437 2260; x_wconf 87' lang='lat' dir='ltr'>crtraneum,</span> <span class='ocrx_word' id='word_1_240' title='bbox 457 2210 543 2266; x_wconf 89' lang='lat' dir='ltr'>quum</span> <span class='ocrx_word' id='word_1_241' title='bbox 566 2200 626 2247; x_wconf 90' lang='lat' dir='ltr'>tota</span> <span class='ocrx_word' id='word_1_242' title='bbox 647 2188 789 2267; x_wconf 79' lang='lat' dir='ltr'>perfectio</span> <span class='ocrx_word' id='word_1_243' title='bbox 811 2186 870 2245; x_wconf 93' lang='lat' dir='ltr'>illic</span> <span class='ocrx_word' id='word_1_244' title='bbox 890 2188 998 2246; x_wconf 91' lang='lat' dir='ltr'>inclusa</span> <span class='ocrx_word' id='word_1_245' title='bbox 1019 2200 1102 2247; x_wconf 90' lang='lat' dir='ltr'>esset.</span> 
     </span>
     <span class='ocr_line' id='line_1_27' title="bbox 138 2261 1265 2344; baseline 0.009 -27"><span class='ocrx_word' id='word_1_246' title='bbox 138 2314 144 2325; x_wconf 82' lang='grc'>,</span> <span class='ocrx_word' id='word_1_247' title='bbox 219 2270 246 2329; x_wconf 78' lang='grc'>7.</span> <span class='ocrx_word' id='word_1_248' title='bbox 286 2265 394 2323; x_wconf 86' lang='lat' dir='ltr'>Verum</span> <span class='ocrx_word' id='word_1_249' title='bbox 415 2264 464 2323; x_wconf 91' lang='lat' dir='ltr'>nbi</span> <span class='ocrx_word' id='word_1_250' title='bbox 485 2265 599 2323; x_wconf 78' lang='lat' dir='ltr'>eternum</span> <span class='ocrx_word' id='word_1_251' title='bbox 619 2265 647 2321; x_wconf 90' lang='lat' dir='ltr'>in</span> <span class='ocrx_word' id='word_1_252' title='bbox 668 2285 753 2322; x_wconf 89' lang='lat' dir='ltr'>carne</span> <span class='ocrx_word' id='word_1_253' title='bbox 773 2261 954 2323; x_wconf 79' lang='lat' dir='ltr'>manifestata</span> <span class='ocrx_word' id='word_1_254' title='bbox 974 2276 1017 2322; x_wconf 87' lang='lat' dir='ltr'>est</span> <span class='ocrx_word' id='word_1_255' title='bbox 1035 2264 1093 2323; x_wconf 91' lang='lat' dir='ltr'>Dei</span> <span class='ocrx_word' id='word_1_256' title='bbox 1103 2264 1265 2344; x_wconf 76' lang='lat' dir='ltr'>Sapientia,</span> 
     </span>
     <span class='ocr_line' id='line_1_28' title="bbox 89 2339 1265 2421; baseline 0.002 -21"><span class='ocrx_word' id='word_1_257' title='bbox 89 2352 93 2359; x_wconf 95' lang='lat'>&#39;</span> <span class='ocrx_word' id='word_1_258' title='bbox 141 2340 279 2421; x_wconf 89' lang='lat' dir='ltr'>quicquid</span> <span class='ocrx_word' id='word_1_259' title='bbox 300 2339 423 2399; x_wconf 90' lang='lat' dir='ltr'>hnmana</span> <span class='ocrx_word' id='word_1_260' title='bbox 444 2354 540 2398; x_wconf 78' lang='lat' dir='ltr'>niente</span> <span class='ocrx_word' id='word_1_261' title='bbox 562 2341 596 2397; x_wconf 90' lang='lat' dir='ltr'>de</span> <span class='ocrx_word' id='word_1_262' title='bbox 617 2340 702 2398; x_wconf 89' lang='lat' dir='ltr'>Patre</span> <span class='ocrx_word' id='word_1_263' title='bbox 723 2339 842 2397; x_wconf 89' lang='lat' dir='ltr'>coelesti</span> <span class='ocrx_word' id='word_1_264' title='bbox 862 2339 1071 2417; x_wconf 88' lang='lat' dir='ltr'>comprehendi</span> <span class='ocrx_word' id='word_1_265' title='bbox 1095 2352 1207 2420; x_wconf 87' lang='lat' dir='ltr'>potest,</span> <span class='ocrx_word' id='word_1_266' title='bbox 1233 2353 1265 2402; x_wconf 87' lang='lat' dir='ltr'>et</span> 
     </span>
     <span class='ocr_line' id='line_1_29' title="bbox 96 2416 1262 2507; baseline 0.001 -32"><span class='ocrx_word' id='word_1_267' title='bbox 96 2442 99 2449; x_wconf 96' lang='lat'>·</span> <span class='ocrx_word' id='word_1_268' title='bbox 136 2416 266 2495; x_wconf 71' lang='lat' dir='ltr'>cogitari</span> <span class='ocrx_word' id='word_1_269' title='bbox 287 2416 389 2489; x_wconf 91' lang='lat' dir='ltr'>debet,</span> <span class='ocrx_word' id='word_1_270' title='bbox 413 2416 501 2507; x_wconf 86' lang='lat' dir='ltr'>pleno</span> <span class='ocrx_word' id='word_1_271' title='bbox 524 2437 574 2475; x_wconf 86' lang='lat' dir='ltr'>ore</span> <span class='ocrx_word' id='word_1_272' title='bbox 596 2416 679 2475; x_wconf 89' lang='lat' dir='ltr'>nobis</span> <span class='ocrx_word' id='word_1_273' title='bbox 700 2416 857 2473; x_wconf 79' lang='lat' dir='ltr'>edisseruit.</span> <span class='ocrx_word' id='word_1_274' title='bbox 906 2416 992 2474; x_wconf 88' lang='lat' dir='ltr'>Nune</span> <span class='ocrx_word' id='word_1_275' title='bbox 1010 2416 1124 2494; x_wconf 88' lang='lat' dir='ltr'>itaque,</span> <span class='ocrx_word' id='word_1_276' title='bbox 1149 2437 1182 2475; x_wconf 83' lang='lat' dir='ltr'>ex</span> <span class='ocrx_word' id='word_1_277' title='bbox 1203 2438 1262 2496; x_wconf 89' lang='lat' dir='ltr'>quo</span> 
     </span>
     <span class='ocr_line' id='line_1_30' title="bbox 139 2490 1264 2570; baseline 0.001 -17"><span class='ocrx_word' id='word_1_278' title='bbox 139 2492 235 2553; x_wconf 82' lang='lat' dir='ltr'>illuxit</span> <span class='ocrx_word' id='word_1_279' title='bbox 254 2491 307 2551; x_wconf 90' lang='lat' dir='ltr'>Sol</span> <span class='ocrx_word' id='word_1_280' title='bbox 331 2492 455 2552; x_wconf 79' lang='lat' dir='ltr'>iustitiae</span> <span class='ocrx_word' id='word_1_281' title='bbox 477 2493 623 2566; x_wconf 75' lang='lat' dir='ltr'>Christus,</span> <span class='ocrx_word' id='word_1_282' title='bbox 654 2492 815 2570; x_wconf 84' lang='lat' dir='ltr'>perlectum</span> <span class='ocrx_word' id='word_1_283' title='bbox 837 2490 974 2550; x_wconf 89' lang='lat' dir='ltr'>habemus</span> <span class='ocrx_word' id='word_1_284' title='bbox 998 2491 1111 2551; x_wconf 90' lang='lat' dir='ltr'>divinae</span> <span class='ocrx_word' id='word_1_285' title='bbox 1136 2492 1264 2555; x_wconf 84' lang='lat' dir='ltr'>veritatis</span> 
     </span>
     <span class='ocr_line' id='line_1_31' title="bbox 89 2566 1263 2649; baseline 0 -21"><span class='ocrx_word' id='word_1_286' title='bbox 89 2578 91 2583; x_wconf 89' lang='lat'>&#39;</span> <span class='ocrx_word' id='word_1_287' title='bbox 140 2569 304 2649; x_wconf 84' lang='lat' dir='ltr'>fulgorem,</span> <span class='ocrx_word' id='word_1_288' title='bbox 335 2568 425 2646; x_wconf 83' lang='lat' dir='ltr'>qualis</span> <span class='ocrx_word' id='word_1_289' title='bbox 456 2569 484 2628; x_wconf 90' lang='lat' dir='ltr'>in</span> <span class='ocrx_word' id='word_1_290' title='bbox 512 2571 630 2627; x_wconf 89' lang='lat' dir='ltr'>meridie</span> <span class='ocrx_word' id='word_1_291' title='bbox 655 2568 766 2626; x_wconf 86' lang='lat' dir='ltr'>claritas</span> <span class='ocrx_word' id='word_1_292' title='bbox 787 2587 848 2626; x_wconf 88' lang='lat' dir='ltr'>esse</span> <span class='ocrx_word' id='word_1_293' title='bbox 872 2566 963 2641; x_wconf 90' lang='lat' dir='ltr'>solet,</span> <span class='ocrx_word' id='word_1_294' title='bbox 995 2590 1082 2645; x_wconf 90' lang='lat' dir='ltr'>quum</span> <span class='ocrx_word' id='word_1_295' title='bbox 1107 2581 1174 2627; x_wconf 91' lang='lat' dir='ltr'>ante</span> <span class='ocrx_word' id='word_1_296' title='bbox 1193 2569 1263 2628; x_wconf 91' lang='lat' dir='ltr'>snb-</span> 
     </span>
     <span class='ocr_line' id='line_1_32' title="bbox 89 2642 1279 2723; baseline -0.001 -18"><span class='ocrx_word' id='word_1_297' title='bbox 89 2656 94 2687; x_wconf 91' lang='lat'>·&#39;</span> <span class='ocrx_word' id='word_1_298' title='bbox 140 2644 265 2705; x_wconf 86' lang='lat' dir='ltr'>obscura</span> <span class='ocrx_word' id='word_1_299' title='bbox 286 2644 332 2704; x_wconf 83' lang='lat' dir='ltr'>lux</span> <span class='ocrx_word' id='word_1_300' title='bbox 353 2645 447 2703; x_wconf 87' lang='lat' dir='ltr'>luerit.</span> <span class='ocrx_word' id='word_1_301' title='bbox 486 2646 553 2704; x_wconf 89' lang='lat' dir='ltr'>Nou</span> <span class='ocrx_word' id='word_1_302' title='bbox 575 2645 651 2704; x_wconf 92' lang='lat' dir='ltr'>enim</span> <span class='ocrx_word' id='word_1_303' title='bbox 672 2644 806 2723; x_wconf 85' lang='lat' dir='ltr'>profecto</span> <span class='ocrx_word' id='word_1_304' title='bbox 826 2642 946 2723; x_wconf 83' lang='lat' dir='ltr'>vulgare</span> <span class='ocrx_word' id='word_1_305' title='bbox 966 2642 1075 2721; x_wconf 84' lang='lat' dir='ltr'>aliquid</span> <span class='ocrx_word' id='word_1_306' title='bbox 1096 2644 1279 2721; x_wconf 80' lang='lat' dir='ltr'>praedicare</span> 
     </span>
     <span class='ocr_line' id='line_1_33' title="bbox 89 2718 1262 2800; baseline 0 -21"><span class='ocrx_word' id='word_1_307' title='bbox 89 2733 93 2742; x_wconf 83' lang='lat'><strong><em>‘</em></strong></span> <span class='ocrx_word' id='word_1_308' title='bbox 138 2720 237 2779; x_wconf 78' lang='lat' dir='ltr'>voluit</span> <span class='ocrx_word' id='word_1_309' title='bbox 256 2720 424 2799; x_wconf 71' lang='lat' dir='ltr'>Apostolus,</span> <span class='ocrx_word' id='word_1_310' title='bbox 444 2744 531 2800; x_wconf 88' lang='lat' dir='ltr'>quum</span> <span class='ocrx_word' id='word_1_311' title='bbox 552 2721 675 2800; x_wconf 84' lang='lat' dir='ltr'>scripsit,</span> <span class='ocrx_word' id='word_1_312' title='bbox 695 2721 791 2778; x_wconf 87' lang='lat' dir='ltr'>Deum</span> <span class='ocrx_word' id='word_1_313' title='bbox 812 2718 881 2777; x_wconf 92' lang='lat' dir='ltr'>olim</span> <span class='ocrx_word' id='word_1_314' title='bbox 903 2718 1086 2777; x_wconf 79' lang='lat' dir='ltr'>multifariam</span> <span class='ocrx_word' id='word_1_315' title='bbox 1106 2719 1201 2779; x_wconf 78' lang='lat' dir='ltr'>inultis</span> <span class='ocrx_word' id='word_1_316' title='bbox 1226 2738 1262 2779; x_wconf 82' lang='lat' dir='ltr'>ue</span> 
     </span>
     <span class='ocr_line' id='line_1_34' title="bbox 90 2741 1263 2875; baseline -0.003 -18"><span class='ocrx_word' id='word_1_317' title='bbox 90 2814 93 2819; x_wconf 88' lang='lat'>&#39;</span> <span class='ocrx_word' id='word_1_318' title='bbox 139 2796 237 2857; x_wconf 85' lang='lat' dir='ltr'>modis</span> <span class='ocrx_word' id='word_1_319' title='bbox 257 2796 388 2867; x_wconf 83' lang='lat' dir='ltr'>Patribus</span> <span class='ocrx_word' id='word_1_320' title='bbox 415 2798 566 2875; x_wconf 82' lang='lat' dir='ltr'>loquutum</span> <span class='ocrx_word' id='word_1_321' title='bbox 588 2818 648 2855; x_wconf 88' lang='lat' dir='ltr'>esse</span> <span class='ocrx_word' id='word_1_322' title='bbox 690 2817 721 2853; x_wconf 93' lang='lat' dir='ltr'>er</span> <span class='ocrx_word' id='word_1_323' title='bbox 741 2795 916 2872; x_wconf 87' lang='lat' dir='ltr'>Prophetas:</span> <span class='ocrx_word' id='word_1_324' title='bbox 937 2805 966 2851; x_wconf 87' lang='lat' dir='ltr'>at</span> <span class='ocrx_word' id='word_1_325' title='bbox 986 2794 1118 2854; x_wconf 85' lang='lat' dir='ltr'>extremis</span> <span class='ocrx_word' id='word_1_326' title='bbox 1139 2795 1181 2854; x_wconf 88' lang='lat' dir='ltr'>his</span> <span class='ocrx_word' id='word_1_327' title='bbox 1201 2741 1263 2853; x_wconf 81' lang='lat' dir='ltr'>die·</span> 
     </span>
     <span class='ocr_line' id='line_1_35' title="bbox 140 2818 1264 2952; baseline -0.002 -21"><span class='ocrx_word' id='word_1_328' title='bbox 140 2872 199 2931; x_wconf 85' lang='lat' dir='ltr'>bus</span> <span class='ocrx_word' id='word_1_329' title='bbox 219 2872 302 2931; x_wconf 88' lang='lat' dir='ltr'>nobis</span> <span class='ocrx_word' id='word_1_330' title='bbox 321 2893 373 2951; x_wconf 89' lang='lat' dir='ltr'>per</span> <span class='ocrx_word' id='word_1_331' title='bbox 392 2874 527 2932; x_wconf 87' lang='lat' dir='ltr'>dilectum</span> <span class='ocrx_word' id='word_1_332' title='bbox 548 2871 652 2930; x_wconf 81' lang='lat' dir='ltr'>l&#39;iliunr</span> <span class='ocrx_word' id='word_1_333' title='bbox 671 2818 753 2948; x_wconf 83' lang='lat' dir='ltr'>loqui</span> <span class='ocrx_word' id='word_1_334' title='bbox 774 2873 902 2947; x_wconf 88' lang='lat' dir='ltr'>coepisse</span> <span class='ocrx_word' id='word_1_335' title='bbox 922 2869 1029 2945; x_wconf 89' lang='lat' dir='ltr'>(llebr.</span> <span class='ocrx_word' id='word_1_336' title='bbox 1049 2877 1077 2942; x_wconf 78' lang='lat' dir='ltr'>t,</span> <span class='ocrx_word' id='word_1_337' title='bbox 1096 2873 1153 2945; x_wconf 81' lang='lat'>2.):</span> <span class='ocrx_word' id='word_1_338' title='bbox 1173 2872 1264 2952; x_wconf 85' lang='lat' dir='ltr'>signi·</span> 
     </span>
     <span class='ocr_line' id='line_1_36' title="bbox 139 2945 1263 3029; baseline 0 -22"><span class='ocrx_word' id='word_1_339' title='bbox 139 2948 210 3007; x_wconf 85' lang='lat' dir='ltr'>fieat</span> <span class='ocrx_word' id='word_1_340' title='bbox 231 2947 316 3021; x_wconf 85' lang='lat' dir='ltr'>enirn,</span> <span class='ocrx_word' id='word_1_341' title='bbox 336 2949 392 3008; x_wconf 88' lang='lat' dir='ltr'>imo</span> <span class='ocrx_word' id='word_1_342' title='bbox 413 2962 513 3029; x_wconf 88' lang='lat' dir='ltr'>aperte</span> <span class='ocrx_word' id='word_1_343' title='bbox 534 2948 675 3022; x_wconf 88' lang='lat' dir='ltr'>declarat,</span> <span class='ocrx_word' id='word_1_344' title='bbox 696 2947 791 3004; x_wconf 86' lang='lat' dir='ltr'>lleum</span> <span class='ocrx_word' id='word_1_345' title='bbox 813 2967 872 3004; x_wconf 93' lang='lat' dir='ltr'>non</span> <span class='ocrx_word' id='word_1_346' title='bbox 894 2945 1024 3024; x_wconf 87' lang='lat' dir='ltr'>posthac,</span> <span class='ocrx_word' id='word_1_347' title='bbox 1044 2958 1076 3004; x_wconf 92' lang='lat' dir='ltr'>ut</span> <span class='ocrx_word' id='word_1_348' title='bbox 1095 2957 1190 3018; x_wconf 88' lang='lat' dir='ltr'>antea,</span> <span class='ocrx_word' id='word_1_349' title='bbox 1211 2966 1263 3026; x_wconf 85' lang='lat' dir='ltr'>pet</span> 
     </span>
     <span class='ocr_line' id='line_1_37' title="bbox 89 3021 1262 3107; baseline -0.003 -22"><span class='ocrx_word' id='word_1_350' title='bbox 89 3046 91 3051; x_wconf 88' lang='lat'>·</span> <span class='ocrx_word' id='word_1_351' title='bbox 137 3024 214 3085; x_wconf 84' lang='lat' dir='ltr'>alios</span> <span class='ocrx_word' id='word_1_352' title='bbox 233 3024 355 3083; x_wconf 89' lang='lat' dir='ltr'>subinde</span> <span class='ocrx_word' id='word_1_353' title='bbox 374 3038 460 3107; x_wconf 88' lang='lat' dir='ltr'>atque</span> <span class='ocrx_word' id='word_1_354' title='bbox 487 3025 557 3084; x_wconf 87' lang='lat' dir='ltr'>alios</span> <span class='ocrx_word' id='word_1_355' title='bbox 583 3024 783 3102; x_wconf 89' lang='lat' dir='ltr'>loquuturum:</span> <span class='ocrx_word' id='word_1_356' title='bbox 817 3042 871 3080; x_wconf 88' lang='lat' dir='ltr'>nec</span> <span class='ocrx_word' id='word_1_357' title='bbox 903 3021 1071 3099; x_wconf 87' lang='lat' dir='ltr'>prophetias</span> <span class='ocrx_word' id='word_1_358' title='bbox 1098 3022 1262 3081; x_wconf 88' lang='lat' dir='ltr'>additurum</span> 
     </span>
     <span class='ocr_line' id='line_1_38' title="bbox 99 3096 1263 3183; baseline -0.002 -22"><span class='ocrx_word' id='word_1_359' title='bbox 99 3132 102 3137; x_wconf 95' lang='lat'>·</span> <span class='ocrx_word' id='word_1_360' title='bbox 135 3100 316 3183; x_wconf 84' lang='lat' dir='ltr'>prophetiis,</span> <span class='ocrx_word' id='word_1_361' title='bbox 336 3114 386 3159; x_wconf 87' lang='lat' dir='ltr'>aut</span> <span class='ocrx_word' id='word_1_362' title='bbox 404 3100 594 3160; x_wconf 85' lang='lat' dir='ltr'>revelationes</span> <span class='ocrx_word' id='word_1_363' title='bbox 620 3098 859 3159; x_wconf 86' lang='lat' dir='ltr'>revelationibus:</span> <span class='ocrx_word' id='word_1_364' title='bbox 879 3097 929 3157; x_wconf 90' lang='lat' dir='ltr'>sed</span> <span class='ocrx_word' id='word_1_365' title='bbox 954 3100 995 3155; x_wconf 88' lang='lat' dir='ltr'>sic</span> <span class='ocrx_word' id='word_1_366' title='bbox 1015 3117 1116 3156; x_wconf 90' lang='lat' dir='ltr'>omnes</span> <span class='ocrx_word' id='word_1_367' title='bbox 1136 3096 1263 3159; x_wconf 89' lang='lat' dir='ltr'>docendi</span> 
     </span>
     <span class='ocr_line' id='line_1_39' title="bbox 161 3172 1261 3255; baseline -0.002 -19"><span class='ocrx_word' id='word_1_368' title='bbox 161 3188 238 3237; x_wconf 87' lang='lat' dir='ltr'>artes</span> <span class='ocrx_word' id='word_1_369' title='bbox 258 3178 287 3235; x_wconf 93' lang='lat' dir='ltr'>in</span> <span class='ocrx_word' id='word_1_370' title='bbox 307 3178 382 3235; x_wconf 83' lang='lat' dir='ltr'>Filio</span> <span class='ocrx_word' id='word_1_371' title='bbox 403 3177 606 3255; x_wconf 87' lang='lat' dir='ltr'>complevisse,</span> <span class='ocrx_word' id='word_1_372' title='bbox 635 3189 667 3234; x_wconf 90' lang='lat' dir='ltr'>ut</span> <span class='ocrx_word' id='word_1_373' title='bbox 699 3177 754 3234; x_wconf 89' lang='lat' dir='ltr'>hoe</span> <span class='ocrx_word' id='word_1_374' title='bbox 780 3173 911 3233; x_wconf 90' lang='lat' dir='ltr'>ultimum</span> <span class='ocrx_word' id='word_1_375' title='bbox 937 3186 1147 3252; x_wconf 87' lang='lat' dir='ltr'>aeternumque</span> <span class='ocrx_word' id='word_1_376' title='bbox 1166 3172 1202 3232; x_wconf 90' lang='lat' dir='ltr'>ab</span> <span class='ocrx_word' id='word_1_377' title='bbox 1225 3195 1261 3235; x_wconf 89' lang='lat' dir='ltr'>eo</span> 
     </span>
     <span class='ocr_line' id='line_1_40' title="bbox 136 3200 1263 3324; baseline -0.004 -10"><span class='ocrx_word' id='word_1_378' title='bbox 136 3200 305 3314; x_wconf 79' lang='lat' dir='ltr'>llabendnm</span> <span class='ocrx_word' id='word_1_379' title='bbox 325 3256 362 3313; x_wconf 89' lang='lat' dir='ltr'>sit</span> <span class='ocrx_word' id='word_1_380' title='bbox 381 3254 587 3313; x_wconf 86' lang='lat' dir='ltr'>testimoninm.</span> <span class='ocrx_word' id='word_1_381' title='bbox 639 3253 705 3324; x_wconf 85' lang='lat' dir='ltr'>Qua</span> <span class='ocrx_word' id='word_1_382' title='bbox 730 3250 843 3309; x_wconf 91' lang='lat' dir='ltr'>ratione</span> <span class='ocrx_word' id='word_1_383' title='bbox 869 3262 963 3308; x_wconf 89' lang='lat' dir='ltr'>totum</span> <span class='ocrx_word' id='word_1_384' title='bbox 989 3249 1045 3307; x_wconf 91' lang='lat' dir='ltr'>hoc</span> <span class='ocrx_word' id='word_1_385' title='bbox 1069 3249 1139 3308; x_wconf 87' lang='lat' dir='ltr'>novi</span> <span class='ocrx_word' id='word_1_386' title='bbox 1158 3250 1263 3311; x_wconf 87' lang='lat' dir='ltr'>Testa·</span> 
     </span>
    </p>
   </div>
   <div class='ocr_carea' id='block_1_3' title="bbox 137 3325 1263 3463">
    <p class='ocr_par' dir='ltr' id='par_1_3' title="bbox 137 3325 1263 3463">
     <span class='ocr_line' id='line_1_41' title="bbox 137 3325 1263 3463; baseline -0.002 -75"><span class='ocrx_word' id='word_1_387' title='bbox 137 3329 233 3388; x_wconf 88' lang='lat' dir='ltr'>menti</span> <span class='ocrx_word' id='word_1_388' title='bbox 252 3341 381 3408; x_wconf 88' lang='lat' dir='ltr'>tempus,</span> <span class='ocrx_word' id='word_1_389' title='bbox 414 3351 446 3387; x_wconf 83' lang='lat' dir='ltr'>en</span> <span class='ocrx_word' id='word_1_390' title='bbox 466 3351 525 3463; x_wconf 66' lang='lat' dir='ltr'>guo</span> <span class='ocrx_word' id='word_1_391' title='bbox 546 3351 609 3388; x_wconf 87' lang='lat' dir='ltr'>curn</span> <span class='ocrx_word' id='word_1_392' title='bbox 631 3326 780 3403; x_wconf 75' lang='lat' dir='ltr'>Evangelii</span> <span class='ocrx_word' id='word_1_393' title='bbox 799 3326 842 3386; x_wconf 91' lang='lat' dir='ltr'>sui</span> <span class='ocrx_word' id='word_1_394' title='bbox 867 3325 1085 3457; x_wconf 74' lang='lat' dir='ltr'>praedicatione</span> <span class='ocrx_word' id='word_1_395' title='bbox 1105 3325 1191 3385; x_wconf 91' lang='lat' dir='ltr'>nobis</span> <span class='ocrx_word' id='word_1_396' title='bbox 1210 3334 1263 3406; x_wconf 83' lang='lat' dir='ltr'>a&#39;p-</span> 
     </span>
    </p>
   </div>
   <div class='ocr_carea' id='block_1_4' title="bbox 89 3404 1266 4398">
    <p class='ocr_par' dir='ltr' id='par_1_4' title="bbox 89 3404 1266 4398">
     <span class='ocr_line' id='line_1_42' title="bbox 89 3404 1263 3485; baseline -0.003 -22"><span class='ocrx_word' id='word_1_397' title='bbox 89 3450 100 3463; x_wconf 79' lang='lat'>.</span> <span class='ocrx_word' id='word_1_398' title='bbox 139 3404 239 3485; x_wconf 87' lang='lat' dir='ltr'>paruit</span> <span class='ocrx_word' id='word_1_399' title='bbox 259 3404 390 3465; x_wconf 83' lang='lat' dir='ltr'>Christus</span> <span class='ocrx_word' id='word_1_400' title='bbox 411 3408 446 3463; x_wconf 89' lang='lat' dir='ltr'>ad</span> <span class='ocrx_word' id='word_1_401' title='bbox 488 3407 543 3463; x_wconf 90' lang='lat' dir='ltr'>iem</span> <span class='ocrx_word' id='word_1_402' title='bbox 564 3425 653 3483; x_wconf 90' lang='lat' dir='ltr'>usque</span> <span class='ocrx_word' id='word_1_403' title='bbox 674 3404 774 3461; x_wconf 89' lang='lat' dir='ltr'>iudicii</span> <span class='ocrx_word' id='word_1_404' title='bbox 794 3422 846 3481; x_wconf 92' lang='lat' dir='ltr'>per</span> <span class='ocrx_word' id='word_1_405' title='bbox 880 3422 971 3459; x_wconf 69' lang='lat' dir='ltr'>eornm</span> <span class='ocrx_word' id='word_1_406' title='bbox 989 3404 1184 3475; x_wconf 76' lang='lat' dir='ltr'>novissimam,</span> <span class='ocrx_word' id='word_1_407' title='bbox 1209 3424 1263 3461; x_wconf 83' lang='lat' dir='ltr'>rto-</span> 
     </span>
     <span class='ocr_line' id='line_1_43' title="bbox 135 3477 1263 3559; baseline -0.001 -21"><span class='ocrx_word' id='word_1_408' title='bbox 135 3482 256 3538; x_wconf 81' lang='lat' dir='ltr'>vissimo</span> <span class='ocrx_word' id='word_1_409' title='bbox 272 3496 414 3555; x_wconf 62' lang='lat' dir='ltr'>anseperto,</span> <span class='ocrx_word' id='word_1_410' title='bbox 434 3484 598 3540; x_wconf 80' lang='lat' dir='ltr'>nouissimos</span> <span class='ocrx_word' id='word_1_411' title='bbox 617 3480 676 3537; x_wconf 84' lang='lat' dir='ltr'>dics</span> <span class='ocrx_word' id='word_1_412' title='bbox 697 3478 879 3559; x_wconf 85' lang='lat' dir='ltr'>designatur:</span> <span class='ocrx_word' id='word_1_413' title='bbox 906 3498 963 3555; x_wconf 90' lang='lat' dir='ltr'>quo</span> <span class='ocrx_word' id='word_1_414' title='bbox 984 3477 1094 3537; x_wconf 88' lang='lat' dir='ltr'>scilicet</span> <span class='ocrx_word' id='word_1_415' title='bbox 1113 3479 1263 3537; x_wconf 87' lang='lat' dir='ltr'>doctrinae</span> 
     </span>
     <span class='ocr_line' id='line_1_44' title="bbox 97 3553 1263 3637; baseline -0.004 -20"><span class='ocrx_word' id='word_1_416' title='bbox 97 3588 100 3593; x_wconf 93' lang='lat'>·</span> <span class='ocrx_word' id='word_1_417' title='bbox 137 3557 251 3617; x_wconf 84' lang='lat' dir='ltr'>Christi</span> <span class='ocrx_word' id='word_1_418' title='bbox 271 3559 451 3637; x_wconf 75' lang='lat' dir='ltr'>perfectione</span> <span class='ocrx_word' id='word_1_419' title='bbox 472 3558 613 3630; x_wconf 73' lang='lat' dir='ltr'>condenti,</span> <span class='ocrx_word' id='word_1_420' title='bbox 633 3558 772 3614; x_wconf 84' lang='lat' dir='ltr'>discamus</span> <span class='ocrx_word' id='word_1_421' title='bbox 792 3553 900 3611; x_wconf 88' lang='lat' dir='ltr'>nullam</span> <span class='ocrx_word' id='word_1_422' title='bbox 921 3554 996 3611; x_wconf 88' lang='lat' dir='ltr'>ultra</span> <span class='ocrx_word' id='word_1_423' title='bbox 1016 3574 1119 3611; x_wconf 89' lang='lat' dir='ltr'>novam</span> <span class='ocrx_word' id='word_1_424' title='bbox 1139 3565 1188 3612; x_wconf 89' lang='lat' dir='ltr'>ant</span> <span class='ocrx_word' id='word_1_425' title='bbox 1207 3574 1263 3612; x_wconf 90' lang='lat' dir='ltr'>no-</span> 
     </span>
     <span class='ocr_line' id='line_1_45' title="bbox 136 3627 1263 3713; baseline -0.003 -22"><span class='ocrx_word' id='word_1_426' title='bbox 136 3632 185 3691; x_wconf 87' lang='lat' dir='ltr'>bis</span> <span class='ocrx_word' id='word_1_427' title='bbox 205 3632 330 3713; x_wconf 80' lang='lat' dir='ltr'>fingere,</span> <span class='ocrx_word' id='word_1_428' title='bbox 358 3646 406 3692; x_wconf 90' lang='lat' dir='ltr'>aut</span> <span class='ocrx_word' id='word_1_429' title='bbox 426 3635 461 3693; x_wconf 90' lang='lat' dir='ltr'>ab</span> <span class='ocrx_word' id='word_1_430' title='bbox 483 3634 542 3691; x_wconf 89' lang='lat' dir='ltr'>aliis</span> <span class='ocrx_word' id='word_1_431' title='bbox 563 3632 714 3691; x_wconf 87' lang='lat' dir='ltr'>confictam</span> <span class='ocrx_word' id='word_1_432' title='bbox 735 3631 897 3688; x_wconf 87' lang='lat' dir='ltr'>admittere.</span> <span class='ocrx_word' id='word_1_433' title='bbox 947 3627 1051 3704; x_wconf 82' lang='lat' dir='ltr'>ltaque</span> <span class='ocrx_word' id='word_1_434' title='bbox 1071 3650 1130 3688; x_wconf 87' lang='lat' dir='ltr'>non</span> <span class='ocrx_word' id='word_1_435' title='bbox 1151 3642 1263 3688; x_wconf 85' lang='lat' dir='ltr'>temere</span> 
     </span>
     <span class='ocr_line' id='line_1_46' title="bbox 89 3702 1261 3790; baseline -0.003 -23"><span class='ocrx_word' id='word_1_436' title='bbox 89 3740 101 3747; x_wconf 96' lang='lat'>·-</span> <span class='ocrx_word' id='word_1_437' title='bbox 135 3707 245 3767; x_wconf 85' lang='lat' dir='ltr'>Filium</span> <span class='ocrx_word' id='word_1_438' title='bbox 279 3710 419 3790; x_wconf 75' lang='lat' dir='ltr'>singulari</span> <span class='ocrx_word' id='word_1_439' title='bbox 449 3710 648 3788; x_wconf 83' lang='lat' dir='ltr'>praerogativa</span> <span class='ocrx_word' id='word_1_440' title='bbox 681 3706 765 3766; x_wconf 90' lang='lat' dir='ltr'>nobis</span> <span class='ocrx_word' id='word_1_441' title='bbox 799 3706 951 3763; x_wconf 91' lang='lat' dir='ltr'>doctorem</span> <span class='ocrx_word' id='word_1_442' title='bbox 983 3702 1071 3763; x_wconf 89' lang='lat' dir='ltr'>Pater</span> <span class='ocrx_word' id='word_1_443' title='bbox 1101 3705 1261 3763; x_wconf 85' lang='lat' dir='ltr'>ordinavit:</span> 
     </span>
     <span class='ocr_line' id='line_1_47' title="bbox 101 3780 1264 3864; baseline -0.005 -19"><span class='ocrx_word' id='word_1_444' title='bbox 101 3832 104 3837; x_wconf 87' lang='lat'>.</span> <span class='ocrx_word' id='word_1_445' title='bbox 134 3785 243 3864; x_wconf 86' lang='lat' dir='ltr'>ipsum,</span> <span class='ocrx_word' id='word_1_446' title='bbox 265 3806 326 3844; x_wconf 89' lang='lat' dir='ltr'>non</span> <span class='ocrx_word' id='word_1_447' title='bbox 347 3786 495 3845; x_wconf 79' lang='lat' dir='ltr'>liorrrinurn</span> <span class='ocrx_word' id='word_1_448' title='bbox 511 3787 672 3862; x_wconf 84' lang='lat' dir='ltr'>qnerupianr</span> <span class='ocrx_word' id='word_1_449' title='bbox 693 3782 871 3861; x_wconf 87' lang='lat' dir='ltr'>praecipiens</span> <span class='ocrx_word' id='word_1_450' title='bbox 887 3780 988 3839; x_wconf 90' lang='lat' dir='ltr'>audiri.</span> <span class='ocrx_word' id='word_1_451' title='bbox 1026 3780 1130 3839; x_wconf 90' lang='lat' dir='ltr'>Paucis</span> <span class='ocrx_word' id='word_1_452' title='bbox 1167 3780 1264 3839; x_wconf 88' lang='lat' dir='ltr'>uidem</span> 
     </span>
     <span class='ocr_line' id='line_1_48' title="bbox 135 3854 1262 3940; baseline -0.007 -17"><span class='ocrx_word' id='word_1_453' title='bbox 135 3861 250 3931; x_wconf 81' lang='lat' dir='ltr'>verbis,</span> <span class='ocrx_word' id='word_1_454' title='bbox 276 3862 334 3921; x_wconf 88' lang='lat' dir='ltr'>eius</span> <span class='ocrx_word' id='word_1_455' title='bbox 360 3863 443 3920; x_wconf 90' lang='lat' dir='ltr'>nohis</span> <span class='ocrx_word' id='word_1_456' title='bbox 468 3861 661 3940; x_wconf 80' lang='lat' dir='ltr'>snagisterium</span> <span class='ocrx_word' id='word_1_457' title='bbox 683 3856 908 3928; x_wconf 79' lang='lat' dir='ltr'>coerimeodavit,</span> <span class='ocrx_word' id='word_1_458' title='bbox 939 3878 1025 3936; x_wconf 89' lang='lat' dir='ltr'>quum</span> <span class='ocrx_word' id='word_1_459' title='bbox 1053 3855 1123 3915; x_wconf 89' lang='lat' dir='ltr'>dicit</span> <span class='ocrx_word' id='word_1_460' title='bbox 1143 3854 1262 3936; x_wconf 82' lang='lat' dir='ltr'>(.latth.</span> 
     </span>
     <span class='ocr_line' id='line_1_49' title="bbox 135 3931 1262 4017; baseline -0.01 -16"><span class='ocrx_word' id='word_1_461' title='bbox 135 3944 186 4010; x_wconf 76' lang='lat'>17,</span> <span class='ocrx_word' id='word_1_462' title='bbox 206 3942 266 4013; x_wconf 84' lang='lat'>5·)‚</span> <span class='ocrx_word' id='word_1_463' title='bbox 291 3939 411 4017; x_wconf 66' lang='lat' dir='ltr'>„Ipsum</span> <span class='ocrx_word' id='word_1_464' title='bbox 434 3939 528 3997; x_wconf 89' lang='lat' dir='ltr'>audite</span> <span class='ocrx_word' id='word_1_465' title='bbox 538 3944 565 3994; x_wconf 84' lang='lat'>:“</span> <span class='ocrx_word' id='word_1_466' title='bbox 590 3936 640 3996; x_wconf 89' lang='lat' dir='ltr'>sed</span> <span class='ocrx_word' id='word_1_467' title='bbox 667 3934 770 4013; x_wconf 88' lang='lat' dir='ltr'>quibus</span> <span class='ocrx_word' id='word_1_468' title='bbox 792 3934 867 3991; x_wconf 84' lang='lat' dir='ltr'>inest</span> <span class='ocrx_word' id='word_1_469' title='bbox 887 3932 949 4010; x_wconf 87' lang='lat' dir='ltr'>plus</span> <span class='ocrx_word' id='word_1_470' title='bbox 969 3932 1102 4009; x_wconf 88' lang='lat' dir='ltr'>quiddam</span> <span class='ocrx_word' id='word_1_471' title='bbox 1123 3931 1262 4010; x_wconf 88' lang='lat' dir='ltr'>ponderis</span> 
     </span>
     <span class='ocr_line' id='line_1_50' title="bbox 136 4006 1260 4093; baseline -0.005 -20"><span class='ocrx_word' id='word_1_472' title='bbox 136 4036 171 4073; x_wconf 88' lang='lat' dir='ltr'>ac</span> <span class='ocrx_word' id='word_1_473' title='bbox 199 4016 336 4093; x_wconf 78' lang='lat' dir='ltr'>energiae</span> <span class='ocrx_word' id='word_1_474' title='bbox 363 4036 449 4091; x_wconf 85' lang='lat' dir='ltr'>quarn</span> <span class='ocrx_word' id='word_1_475' title='bbox 480 4013 567 4091; x_wconf 86' lang='lat' dir='ltr'>vulgo</span> <span class='ocrx_word' id='word_1_476' title='bbox 600 4012 788 4070; x_wconf 85' lang='lat' dir='ltr'>existimetur:</span> <span class='ocrx_word' id='word_1_477' title='bbox 821 4009 941 4086; x_wconf 89' lang='lat' dir='ltr'>perinde</span> <span class='ocrx_word' id='word_1_478' title='bbox 967 4009 1043 4065; x_wconf 88' lang='lat' dir='ltr'>enim</span> <span class='ocrx_word' id='word_1_479' title='bbox 1073 4018 1116 4065; x_wconf 85' lang='lat' dir='ltr'>est</span> <span class='ocrx_word' id='word_1_480' title='bbox 1142 4008 1199 4066; x_wconf 87' lang='lat' dir='ltr'>acsi</span> <span class='ocrx_word' id='word_1_481' title='bbox 1223 4006 1260 4067; x_wconf 86' lang='lat' dir='ltr'>ab</span> 
     </span>
     <span class='ocr_line' id='line_1_51' title="bbox 137 4082 1261 4155; baseline -0.009 -4"><span class='ocrx_word' id='word_1_482' title='bbox 137 4090 276 4151; x_wconf 89' lang='lat' dir='ltr'>omnibus</span> <span class='ocrx_word' id='word_1_483' title='bbox 297 4091 446 4151; x_wconf 86' lang='lat' dir='ltr'>homiuum</span> <span class='ocrx_word' id='word_1_484' title='bbox 475 4089 614 4147; x_wconf 89' lang='lat' dir='ltr'>doctrinis</span> <span class='ocrx_word' id='word_1_485' title='bbox 640 4088 796 4155; x_wconf 88' lang='lat' dir='ltr'>abductos,</span> <span class='ocrx_word' id='word_1_486' title='bbox 829 4084 893 4142; x_wconf 90' lang='lat' dir='ltr'>huic</span> <span class='ocrx_word' id='word_1_487' title='bbox 920 4084 969 4141; x_wconf 94' lang='lat' dir='ltr'>uni</span> <span class='ocrx_word' id='word_1_488' title='bbox 990 4104 1043 4143; x_wconf 93' lang='lat' dir='ltr'>nos</span> <span class='ocrx_word' id='word_1_489' title='bbox 1062 4084 1191 4141; x_wconf 85' lang='lat' dir='ltr'>sisteret:</span> <span class='ocrx_word' id='word_1_490' title='bbox 1224 4082 1261 4141; x_wconf 90' lang='lat' dir='ltr'>ab</span> 
     </span>
     <span class='ocr_line' id='line_1_52' title="bbox 137 4158 1263 4249; baseline -0.007 -24"><span class='ocrx_word' id='word_1_491' title='bbox 137 4185 200 4225; x_wconf 93' lang='lat' dir='ltr'>uno</span> <span class='ocrx_word' id='word_1_492' title='bbox 222 4186 338 4225; x_wconf 83' lang='lat' dir='ltr'>ornnem</span> <span class='ocrx_word' id='word_1_493' title='bbox 359 4168 457 4227; x_wconf 87' lang='lat' dir='ltr'>salutis</span> <span class='ocrx_word' id='word_1_494' title='bbox 478 4166 639 4223; x_wconf 89' lang='lat' dir='ltr'>doctrinam</span> <span class='ocrx_word' id='word_1_495' title='bbox 660 4176 760 4241; x_wconf 88' lang='lat' dir='ltr'>petere</span> <span class='ocrx_word' id='word_1_496' title='bbox 781 4159 908 4218; x_wconf 88' lang='lat' dir='ltr'>iuberet:</span> <span class='ocrx_word' id='word_1_497' title='bbox 929 4158 966 4217; x_wconf 86' lang='lat' dir='ltr'>ab</span> <span class='ocrx_word' id='word_1_498' title='bbox 987 4178 1046 4219; x_wconf 90' lang='lat' dir='ltr'>uno</span> <span class='ocrx_word' id='word_1_499' title='bbox 1065 4159 1211 4249; x_wconf 87' lang='lat' dir='ltr'>pendere,</span> <span class='ocrx_word' id='word_1_500' title='bbox 1231 4158 1263 4217; x_wconf 86' lang='lat' dir='ltr'>in</span> 
     </span>
     <span class='ocr_line' id='line_1_53' title="bbox 137 4234 1263 4319; baseline -0.007 -18"><span class='ocrx_word' id='word_1_501' title='bbox 137 4261 201 4301; x_wconf 85' lang='lat' dir='ltr'>uuo</span> <span class='ocrx_word' id='word_1_502' title='bbox 222 4240 353 4301; x_wconf 84' lang='lat' dir='ltr'>haerere:</span> <span class='ocrx_word' id='word_1_503' title='bbox 386 4244 510 4319; x_wconf 87' lang='lat' dir='ltr'>denique</span> <span class='ocrx_word' id='word_1_504' title='bbox 531 4240 624 4319; x_wconf 77' lang='lat' dir='ltr'>(eprod</span> <span class='ocrx_word' id='word_1_505' title='bbox 644 4240 731 4298; x_wconf 87' lang='lat' dir='ltr'>verba</span> <span class='ocrx_word' id='word_1_506' title='bbox 751 4239 870 4311; x_wconf 86' lang='lat' dir='ltr'>sonant)</span> <span class='ocrx_word' id='word_1_507' title='bbox 900 4238 983 4294; x_wconf 86' lang='lat' dir='ltr'>unius</span> <span class='ocrx_word' id='word_1_508' title='bbox 1008 4255 1078 4294; x_wconf 84' lang='lat' dir='ltr'>vocr-</span> <span class='ocrx_word' id='word_1_509' title='bbox 1092 4234 1263 4294; x_wconf 84' lang='lat' dir='ltr'>auscultare.</span> 
     </span>
     <span class='ocr_line' id='line_1_54' title="bbox 137 4308 1266 4398; baseline -0.004 -24"><span class='ocrx_word' id='word_1_510' title='bbox 137 4317 178 4393; x_wconf 78' lang='lat' dir='ltr'>Et</span> <span class='ocrx_word' id='word_1_511' title='bbox 198 4338 266 4378; x_wconf 90' lang='lat' dir='ltr'>sane</span> <span class='ocrx_word' id='word_1_512' title='bbox 287 4320 354 4398; x_wconf 89' lang='lat' dir='ltr'>quid</span> <span class='ocrx_word' id='word_1_513' title='bbox 376 4319 432 4378; x_wconf 90' lang='lat' dir='ltr'>iam</span> <span class='ocrx_word' id='word_1_514' title='bbox 452 4318 487 4378; x_wconf 91' lang='lat' dir='ltr'>ab</span> <span class='ocrx_word' id='word_1_515' title='bbox 509 4317 627 4378; x_wconf 88' lang='lat' dir='ltr'>homine</span> <span class='ocrx_word' id='word_1_516' title='bbox 646 4327 695 4377; x_wconf 89' lang='lat' dir='ltr'>aut</span> <span class='ocrx_word' id='word_1_517' title='bbox 717 4311 876 4393; x_wconf 83' lang='lat' dir='ltr'>exspectari</span> <span class='ocrx_word' id='word_1_518' title='bbox 895 4324 945 4373; x_wconf 91' lang='lat' dir='ltr'>aut</span> <span class='ocrx_word' id='word_1_519' title='bbox 963 4310 1058 4391; x_wconf 79' lang='lat' dir='ltr'>expeti</span> <span class='ocrx_word' id='word_1_520' title='bbox 1079 4308 1196 4388; x_wconf 80' lang='lat' dir='ltr'>debeat,</span> <span class='ocrx_word' id='word_1_521' title='bbox 1208 4308 1266 4383; x_wconf 76' lang='lat' dir='ltr'>uhi</span> 
     </span>
    </p>
   </div>
   <div class='ocr_carea' id='block_1_5' title="bbox 166 4390 1077 4489">
    <p class='ocr_par' dir='ltr' id='par_1_5' title="bbox 166 4390 1077 4489">
     <span class='ocr_line' id='line_1_55' title="bbox 166 4390 1077 4489; baseline -0.011 -28"><span class='ocrx_word' id='word_1_522' title='bbox 166 4417 390 4465; x_wconf 77' lang='lat' dir='ltr'>catvtntlnstitusio</span> <span class='ocrx_word' id='word_1_523' title='bbox 405 4420 438 4464; x_wconf 90' lang='lat'>11.</span> <span class='ocrx_word' id='word_1_524' title='bbox 931 4482 934 4489; x_wconf 27' lang='grc' dir='ltr'>Ι</span> <span class='ocrx_word' id='word_1_525' title='bbox 1032 4390 1077 4451; x_wconf 79' lang='lat' dir='ltr'>te</span> 
     </span>
    </p>
   </div>
   <div class='ocr_carea' id='block_1_6' title="bbox 0 0 1354 4732">
    <p class='ocr_par' dir='ltr' id='par_1_6' title="bbox 0 0 1354 4732">
     <span class='ocr_line' id='line_1_56' title="bbox 0 0 1354 4732; baseline 0 0"><span class='ocrx_word' id='word_1_526' title='bbox 0 0 1354 4732; x_wconf 95' lang='lat' dir='ltr'> </span> 
     </span>
    </p>
   </div>
  </div>
 </body>
</html>
