2700 4732
479 231 555 292 LIB.
575 231 627 292 tv.
667 228 756 293 ChP.
774 227 903 298 mh·
1178 233 1237 299 429
1276 280 1282 301 .
1316 175 1318 179 Α

107 390 161 453 est,
200 399 236 438 ua
255 375 338 457 impii
350 373 462 437 Christi
482 394 588 454 corpus
608 383 640 433 et
657 373 828 454 sanguinem
847 372 957 454 absque
977 373 1083 435 virttne
1103 373 1124 435 S
1147 373 1233 438 iritua

107 456 152 516 vel
172 399 233 513 villo
252 455 362 535 gratiae
375 450 483 512 effectu
503 450 660 531 recipiunt.
699 448 925 532 Augustinus
945 461 1058 525 contra,
1077 395 1166 513 verba
1184 449 1235 512 illa

107 531 268 612 prudenter
288 550 319 588 ex
343 528 452 587 endens
476 525 595 604 (loann.
613 533 649 598 6,
669 528 746 603 50.):
786 526 847 601 Qui
876 527 1091 588 manducaverit
1115 547 1234 588 samem

57 663 65 683 ,
107 628 201 666 meam
228 617 258 666 et
289 550 398 665 biberit
428 602 598 684 sanguinem
623 622 736 674 meum,
761 623 822 662 non
847 603 989 663 morietur
1019 604 1049 662 in
1074 616 1236 680 aeternum,

107 685 272 773 „Nempe,“
283 678 487 761 inquit(hom.
500 678 530 737 in
540 679 586 739 lo.
598 681 661 756 26.)
680 679 842 755 „virtutem
853 679 1036 754 sacramenti,
1049 700 1109 740 non
1121 692 1236 741 tantum

106 758 243 835 „visibile
269 767 478 818 sacramentum
511 766 542 815 et
582 754 677 815 uidem
701 756 796 829 intus,
826 774 887 813 non
913 754 984 815 loris
1021 756 1071 835 qui
1096 756 1236 834 comedit,

105 856 187 910 „nnn
208 834 258 915 qui
279 834 385 926 premit
397 833 515 891 dente.“
552 774 640 890 ulnae
658 831 776 891 tandem
796 829 957 904 concludit,
976 831 1059 892 huius
1079 832 1123 893 rei
1140 853 1237 894 sacra·

106 923 255 985 mentum,
285 910 379 970 idest
404 908 521 967 unitatis
552 907 685 987 corporis
711 919 742 968 et
765 907 913 1000 sanguinis
940 906 1049 968 Christi
1073 908 1103 969 in
1131 908 1236 970 Coena

106 987 265 1049 Dominica
283 985 412 1066 proponi
432 982 604 1063 quibusdam
624 984 654 1042 in
674 984 772 1060 vitum,
792 983 855 1043 aliis
874 983 909 1043 ad
930 985 1057 1059 exitium,
1076 1005 1138 1048 rem
1159 1005 1233 1047 vero

108 1066 211 1144 ipsam,
230 1063 309 1123 cuius
329 1072 539 1123 sacramentum
560 1069 615 1131 est,
634 1060 768 1119 omnihus
788 1060 824 1120 ad
844 1058 940 1135 vitam,
960 1059 1237 1138 huniadensium,

108 1141 275 1221 quicunque
295 1138 384 1198 luerit
402 1137 557 1217 particeps.
594 1136 640 1195 Ne
659 1136 723 1227 quis
742 1134 788 1195 hic
800 1134 962 1212 cavilletur,
981 1156 1044 1196 rem
1060 1137 1159 1199 vocari
1173 1158 1237 1199 uon

109 1236 230 1296 eorpus,
249 1215 310 1288 sed,
330 1233 403 1294 quae
423 1212 459 1273 ab
479 1211 532 1271 illo
552 1231 677 1292 separari
719 1222 805 1284 otest,
823 1213 844 1272 S
867 1213 948 1273 iritus
959 1217 1092 1296 gratiam,
1111 1214 1161 1275 has
1175 1235 1236 1276 ue·

109 1291 191 1353 bulas
215 1292 332 1352 discutit
356 1287 506 1350 antithesis
532 1290 610 1348 inter
635 1233 765 1368 epitbeta
783 1232 908 1349 visibile
928 1301 958 1350 et
977 1288 1141 1368 Invisibile,
1168 1311 1236 1351 nam

107 1367 161 1428 sub
182 1368 281 1447 priore
301 1363 512 1447 comprehendi
531 1385 593 1424 non
613 1375 713 1444 potest
733 1363 843 1425 Christi
862 1385 979 1444 eorpus.
1028 1367 1117 1427 Unde
1135 1367 1236 1446 sequi-

108 1456 173 1516 tur,
203 1443 308 1504 visibili
332 1455 443 1503 tantum
468 1440 608 1517 symbolo
633 1441 799 1502 incredulos
825 1440 1049 1504 communicare.
1092 1443 1152 1518 Ac,
1174 1446 1235 1523 quo

107 1520 210 1580 melius
229 1520 350 1581 tollatur
370 1517 530 1591 dubitatio,
550 1529 703 1596 postquam
724 1516 847 1591 dixerat,
867 1537 971 1597 panem
991 1518 1068 1578 hunc
1088 1519 1237 1581 interioris

107 1596 233 1656 hominis
253 1614 394 1675 quaerere
420 1593 559 1665 esuriem,
582 1593 700 1654 subiicit
717 1593 811 1672 (hom.
831 1595 862 1654 in
883 1595 986 1664 loann.
1009 1596 1085 1674 59.):
1115 1588 1237 1672 „Mosei

108 1686 161 1749 „et
179 1673 279 1733 Aaron
301 1684 331 1731 et
350 1669 475 1729 Phineus
498 1668 642 1749 multique
666 1669 732 1744 alii,
752 1672 802 1749 qui
821 1691 927 1733 manna
946 1671 1154 1747 comederunt,
1173 1671 1237 1752 pla·

108 1760 256 1824 „ruerunt
274 1749 352 1807 Deo.
393 1746 512 1819 Quare?
552 1744 631 1819 Quia
649 1746 791 1807 visibilem
805 1746 903 1807 cibum
922 1746 1109 1827 spiritualiter
1126 1747 1238 1807 intelli-

61 1888 66 1903 .
108 1824 256 1905 „gebant,
280 1823 467 1904 spiritualiter
487 1822 667 1898 esuriebant,
691 1844 704 1882 s
727 1822 881 1883 iritualiter
899 1822 1070 1903 gustabant,
1100 1836 1134 1884 ut
1151 1823 1239 1904 spiri·

109 1900 248 1976 „tualiter
266 1903 447 1960 satiarentur.
485 1899 560 1959 Nam
580 1912 611 1959 et
629 1920 682 1959 nos
703 1845 791 1971 bodie
802 1902 965 1980 accepimus
974 1899 1114 1960 visibilem
1125 1899 1239 1960 cibum:

109 1978 181 2054 „sed
200 1977 277 2037 aliud
297 1988 341 2036 est
358 1987 581 2050 sacramentum,
599 1974 675 2035 aliud
694 1975 783 2036 virtus
801 1975 1005 2036 sacramenti.“
1041 1976 1135 2039 Paulo
1155 1988 1238 2056 posta

109 2055 175 2129 „hc
195 2072 249 2144 per
268 2052 339 2126 hoc,
371 2053 421 2131 qui
446 2073 506 2111 non
531 2063 630 2113 manet
653 2051 682 2110 in
704 2051 823 2112 Christo
852 2064 882 2112 et
907 2053 938 2110 in
964 2072 1023 2132 quo
1048 2072 1112 2113 non
1137 2060 1265 2115 manet'

110 2129 279 2207 „Christus
309 2127 523 2209 proculdubio
548 2148 603 2189 nec
627 2129 784 2188 manducat
810 2128 999 2207 spiritualiter
1028 2148 1145 2189 carnem
1176 2129 1238 2192 eius

110 2228 186 2281 „nec
207 2205 283 2265 bibit
300 2206 482 2294 sanguinem,
502 2203 571 2264 licet
590 2204 744 2265 carnaliter
759 2215 789 2264 et
797 2204 951 2265 visibiliter
970 2218 1082 2286 premat
1101 2205 1239 2267 dentibus

109 2303 245 2374 „signum
265 2301 398 2373 corporis
418 2293 449 2341 et
467 2263 648 2371 sdrguinisf‘
687 2279 828 2341 Audimus
847 2302 972 2356 rursum,
992 2283 1104 2362 opponi
1123 2281 1239 2349 visibile

109 2380 223 2495 siqnum
247 2357 391 2438 spirituali
416 2358 644 2418 manducationr.
683 2356 754 2432 Quo
774 2356 919 2417 refellitur
939 2378 1023 2419 error
1041 2358 1105 2434 ille,
1123 2379 1238 2450 ,corpus

113 2436 137 2498 C

110 2512 306 2594 spiritualiter.
354 2510 495 2571 Audimus
525 2513 628 2586 etism,
657 2510 787 2593 prolenis
814 2523 844 2570 et
866 2511 986 2590 impuris
1015 2510 1088 2571 nihil
1113 2509 1238 2573 concedi

109 2602 227 2727 praeter
245 2588 387 2680 visibilem
407 2588 482 2670 signi
501 2592 707 2684 sumptionem.
746 2587 951 2649 Hinccelebre
970 2588 1032 2649 eius
1051 2588 1171 2662 dictum,
1190 2606 1241 2646 re-

111 2662 1115 2818 εςςεεεςςςεεεςεεςεεςεεςεεες
1122 2751 1240 2819 ρ

112 2821 232 2899 patione
252 2819 385 2895 eorporis
405 2828 434 2874 et
459 2836 508 2874 san
533 2818 615 2876 uinis.
653 2818 716 2876 Nec
741 2815 799 2875 alio
823 2825 944 2895 spectat,
970 2815 1050 2894 quod
1074 2816 1143 2875 alibi
1168 2815 1240 2877 dicit

112 2896 165 2974 (de
184 2893 264 2970 bapt.
285 2903 366 2950 cont.
385 2891 495 2951 Donat.
512 2835 565 2951 itt).
581 2894 639 2968 5.):
660 2891 764 2965 „Quid
788 2892 911 2966 miraris,
936 2893 960 2951 si
984 2895 1067 2952 datus
1086 2903 1130 2951 est
1148 2891 1239 2951 Iudae

111 2971 214 3050 „panis
236 2967 357 3040 Christi,
388 2986 441 3045 per
467 2987 553 3102 quern
579 2969 792 3103 manciparetur
815 2967 960 3041 Diabolo,
992 2990 1080 3048 quum
1106 2968 1241 3028 videase

134 3044 282 3106 contrario
303 3045 398 3102 datum
412 3043 502 3102 Pauo
523 3065 557 3102 an
582 3045 658 3104 elum
703 3042 792 3103 iaboli
816 3045 855 3104 11.
871 3044 999 3118 Conl2,
1011 3048 1065 3120 7.),
1083 3064 1137 3124 per
1172 3063 1239 3103 uem

111 3092 323 3215 :iperhceretur
344 3120 373 3177 in
394 3119 552 3180 Christo?“
561 3064 651 3179 gDicit
662 3120 778 3200 quidem
791 3141 805 3180 a
819 3121 870 3192 ihi,
889 3141 1019 3200 „corpus
1031 3065 1170 3182 christil

112 3200 189 3276 „illis
200 3218 303 3279 panem
313 3197 445 3268 Coenae,
464 3197 567 3275 quibus
580 3196 696 3257 dicebat
711 3195 826 3271 Paulus,
847 3196 908 3270 Qui
920 3197 1100 3257 manducarit
1110 3198 1241 3278 indigne,

112 3276 274 3354 „iudicium
294 3273 348 3332 sibi
368 3274 521 3332 manducat
534 3285 563 3332 et
575 3272 651 3333 bibit
663 3273 917 3351 (l.Cor.11,‘29.),
937 3293 993 3332 uec
1011 3274 1079 3335 ideo
1099 3274 1171 3334 nihil
1191 3295 1240 3333 ae·

112 3372 170 3428 „ce
193 3353 257 3425 isse,
299 3351 344 3409 uia
364 3348 438 3409 male
458 3349 656 3429 acceperint.“
694 3349 754 3409 Sed
766 3370 825 3428 quo
845 3368 942 3425 sensu,
963 3349 1076 3429 plenius
1092 3350 1150 3410 alio
1171 3350 1239 3411 loco

114 3374 238 3508 espdcat
256 3372 308 3502 (de
329 3426 405 3485 civit.
416 3426 474 3485 Dei
494 3426 545 3484 lib.
556 3432 604 3488 21.
625 3446 656 3486 ca
679 3428 767 3502 .25.).
805 3427 933 3484 Names
951 3426 1241 3504 professodehnien·

113 3505 183 3563 dum
202 3502 369 3582 suscipiens,
390 3502 539 3581 quomodo
558 3445 686 3581 improii
707 3514 736 3560 et
754 3500 902 3571 scelerati,
922 3502 972 3581 qui
992 3503 1078 3563 iidem
1099 3500 1241 3565 Christia-

113 3602 181 3639 nam
202 3599 253 3637 ore
274 3579 464 3658 profitentur,
485 3579 568 3638 lactis
587 3591 682 3638 autem
703 3578 865 3658 abnegant,
887 3577 996 3639 Christi
1015 3599 1122 3658 corpus
1142 3597 1242 3639 come-

114 3657 195 3728 dant,
216 3665 245 3712 et
264 3654 380 3733 quidem
401 3655 534 3714 adversus
555 3655 738 3734 quorundam
757 3655 941 3733 opinionem,
960 3656 1009 3734 qui
1029 3675 1090 3715 non
1109 3655 1175 3716 solo
1195 3675 1240 3714 sa·

114 3742 266 3792 eramento
285 3751 335 3790 eos
353 3731 451 3802 cdere,
470 3732 520 3790 sed
541 3731 654 3812 reipsa
674 3731 833 3810 putabant,
858 3730 1014 3805 „Sed'nec
1040 3733 1050 3791 i
1071 3732 1112 3807 si,
1134 3731 1242 3809 inquit,

112 3807 250 3884 „dicendi
270 3818 337 3867 sunt
356 3806 531 3867 manducare
549 3828 655 3887 corpus
676 3807 802 3881 Christi,
833 3808 899 3887 qnia
923 3808 954 3866 in
974 3753 1112 3868 membris
1133 3807 1243 3869 Christi

112 3884 325 3963 „computandi
345 3904 405 3941 non
426 3895 502 3942 sunt.
545 3884 588 3943 Ut
608 3883 685 3944 enim
706 3883 759 3942 alia
778 3897 904 3957 taceam,
929 3905 990 3944 non
1016 3898 1138 3964 possunt
1156 3884 1242 3945 simul

111 3978 197 4039 „esse
216 3960 347 4017 mcmhra
361 3958 469 4019 Christi
491 3971 520 4019 et
539 3960 668 4020 membra
688 3961 856 4020 meretricis.
894 3961 1032 4040 Denique
1051 3962 1113 4041 ipse
1133 3961 1245 4039 dicens,

112 4038 197 4114 „Qui
217 4037 374 4094 manducat
394 4057 508 4095 carnem
529 4058 638 4107 meam,
670 4047 700 4095 et
719 4036 795 4097 bibit
812 4056 909 4097 meum
929 4039 1116 4118 sanguinem,
1144 4039 1174 4096 in
1194 4058 1242 4097 me

113 4126 233 4189 „manet
259 4123 289 4171 et
309 4132 365 4192 ego
387 4113 416 4170 in
443 4133 479 4173 eo
499 4113 559 4189 (lo.
579 4119 609 4187 6,
626 4114 704 4188 56.),
729 4112 873 4186 ostendit,
897 4113 966 4192 quid
991 4115 1029 4174 sit
1055 4135 1115 4173 non
1147 4133 1243 4174 sacra·

113 4203 236 4265 „mento
257 4201 357 4262 tenus,
381 4188 431 4247 sed
452 4209 572 4249 revera
592 4209 697 4268 corpus
717 4189 826 4251 Christi
846 4189 948 4248 edere:
974 4191 1031 4250 hoc
1051 4191 1128 4250 enim
1149 4201 1194 4250 est
1212 4191 1243 4251 in

114 4265 254 4340 „Christo
276 4285 406 4340 nranere,
427 4265 509 4324 utin
528 4264 580 4324 illo
602 4265 734 4327 Christus
753 4277 876 4327 maneat.
915 4265 965 4339 Sic
986 4267 1064 4326 enim
1083 4267 1142 4327 hoc
1162 4267 1242 4344 dixit,

114 4354 271 4420 „tanquam
304 4342 429 4419 diceret,
462 4341 524 4416 Qui
554 4360 617 4405 non
641 4354 741 4404 manet
764 4343 796 4403 in
820 4362 867 4403 me
894 4354 925 4404 et
948 4342 979 4404 in
1006 4363 1068 4424 quo
1092 4363 1150 4425 ego
1179 4362 1242 4405 nou

161 2437 222 2497 risti
251 2433 396 2495 invisibile
424 2433 671 2494 sacramentaliter
701 2454 733 2492 rc
758 2453 824 2493 vera
856 2434 988 2510 comedi,
1017 2456 1145 2514 quamvis
1175 2453 1238 2495 non
1318 2459 1324 2469 ’

1166 3121 1241 3181 uisse
