2596 4726
418 196 828 265 smnucnnxxsn
1029 170 1032 183 '
1127 202 1188 267 sss
1291 202 1294 207 ·

60 354 200 414 tremere,
218 340 446 403 misericordiam
465 344 611 423 suspicere
622 343 771 404 discamus.
808 341 856 403 Ad
875 341 954 403 bunc
972 361 1093 420 scopum
1111 340 1186 402 lide·

61 418 105 478 les
124 416 323 479 collimabant.
374 417 430 479 Ille
453 431 550 481 autem
574 419 677 479 foedus
701 432 860 499 porcorum
884 418 1038 499 grunnitus
1056 438 1072 477 a
1092 417 1185 478 Paulo

62 494 120 555 rite
140 495 345 573 compescitur.
383 494 511 555 Securos
530 515 562 556 se
580 496 610 554 in
630 495 708 555 vitiis
727 514 851 576 pergere
862 494 977 561 dicunt:
997 492 1066 575 quia
1083 494 1107 553 si
1126 494 1187 554 sint

63 589 223 630 enumero
249 570 427 642 electorum,
456 571 526 631 nihil
549 571 685 631 obfutura
705 570 763 631 siut
782 570 864 644 vitia,
888 569 1043 650 quominus
1067 569 1187 630 tandem

62 645 100 706 ad
118 646 428 725 altamperducantur.
466 645 559 726 Atqui
576 647 608 707 in
627 648 705 707 huuc
724 646 812 706 finem
832 647 941 707 electos
960 665 1023 706 esse
1042 665 1097 705 nos
1110 646 1187 706 Pau·

63 721 109 782 lus
129 722 268 782 admonet
287 722 409 801 (Ephes.
428 729 457 796 1,
475 723 535 799 4.),
566 735 599 782 ut
628 735 755 783 sanctam
774 743 808 784 ac
828 722 1003 814 inculpatam
1021 721 1108 781 vitam
1127 733 1187 782 tra-
1239 742 1244 757 ⁸

64 797 211 859 ducamus.
251 796 285 857 si
304 797 456 859 electionis
474 820 580 881 scopus
600 810 643 860 est
657 799 732 859 vitae
743 797 942 872 sanctimonia,
960 798 1050 933 magis
1069 797 1104 857 ad
1124 815 1197 873 eam

62 872 199 934 alacriter
217 872 411 957 mesbtaudam
431 876 653 956 expergefacere
680 887 710 934 et
732 874 879 934 stimulare
897 888 951 936 nos
971 874 1007 932 de
1030 884 1075 947 et,
1101 893 1188 951 quam

63 948 101 1011 ad
124 949 252 1009 desidiae
297 960 455 1011 raetextum
474 952 580 1011 valere.
627 951 749 1025 Quanto
773 969 823 1010 ere
848 951 924 1010 euim
955 949 1026 1010 baec
1054 947 1134 1008 inter
1156 968 1189 1010 sc

65 1025 216 1115 dissident,
235 1046 252 1084 a
273 971 349 1086 bene
369 1026 485 1120 agendo
504 1046 628 1101 cessare,
648 1025 713 1105 quia
733 969 840 1086 eiectio
858 1026 894 1086 ad
913 1026 1033 1086 salutern
1052 1024 1189 1101 sulficiat,

64 1111 96 1161 et
114 1100 253 1161 electioni
273 1113 455 1181 propositum
468 1122 529 1164 esse
548 1102 646 1177 finem,
665 1113 697 1163 ut
716 1103 745 1161 in
766 1100 912 1162 bonorum
931 1100 1057 1161 studium
1077 1101 1190 1161 incum-

64 1177 184 1237 baum?
220 1177 376 1238 Facessant
396 1199 468 1261 ergo
489 1179 630 1239 eiusmodi
649 1176 808 1260 sacrilegia,
827 1197 902 1257 quae
922 1188 1015 1237 totum
1035 1176 1190 1238 electionis

65 1253 199 1312 ordinem
219 1273 370 1334 perperam
390 1256 547 1315 invertunt
571 1288 609 1303 ·-
665 1254 756 1329 Quod
786 1266 882 1314 autem
907 1274 984 1314 suas·
996 1252 1190 1332 blasphemias

64 1326 182 1410 longius
201 1330 370 1403 extendunt,
388 1331 455 1391 dum
475 1351 541 1390 enm
562 1330 611 1410 qui
630 1333 667 1391 sit
686 1331 784 1391 sDeo
804 1330 988 1410 reprobatus,
1008 1328 1190 1409 perditurum

65 1422 187 1482 operam
214 1404 329 1480 dicunt,
354 1407 377 1466 si
400 1407 569 1467 innocentia
590 1418 620 1465 et
640 1406 785 1486 probitate
809 1406 883 1466 vitae
907 1424 938 1465 se
963 1404 1006 1464 illi
1024 1405 1191 1486 approbare

63 1479 194 1542 studeat:
219 1480 250 1539 in
271 1501 307 1540 en
327 1502 396 1543 vero
416 1482 656 1561 impudentissimi
675 1481 819 1543 mendacii
839 1483 1061 1543 convincuntur.
1100 1481 1192 1542 Unde

64 1556 144 1614 enim
162 1555 223 1615 tale
241 1557 366 1618 studium
388 1559 458 1619 oriri
478 1558 579 1638 possit,
598 1558 652 1619 nisi
673 1579 705 1617 ex
726 1556 890 1618 electione?
928 1557 1002 1615 Nam
1022 1557 1191 1638 quicunqne

64 1643 134 1692 suut
152 1651 186 1690 ex
204 1632 399 1712 reproborum
419 1655 552 1706 numero,
570 1638 611 1694 ut‘
621 1646 689 1694 sunt
699 1656 762 1695 vasa
781 1634 810 1692 in
829 1632 1034 1693 contumeliam
1055 1634 1192 1708 formata,

65 1705 105 1766 ita
125 1728 188 1770 non
207 1707 343 1769 desinunt
363 1711 511 1791 perpetuis
540 1710 657 1793 flagitiis
681 1711 752 1770 iram
771 1709 829 1768 Dei
853 1709 882 1768 iu
902 1730 933 1769 se
957 1728 1134 1788 provocare,
1160 1720 1192 1769 et

65 1782 248 1844 evidentibus
266 1785 355 1865 signis
375 1787 561 1859 confirmare,
581 1787 661 1865 quod
684 1788 740 1846 ianr
759 1786 790 1845 in
809 1806 840 1846 se
860 1783 948 1845 latum
969 1785 1090 1844 est-Dei
1116 1784 1191 1844 iudi·

66 1859 156 1933 cium,
175 1870 287 1920 tantum
308 1863 389 1922 abest
409 1875 441 1923 ιιι
461 1883 525 1922 cum
546 1867 609 1941 ipso
629 1862 734 1923 lrustra
755 1861 944 1922 contendant.

143 1941 191 2001 13.
229 1935 357 2030 blaligue
386 1951 482 1998 tamen
512 1949 599 2017 atque
630 1938 816 2018 impudenter
845 1936 919 1998 banc
950 1935 1111 1997 doctrinam
1141 1957 1191 1998 ca-

67 2011 248 2072 lumniantur
266 2013 332 2088 alis,
364 2015 422 2074 acsi
441 2034 543 2074 omnes
562 2013 597 2073 ad
623 2013 670 2092 pie
689 2012 844 2073 visendum
873 2012 1088 2091 exhortationes
1108 2032 1191 2073 ever·
1211 2063 1217 2087 ,

66 2097 154 2147 teret.
203 2088 270 2162 Qua
296 2090 332 2149 de
356 2111 388 2150 re
412 2110 545 2172 magnam
571 2088 640 2149 olim
672 2089 808 2150 invidiam
838 2088 976 2148 sustinuit
1001 2087 1192 2170 Augustinus,

67 2183 155 2241 quam
174 2164 310 2225 abstersit
329 2166 404 2226 libro
424 2164 460 2224 ds
477 2169 654 2241 correptione
671 2181 698 2225 et
713 2168 813 2242 meio
831 2165 866 2225 ad
886 2163 1089 2225 Valentinum:
1109 2164 1192 2227 euius
1251 2172 1254 2177 ’

68 2239 157 2300 lectio
177 2240 242 2321 pios
262 2260 363 2301 omnes
388 2255 418 2301 et
437 2242 546 2302 dociles
571 2240 655 2302 lacile
678 2242 818 2322 placabit:
850 2261 940 2334 pauca
967 2252 1063 2300 tamen
1088 2240 1135 2301 bic
1155 2240 1193 2301 li·

67 2314 157 2391 babo,
176 2338 250 2395 quae
264 2320 311 2394 (ut
322 2319 424 2408 spero)
444 2318 544 2397 probis
563 2329 594 2378 et
612 2339 673 2377 non
687 2318 879 2381 contentiosis
888 2316 1071 2377 satisfacient
1093 2315 1192 2390 Quen

67 2404 183 2483 apertus
202 2396 234 2452 et'
251 2393 356 2454 vocalis
381 2415 487 2473 prneco
517 2394 669 2455 electionis
696 2395 840 2475 gratuitae
869 2393 958 2453 luerit
976 2393 1097 2464 Paulus,
1123 2404 1193 2454 ante

67 2488 160 2529 mum
179 2480 236 2528 est:
257 2491 293 2530 au
314 2471 380 2530 ideo
399 2471 548 2531 monendo
569 2482 599 2530 et
619 2471 764 2531 hortando
775 2469 915 2562 frigidus?
945 2468 1111 2530 Conferant
1120 2468 1193 2530 boni

67 2545 115 2605 isti
136 2545 249 2605 zelotae
269 2546 330 2606 eius
349 2547 559 2605 vehementiam
579 2567 645 2607 cum
663 2569 730 2619 sna,
760 2546 866 2627 glacies
891 2546 923 2605 in
942 2545 1010 2622 ipsis
1030 2547 1193 2624 reperietur

69 2622 535 2759 iiisiiliilb“bilbili
536 2622 958 2760 ‘t00ll02‘tl‘1lltlllltl
962 2621 1104 2757 *lll‘tl
1108 2619 1192 2775 tlt}

70 2793 129 2852 que
147 2793 196 2834 vas
215 2742 297 2834 suuin
318 2774 462 2854 possideat
480 2775 511 2833 in
532 2774 645 2834 bonore
665 2786 739 2851 etc,
772 2774 877 2832 deinde
903 2742 1039 2834 nos'esse
1058 2772 1115 2830 Dei
1135 2771 1192 2853 fig-

68 2861 199 2909 mentum
236 2863 350 2911 creatos
369 2851 403 2911 ad
423 2850 501 2910 bona
521 2871 611 2929 opera
630 2871 703 2928 quae
723 2860 894 2928 praparant,
913 2861 946 2907 ut
965 2849 993 2907 iu
1014 2847 1070 2906 illis
1089 2847 1192 2906 ambu-
1247 2884 1257 2899 ·

71 2925 165 2985 lemus
188 2930 202 3002 (
220 2970 228 2984 .
248 2927 349 2987 Thess.
368 2934 403 2997 4,
422 2933 449 2988 4.
475 2925 692 3006 Eph.z,1o.).
735 2925 771 2984 In
796 2945 906 2984 summa
930 2927 980 3003 qui
1005 2922 1193 2983 mediocriter

70 3002 219 3062 exercitati
238 3015 305 3062 suut
330 3003 359 3061 in
380 3000 487 3076 Paulo,
512 3002 621 3082 absque
640 3000 728 3083 longa
748 3001 997 3060 demonstratione
1015 2997 1193 3081 intelligent,

49 3074 1193 3216 -ttt'ttt‘t⁰12⁰tl³illlttl⁵llltlltl‘tstettin,ltltltl

69 3229 118 3291 vel
138 3243 296 3311 praecepto
315 3230 470 3299 contraria,
489 3200 539 3289 ubi
560 3176 632 3290 diiit
649 3231 711 3308 (lo.
731 3237 760 3303 6,
778 3231 858 3307 650:
889 3228 1005 3301 „Nemo
1025 3238 1123 3306 potest
1143 3195 1194 3288 ve:

71 3307 139 3367 nire
159 3307 194 3366 ad
214 3328 272 3379 me,
295 3307 348 3366 nisi
374 3306 420 3365 cui
446 3306 544 3366 datum
564 3307 651 3366 luerit
674 3327 690 3366 a
710 3307 797 3365 Patre
821 3310 919 3366 sneo.“
949 3304 1074 3365 Cursum
1103 3303 1195 3386 igitur

69 3404 155 3444 suum
177 3382 282 3443 babeat
301 3382 488 3461 praedicatio,
508 3403 582 3461 quae
600 3383 723 3442 adducat
742 3381 874 3442 homines
892 3381 928 3440 ad
949 3381 1051 3454 tidem,
1072 3392 1101 3439 et
1120 3400 1194 3439 con-

71 3461 157 3521 tinno
179 3459 313 3538 proiectu
334 3460 362 3517 in
384 3459 596 3536 perseverantia
615 3459 773 3519 contineat.
811 3458 915 3536 Neque
935 3468 1031 3516 tamen
1051 3455 1194 3535 impedia-

70 3544 121 3596 tur
150 3534 422 3614 praedestiuatiouis
451 3536 598 3616 cognitio,
627 3534 728 3614 utqui
752 3533 896 3594 obediunt
920 3554 981 3591 nou
1000 3545 1136 3611 tanquam
1158 3530 1195 3591 dc

68 3630 127 3673 suo
145 3633 179 3671 su
203 3611 326 3682 erbiant,
345 3611 394 3670 scd
414 3610 444 3668 iu
455 3609 586 3671 Domino
627 3612 778 3671 loricntur.
816 3611 883 3668 Non
905 3610 957 3668 abs
976 3628 1009 3668 re
1029 3608 1099 3667 dicit
1108 3606 1195 3666 chri-

70 3692 165 3764 stns(
201 3686 273 3747 attb.
294 3693 342 3760 13,
360 3685 418 3763 9.):
456 3686 542 3761 „Qui
573 3631 661 3748 babet
680 3706 762 3745 aures
782 3686 918 3746 audiendi
937 3686 1063 3744 audiat“
1112 3683 1194 3765 Ergo

72 3764 143 3824 dnm
155 3761 341 3823 exhortamur
350 3774 381 3821 et
399 3763 605 3840 praedicamus,
625 3762 674 3843 qui
694 3761 810 3822 auribus
829 3760 951 3842 praediti
971 3771 1050 3833 sunt,
1067 3757 1196 3819 libenter

72 3838 232 3901 obediunt:
253 3839 384 3918 quivero
405 3850 514 3912 carent,
532 3842 564 3897 in
583 3839 638 3899 illis
657 3838 884 3918 impleturquod
903 3837 1043 3928 scriptum
1061 3834 1196 3912 est(1es.

71 3917 181 3993 6,9.):
210 3915 273 3988 „Ut
291 3915 440 3974 audientes
458 3935 518 3975 non
538 3915 683 3978 audiant.“
721 3915 808 3989 „Cur
831 3925 926 3972 autem
947 3909 1058 3990 (inquit
1077 3911 1197 4002 Augu·
1223 3942 1230 3957 ι

57 3992 227 4068 ·„stiuus)
254 3990 295 4050 illi
320 3990 458 4063 babeant,
490 3991 532 4051 illi
559 3991 638 4052 unul
669 3991 733 4070 quis
760 3991 899 4071 cognovit
922 4007 1037 4048 sensum
1056 3984 1197 4047 Domini?

72 4067 240 4145 „numquid
258 4066 326 4127 ideo
348 4068 510 4148 negandum
522 4079 565 4127 est
577 4066 656 4148 quod
676 4079 807 4147 apertum
828 4076 882 4137 est,
901 4065 968 4143 quia
987 4058 1197 4141 comprehendi

74 4163 164 4281 sati
185 4138 1197 4297 ttl‘⁶;,t⁰tl„,⁰f⁰0⁰tl¹¹t,t⁸llu“tteslttlttl‘telttltl

164 4261 175 4294 ἱ

74 4314 155 4373 mea,
182 4294 308 4379 agedum
339 4294 483 4376 prodeant
509 4297 540 4357 in
562 4296 705 4372 medinm,
733 4313 807 4375 quae
835 4292 914 4374 apud
942 4292 1037 4374 ipsum
1060 4289 1199 4375 leguntur
