2700 4732
465 200 542 262 uu.
561 199 618 261 ΠΙ.
656 196 876 263 cae.xx111.
1176 202 1264 267 158⁹
1308 268 1313 275 .

183 348 212 408 9.
250 341 340 402 Dicet
366 340 443 404 rorte
465 344 604 425 quispiam
623 362 670 404 me
695 343 826 404 nondum
844 340 990 418 attulisse,
1015 341 1094 423 qnod
1113 341 1232 403 sacrile-

107 437 176 501 gam
195 417 272 478 illam
293 420 506 479 excusationem
530 430 730 499 compesceret
752 421 841 498 (quae
860 430 903 480 est
921 430 991 480 sect
1009 418 1117 497 esu).
1163 419 1230 500 Ego

107 513 180 556 sero
200 512 238 553 ne
257 493 286 554 id
307 493 424 573 quidem
439 494 622 574 elliciposse
634 496 738 570 fateor,
751 496 827 574 quin¹
840 515 956 576 semper
974 495 1080 556 fremat
1097 495 1231 575 impietas

108 581 143 630 et
166 569 382 631 obmurmuret:
412 568 483 630 mibi
509 582 605 631 umen
632 572 731 631 dixisse
753 570 856 633 videor
880 571 959 652 quod
985 570 1024 631 ad
1046 569 1231 649 obloquendi

108 665 173 709 non
190 646 335 706 rationem
355 656 483 722 tantum,
506 648 557 708 sed
597 658 756 707 :aetertum
776 668 894 728 quoque
913 643 1097 708 adimendum
1116 646 1231 707 sulfice-

108 731 166 780 ret.
203 720 386 781 Excusabrles
408 723 560 813 peccando
577 669 684 784 baberi
708 721 816 814 volunt
843 723 977 804 reprobi,
1003 718 1083 814 'quia'
1107 722 1231 813 eradere

106 798 1230 963 ttt't‘t‘itzitta.”tttst‘tttt..tttt‘tfflttt'ttttllt„titt

108 959 169 1009 rste
187 968 329 1009 excusari:
359 949 596 1030 quandoquidem
614 950 673 1011 Dei
692 950 888 1024 ordinationi,
907 972 963 1031 qua
983 970 1014 1010 se
1033 950 1120 1010 exido
1142 948 1231 1010 desti·

106 1022 195 1084 batos
212 1037 442 1104 conqueruntur,
462 1048 513 1086 sua
531 1038 648 1089 constet
664 1026 807 1105 aequitas:
827 1027 913 1088 nobis
932 1026 1049 1106 quidem
1069 1025 1231 1107 incognita,

107 1098 162 1161 sed
181 1098 228 1160 illa
247 1101 414 1161 certissima.
464 1102 553 1163 Unde
576 1104 777 1163 constituimus
806 1101 878 1163 nibil
896 1102 962 1163 illos
985 1101 1126 1162 sustinere
1150 1100 1230 1175 mali,

153 1175 191 1236 od
211 1196 273 1236 non
296 1176 449 1238 iustissimo
469 1178 525 1238 Del
554 1176 662 1239 iudicio
692 1177 849 1314 inflipatu'r.
895 1179 1011 1239 Deinde
1041 1189 1231 1270 praepostere

130 1271 259 1342 ocemus,
277 1272 366 1334 agere
385 1254 478 1333 ipsos,
500 1254 550 1333 qui
568 1255 603 1313 ad
624 1274 750 1333 quaeren
773 1276 820 1314 am
838 1273 906 1315 suae
926 1254 1117 1314 damnationis
1137 1251 1231 1334 origi-

107 1346 189 1401 nem,
207 1349 238 1386 in
258 1328 408 1389 recondita
421 1330 509 1389 divini
521 1330 633 1391 consilii
651 1331 734 1410 adyta
753 1329 854 1391 oculos
872 1331 1042 1390 intendant:
1062 1330 1098 1391 ad
1110 1340 1231 1389 naturae

108 1403 348 1482 corruptionem,
376 1405 455 1465 unde
474 1405 522 1467 illa
540 1425 611 1465 rere
635 1405 771 1481 scaturit,
797 1407 980 1468 conniveant.
1028 1407 1113 1465 Hanc
1132 1415 1231 1465 autem

106 1499 149 1536 rm
172 1489 254 1539 utare
273 1500 311 1539 ne
329 1480 397 1542 Deo
422 1482 535 1562 possint
553 1482 667 1617 omli
679 1482 759 1572 quod
778 1502 846 1542 suae
866 1482 1008 1542 creationi
1030 1480 1231 1541 testimonium

164 1552 221 1613 dat.
259 1554 386 1616 Tametsi
406 1558 483 1616 enim
503 1569 620 1617 aeterna
669 1577 696 1618 er
716 1558 896 1638 providentia
916 1558 948 1616 in
967 1576 1046 1628 eam,
1064 1552 1113 1617 cul
1129 1556 1229 1616 sobia-

108 1640 168 1706 cet,
188 1628 376 1692 calamitatem
389 1633 523 1695 conditus
536 1644 579 1693 est
597 1631 697 1708 bomo,
717 1653 779 1694 ase
798 1634 862 1715 ipso
880 1645 978 1693 tamen
991 1635 1053 1693 eius
1071 1633 1231 1708 materiam,

108 1725 172 1766 non
190 1726 208 1767 a
224 1706 292 1767 Deo
311 1709 447 1787 sumpsit:
479 1710 594 1788 quando
624 1709 704 1769 nulla
733 1709 788 1770 alia
816 1709 930 1769 ratione
955 1709 1005 1768 sic'
1020 1709 1151 1788 perditus
1175 1718 1230 1783 est,

107 1781 167 1918 pisi
185 1783 250 1917 spoia
270 1803 285 1842 a
305 1804 377 1875 pura
396 1784 454 1844 Dei
472 1786 621 1845 creatione
639 1786 670 1846 in
688 1784 823 1846 vitiosam
844 1797 875 1845 et
892 1786 1033 1866 impuram
1053 1782 1227 1864 perversita-

105 1876 171 1917 ’ω
185 1872 385 2000 lllgeldblvlel
401 1936 486 1996 tertia
504 1936 681 1997 absurditate
701 1938 758 1996 Dei
776 1936 1069 2018 praedestinationem
1088 1933 1230 1995 infamant

108 2008 171 2069 eius
189 2010 359 2072 adversarii:
390 2032 478 2091 quum
501 2013 580 2071 enirn
606 2033 667 2073 non
692 2014 750 2074 alio
774 2013 933 2073 referamus
953 2033 1038 2092 quam
1059 2010 1094 2072 ad
1115 2011 1229 2071 divinae
1286 2028 1289 2036 ·

105 2085 431 2164 voluntatisarbitrium,
451 2088 529 2168 quod
549 2089 703 2150 universali
714 2090 801 2150 exitio
812 2089 983 2164 eximantur,
1002 2107 1076 2167 quos
1094 2088 1126 2147 in
1144 2087 1230 2168 regni

106 2161 155 2222 sni
174 2161 314 2221 haeredes
332 2164 413 2224 Deus
432 2164 565 2239 assumit,
591 2184 623 2223 ex
643 2185 679 2225 eo
700 2166 844 2247 colligunt
866 2165 942 2246 apud
962 2167 1054 2243 ipsum
1074 2182 1146 2244 ergo
1166 2181 1228 2224 esse

106 2238 310 2318 acceptionem
329 2258 534 2320 personarum:
560 2242 638 2318 quod
658 2241 768 2321 ubique
788 2241 938 2321 Scriptura
956 2260 994 2298 ne
1016 2251 1060 2300 at:
1091 2258 1162 2321 ergo
1181 2237 1228 2299 vel

106 2312 288 2392 scripturam
308 2334 369 2376 esse
388 2315 442 2376 sibi
462 2315 685 2393 dissentaneam,
704 2317 751 2378 vel
768 2318 799 2376 in
818 2317 964 2379 electione
1013 2317 1040 2376 ei
1060 2334 1122 2375 esse
1141 2314 1230 2374 meri-

105 2398 206 2449 torum
226 2403 399 2470 respectum.
435 2391 576 2466 Primum,
595 2394 652 2453 alio
671 2414 757 2486 sensp
777 2405 865 2486 negat
877 2393 1035 2485 'Scriptura
1050 2392 1147 2484 ileum
1167 2410 1230 2450 esse

105 2468 1141 2627 limidi..iiiii‘illi:nillrglidi‘lll‘llil‘‘nillil'
1155 2488 1230 2603 tt?

107 2615 145 2676 lis
164 2619 334 2699 conspicua,
363 2619 410 2678 rel
430 2619 576 2694 favorem,
607 2624 743 2704 gratiam,
775 2622 962 2704 dignitatem,
990 2619 1162 2708 conciliare²
1181 2617 1228 2679 rel

106 2692 220 2770 odium,
239 2707 450 2775 contemptum,
471 2697 595 2758 dedecus
614 2700 744 2758 conflare
762 2699 867 2759 solent.
907 2695 1014 2772 Qualia
1024 2706 1092 2755 sunt
1104 2694 1230 2766 divitiae,

108 2771 364 2905 ppettpgrpp'teptia,
378 2770 745 2907 (pobilptaspmagistratus,
764 2775 872 2864 patria,
891 2770 1231 2905 sq‘mlsll‘g'nfissie‘t

108 2866 228 2981 ...st
251 2862 563 2986 ,32¹'ttttnf‘ts
582 2862 1229 3011 ttttffit’tttt¹.³’[ttt.⁰1t'‚tofta:
1304 2950 1309 2959 ,

105 3003 140 3073 2,
153 3003 198 3063 1⁰.
218 2942 397 3079 dritta]
418 3020 607 3080 personarum
627 3022 693 3062 acce
715 3013 811 3062 torem
832 3021 893 3060 non
913 3019 974 3081 esse
993 3000 1154 3057 Dominum
1175 2995 1228 3087 do-

108 3085 193 3147 cent,
224 3075 371 3155 quianon
392 3076 537 3135 discernat
556 3079 633 3138 inter
651 3023 789 3137 Iudaeum
810 3087 840 3136 et
860 3076 1022 3148 Graecum,
1054 3093 1112 3163 quo
1138 3071 1228 3134 solius

132 3153 205 3210 entis
224 3151 340 3211 ratione
358 3152 479 3211 alterurn
499 3166 631 3234 respuat,
655 3154 845 3235 amplectatur
863 3152 996 3216 alterum.
1035 3151 1085 3209 Sic
1103 3147 1229 3209 Iacobus

107 3170 156 3360 {Z
176 3228 219 3305 5.)
237 3226 337 3286 iisdem
357 3229 454 3288 verbis
474 3230 579 3307 utitur,
609 3230 676 3289 dum
705 3231 767 3289 vult
790 3248 917 3290 asserere
937 3228 1033 3285 Deum
1059 3227 1088 3284 in
1108 3245 1161 3285 suo
1181 3225 1228 3283 iu-

133 3302 189 3361 icio
210 3303 320 3363 divitias
340 3305 410 3362 nihil
437 3306 553 3364 morari.
599 3306 832 3367 Paulus.‘autem
859 3303 916 3363 alio
940 3302 1007 3362 loco
1028 3300 1110 3379 (Col.
1129 3308 1160 3376 3,
1180 3306 1228 3365 25.

108 3376 188 3456 pr.
206 3384 233 3454 6,
252 3382 295 3456 9.)
316 3379 352 3438 de
372 3382 437 3440 Deo
457 3381 498 3439 sic
518 3382 663 3461 loquitur,
713 3382 773 3440 uod
802 3379 943 3440 libertatis
963 3389 1013 3438 aut
1030 3377 1177 3439 servitutis
1196 3377 1227 3434 in

106 3453 264 3515 iudicando
284 3456 392 3515 nullam
413 3456 679 3518 habeatrationem.
730 3457 832 3517 roinde
852 3455 922 3514 nibil
944 3455 1151 3546 repugnantiae
1161 3453 1230 3527 erit,

106 3530 134 3592 si
154 3530 295 3605 dicemus,
328 3532 423 3590 Deum
441 3535 598 3593 secundum
623 3534 796 3614 beneplaciti
815 3532 858 3592 sui
882 3532 1034 3592 arbitrium
1066 3529 1174 3610 eligere
1193 3528 1227 3587 in

108 3604 202 3681 lilios,
230 3607 312 3668 nullo
337 3608 459 3684 merito,
478 3629 550 3686 quos
570 3612 660 3669 visum
680 3609 785 3683 fuerit,
816 3608 878 3668 aliis
898 3608 1011 3667 reiectis
1030 3627 1064 3666 ac
1082 3603 1227 3685 reproba·

106 3682 155 3743 tls.
172 3719 211 3733 -
249 3683 307 3744 [les
336 3697 433 3744 tamen
465 3687 506 3744 sic
531 3687 665 3766 explicari
688 3698 801 3766 potest,
830 3697 863 3743 ut
887 3684 1000 3762 plenius
1018 3680 1137 3741 satisfiat
1155 3678 1228 3769 [vid.

71 3788 80 3795 -
106 3759 233 3840 August.
254 3779 270 3818 e
292 3762 337 3821 ist.
355 3767 420 3825 105.
440 3772 470 3820 et
489 3761 538 3820 lib.
551 3769 579 3826 2.
598 3763 633 3821 ad
653 3761 751 3822 Bonis.
770 3781 831 3839 cap.
851 3762 902 3840 7.].
941 3759 1098 3832 Quaerunt
1117 3777 1166 3835 qur
1178 3754 1229 3814 fiat

105 3845 186 3894 utex
206 3782 331 3914 duodus,
350 3857 421 3917 quos
441 3836 552 3897 nullum
571 3837 705 3898 meritum
719 3837 905 3911 discriminat,
923 3834 1046 3895 alterum
1064 3841 1229 3912 praetereat

105 3912 140 3971 in
160 3910 306 3974 electione
324 3935 387 3989 sua,
406 3912 528 3973 alterurn
552 3926 676 3994 apsumat
694 3914 783 3972 Deus.
826 3913 890 3994 Ego
910 3909 1035 3970 vicissim
1060 3928 1153 3989 rogo,
1172 3928 1228 3986 pu·
1254 3932 1260 3943 ·

105 3998 212 4047 tentne
237 3991 266 4047 in
293 4008 329 4049 eo
353 3990 402 4069 qui
431 3992 583 4050 assumitur
608 4010 670 4049 esse
688 3989 811 4068 aliquid,
841 3988 919 4067 quod
945 3986 1003 4046 Dei
1032 3985 1159 4051 animum
1190 3981 1238 4042 ad'

107 4064 120 4121 i
143 4084 204 4123 sum
228 4063 357 4125 inclinet.
407 4064 440 4123 Si
464 4065 535 4125 nihil
561 4066 731 4126 fatebuntur
753 4065 848 4145 (quod
862 4082 985 4124 necesse
1005 4063 1063 4136 est)
1087 4069 1227 4137 sequetur

142 4158 207 4199 eum
227 4162 288 4201 non
308 4140 456 4201 bominem
475 4142 596 4216 intueri,
625 4142 676 4200 sed
696 4163 712 4200 a
732 4161 782 4200 sua
802 4140 934 4200 bonitate
952 4138 1097 4203 rationem
1116 4146 1230 4214 petere,

111 4235 165 4274 cur
182 4215 223 4276 illi
243 4217 417 4277 benefaciat.
467 4218 559 4292 Quod
582 4218 672 4300 igitur
697 4217 843 4279 hominem
862 4236 953 4276 unum
971 4211 1054 4293 eligit
1070 4211 1169 4286 Deus,
1186 4210 1229 4268 al·

110 4303 178 4354 tero
197 4294 319 4371 reiecto,
337 4294 368 4356 id
388 4313 448 4357 oon
467 4296 604 4376 provenit
622 4293 658 4356 ab
678 4293 803 4356 bomiri:
822 4303 967 4375 respectu,
983 4290 1034 4355 sed
1051 4308 1070 4353 a
1087 4285 1151 4351 sola
1167 4284 1229 4349 eius
