2700 4732
10 212 14 225 '
43 260 64 271 -
103 232 145 298 ’18
507 225 585 289 tm.
602 225 628 289 l.
669 227 760 291 CAP.
779 228 833 291 XI.

81 370 196 445 ‚iubas
219 388 322 433 omnes
342 390 468 449 quorum
492 371 646 435 simulacra
668 374 814 447 visuntur.
856 372 921 433 Nec
944 371 1030 433 aliter
1047 367 1241 455 Augustinus,

148 449 278 509 isecure
297 448 470 526 pronuntiat
488 449 569 511 uelas
589 468 652 511 esse
671 470 733 511 uon
752 449 844 509 modo
862 448 987 509 adorare
1005 448 1167 523 simulacra,
1186 451 1239 513 sed

137 545 174 585 eo
194 524 352 584 collocare.
390 523 436 583 Ne
457 544 495 585 ue
519 536 616 586 umen
637 523 716 585 eliud
737 526 825 600 dicit,
844 547 931 606 quam
951 526 1031 605 quod
1051 526 1149 586 multis
1168 538 1239 587 aute

105 601 189 663 anuis
208 600 238 660 in
259 600 398 661 Concilio
419 546 586 662 Elibertino
606 602 756 663 decretum
777 601 886 661 luerat:
907 601 987 662 cuius
1007 601 1064 662 boc
1084 613 1129 663 est
1147 603 1239 663 trice·

105 679 211 741 simum
230 690 340 739 sextum
360 699 392 736 ca
416 689 464 751 ut,
482 678 618 752 „Placuit
637 679 667 739 io
688 676 802 758 templis
822 698 883 737 nou
902 676 1006 738 haberi
1046 677 1167 738 ictum:
1198 696 1241 739 ue

105 753 208 835 „quod
227 752 335 813 colitur
352 699 561 814 veladoratnr
579 755 611 814 iu
631 755 789 835 parietibus
814 756 980 836 pingatur.“
1017 698 1077 814 ded
1097 754 1239 833 imprimis

105 829 297 904 memorabile
317 830 396 911 quod
416 849 450 891 ex
471 831 606 891 Varrone
625 831 695 891 alibi
716 832 786 892 citat
804 831 881 891 idem
902 832 946 889 hu
988 831 1098 903 stinus,
1126 848 1240 911 suaque

105 906 323 987 subscriptione
340 906 508 968 confirmata
527 906 612 982 „Qui
632 907 717 989 prirni
737 907 860 969 deornm
886 907 961 966 simu
972 928 1038 967 aera
1051 906 1240 984 induxerunt,

106 1003 187 1059 „eos
211 996 242 1043 et
265 995 374 1043 metum
399 983 556 1064 dempsisse
580 995 610 1043 et
636 1004 767 1044 errorem
792 984 970 1047 addidisse.“
1022 985 1088 1044 lloc
1107 983 1132 1043 si
1155 982 1239 1045 solus

105 1063 203 1121 Varro
216 1060 340 1134 diceret,
359 1081 461 1140 parurn
481 1059 603 1120 fortasse
623 1060 745 1121 baberet
759 1061 954 1121 auctoritatis:
976 1059 1119 1154 pudorem
1137 1070 1238 1121 umen

105 1138 195 1202 nobis
214 1138 321 1199 merito
344 1137 478 1198 incutere
503 1136 641 1211 deberet,
671 1136 751 1217 quod
782 1136 871 1196 bomo
896 1136 1057 1212 bithenus,
1091 1136 1173 1216 quasi
1203 1135 1238 1197 in

105 1213 237 1276 tenebris
257 1211 376 1292 palpans
395 1211 430 1273 ad
451 1212 526 1272 hanc
546 1213 640 1272 lucem
660 1214 836 1305 pervenerit,
856 1212 924 1273 ideo
943 1213 1077 1295 indignas
1096 1231 1158 1272 esse
1177 1211 1240 1272 Dei

105 1285 255 1351 maiestate
274 1308 433 1369 corporeas
453 1288 604 1370 imagines,
623 1311 690 1369 quia
709 1301 820 1348 metum
839 1288 901 1350 eius
921 1289 1085 1349 diminuant
1107 1286 1239 1350 homini·

49 1426 58 1449 Ι
106 1367 172 1440 bns,
192 1385 383 1446 erroremque
401 1385 460 1446 aug
496 1378 538 1429 nt.
581 1365 640 1427 lles
664 1377 745 1427 certe
771 1367 832 1446 ipsa
857 1377 982 1426 testatur
999 1385 1069 1425 vere
1095 1364 1152 1425 boc
1173 1384 1237 1424 uon

105 1443 201 1504 miuus
227 1462 312 1521 quam
339 1442 451 1521 prodeo
466 1462 500 1501 er
525 1441 613 1503 fuisse
639 1442 764 1502 dictum:
791 1442 843 1504 sed
862 1442 1044 1521 Augustinus
1063 1461 1080 1501 a
1099 1442 1239 1501 Varrone

105 1530 253 1580 mutuatus
275 1529 414 1599 tanquam
435 1537 469 1577 ex
487 1538 541 1578 suo
561 1539 647 1579 sensu
666 1517 790 1597 profert.
831 1520 877 1580 Ac
900 1520 1026 1599 primum
1045 1517 1165 1598 quidem
1184 1516 1239 1577 ad-

105 1607 219 1670 monet,
238 1595 348 1676 primos
368 1595 405 1653 de
417 1594 483 1654 Deo
505 1613 630 1668 errores,
650 1594 756 1675 quibus
776 1594 908 1655 homines
922 1606 991 1655 sunt
1009 1594 1156 1676 impliciti,
1173 1612 1239 1653 nou

106 1672 239 1751 coepisse
267 1692 284 1731 a
314 1671 491 1745 simulacris,
527 1671 576 1731 sed
607 1685 683 1732 nova
712 1672 832 1731 materia
861 1672 1064 1751 superaddita,
1100 1669 1239 1731 crevisse.

105 1749 223 1808 Deinde
247 1748 315 1809 ideo
339 1747 472 1807 imminui
491 1759 543 1807 sut
572 1748 658 1808 etiam
683 1746 749 1808 tolli
773 1749 831 1807 ltei
856 1748 992 1808 timorem
1016 1749 1242 1826 interpretetur,

107 1825 174 1905 qnia
194 1824 279 1885 lacile
299 1825 391 1905 possit
410 1824 471 1884 eius
492 1844 601 1884 numen
626 1824 656 1884 in
683 1824 905 1885 simulacrorum
928 1824 1049 1885 stultitia
1074 1823 1240 1902 ineptoque

107 1914 138 1962 et
157 1900 284 1961 absurdo
304 1902 445 1982 figmento
465 1901 631 1961 contemni:
656 1901 736 1981 quod
755 1901 933 1975 secundum,
959 1901 1070 1960 utinam
1096 1921 1157 1959 uon
1176 1910 1241 1960 tan

105 1999 207 2041 verum
228 1997 290 2038 esse
311 1979 516 2056 experiremur.
557 1979 698 2057 Quisquis
711 1998 782 2058 ergo
804 1978 859 2036 rite
872 1977 972 2037 doceri
992 1978 1100 2058 cupiet,
1119 1976 1241 2037 aliunde

105 2076 192 2137 quam
212 2074 245 2115 ex
263 2053 422 2115 simulacris
443 2054 532 2114 discat
551 2055 632 2135 quod
652 2054 689 2114 de
707 2056 775 2114 Deo
795 2053 946 2114 sciendum
967 2066 1018 2115 est.

183 2137 212 2196 7.
253 2131 356 2204 Quare
375 2130 485 2208 siquid
507 2131 612 2191 lrootis
632 2129 741 2191 babent
759 2130 903 2212 Papistae,
923 2150 962 2189 ne
981 2129 1103 2210 posthac
1123 2128 1185 2191 eliu
1207 2130 1241 2192 'b

106 2210 165 2269 isto
184 2219 315 2279 utantur,
334 2206 425 2267 libros
446 2226 508 2265 esse
527 2207 684 2268 idiotarum
704 2208 857 2290 imagines,
877 2207 957 2286 quod
977 2220 1037 2266 tam
1049 2219 1150 2287 aperte
1170 2229 1255 2288 pu·-

106 2286 187 2345 ribus
207 2283 376 2363 Scripturae
400 2283 574 2343 testimoniis
600 2282 755 2343 refellitur.
795 2284 925 2343 Tametsi
945 2295 978 2343 ut
1004 2284 1061 2344 hoc
1085 2282 1140 2343 illis
1165 2304 1242 2345 con·

107 2361 224 2435 cedam,
244 2379 282 2418 ne
308 2359 349 2420 sic
369 2359 485 2437 quidem
510 2359 633 2420 multum
654 2360 836 2439 profecerint
854 2381 909 2440 pro
929 2359 1016 2422 idolis
1034 2360 1092 2421 suis
1111 2361 1241 2426 tuendis.

107 2436 281 2499 Cuiusmodi
309 2446 447 2516 portenta
477 2457 532 2516 pro
554 2437 620 2496 Deo
652 2436 812 2497 obtrudant
836 2448 939 2497 notum
967 2448 1020 2497 est.
1064 2437 1145 2510 Quas
1164 2458 1240 2499 vero

106 2517 211 2576 sanctis
232 2512 358 2593 picturas
378 2511 424 2571 vel
443 2525 550 2572 statuas
572 2513 680 2588 dicant,
700 2513 768 2593 quid
789 2526 857 2574 sunt
878 2514 931 2574 nisi
951 2513 1137 2593 perditissimi
1155 2512 1241 2577 luxus

106 2603 138 2651 et
157 2589 367 2650 obscoenitatis
387 2589 578 2671 exemplaria?
597 2590 634 2649 ad
654 2612 729 2669 quae
748 2590 772 2649 si
792 2590 855 2668 quis
874 2592 1002 2651 lormare
1021 2610 1053 2650 se
1071 2589 1172 2666 vellet,
1191 2591 1240 2650 su-

106 2666 216 2728 stuario
228 2665 332 2747 diguus
352 2668 397 2725 sit.
437 2667 580 2746 Equidem
600 2666 747 2746 lupanaria
766 2666 898 2746 pudicius
920 2680 950 2726 et
969 2667 1127 2727 modestius
1147 2667 1241 2729 cultas

106 2743 275 2804 meretrices
296 2743 472 2815 ostendunt,
494 2764 511 2822 q
535 2765 580 2803 am
601 2754 658 2802 tem
683 2743 709 2802 la
730 2763 777 2802 eas
798 2764 867 2822 quas
888 2743 990 2804 volunt
1013 2746 1126 2803 censeri
1144 2744 1242 2827 virgi·

107 2842 178 2880 uum
204 2819 355 2901 imagines.
398 2765 575 2901 hlartyribus
604 2764 696 2879 nihilo
726 2820 924 2879 decentiorem
955 2821 1070 2901 fingunt
1096 2819 1239 2883 habitum.

106 2899 299 2977 (iompooant
319 2915 389 3032 ergo
409 2917 461 2956 sua
485 2897 565 2956 idola
585 2895 630 2956 vel
656 2897 691 2955 ad
717 2896 863 2955 modicum
887 2897 987 2957 saltem
1012 2897 1173 2976 pudorem,
1205 2908 1242 2959 ut
1266 2926 1270 2951 ι

107 2974 196 3053 paulo
216 2993 345 3032 verecuu
369 2976 411 3034 ius
431 2975 610 3033 mentiantur
633 2972 752 3032 alicuius
778 2973 935 3033 sanctitatis
955 2974 1045 3032 libros
1067 2993 1138 3033 esse.
1177 2973 1241 3035 Sed

106 3064 170 3110 tum
191 3069 310 3128 quoque
330 3049 582 3129 respondebimus,
602 3070 664 3108 non
686 3049 759 3109 hanc
780 3051 890 3109 esseio
911 3052 999 3110 sacris
1018 3049 1090 3109 locis
1111 3050 1241 3111 docendi
1255 3090 1271 3121 ,ι

68 3152 71 3157 ·
105 3126 200 3185 fidelis
220 3124 322 3217 populi
342 3126 504 3186 rationem:
530 3147 616 3207 quem
638 3125 728 3208 longe
747 3127 802 3185 alis
821 3126 953 3187 doctrina
974 3148 1060 3205 quam
1086 3127 1146 3186 istis
1165 3146 1242 3186 uae-

107 3203 162 3262 niis
187 3202 247 3260 ittrc
270 3201 383 3261 institui
403 3202 465 3262 vult
483 3203 574 3263 Deus.
618 3204 653 3261 ln
675 3202 756 3262 verbi
782 3205 826 3263 sui
852 3202 1070 3283 praedicatione
1096 3215 1126 3263 et
1149 3203 1242 3265 sacris

106 3278 251 3359 mysteriis
272 3299 458 3338 communem
490 3278 551 3338 illic
578 3279 714 3338 omnibus
741 3279 903 3339 doctrinam
929 3280 1057 3359 proponi
1080 3279 1176 3340 iussit:
1208 3280 1242 3340 io

106 3376 193 3434 quam
234 3374 314 3414 arum
334 3353 436 3414 sedulo
456 3354 601 3415 intentum
621 3355 677 3416 sibi
697 3356 824 3415 animum
845 3377 907 3414 esse
927 3356 1067 3436 produnt,
1086 3354 1244 3434 quioculis

109 3431 146 3490 ad
166 3376 244 3491 idola
265 3431 491 3511 contemplanda
512 3434 757 3511 circumaguntur.
797 3432 882 3505 Quos
903 3453 974 3512 ergo
985 3444 1093 3492 vocant
1104 3433 1244 3512 Papistae

107 3509 226 3582 idiotas,
246 3516 371 3587 quorum
392 3508 501 3568 ruditas
520 3507 589 3567 solis
610 3508 784 3589 imaginibus
797 3509 897 3568 doceri
914 3509 1071 3568 sustineat?
1100 3510 1163 3569 llos
1183 3510 1244 3569 sci·

108 3584 193 3656 licet,
224 3605 298 3663 quos
328 3604 383 3663 pro
407 3586 465 3644 suis
492 3584 638 3664 discipulis
666 3585 800 3665 agnoscit
818 3585 977 3645 Dominus:
1010 3605 1084 3663 quos
1104 3585 1243 3647 coelestis

108 3680 177 3719 suae
198 3660 400 3794 philosophiae
421 3660 600 3719 revelatione
620 3662 772 3742 dignatur:
800 3684 872 3741 quos
892 3661 1064 3721 salutaribus
1089 3663 1176 3752 regni
1195 3663 1244 3724 sui

107 3737 252 3815 mysteriis
272 3748 334 3797 sut
353 3735 470 3795 erudiri.
508 3737 619 3801 Fateor
646 3738 777 3817 quidem,
802 3750 835 3796 ut
854 3759 901 3797 res
928 3738 1032 3815 habet,
1057 3737 1146 3798 bodre
1178 3758 1245 3801 esse

50 3852 53 3857 -
109 3833 171 3872 uon
193 3832 300 3892 paucos
318 3813 369 3947 gui
388 3811 494 3872 talibus
518 3813 602 3873 libris
623 3834 723 3873 carere
744 3826 901 3893 nequeant.
946 3815 1006 3874 Sed
1031 3816 1110 3874 unde
1130 3836 1243 3893 quaeso

107 3887 217 3949 isthaec
237 3890 314 3968 stupi
337 3890 401 3962 itas,
422 3889 476 3949 nisi
497 3889 576 3969 quod
598 3910 630 3949 ea
651 3890 783 3950 doctrina
802 3890 982 3965 intrudantur,
1003 3911 1076 3971 quae
1096 3892 1157 3951 sola
1178 3904 1245 3953 erat

27 4012 31 4025 ,
108 3967 144 4023 ad
166 3986 217 4025 eos
238 3964 406 4025 formandos
426 3964 552 4026 idonea?
590 3967 694 4045 Neque
719 3967 872 4026 enim-alia
892 3967 929 4026 dc
954 3988 1054 4042 causa,
1085 3968 1134 4059 qui
1155 3989 1245 4048 prae-

108 4055 194 4101 erant
213 4041 351 4117 ecclesiis,
370 4042 559 4123 resignarunt
576 4042 661 4102 idolis
682 4042 808 4103 docendi
826 4045 914 4116 sices,
933 4044 988 4104 nisi
1008 4045 1075 4123 quia
1093 4044 1148 4123 rpsi
1168 4044 1246 4106 muti

109 4130 202 4177 erant.
242 4117 391 4178 Christum
410 4139 479 4179 vera
489 4118 642 4201 Evangelii
661 4119 878 4198 praedicatione
891 4119 1027 4203 depingi,
1047 4132 1078 4180 et
1097 4121 1245 4200 quodam-

107 4192 199 4252 modo
232 4193 271 4253 ob
303 4194 406 4255 oculos
436 4207 554 4256 nostros
584 4196 715 4278 crucifigi
746 4207 870 4256 testatur
899 4196 1006 4256 Paulus
1032 4195 1114 4275 (Gal.
1134 4202 1171 4273 3,
1189 4200 1247 4276 1.)-

110 4267 262 4342 Quorsum
281 4269 373 4352 igitur
382 4270 524 4331 attinebat
535 4283 581 4333 tot
599 4273 704 4352 passim
724 4270 754 4330 iu
774 4283 832 4330 tem
856 4271 889 4333 lis
901 4294 1001 4333 cruces
1014 4273 1100 4355 erigi,
1121 4271 1249 4355 ligneas,

107 4342 410 4429 lapideas,argenteas
429 4361 459 4409 et
478 4369 589 4427 aureas,
607 4349 632 4411 si
644 4347 741 4430 probe
760 4349 818 4410 eth
842 4349 926 4410 cliter
944 4348 1015 4410 illud
1035 4348 1250 4429 inculcaretur,
