2700 4732
109 191 149 259 ‘l‘l
524 188 601 253 tttt.
621 189 647 252 1.
687 187 777 254 CAP.
795 190 833 251 Χ.

108 334 240 417 pretium
259 334 440 414 expendere,
465 334 584 416 ecquid!
603 354 635 396 se
653 334 741 395 talem
760 332 907 394 Dominus
931 333 963 394 in
983 332 1135 415 Scriptura
1159 333 1250 395 nohis

111 421 329 493 repraesentet,
359 410 475 492 qualern
493 414 524 472 in
545 412 684 492 operibus
712 411 773 474 suis
796 409 953 484 delineari,
983 412 1064 491 prius
1082 412 1174 472 visum
1193 422 1251 472 est.

111 487 217 570 Longa
236 499 318 549 certe
337 488 474 559 materia,
497 489 522 549 si
543 489 607 569 quis
632 488 663 547 iu
683 506 717 547 ea
738 485 908 568 diligentius
926 487 1078 547 tractanda
1097 488 1250 549 immorari

112 564 192 625 velit
231 566 273 623 ttt
291 584 347 646 ego
368 564 450 625 velut
468 564 594 625 indicem
615 564 804 645 proposuisse
823 574 982 623 contentus
1003 583 1071 636 ero,
1099 585 1159 644 quo
1179 585 1249 625 nso-

112 641 196 705 nitae¹
214 641 278 719 piae
298 653 428 714 mentes,
461 641 531 721 quid
553 636 733 720 potissimum
753 640 784 698 in
804 639 964 719 Scriptnris
984 638 1021 698 de
1041 640 1108 701 Deo
1128 640 1250 700 investi·

112 716 241 799 gundum
261 716 313 790 sit,
344 718 517 807 norint,·et
536 719 572 777 ad
593 728 705 805 certum
732 716 794 775 eius
820 716 1014 796 inquisitionis
1034 736 1154 795 scopum
1174 717 1249 777 diri-

112 804 235 948 etttt
254 784 406 929 title
421 791 1250 949 otuuestettteassumente

113 944 189 1005 filios
210 946 261 1024 qui
281 944 379 1007 hostes
399 960 499 1021 crant,
526 945 708 1026 Redemptor
726 947 784 1004 iam
802 956 875 1005 tunc
893 945 1042 1025 apparuit:
1075 965 1128 1005 nos
1147 954 1247 1005 entem

114 1021 210 1082 adhuc
229 1021 260 1080 in
280 1042 313 1082 ca
339 1023 444 1083 notitia
463 1044 631 1094 versamur,
671 1041 723 1081 uae
748 1022 779 1081 in
804 1021 905 1080 muudi
936 1021 1086 1081 creatione
1104 1020 1249 1097 subsistit,

113 1117 211 1179 neque
230 1098 362 1158 ascendit
380 1099 416 1158 ad
438 1098 588 1159 Christum
606 1044 810 1158 hichiatorem.
862 1098 925 1157 Etsi
948 1109 1045 1157 autern
1070 1096 1249 1178 paulopost

114 1175 257 1254 quosdam
278 1175 612 1236 exNovoTestamento
634 1172 716 1234 locos
736 1176 826 1234 citare
846 1174 1096 1253 operaepretium
1117 1172 1173 1233 erit
1191 1174 1250 1253 (si-

113 1251 174 1311 cuti
194 1249 280 1310 etiam
301 1251 368 1310 inde
389 1263 420 1310 et
439 1254 569 1332 potentis
582 1251 639 1310 Dei
652 1250 813 1324 Creatoris,
834 1262 863 1309 et
883 1250 1064 1330 providentia
1082 1250 1115 1309 in
1134 1250 1268 1329 primae·

109 1339 235 1387 natissae
254 1328 476 1388 conservatione
496 1327 653 1408 probatur)
672 1326 798 1387 lectores
817 1339 914 1386 tamen
934 1328 1063 1386 monitos
1075 1325 1155 1400 volo,
1174 1326 1248 1405 quid

113 1423 226 1463 nunca
251 1423 300 1462 ere
320 1403 390 1463 mihi
411 1406 594 1485 propositum
613 1404 666 1476 sit,
699 1422 738 1461 ne
757 1403 830 1462 fines
849 1403 905 1461 sibi
926 1405 1120 1483 praescriptos
1139 1401 1249 1464 transi·

70 1524 73 1529 .
113 1477 201 1539 liant:
227 1422 355 1558 denique
374 1492 477 1540 tenere
497 1481 527 1539 in
548 1479 712 1561 praesentia
732 1479 871 1553 sufficiat,
897 1478 1047 1558 quomodo
1069 1480 1148 1538 Deus
1168 1478 1249 1541 coeli

114 1567 146 1615 et
169 1567 265 1617 terrae
290 1556 388 1636 opilex
412 1558 552 1617 mundum
578 1579 594 1618 a
618 1577 649 1617 se
670 1558 821 1616 conditum
840 1556 997 1635 gubernet.
1046 1555 1153 1615 Passim
1171 1576 1248 1617 vero

114 1631 282 1693 celebratur
306 1645 337 1692 et
361 1646 481 1712 paterna
506 1636 568 1693 eius
593 1633 726 1705 bonitas,
758 1645 788 1692 et
812 1636 945 1692 voluntas
965 1631 1000 1692 sd
1021 1631 1248 1693 beneficentiam

112 1708 266 1788 proclivis:
297 1721 327 1770 et
346 1710 476 1789 exempla
494 1710 650 1769 traduntur
668 1708 842 1782 severitatis,
874 1729 949 1788 quae
976 1714 1083 1768 iustum
1102 1707 1249 1768 scelernm

111 1783 241 1846 ultorem
265 1806 327 1846 esse
347 1787 521 1864 ostendunt,
545 1786 715 1867 praesertim
741 1785 792 1845 uhi
811 1785 968 1846 tolerantia
993 1805 1043 1847 sua
1064 1796 1169 1860 contra
1187 1784 1249 1847 ob·
1275 1794 1278 1799 '

112 1859 238 1923 slinatos
257 1861 331 1922 nihil
352 1864 479 1942 prolicit.

189 1945 219 2003 2·
261 1939 357 2000 Certis
381 1938 499 2019 quidem
523 1939 597 2001 locis
621 1938 765 2000 dilucidae
795 1939 888 2031 magis
915 1937 1127 2017 descriptiones
1158 1936 1250 2002 nobis

111 2028 336 2095 proponuntur,
368 2016 472 2096 quibus
496 2021 637 2079 eleorssoir
655 2016 770 2078 visenda
791 2016 944 2076 exhibetur
962 2035 1099 2097 germana
1119 2015 1181 2075 eius
1201 2014 1250 2077 la-

113 2091 182 2151 cies.
232 2093 306 2152 Nem
334 2114 423 2172 quum
450 2112 513 2152 eam
539 2092 719 2153 describeret
743 2094 856 2168 Moses,
886 2093 1001 2151 videtur
1024 2112 1093 2150 sane
1116 2091 1252 2153 voluisse

112 2165 243 2228 breviter
263 2170 514 2248 comprehendere
540 2170 679 2249 quicquid
710 2169 746 2229 de
778 2169 841 2249 ipso
871 2168 995 2248 intelligi
1015 2165 1051 2225 eb
1077 2168 1250 2231 hominibus

112 2242 156 2303 ias
176 2256 265 2304 esset:
285 2245 433 2320 „1ehova,
452 2246 548 2325 inquit
566 2246 674 2323 (Exod.
693 2252 742 2321 34,
762 2252 816 2321 6.)‚
836 2246 961 2320 lehova‚
981 2245 1061 2303 Deus
1080 2245 1249 2307 misericors

110 2320 334 2395 „et·clernens,
355 2322 484 2400 patiens,
503 2334 533 2382 et
552 2323 659 2382 multae
679 2322 888 2395 miserationis,
907 2344 941 2382 ac
960 2342 1058 2395 verax,
1078 2321 1128 2400 qui
1147 2333 1251 2383 custo·
1270 2354 1275 2369 ·

110 2395 182 2472 ,dis
210 2397 439 2459 misericordiam
464 2400 495 2457 in
520 2397 627 2473 millia,
658 2399 707 2479 qui
735 2399 833 2459 aufers
858 2399 1045 2478 iniquitatem
1070 2410 1100 2456 et
1123 2396 1249 2474 scelera,

111 2473 216 2554 „apud
237 2494 324 2553 quem
344 2475 487 2535 innocens
511 2496 574 2535 non
599 2477 656 2535 crit
673 2478 832 2548 innocens,
864 2476 913 2555 qui
939 2474 1034 2534 reddis
1059 2472 1248 2553 iniquitaten

110 2561 251 2627 „patrem
271 2550 336 2611 filiis
356 2572 390 2612 ac
410 2551 605 2632 nepotibus.“
647 2552 704 2612 Ubi
724 2552 984 2611 animadvertamus
1003 2550 1065 2609 eius
1084 2551 1249 2612 aeternite-

111 2636 172 2684 tem
192 2631 240 2681 acl
256 2628 421 2697 advocetur,
452 2627 608 2710 magnifico
629 2628 681 2689 illo
702 2627 824 2688 nomine
844 2628 888 2688 his
909 2627 1048 2718 repetito,
1066 2626 1247 2716 praedicaris

111 2699 466 2765 deindecommemorari
496 2707 557 2764 eius
582 2706 719 2780 virtutes,
745 2704 850 2783 quibus
874 2703 960 2763 nobas
981 2702 1158 2762 describitur*
1180 2724 1247 2767 non

110 2777 174 2857 quis
194 2778 233 2838 sit
251 2780 326 2858 apud
346 2799 387 2855 se,
407 2779 458 2841 sed
471 2778 561 2861 qualis
582 2802 650 2863 erga
671 2803 735 2856 nos,
756 2793 788 2840 ut
808 2781 859 2842 ista
881 2781 941 2839 eius
961 2779 1073 2861 agnitio
1093 2780 1159 2839 vivo
1179 2800 1247 2841 rnn-

26 2878 29 2883 ·
109 2855 155 2936 gis
174 2873 272 2928 sensu,
292 2877 377 2935 quam
389 2877 478 2918 vacua
498 2870 530 2918 et
548 2858 706 2919 meteorica
726 2856 927 2936 speculatione
947 2868 1072 2916 constet.
1110 2856 1250 2919 Virtutes

108 2949 203 3011 porco
223 2932 336 2992 easdem
356 2932 403 2993 hic
424 2934 589 2996 enumerari
609 2934 756 3008 audimus,
779 2955 850 3013 quas
869 2932 1033 2994 notavimus
1052 2932 1084 2991 in
1104 2931 1193 2993 coeln
1212 2944 1248 2995 et

108 3018 188 3068 terre
198 3006 344 3069 relucere:
364 3008 560 3085 clementiam,
579 3009 753 3086 honitatem,
772 3009 1010 3082 misericordiam,
1029 3007 1177 3085 iustitiam,
1195 3008 1247 3071 in·

110 3082 229 3160 dicium,
249 3084 411 3145 veritatem.
449 3087 525 3147 Nam
543 3087 635 3146 virtus
655 3099 686 3146 et
705 3086 838 3167 potentia
857 3085 911 3146 rub
932 3084 1016 3145 titulo
1030 3084 1150 3144 Elohim
1168 3106 1246 3147 con·

108 3161 232 3229 tinctus,
269 3161 376 3222 Iisdem
397 3162 485 3222 etiam
505 3163 643 3242 epithetis
662 3163 743 3222 illum
763 3165 817 3222 insi
840 3163 925 3222 niunt
944 3162 1003 3221 Pro
1028 3162 1127 3235 hetae,
1151 3182 1246 3241 quum

108 3235 145 3297 nd
166 3236 286 3316 plenum
306 3236 410 3298 volunt
429 3250 561 3299 sanctum
582 3240 643 3299 eius
663 3259 772 3298 nomen
793 3183 947 3298 ilhrstrare.
1020 3258 1037 3296 e
1057 3238 1148 3297 multa
1167 3257 1247 3299 con·

108 3331 213 3407 perere
233 3333 383 3394 cogamur,
402 3316 432 3373 in
453 3317 616 3396 praesentia
637 3315 723 3375 nohis
743 3314 873 3374 Psalmus
892 3336 966 3374 unus
987 3315 1084 3393 (l-lb)
1104 3314 1246 3375 sulficiatr

107 3411 139 3449 sn
182 3409 221 3450 uo
246 3401 303 3449 tam
331 3403 430 3449 exacte
455 3412 564 3451 summa
592 3393 723 3451 omniurn
755 3394 815 3450 eius
835 3390 973 3450 virtutum
997 3402 1182 3465 recensetur,
1208 3401 1247 3454 ut

107 3410 180 3526 nihii
201 3467 339 3526 omissum
358 3464 451 3527 videri
470 3481 568 3546 queat
616 3468 654 3526 Et
681 3467 752 3526 nihil
780 3480 879 3527 tanuen
905 3466 964 3526 illic
992 3467 1129 3546 ponitur,
1161 3468 1246 3547 qnod

106 3562 170 3601 non
190 3543 278 3603 liceat
296 3545 327 3601 in
347 3545 488 3604 creaturis
512 3545 722 3623 contemplari:
756 3544 829 3604 adeo
855 3543 940 3602 talem
965 3544 1121 3616 sentimus,
1153 3563 1246 3623 expe-

107 3619 214 3679 rientis
231 3618 379 3699 magistra,
398 3619 507 3695 Deum,
528 3620 643 3700 qualem
660 3642 690 3681 se
705 3620 806 3680 Verbo
818 3619 954 3679 declarat.
975 3619 1062 3699 Apud
1075 3620 1246 3699 ieremiam,

105 3694 158 3755 uhi
178 3694 351 3773 pronuntiat
363 3696 454 3775 qualis
475 3698 594 3778 agnosci
615 3717 631 3755 a
652 3696 739 3757 nobis
750 3698 829 3770 velit,
849 3696 1077 3849 descriptionem
1099 3698 1247 3790 proponit

105 3791 168 3830 non
189 3771 227 3831 ita
248 3770 375 3851 plenam,
394 3772 445 3835 sed
464 3773 569 3834 eodem
591 3774 677 3852 plone
698 3774 890 3833 recidentem:
910 3816 931 3848 „
973 3776 1001 3831 ui
1021 3772 1175 3851 gloriatur,
1195 3794 1246 3833 rn-

106 3847 197 3926 „quit
216 3849 290 3928 (ler.
308 3854 339 3922 9,
358 3851 434 3926 hb),
452 3850 481 3908 in
503 3849 560 3915 boc
576 3849 740 3942 glorietur,
762 3850 841 3928 quod
862 3870 910 3908 sne
930 3853 1047 3909 noverit
1067 3848 1247 3925 Dominum,

106 3924 185 4001 „qui
206 3924 283 3985 sacio
303 3924 549 4000 misericordiam,
574 3926 729 4000 iudicium,
756 3939 786 3987 et
806 3926 943 3989 iustitiam
964 3927 994 3985 lu
1014 3930 1128 3986 terra.“
1168 3925 1245 3991 Tria

104 4011 186 4060 certe
203 4001 275 4061 haec
287 4000 418 4080 apprime
431 4001 518 4062 nobis
533 4003 655 4085 cognitu
675 4013 743 4063 sunt
754 4003 931 4063 necessaria:
952 4001 1164 4075 Misericordia,
1184 4024 1246 4083 qna

104 4073 166 4137 sola
186 4076 320 4137 consistit
339 4088 439 4138 nostra
458 4078 589 4138 omnium
608 4079 699 4139 salus:
729 4079 890 4151 Iudicium,
914 4079 992 4158 quod
1018 4080 1048 4138 in
1074 4079 1244 4160 flagitiosos

103 4151 238 4242 quotidie
259 4165 428 4230 exercetur,
457 4164 489 4212 et
507 4154 621 4235 gravius
646 4156 734 4216 etiarn
755 4174 805 4215 eos
829 4168 928 4215 manet
954 4157 983 4215 in
1007 4167 1160 4216 aeternum
1180 4156 1245 4215 exi.

103 4238 193 4287 trum:
222 4228 351 4302 lustitia,
371 4251 427 4308 qua
447 4243 658 4292 conservantur
675 4231 793 4307 fideles,
814 4242 843 4291 et
864 4233 1072 4313 benignissime
1090 4231 1244 4295 loventnr.

103 4302 220 4377 Quibus
250 4306 487 4390 comprehensis,
516 4319 547 4368 te
572 4307 689 4372 abunde
714 4307 824 4372 hahere
843 4310 1010 4372 vaticinium
1034 4320 1159 4373 testatur
1178 4330 1244 4389 quo
