2700 4732
98 204 120 267 b
492 202 569 263 uto.
588 200 645 262 111.
686 201 774 265 CAP.
793 201 847 264 xl.

105 344 151 405 bis
171 344 352 426 apprehendi
371 366 406 408 ac
425 346 585 438 possideri,
610 346 692 407 cuius
710 347 934 426 participatione
954 346 1102 427 duplicem
1122 350 1235 428 potissi-¹

104 443 185 481 mum
205 424 326 505 gratiam
347 425 533 503 recipiamus:
558 443 666 504 nempe
691 436 724 484 ut
744 422 805 485 eius
824 425 993 484 innocentia
1013 423 1082 483 Deo
1103 426 1229 486 reconci-

106 497 177 571 liati,
198 520 251 578 pro
272 500 367 561 iudice
387 501 444 560 iam
463 499 624 636 ptopitium
645 498 798 561 habeamus
818 500 848 560 in
870 500 961 560 coelis
974 500 1109 560 Patrem:
1131 500 1229 561 deinde

106 587 139 635 ut
159 577 220 636 eius
239 576 260 636 S
284 578 351 638 initu
369 577 460 639 sancti
483 577 554 650 cati,
583 576 784 637 innocentiam
808 577 1022 657 puritatemque
1040 576 1118 636 vitae
1143 577 1228 637 medi·
1264 600 1266 609 ·

107 662 211 710 tamur.
260 599 303 714 bc
328 654 365 713 de
395 655 620 735 regeneratione
667 651 780 728 uidem,
831 672 885 713 uae
911 653 1038 713 secunda
1064 665 1109 712 εει
1184 654 1229 727 tia,
1264 658 1266 693 ἰ

108 727 217 787 dictum
239 728 294 788 suit
309 742 448 811 qnantum
468 729 601 789 sulficere
613 675 776 788 videbatur.
810 675 1032 790 iustificationis
1051 730 1127 789 ratio
1158 730 1229 791 euius

18 818 22 827 '
106 804 175 864 ideo
196 816 303 865 attacta
314 818 367 880 est,
386 806 523 886 quoniam
542 805 577 864 ad
597 825 660 865 rem
680 805 848 882 pertinebat
867 804 1032 887 intelligere
1051 807 1186 886 primum,
1203 818 1229 865 et

107 902 194 959 quam
214 882 309 943 otiosa
334 904 394 943 non
418 882 456 940 sit
479 880 601 941 abonis
626 882 765 961 operibus
788 883 877 954 fides,
909 903 965 972 qua
993 880 1055 942 sola
1078 884 1227 964 gratuitam

108 957 244 1017 iustitiam
257 958 315 1017 Dei
334 958 530 1017 misericordia
544 957 724 1017 obtinemus:
746 970 776 1017 ct
788 959 882 1039 qualia
903 969 961 1018 sant
979 970 1147 1019 sanctorum
1159 959 1229 1019 bona

108 1053 212 1112 opera,
240 1034 396 1114 inquibus
421 1056 489 1114 para
514 1034 597 1093 huius
617 1034 793 1114 quaestionis
813 1047 951 1093 versatur.
999 1036 1042 1095 Ea
1064 1055 1138 1117 ergo
1157 1056 1229 1096 nune

106 1111 222 1189 penitus
241 1110 437 1184 discutienda,
457 1110 545 1169 etita
565 1110 743 1170 discutienda
762 1122 795 1169 ut
814 1110 1029 1171 meminerimus
1050 1112 1228 1193 praecipuum

108 1204 171 1244 esse
196 1186 382 1246 sustinendae
406 1187 557 1269 religionis
581 1186 745 1247 cardinem:
777 1208 837 1266 quo
870 1187 1010 1246 maiorem
1042 1188 1228 1249 attentionem

109 1282 206 1321 curam
230 1283 265 1322 ue
285 1263 448 1323 asseramus.
498 1262 559 1322 Nisi
584 1262 661 1321 enim
688 1263 812 1342 primum
834 1263 982 1337 omnium,
1013 1285 1073 1344 quo
1097 1264 1136 1325 sie
1160 1263 1229 1399 aff

106 1283 303 1416 nennium,
324 1350 354 1400 ει
369 1338 456 1418 quale
467 1338 504 1398 de
523 1350 553 1398 te
573 1339 610 1401 sit
628 1338 704 1399 illius
723 1338 863 1398 iudicium
882 1351 979 1398 tenes:
1000 1351 1033 1399 ut
1053 1339 1166 1401 nullum

107 1410 160 1472 bes
178 1414 368 1475 stabiliendae
386 1415 484 1476 salutis
504 1414 741 1489 fundamentum,
773 1416 814 1475 ita
839 1436 893 1474 nec
913 1415 1069 1496 erigendae
1089 1416 1120 1475 in
1140 1416 1228 1475 Deum

107 1487 233 1622 plietatis.
282 1490 342 1551 Sed
375 1492 530 1552 necessitas
560 1492 760 1572 cognoscendi
790 1491 893 1552 melius
920 1511 955 1550 ex
979 1491 1152 1574 cognitione
1175 1492 1229 1575 lpse

108 1579 262 1627 eucescct

182 1649 211 1707 ‘d-
252 1643 347 1703 Porro
367 1662 405 1703 ne
425 1643 618 1725 impingamus
638 1643 667 1702 iu
688 1642 751 1722 ipso
772 1642 873 1701 limine
891 1643 987 1722 (quod
1007 1643 1093 1703 heret
1111 1642 1136 1704 si
1148 1642 1187 1704 de
1199 1604 1240 1704 re⁰

106 1717 256 1799 incognita
280 1719 505 1800 disputationem
537 1720 772 1800 ingrederemur)
804 1719 930 1798 primum
963 1718 1138 1798 explicemus
1163 1720 1228 1855 quid

108 1793 163 1854 sibi
183 1795 274 1855 velint
293 1795 364 1855 istae
385 1796 414 1855 lo
437 1798 583 1869 notiones,
603 1795 761 1855 Hominem
782 1815 881 1854 coram
897 1795 964 1854 Deo
985 1796 1145 1869 iustificari,
1187 1796 1228 1857 ide

106 1868 255 1932 iustificari
273 1870 322 1931 vel
341 1818 489 1952 operibus.
526 1872 688 1950 iustificari
704 1892 803 1931 eornm
823 1870 888 1930 Deo
909 1870 1030 1943 dicitur,
1056 1873 1108 1951 qui
1127 1872 1226 1933 iudicio

106 1946 167 2005 Dei
193 1960 224 2006 et
247 1959 383 2008 censetur
402 1949 507 2017 iustus,
534 1961 563 2008 ct
582 1958 718 2039 acceptus
742 1960 786 2007 est
805 1946 845 2007 ob
864 1969 943 2008 suam
962 1948 1116 2008 iustitiam:
1144 1948 1226 2029 aiqui-

108 2021 175 2081 dem
196 2035 228 2082 ut
246 2024 313 2084 Deo
332 2022 534 2085 abominabilis
555 2036 599 2083 est
622 2024 772 2103 imquitas,
802 2025 841 2083 ita
872 2044 926 2083 nec
958 2035 1100 2104 peccator
1123 2024 1225 2085 ineius

108 2099 206 2189 oculis
219 2113 317 2179 potest
336 2102 466 2160 invenire
508 2101 621 2172 ratiam,
645 2113 786 2180 quatenus
806 2112 849 2159 est
869 2113 1022 2180 peccator,
1048 2112 1079 2160 et
1099 2100 1225 2181 quamdiu

107 2176 173 2234 talis
199 2189 343 2236 censetur.
392 2122 523 2237 Proinde
554 2177 723 2255 ubicunque
748 2189 897 2256 peccatum
923 2189 981 2251 est,
1012 2176 1073 2237 illic
1098 2178 1224 2238 etiamst

108 2252 224 2331 profert
242 2253 284 2312 ira
304 2264 335 2312 et
353 2253 428 2312 ultio
449 2254 517 2313 Dei.
560 2253 736 2313 luctificatur
760 2264 855 2311 antem
876 2254 926 2331 qui
950 2274 1011 2312 non
1039 2252 1108 2315 loco
1132 2272 1224 2335 peen-

107 2330 195 2403 toris,
214 2328 265 2387 sed
285 2329 351 2389 iusti
370 2328 510 2403 babetur,
530 2349 625 2408 eoque
644 2332 764 2388 nomine
789 2329 921 2389 consistit
939 2349 1038 2389 coram
1058 2330 1118 2389 Dei
1141 2328 1223 2390 taiba-

107 2402 181 2477 nali,
205 2404 256 2463 ubi
276 2416 446 2483 peccatores
466 2426 567 2466 omnes
587 2416 738 2465 corruunt.
784 2405 1039 2479 Quemadmodum
1058 2406 1083 2465 si
1104 2426 1171 2467 reus
1185 2405 1222 2465 ie·

106 2501 218 2540 nocens
237 2480 273 2540 ad
292 2480 420 2541 tribunal
439 2483 524 2561 aequi
545 2481 646 2541 iudicis
658 2482 827 2555 adducatur,
846 2480 897 2541 ubi
917 2482 1076 2541 secundum
1091 2482 1219 2544 innocen·

106 2557 175 2617 tiam
196 2557 257 2616 eius
276 2556 434 2617 iudicatum
459 2559 563 2631 luerit,
594 2557 762 2617 iustificatos
787 2558 864 2637 apud
890 2558 1013 2619 iudicem
1039 2558 1161 2619 dicitur:
1187 2556 1220 2619 tit

105 2634 182 2715 apud
203 2634 299 2692 Deum
319 2634 502 2708 iustihcatur,
526 2634 577 2714 qui
596 2654 721 2713 numero
741 2646 926 2712 peccatorum
947 2647 1111 2713 exemptus,
1136 2634 1219 2695 Dee·

106 2709 196 2771 habet
232 2730 301 2770 suae
330 2711 454 2770 iustitiae
491 2723 594 2770 testem
627 2722 658 2770 et
685 2722 868 2769 assertorem.
888 2748 926 2758 -
974 2710 1137 2790 iustificati
1159 2728 1225 2793 engo

105 2784 238 2863 specibus
256 2806 290 2846 ea
309 2789 424 2847 ratione
445 2787 573 2863 dicetur,
597 2786 627 2846 in
655 2788 735 2847 cuins
755 2787 811 2845 vita
837 2787 1000 2866 reperietur
1020 2809 1052 2847 ea
1073 2791 1180 2867 puritas
1193 2804 1220 2845 as

105 2864 256 2938 sanctitas,
274 2884 348 2942 quae
367 2865 565 2925 testimonium
586 2863 713 2923 iustitiae
733 2864 808 2943 apud
831 2863 886 2922 Dei
912 2864 1051 2923 thronum
1071 2874 1219 2924 mereatur:

104 2960 156 3002 seu
182 2940 232 3032 qui
251 2961 374 3019 operum
394 2962 513 3001 suorum
533 2941 699 3019 integritate
718 2937 898 3029 respondere
918 2952 950 2998 et
972 2941 1139 3001 satisfacere
1156 2938 1225 3000 illins

104 3016 214 3077 indicto
234 3029 329 3097 queat.
349 3056 385 3065 -
415 3017 529 3077 Contra
548 3014 748 3095 iustificabitup
767 3015 815 3073 ιΙΙε
825 3016 902 3094 fide,
924 3018 973 3094 qui
987 3037 1110 3096 operum
1127 3014 1219 3077 iustitia

106 3093 252 3167 exclusus,
279 3094 386 3154 Christi
409 3094 544 3153 iustitiam
566 3112 618 3172 per
637 3093 722 3151 iidem
742 3093 953 3171 apprehendit,
986 3094 1180 3172 qua-vestitus
1195 3090 1220 3151 ie

105 3170 164 3228 Dei
183 3191 254 3229 cons
278 3183 342 3228 ectu
363 3191 423 3228 non
444 3183 476 3229 nt
502 3182 654 3248 peccator,
682 3168 731 3228 sed
752 3179 890 3246 tanquam
910 3171 999 3229 iustos
1020 3182 1149 3249 apparet.
1184 3166 1222 3227 lta

106 3267 161 3305 nos
181 3190 414 3305 iustiticationem
435 3245 606 3324 simpliciter
624 3246 851 3322 interpretamur
870 3247 1083 3324 acceptionem,
1104 3267 1159 3325 qna
1177 3264 1223 3305 ιιι

106 3322 188 3381 Deus
208 3324 238 3380 in
260 3324 380 3416 gratiam
400 3335 535 3401 receptos
558 3341 612 3399 pro
638 3322 718 3379 iustis
744 3320 841 3379 habet.
893 3323 1024 3400 Eamque
1045 3323 1075 3380 in
1098 3332 1224 3401 peecato-

106 3420 171 3458 rum
195 3399 366 3458 remissione
385 3420 418 3457 ac
437 3399 564 3456 iustitiae
585 3395 693 3456 Christi
716 3396 912 3476 imputatione
938 3399 1060 3478 positam
1081 3418 1145 3459 esse
1164 3396 1226 3459 diu‘·

106 3497 169 3535 mus
188 3476 260 3551 (vid.
281 3485 350 3535 sect.
370 3481 416 3538 21.
438 3485 468 3533 et
485 3476 557 3545 Ἠ).
619 3477 628 3485 “

180 3558 208 3616 3.
247 3552 281 3610 ln
303 3550 386 3608 huius
408 3550 452 3609 rei
477 3549 729 3608 confirmationem
755 3559 868 3609 exstant
891 3548 981 3609 multa
1006 3560 1037 3610 ct
1055 3549 1134 3613 clara
1155 3550 1228 3615 Scri-

105 3640 209 3711 pturae
228 3627 401 3688 testimonia.
440 3626 591 3704 Principio
618 3624 690 3684 hauc
717 3646 778 3697 csse
804 3628 951 3705 propriam
972 3637 1003 3686 ct
1022 3628 1228 3689 usitatissimam

103 3707 188 3766 verbi
208 3703 448 3788 significationem
470 3702 571 3783 neguri
591 3723 651 3760 non
673 3713 779 3780 potest
826 3702 885 3763 Sed
909 3703 974 3781 quia
1002 3703 1086 3763 nimis
1112 3704 1229 3787 longum

106 3792 181 3843 esset
201 3781 283 3841 locos
303 3800 405 3840 omues
425 3778 565 3859 colligere
587 3790 616 3836 ct
635 3779 717 3836 inter·
731 3799 761 3836 se
783 3778 934 3850 conferre,
960 3780 1026 3838 satis
1046 3785 1084 3839 sit
1109 3780 1230 3843 lectores

104 3858 269 3918 monuisse:
291 3876 348 3948 per
370 3856 499 3916 sennim
527 3853 612 3913 facile
639 3854 844 3914 observabunt.
896 3856 1010 3915 Paucos
1029 3868 1146 3917 tantum
1165 3876 1232 3939 pru-

59 3940 62 3947 '
104 3934 224 4007 ducam,
250 3932 300 3992 uba
319 3930 405 4006 baec,
430 3933 466 3990 dc
487 3950 543 4009 qua
563 3930 724 4009 loquimur,
751 3931 914 3990 iustihcatio
934 3933 1109 3993 nominatim
1130 3944 1233 3995 tracu-

28 4372 77 4448 bt

103 4022 161 4071 tur.
200 4010 329 4069 Primum
348 4009 398 4066 ubi
419 4019 517 4067 narrat
535 4006 628 4066 Lucas
648 4009 693 4084 (7,
707 4015 755 4071 ⁶29.
773 4019 803 4065 ct
821 4010 884 4082 35.)
904 4008 1019 4086 plebem
1041 4009 1164 4083 Christo
1184 4030 1233 4069 au·

103 4086 166 4146 dito
185 4085 352 4146 iustihcasse
372 4085 478 4157 Deum,
499 4095 529 4142 et
548 4083 598 4141 ubi
619 4085 791 4162 pronuntiat
810 4083 941 4143 Christus
960 4086 1133 4163 sapientiam
1154 4087 1233 4148 iusti-

103 4162 183 4222 ficari
202 4183 219 4223 a
237 4161 304 4221 filiis
323 4161 391 4235 suis,
412 4181 473 4219 non
493 4159 637 4240 significat
656 4158 714 4218 illic
734 4159 868 4218 iustitiam
881 4161 1027 4235 conserte,
1048 4183 1125 4241 quae
1137 4174 1235 4223 menet

102 4257 219 4319 semper
237 4240 298 4298 inte
321 4260 352 4299 ra
370 4236 448 4318 apud
466 4237 583 4310 Deum,
614 4236 743 4315 quamvis
761 4247 841 4295 totus
865 4238 989 4296 muudus
1009 4239 1128 4318 eripere
1147 4258 1235 4301 cone·

102 4324 170 4377 tur:
190 4258 355 4400 nequebio
374 4314 463 4378 etiam
481 4312 581 4377 salutis
599 4311 763 4375 doctrinam
784 4310 881 4375 iacere
900 4314 1015 4393 iusum,
1035 4336 1113 4399 quae
1133 4336 1190 4401 per
1204 4334 1235 4379 ae
