2700 4732
100 224 160 289 196
473 215 550 280 uo.
568 217 613 280 ll.
650 216 742 280 (ΖΜ).
760 214 818 278 ill.

102 363 273 445 „quandam
290 364 350 426 rim
369 373 400 424 et
418 362 496 499 ipse:
527 360 579 423 sed
599 384 615 423 a
633 361 796 439 voluntate,
824 379 884 422 non
906 381 923 423 a
941 370 1056 437 natura,
1082 372 1149 421 ntr

103 439 439 577 ‚‚,.,n„„s,
459 450 552 577 aas
578 441 752 576 altu
778 440 890 575 „tal
905 439 997 579 „2¹:1⁰¹
1011 436 1149 575 r:tut

102 531 373 677 zillssndo'ipsrausibi
392 539 537 667 adluistas,
557 538 820 673 piccedtollquidem
842 564 875 651 in
896 536 1023 651 d'eteriis
1042 601 1149 650 mutata

102 671 289 748 „cessitatem
309 671 390 744 lacit,
408 681 443 728 ut
461 688 518 730 nec
537 672 726 746 necessitas(
749 690 816 727 num
836 668 1000 727 voluntaria
1024 666 1076 745 sit)
1102 686 1149 727 exe

103 746 223 824 „valeat
250 746 449 820 voluntatem,
478 766 535 807 nec
563 745 698 806 voluntas
728 691 840 836 dqnum
872 746 909 804 sit
938 745 1053 822 illecta)
1084 742 1149 803 ercl·

103 825 368 960 ¹‚necessitatem“
430 823 484 882 Est
518 825 596 882 enirn
633 834 787 882 necessitas
824 821 894 882 baec
930 818 1149 955 qlnodammodo

115 900 240 960 notaria.
298 898 407 959 Postea
433 898 503 959 dicit
524 920 577 959 nos
595 899 691 991 premi
715 899 803 981 ingo,
835 918 898 957 non
929 899 986 956 aio
1017 909 1115 956 tamen

103 976 285 1039 voluntariae
305 976 452 1035 cuiusdam
471 976 633 1036 servitutis:
665 974 732 1033 ideo
757 995 813 1054 pro
836 974 977 1034 servitute
997 993 1058 1033 esse
1084 973 1149 1032 miss

105 1053 163 1126 les,
187 1074 242 1133 pro
263 1051 415 1112 voluntate
434 1051 657 1112 inexcusabiles:
690 1051 756 1130 quia
774 1050 909 1111 voluntas
928 1071 1016 1130 quum
1036 1047 1130 1109 libera

103 1150 216 1191 servam
239 1147 271 1189 se
297 1128 410 1208 peccati
436 1127 517 1188 lecit.
576 1129 709 1187 Tandem
729 1125 900 1203 concludit:
938 1127 1010 1200 „lta
1040 1125 1136 1185 anima

103 1205 253 1285 „quodam
273 1214 303 1265 et
322 1205 400 1270 malo
420 1206 511 1264 modo
531 1204 586 1264 sub
607 1203 659 1263 bac
677 1202 843 1263 voluntaria
862 1204 984 1296 quadam
1005 1222 1038 1261 ac
1057 1200 1149 1261 malel

101 1282 297 1358 „necessitate
318 1294 348 1341 et
367 1281 469 1342 ancilla
487 1292 607 1341 tenetur
626 1291 656 1339 et
675 1278 781 1339 libera:
815 1281 919 1340 ancilla·
938 1290 1061 1372 propter
1080 1296 1149 1339 nece

103 1369 200 1437 „tem,
219 1357 309 1417 libem
329 1368 453 1439 propter
471 1354 667 1419 uoluntatem:
693 1368 733 1430 et,
752 1357 833 1436 quod
852 1356 943 1437 magis
962 1375 1067 1414 mirum
1086 1375 1149 1437 mag

104 1437 262 1512 „miserum
283 1445 341 1506 est,
361 1435 429 1493 ideo
450 1454 500 1493 rea
521 1431 726 1512 quodlibeta:
747 1452 843 1512 eoque
864 1433 967 1492 ancilla
980 1451 1038 1512 quo
1054 1449 1117 1490 rea:
1139 1452 1149 1490 a

103 1510 196 1588 „bon
216 1531 252 1569 eo
272 1510 388 1584 ancilla,
408 1531 467 1589 quo
489 1510 610 1570 libera.“
648 1510 726 1569 Hinc
746 1522 827 1568 certe
845 1521 1010 1590 agnoscunt
1027 1507 1149 1569 lectores

103 1606 152 1647 me
173 1607 281 1645 novum
306 1587 431 1662 allerre,
460 1587 511 1647 sed
536 1585 616 1665 quod
640 1585 711 1645 olim
736 1605 769 1643 ex
793 1585 911 1665 piorum
935 1586 1067 1645 omnium
1091 1602 1150 1645 con

103 1662 236 1743 prodidit
253 1663 451 1745 Augustinus,
481 1674 511 1722 et
530 1662 608 1721 mille
629 1662 691 1720 lere
711 1662 794 1720 annis
813 1674 913 1741 postea
933 1661 963 1720 in
984 1660 1114 1721 claustris
1134 1681 1149 1719 n

104 1738 227 1805 eborum
258 1751 406 1799 retentum
443 1738 507 1799 luit.
563 1738 746 1799 Lombardns
783 1751 880 1798 autem
915 1759 1004 1818 quum
1035 1736 1147 1797 necessi

86 1820 124 1953 g
144 1817 304 1952 dcoactione
343 1816 523 1899 distinguere
564 1816 707 1890 nesciret,
752 1815 922 1896 pernicioso
959 1814 1054 1874 errori
1084 1824 1149 1873 mat

126 1893 196 1953 eit.

180 1975 209 2034 6.
246 1969 290 2028 Ex
308 1968 447 2104 opposito
466 1980 603 2050 reputare
623 1987 730 2050 operae
750 1966 877 2049 pretium
898 1978 951 2038 est,
968 1965 1056 2058 finale
1074 1965 1112 2026 sit
1125 1964 1149 2027 dl

141 2047 216 2107 stiae
243 2066 325 2106 reme
347 2067 422 2120 inin,
458 2066 517 2126 qno
547 2057 667 2105 naturae
697 2046 838 2106 vitiositas
868 2045 1026 2124 corrigitur
1053 2065 1086 2104 ac
1110 2065 1149 2104 aas

135 2144 180 2183 arn
201 2143 291 2201 quum
309 2122 456 2184 Dominus
476 2123 506 2181 in
531 2143 589 2201 ope
615 2122 741 2181 *ferenda
773 2121 852 2202 quod
877 2122 964 2181 nobis
987 2121 1069 2181 deest
1088 2119 1149 2202 larg

104 2199 157 2260 ubi
176 2200 342 2258 constiterit
361 2197 446 2278 quale
465 2200 504 2258 sit
521 2200 552 2257 in
574 2198 659 2256 nobis
678 2199 755 2258 illius
776 2219 866 2278 opus,
896 2219 970 2277 quae
996 2201 1033 2257 sit
1058 2217 1149 2256 econ

104 2286 206 2335 nostra
253 2275 374 2350 enuria,
401 2277 496 2334 statim
527 2275 682 2334 elucescet.
742 2274 842 2349 Quum
870 2274 940 2333 dicit
962 2273 1125 2353 Apostolus

105 2358 135 2425 1,
155 2354 199 2427 6.)
225 2296 478 2430 dbilippcnsibus,
506 2372 537 2411 se
561 2350 711 2410 confidere
735 2352 815 2430 quod
836 2352 886 2430 qui
906 2354 1005 2443 coepit
1024 2351 1054 2410 in
1073 2350 1149 2430 ipsis,

106 2428 229 2500 bonnm,
249 2428 433 2506 perfecturus
451 2427 490 2486 sit
508 2446 600 2506 nsque
619 2427 649 2485 in
669 2427 746 2485 diem
771 2427 838 2487 lesu
864 2427 989 2487 Christi:
1022 2448 1084 2486 non
1118 2426 1149 2485 dr

105 2505 177 2582 quin
196 2522 250 2583 per
269 2502 341 2562 boni
361 2525 379 2563 o
402 2503 459 2562 eris
478 2503 654 2583 principium
674 2503 764 2583 ipsam
775 2503 975 2563 conversionis
987 2504 1148 2585 originem,

106 2578 190 2639 estin
203 2577 364 2653 voluntate,
375 2523 516 2660 designet.
547 2580 664 2639 Bonum
674 2580 772 2659 itaque
784 2601 858 2660 opus
871 2580 994 2640 inchoat
1005 2581 1032 2639 in
1048 2578 1149 2640 nobis.

106 2654 233 2715 iustitiae
253 2666 284 2714 et
302 2676 432 2715 amorem
452 2667 483 2714 et
501 2656 676 2717 desiderium
708 2669 739 2716 et
769 2658 895 2716 studium
919 2661 950 2716 in
974 2656 1113 2716 cordibus
1132 2675 1149 2714 n

106 2728 280 2793 excitandos
296 2732 343 2792 vel
363 2734 411 2810 (ut
430 2734 520 2826 magis
539 2732 660 2812 proprie
678 2732 847 2813 loquamur)
869 2734 957 2793 corda
969 2744 1067 2794 nostra
1079 2732 1150 2792 llect

106 2805 282 2881 tornando,
306 2806 462 2889 dirigendo
482 2832 511 2869 in
532 2811 685 2869 iustitiam:
718 2810 833 2890 perlicit
851 2822 964 2883 autern,
994 2811 1029 2868 ad
1049 2828 1149 2887 perses

105 2884 176 2944 tiam
197 2904 252 2944 nos
272 2884 484 2946 confirmando.
503 2887 549 2946 Ne
560 2887 625 2965 quis
645 2886 802 2946 aDomino
823 2886 934 2945 bonum
954 2884 1149 2965 incboariten

105 2972 198 3036 actor,
216 2959 296 3039 qnod
315 2959 449 3022 voluntas
469 2984 523 3042 per
548 2982 579 3024 se
605 2962 717 3023 infirma
742 2963 905 3023 adiuvetur:
937 2963 1005 3023 alibi
1025 2959 1149 3025 declarat

104 3037 190 3112 ritus,
209 3036 279 3114 qnid
297 3036 393 3098 valeat
410 3038 545 3101 voluntas
563 3039 620 3098 sibi
641 3038 751 3098 relicta.
788 3039 914 3113 „I)abo,
933 3039 1029 3118 inquit
1048 3037 1149 3116 (Eaecl

106 3118 176 3188 „tu
195 3113 269 3188 22),
287 3113 370 3174 vobis
391 3133 582 3189 cornorum,
602 3115 743 3195 Spiritum
763 3132 872 3175 novum
891 3136 1001 3196 ponam
1021 3115 1050 3174 in
1070 3114 1149 3175 medi

107 3188 197 3263 „striz
218 3201 248 3247 et
266 3189 395 3249 anleram
416 3212 468 3250 cor
487 3191 632 3271 lapideum
653 3191 690 3250 de
709 3213 798 3252 carne
816 3204 925 3267 vestra,
945 3205 975 3252 et
995 3190 1072 3251 dabo
1092 3190 1149 3253 rob

106 3284 281 3341 „carneuma
314 3276 344 3326 et
372 3267 514 3348 Spiritum
535 3289 632 3327 meum
652 3289 759 3347 ponam
780 3269 810 3328 in
829 3269 927 3328 medio
946 3268 1052 3342 vestri,
1084 3267 1150 3328 etl'.

106 3341 209 3419 „utin
229 3343 392 3423 praeceptis
411 3344 482 3404 meis
502 3343 685 3404 ambuletis.“
724 3344 800 3420 Quis
818 3345 976 3406 voluntatis
996 3345 1141 3404 humanae

106 3417 237 3476 mitatem
258 3418 336 3478 dicet
354 3419 485 3480 subsidio
510 3419 664 3494 roborari,
683 3442 743 3499 qno
763 3421 800 3481 ad
819 3420 893 3481 boni
918 3421 1093 3483 electionem
1114 3421 1149 3481 eli

106 3498 168 3553 ter'
184 3496 307 3572 aspiret,
336 3517 424 3575 quum
455 3496 658 3557 transformari
683 3499 876 3576 renovarique
900 3509 993 3558 totam
1018 3521 1037 3559 o
1060 3510 1149 3558 orteat

108 3590 165 3649 qua
191 3581 235 3628 est
260 3572 290 3630 in
311 3570 405 3664 lapide
424 3572 574 3647 mollities,
600 3594 675 3652 quae
695 3573 868 3634 adminiculo
886 3577 1019 3635 tenerior
1040 3521 1149 3634 lactei

107 3645 269 3726 quemlibet
288 3650 422 3727 recipiat:
444 3669 541 3729 neque
561 3650 669 3710 ductile
689 3670 751 3711 esse
770 3671 821 3710 cor
839 3650 968 3712 hominis
988 3650 1105 3734 negabo
1123 3650 1149 3711 in

106 3722 317 3796 obedientiam,
336 3725 425 3784 modo
445 3727 539 3807 gratia
558 3726 616 3784 Dei
635 3726 715 3806 qnod
735 3727 765 3785 in
786 3727 1150 3809 eoirnperlectumestsnp

106 3811 165 3859 tur.
203 3798 312 3860 Verum
333 3801 357 3861 si
379 3800 429 3860 bac
448 3803 634 3862 similitudine
647 3804 803 3864 ostendere
821 3803 926 3877 voluit,
941 3804 1013 3865 nibil
1026 3825 1149 3884 unquan

108 3895 272 3957 expressum
297 3876 333 3935 iri
353 3897 369 3935 a
389 3878 479 3937 corde
499 3891 614 3950 nostro,
634 3880 688 3940 nisi
707 3880 823 3960 penitus
843 3880 919 3941 aliud
939 3881 1004 3941 liat:
1036 3901 1075 3940 ne
1096 3880 1149 3942 ints

107 3973 171 4011 sum
192 3964 222 4011 et
243 3973 297 4013 nos
317 3954 489 4033 partiamur,
517 3955 597 4035 qnod
622 3955 679 4016 sibi
700 3956 749 4015 uni
773 3956 909 4019 vindicat
969 3959 1002 4017 Si
1022 3978 1096 4039 crgo
1117 3958 1149 4040 la]

108 4048 227 4087 carnem
246 4029 486 4104 transformatur,
506 4031 624 4113 qnando
645 4054 699 4092 nos
718 4032 800 4094 Deus
819 4034 856 4094 ad
876 4035 950 4094 recti
968 4035 1097 4094 studium
1119 4055 1149 4096 cc

109 4104 159 4194 tit:
190 4104 327 4166 aboletur
345 4107 483 4187 quicquid
504 4123 548 4169 est
576 4111 713 4188 propriae
742 4121 861 4170 nostrae
891 4109 1065 4170 voluntatis:
1097 4132 1149 4192 qn(

107 4200 170 4239 crus
195 4182 293 4242 locum
321 4183 468 4257 succedit,
487 4198 582 4247 totum
602 4207 618 4245 a
638 4186 704 4245 Deo
733 4196 784 4246 cst.
815 4187 1006 4247 Voluntatem
1028 4187 1096 4249 dico
1115 4188 1149 4247 ab

109 4276 170 4315 non
191 4269 332 4336 quatenus
352 4272 397 4321 est
414 4262 566 4324 voluntas:
590 4262 658 4342 quia
677 4261 707 4321 in
728 4261 855 4323 bominis
874 4264 1070 4325 conversione
1090 4263 1149 4324 inte

106 4346 220 4411 manet,
240 4335 321 4415 qnod
333 4336 444 4419 primae
463 4351 509 4402 est
527 4352 647 4402 naturae
680 4341 775 4402 creari
794 4340 881 4402 etiam
901 4360 1007 4404 novam
1027 4341 1108 4418 dico,
1126 4361 1145 4400 n
