2700 4732
499 230 576 289 LlB.
598 228 653 289 lll.
696 230 855 291 ctu-xc
1200 240 1240 299 tn

110 394 166 435 nos
186 372 325 434 obtinere
344 372 564 449 haereditatem,
583 386 616 435 ut
628 375 787 434 secundum
798 374 937 468 gratiama
957 374 1025 435 lunc
1039 374 1154 471 colligit
1169 396 1235 460 gra-

109 450 213 511 tuitam
234 470 295 511 esse
315 450 537 523 haereditatem,
581 452 629 511 uia
648 450 706 511 lide
724 472 805 531 perer
830 453 901 511 itur:
930 452 1007 511 unde
1026 453 1056 511 id
1071 452 1147 529 -nier,
1168 456 1235 533 quia

107 526 182 586 fides
200 526 407 607 sine-operum
428 472 622 621 adrpiuicrilo,
654 540 717 587 tota
742 528 771 587 in
822 528 849 587 ei
874 527 1100 599 misericordiam
1119 552 1234 613 recum-

108 602 172 663 tir?
211 604 309 683 Atque
341 605 444 662 eodem
469 624 554 663 sensu
582 604 656 663 haud
682 604 771 664 dubie
796 604 867 665 alibi
887 605 975 665 docet
993 605 1093 697 (nom.
1113 612 1142 681 3,
1160 610 1233 683 tt),

108 677 245 741 iustitiam
264 681 323 739 Dei
341 680 450 759 absque
469 680 549 760 Lege
568 680 779 741 manifestatam
799 701 870 753 esse,
890 700 1017 759 quamvis
1037 676 1233 742 tebtimonium

108 754 217 815 lrabeat
236 777 250 815 a
269 756 351 837 Lege
370 768 401 815 et
420 756 590 834 Prophetis:
614 757 680 835 quia
707 758 820 817 exclusa
838 757 919 837 Lege
943 757 1083 837 operibus
1106 758 1234 819 adiuuari

108 842 214 913 negat,
243 832 468 923 pemoperando
489 852 543 892 uos
564 852 626 891 cam
646 834 806 913 consequi,
834 833 885 893 red
900 854 1011 893 uacuos
1036 834 1177 895 accedere
1200 846 1234 895 ut

107 926 176 967 eam
187 926 493 1073 idilplirirubermirtit
511 983 615 1057 lector,
635 948 741 1064 quauta
755 948 901 1065 aequitate
921 986 1082 1047 doctrinam
1104 998 1231 1049 nostram

108 1060 200 1120 bodie
213 1060 370 1139 Sopbrstae
381 1060 562 1135 cavillentur,
582 1062 809 1139 quum-dicimus
829 1060 976 1123 bominem
993 1062 1056 1123 sola
1075 1064 1234 1123 lide-iusti·

108 1136 190 1195 ficari
208 1136 309 1213 (Rom.
328 1144 357 1211 t,
375 1138 428 1213 2).
466 1136 542 1195 Fido
558 1138 711 1215 {majorne
729 1136 894 1211 bominem,
913 1140 979 1219 quia
1002 1139 1090 1199 toties
1109 1140 1139 1197 in
1153 1139 1233 1199 Scri-

110 1224 196 1293 ptura
215 1214 350 1283 recurrit,
370 1233 476 1294 negare
497 1235 557 1271 non
577 1216 700 1273 audent:
719 1214 771 1273 sed
789 1236 878 1293 quum
894 1235 1038 1294 nusquam
1058 1216 1234 1295 exprimatur

108 1288 186 1364 sola,
210 1288 284 1349 banc
309 1290 501 1348 adiectionem
528 1289 590 1348 lieri
615 1311 679 1349 nun.
698 1291 851 1349 sustinent.
898 1290 1000 1351 tranet
1027 1292 1077 1351 aed
1123 1291 1171 1350 uid
1197 1291 1233 1352 ad

108 1364 182 1424 baec
192 1365 274 1425 Pauli
292 1365 380 1424 verba
401 1365 632 1445 respondebunt,
652 1366 703 1425 nbi
722 1366 876 1426 contendit
895 1387 957 1427 non
977 1387 1039 1429 esse
1058 1388 1091 1426 ex
1102 1313 1167 1427 lide
1187 1368 1233 1427 iu-

107 1442 228 1511 stitiam,
248 1442 302 1501 nisi
320 1442 358 1501 sit
377 1440 521 1523 gratuita?
562 1442 723 1517 Quomodo
744 1443 906 1523 gratuitum·
919 1444 1141 1525 cum-operibus
1161 1464 1233 1503 con-

107 1518 228 1578 veniet?
267 1516 383 1590 Quibus
411 1518 498 1576 etiarn
527 1518 677 1577 calumniis
701 1519 821 1578 cludent
842 1519 923 1599 quod
948 1518 1017 1578 alibi
1044 1519 1114 1580 dicit
1133 1520 1233 1595 (Rom.

108 1596 239 1669 1,17.),
269 1595 298 1653 in
320 1594 478 1687 Evangelio
496 1594 556 1653 'Dei
580 1594 715 1654 iustitiam
745 1595 938 1655 manifestari?
976 1596 1009 1653 Si
1034 1596 1234 1656 manifestatur

107 1672 141 1729 iu
162 1669 320 1751 Evangelio
339 1671 462 1744 iustitia,
482 1682 561 1729 certe
580 1692 640 1729 non
661 1670 770 1745 lacera,
790 1692 845 1731 nec
864 1669 994 1729 dimidiae
1026 1671 1076 1730 sed
1097 1671 1183 1751 plena
1203 1684 1234 1731 et

109 1746 242 1806 absoluta
263 1746 518 1811 illiccontiuetur,
567 1748 626 1805 Lex
646 1748 767 1839 ergo-in
788 1768 822 1807 ea
842 1747 937 1807 locum
962 1768 1026 1806 non
1049 1746 1152 1819 habet,
1177 1766 1233 1807 nec

104 1823 291 1905 ἱἰ-Ιςιιηοάο,
310 1824 360 1882 sed
381 1824 464 1911 plane
484 1822 604 1883 ridicula
624 1824 865 1959 tergiversatione
885 1823 913 1881 in
928 1822 1074 1883 exclusiva
1092 1822 1234 1902 particula

109 1894 282 1959 c'onsistunt.
320 1900 432 1959 Antrou'
451 1901 527 1957 enim
553 1900 621 1959 satis
639 1922 672 1960 so
686 1900 733 1958 ide
756 1900 813 1959 soli
832 1899 899 1958 fidei
917 1898 1020 1958 tribuit
1040 1900 1152 1971 omnia,
1182 1900 1233 1979 qui

109 1976 251 2055 operibus
262 1976 380 2036 adimit?
420 1974 500 2049 Quid
513 1976 579 2049 sibi,
597 1977 712 2047 amabo,
730 1975 834 2035 volunt
846 1974 919 2035 istae
935 1975 1122 2067 loquutioncs
1132 1974 1233 2066 (Rom.

107 2057 139 2123 3,
158 2058 205 2115 21.
224 2064 255 2112 et
272 2054 349 2127 ⁶243:
371 2052 444 2111 Sine
469 2053 548 2133 Lege
569 2053 778 2112 manifestatam
807 2071 869 2113 erse
895 2053 1047 2125 iustitiam,
1078 2052 1231 2113 lustrlicari

109 2128 200 2207 gratis
221 2128 384 2200 bominem,
403 2142 433 2187 et
450 2129 516 2187 sine
534 2129 673 2208 operibus
693 2130 799 2210 Legis?
820 2166 852 2177 -
885 2128 942 2186 Hic
961 2127 1146 2219 ingeniosum
1165 2127 1233 2189 sub·

107 2204 267 2285 terl'ugium
289 2205 410 2263 habeut:
430 2207 508 2283 quod
530 2208 641 2264 tametsi
663 2226 722 2265 nou
743 2206 943 2287 excogitarunt
961 2204 1024 2285 ipsr,
1044 2206 1094 2267 sed
1115 2205 1151 2265 ab
1165 2204 1235 2264 Ori-

131 2300 187 2339 ene
207 2294 237 2341 et
257 2282 576 2361 quibusdam-vetemur
600 2294 800 2360 sumpserunt,
830 2281 1041 2359 ineptissimum
1065 2294 1162 2342 tamen
1184 2295 1234 2347 cst.

106 2300 211 2449 ilpera
222 2359 308 2438 Legis
329 2357 532 2416 ceremonialia
553 2358 663 2417 excludi
682 2360 824 2436 garriunt,
844 2378 905 2417 non
926 2358 1055 2417 moralia.
1094 2360 1145 2420 Sic
1165 2382 1234 2441 pro·

106 2436 211 2494 fierunt
236 2434 346 2493 assidue
370 2434 507 2504 rixando,
540 2446 571 2493 ut
595 2454 634 2492 ne
659 2434 884 2513 primoquidem
906 2434 1072 2495 dialecticae
1091 2435 1234 2499 elementa

107 2523 246 2569 teneant.=
277 2511 322 2568 An
344 2523 447 2588 putant
468 2512 590 2569 delirare
610 2511 785 2589 Apostolum
805 2510 887 2587 (Gal.
906 2517 936 2581 3,
956 2518 1002 2575 10.
1024 2525 1054 2572 ct
1072 2516 1146 2587 12),
1166 2513 1234 2574 dum

108 2587 227 2645 adeius
247 2588 409 2645 sentcntiae
429 2588 633 2665 probationem
655 2588 736 2645 locos
757 2588 827 2646 istos
846 2588 981 2647 adducit?
1020 2588 1104 2661 „Qui
1131 2590 1235 2650 lecerit

109 2666 182 2721 haec
196 2666 294 2733 homo,
314 2664 390 2721 vivet
409 2664 438 2720 in
460 2665 556 2740 ipsis.⁴‘
596 2664 634 2721 Et
654 2663 846 2738 „Maledictus
866 2665 959 2723 omnis
980 2666 1028 2744 qui
1049 2686 1111 2723 uou
1131 2665 1234 2744 imple-

107 2739 187 2798 verit
205 2741 313 2811 omnia‚
333 2759 406 2817 quae
425 2744 529 2818 scripta
550 2750 617 2797 sunt
637 2741 665 2797 iu
686 2738 831 2799 volumine
845 2742 962 2874 Legis.“
1001 2740 1062 2799 Nisi
1082 2739 1236 2815 insaniant,

110 2834 174 2873 non
195 2815 291 2873 dicent
313 2817 481 2892 promissam
503 2817 588 2874 vitam
609 2817 839 2874 ceremoniarum
860 2838 895 2874 cu
911 2815 1033 2888 toribus,
1054 2836 1108 2875 uec
1122 2818 1236 2876 denun-

108 2892 209 2949 tiatum
235 2892 465 2950 maledictionem
494 2894 562 2950 solis
587 2913 683 2950 earum
713 2892 983 2971 transgressoribus.
1035 2893 1067 2949 Si
1098 2904 1166 2950 sunt
1197 2893 1235 2952 de

107 2968 192 3047 Lege
212 2968 314 3026 morali
334 2968 532 3049 intelligendi,
552 2989 612 3026 nnn
635 2968 753 3027 dubium
775 2970 845 3047 quin
864 2990 879 3028 n
899 2967 1072 3027 iustificandi
1092 2980 1237 3047 potestate

108 3043 232 3103 moralia
252 3064 371 3179 quoipue
391 3066 479 3124 opera
502 3045 697 3104 excludantur.
743 3045 853 3103 Eodem
877 3056 1010 3124 spectant
1028 3046 1100 3104 istae
1120 3046 1238 3105 ratioci-

109 3122 245 3179 nationes
269 3123 373 3199 quius
404 3121 496 3179 utitur
527 3121 627 3197 (Rom,
646 3128 682 3194 3,
702 3128 749 3185 20.
771 3134 800 3178 et
819 3128 853 3194 4,
881 3122 960 3195 t5.):
996 3120 1155 3199 „quoniam
1185 3141 1239 3201 per

107 3196 220 3277 Legem
241 3198 373 3279 cognitio
396 3199 536 3276 poccati‚“
558 3199 623 3256 ideo
645 3220 705 3257 non
727 3198 844 3256 iustitio.
885 3197 963 3272 Quia
983 3198 1062 3270 „Lea
1082 3199 1237 3277 iramope·

108 3276 225 3341 ratur‚“
245 3292 318 3356 ergo
339 3295 398 3331 uon
421 3275 566 3332 iustitiam.
595 3275 672 3347 Quia
692 3274 771 3347 „Lex
791 3285 898 3333 certam
920 3294 979 3332 uon
1002 3285 1099 3352 potest
1118 3272 1241 3335 reddere

108 3348 349 3421 corrscientiam‚“
370 3350 435 3407 iden
458 3371 511 3409 nec
533 3350 666 3410 iustitiam
687 3349 822 3409 conferre
839 3349 922 3408 valet.
963 3350 1041 3424 Quia
1061 3351 1241 3484 „imputatur

109 3425 183 3482 lrdes
203 3424 229 3482 in
252 3428 387 3484 iustitiam
397 3434 425 3497 ,“
452 3448 524 3507 ergo
546 3450 605 3485 non
627 3440 670 3485 est
691 3427 788 3517 operis
809 3446 918 3485 merces
938 3426 1060 3500 iustitia,
1084 3448 1114 3485 sc
1154 3428 1238 3487 inde-

111 3501 172 3557 lrita
192 3500 327 3561 donatur.
373 3504 450 3576 Quia
478 3524 533 3578 „er
561 3504 616 3561 lide
637 3503 855 3573 iustihcamrrr‚“
886 3502 1008 3561 abscissa
1033 3514 1076 3562 est
1102 3503 1238 3584 gloriatio

111 3575 195 3653 (Gal.
216 3584 245 3651 3,
264 3582 338 3656 21.).
379 3580 430 3651 „Si
452 3580 515 3637 data
537 3593 612 3638 esset
632 3581 705 3650 Lex,
732 3599 806 3657 quae
829 3590 925 3657 posset
943 3579 1098 3651 vivificare,
1117 3598 1185 3638 vere
1206 3600 1239 3639 er

110 3654 212 3734 „Lege
232 3667 307 3715 esset
332 3656 452 3714 iustitia:
485 3657 535 3714 sed
556 3656 636 3714 Deus
660 3656 804 3714 conclusit
831 3655 929 3713 onmia
956 3654 1009 3713 sub
1036 3670 1173 3733 peccato,
1207 3669 1239 3715 ut

109 3731 284 3808 „promissio
306 3732 423 3790 daretur
443 3733 666 3791 credentibus.“
713 3733 870 3810 Nugcntur
888 3732 913 3790 si
937 3731 1077 3804 audeant,
1106 3732 1136 3789 in
1157 3753 1239 3797 cere÷

111 3808 225 3867 monias
245 3808 300 3867 ista
321 3820 501 3887 competere,
522 3830 581 3867 non
602 3810 631 3866 in
651 3829 762 3866 morer:
783 3808 863 3885 atqui
884 3808 967 3886 pueri
979 3827 1095 3886 quoque
1116 3807 1170 3887 ipsi
1191 3829 1239 3868 ex·

133 3881 270 3943 loderent
293 3897 403 3943 tantam
434 3885 654 3964 impudentiam.
703 3886 820 3942 lllaneat
841 3904 913 3964 ergo
938 3883 1024 3942 nobis
1045 3895 1175 3957 eertum,
1204 3884 1239 3943 dc

110 3902 194 4039 Lege
214 3971 275 4019 tota
295 3962 382 4020 verba
403 3962 478 4033 fieri,
499 3962 616 4040 quando
633 3961 706 4042 Legi
726 3961 884 4051 derogatur
902 3960 1075 4019 iustificandi
1095 3958 1222 4020 facultas.

188 4041 234 4099 20.
275 4036 306 4095 Si
327 4039 389 4115 quis
415 4050 510 4097 autem
531 4039 668 4110 miretur,
688 4058 740 4095 cur
764 4037 814 4095 talr
834 4036 997 4095 adiectione
1017 4058 1082 4094 usus
1102 4041 1138 4097 sit
1157 4036 1241 4116 Apo-

112 4107 214 4183 stolos,
233 4135 294 4172 nou
317 4125 474 4172 contentus
487 4134 577 4192 opera
597 4113 777 4173 nominasse:
798 4116 828 4170 iu
848 4125 987 4191 promptu
1007 4123 1049 4170 cst
1070 4112 1154 4171 ratio.
1192 4112 1241 4171 Si-

112 4185 230 4262 quidem
258 4201 290 4247 ut
314 4191 389 4247 tanti
414 4192 606 4249 aestimentur
636 4210 742 4268 opera,
772 4187 897 4266 pretium
917 4210 933 4247 a
953 4187 1010 4247 Dei
1029 4187 1243 4278 approbatione

111 4262 204 4340 magis
225 4286 311 4343 quam
332 4287 346 4323 a
368 4268 490 4344 propria
510 4266 653 4346 dignitate
674 4264 745 4323 illud
765 4262 885 4323 babent.
929 4264 1004 4339 Quis
1024 4283 1101 4322 eorm
1120 4284 1243 4385 operum

111 4336 250 4397 iustitiam
270 4342 340 4400 Deo
357 4344 511 4402 uenditare
535 4342 655 4415 audeat,
685 4339 740 4400 nisi
760 4360 846 4419 quam
875 4340 1145 4455 ipse*upprol›arit'.
1180 4342 1247 4421 quia
