2700 4732
152 244 210 305 aas
539 238 615 301 un.
635 196 667 300 ιζ’
702 237 895 303 ean-xiv.
961 262 974 285 .

155 404 243 462 qnam
263 382 394 444 diversos
412 384 527 476 genios,
546 383 666 464 singulis
677 403 739 443 esse
759 384 924 443 attributos.
948 382 1053 461 Neque
1064 391 1164 441 tamen
1174 386 1271 460 operat

156 461 282 597 pretium
304 472 348 521 est
366 482 448 520 anxie
468 461 657 541 investigare,
688 461 766 594 quo'd
786 461 861 519 seire
881 470 981 519 nostra
1001 479 1061 516 non
1086 457 1210 516 mealtum
1236 476 1271 517 re

169 548 223 595 ert.
262 539 334 596 Nam
354 537 380 596 si
401 538 448 595 eni
467 537 524 596 boe
543 559 604 597 non
625 537 691 596 satis
706 538 798 608 aciet,
820 555 922 597 omncs
942 534 1076 595 coelestis
1095 534 1214 593 militiae
1233 554 1271 593 or

155 613 237 674 dines
258 634 310 692 pro
330 610 422 672 salute
441 635 492 671 sua
512 612 648 672 excubias
667 633 771 693 agere,
797 633 856 671 non
876 612 962 671 video
990 610 1064 689 quid¹
1086 609 1232 689 prolicere
1251 630 1271 669 e*

157 709 193 748 eo
220 689 329 768 possit,
355 688 379 748 si
405 688 496 748 intelli
518 701 547 747 at
565 687 702 771 angelum
728 710 816 747 unum
843 687 1203 766 peculiariter-custodem
1228 684 1271 745 sib

156 766 263 825 datum.
302 764 364 838 Qui
382 786 456 826 vero
480 709 517 823 ad
541 787 630 824 unum
649 765 786 846 angelum
810 765 1010 857 restringunt,
1036 763 1180 842 quamde
1206 779 1269 820 nno

156 861 275 933 quoque
295 853 426 901 nostrum
447 863 545 909 curam
557 842 637 900 Dens
656 841 743 921 gerit,
763 860 895 920 magnam
915 838 971 900 sibi
991 838 1169 898 etomnibus
1189 837 1271 897 eccle

155 937 216 976 siae
241 917 379 976 memhris
404 917 537 976 iniuriam
563 917 689 976 sariunt:
722 918 778 976 acsi
808 921 844 976 ‹le
877 917 967 975 nihilo
999 916 1156 994 promissae
1187 933 1269 973 essen

155 994 223 1053 illae
241 992 389 1053 auxiliares
414 993 534 1073 copiae,
558 992 662 1072 quibus
688 993 815 1072 undique
836 994 924 1053 cincti
948 1003 979 1052 et
1001 991 1105 1051 muniti
1125 990 1271 1053 animosiu

154 1080 308 1131 certemus.

122 1157 125 1162 '
229 1152 257 1209 8.
295 1146 343 1203 De
362 1145 548 1205 multitudine
567 1165 638 1205 vero
659 1158 689 1205 et
708 1145 870 1215 ordinibus,
912 1145 940 1203 ui
952 1143 1073 1204 definire
1092 1141 1216 1215 audent,
1235 1138 1271 1200 vi·

77 1287 81 1298 ,
156 1222 254 1282 derint
283 1222 368 1300 quale
401 1222 529 1282 babeant
552 1218 783 1282 fundamentum.
835 1167 973 1295 bliclrael,
1003 1221 1114 1289 iateor,
1144 1219 1247 1297 prince

152 1318 274 1379 magnus
294 1302 414 1357 vocatur
433 1298 508 1377 apud
530 1298 681 1357 Danielem
703 1311 733 1357 et
747 1296 946 1377 drelsangelus
965 1296 1040 1376 apud
1063 1296 1163 1354 ludam
1172 1296 1218 1373 ¹¹¹).
1242 1238 1271 1351 9

153 1373 369 1454 Archangelum
389 1374 454 1433 sore
475 1376 562 1434 docet
580 1374 697 1446 Paulus,
717 1376 765 1453 qni
787 1375 856 1433 tuba
876 1372 977 1431 citabit
997 1372 1129 1431 homiues
1148 1371 1185 1431 ad
1203 1368 1271 1429 indt

151 1451 237 1511 cium.
282 1450 340 1509 Sed
369 1452 432 1528 quis
457 1451 526 1508 inde
550 1451 662 1526 poterit
681 1450 827 1509 honorum
849 1450 955 1530 gradus
980 1448 1058 1507 inter
1077 1445 1198 1529 angelos
1221 1456 1271 1508 sta·

151 1524 246 1598 luere,
265 1525 443 1606 distinguere
462 1528 591 1606 singulos
610 1527 669 1585 suis
688 1527 858 1618 insignibus,
879 1526 974 1585 locum
995 1537 1025 1584 et
1043 1524 1198 1583 stationem
1218 1520 1271 1583 eni

153 1621 210 1680 que
230 1601 393 1682 assignare?
443 1603 517 1661 Nam
544 1612 574 1661 et
599 1603 658 1662 duo
683 1622 801 1662 nummo
824 1621 898 1681 qnae
923 1602 953 1660 in
974 1599 1132 1680 Scripturis
1158 1607 1271 1659 exstant

152 1677 278 1751 blichael
299 1689 329 1737 et
349 1677 487 1751 Gabriel,
511 1690 541 1738 et
562 1680 677 1737 tertium
698 1680 721 1737 si
742 1679 849 1736 addere
869 1676 938 1737 velis
959 1697 992 1736 ex
1011 1676 1131 1736 historia
1151 1672 1271 1734 Tobiae

152 1775 187 1814 ex
205 1753 366 1834 significatu
387 1754 479 1814 videri
499 1766 630 1833 possunt,
650 1754 897 1834 pro‘infirmitatis
916 1764 1032 1814 nostrae
1051 1775 1081 1812 ea
1103 1762 1147 1827 tu,
1168 1748 1271 1833 angeli

151 1830 258 1890 indita:
278 1830 333 1889 etsi
353 1829 381 1889 id
402 1830 431 1889 in
453 1831 549 1889 medio
570 1830 646 1890 malo
667 1831 841 1910 relinquere.
887 1830 1036 1903 Quantum
1057 1773 1101 1889 aei
1114 1846 1271 1888 nnmerum

152 1906 283 1967 audimus
303 1926 336 1965 ex
356 1926 408 1966 ore
430 1906 539 1967 Christi
564 1906 667 1966 multas
688 1906 834 1988 legiones,
859 1927 875 1966 a
894 1906 1019 1965 Daniele
1045 1905 1147 1965 multas
1170 1904 1271 1984 myria·

152 1981 216 2042 das:
240 1981 344 2062 plenos
370 2004 470 2042 currus
495 1982 566 2042 vidit
585 1981 692 2042 Elisaei
712 1985 856 2042 minister:
883 1994 914 2041 et
936 1982 1086 2064 ingentem
1113 1978 1271 2041 multitudi-

150 2079 219 2119 nem
250 2057 390 2131 declarat,
420 2058 501 2137 qnod
533 2059 669 2119 dicuntur
700 2059 896 2119 castrametari
919 2060 949 2117 in
970 2060 1091 2118 circuitu
1112 2056 1271 2117 timentium

149 2134 257 2194 Deum.
296 2135 403 2194 Forma
422 2135 540 2212 spiritus
560 2156 659 2194 carere
679 2148 790 2195 certum
812 2146 868 2194 est:
889 2146 919 2193 et
938 2135 1114 2195 tamenscri
1138 2146 1202 2192 tura
1222 2152 1271 2212 pre

149 2209 262 2291 ingenii
288 2212 380 2270 nostri
407 2209 527 2269 modulo
552 2210 672 2292 angelos
704 2213 757 2271 snb
783 2210 943 2271 Cherubim
975 2224 1005 2269 et
1029 2156 1182 2291 Serapltim
1213 2228 1271 2271 not

150 2286 257 2346 frustra
276 2287 365 2346 nobis
384 2285 474 2346 alatos
493 2286 597 2420 pingit,
618 2306 654 2346 ne
674 2287 838 2346 dubitemus
857 2286 1020 2347 incredibili
1032 2287 1182 2347 eeleritate
1200 2304 1272 2347 sem·

171 2381 203 2421 er
222 2361 258 2420 ad
278 2362 411 2421 auxilinm
433 2363 516 2422 nobis
550 2364 691 2422 erendum
716 2376 882 2444 praesentes
908 2364 987 2434 lore,
1011 2364 1130 2423 simulac
1156 2383 1203 2423 res
1229 2374 1271 2423 tu·

60 2512 63 2518 Ι
162 2438 238 2497 eritz'
257 2438 314 2497 acsi
341 2437 440 2519 fulgor
464 2459 481 2497 e
505 2438 590 2498 coelo
616 2442 766 2514 emissum,
787 2461 843 2520 qua
862 2439 938 2499 solet
958 2441 1145 2518 pernicitate,
1164 2440 1199 2499 ad
1221 2458 1271 2511 unq

133 2514 271 2581 ,volaret
320 2514 469 2593 Quicquid
491 2527 639 2592 praeterea
660 2517 696 2575 de
716 2529 843 2597 utroque
863 2521 963 2595 quaeri
982 2528 1097 2596 potest,
1126 2517 1271 2581 credamur

103 2588 112 2595 ’
147 2610 239 2650 exeo
259 2610 321 2648 esse
341 2611 450 2671 genere
461 2591 677 2681 mysteriorum,
689 2614 813 2671 quorum
834 2592 920 2674 plena
940 2591 1078 2652 revelatio
1093 2592 1122 2651 in
1142 2592 1271 2653 ultiman

149 2666 225 2726 diem
246 2664 390 2725 dissertur.
429 2667 558 2726 Proinde
578 2689 594 2727 a
615 2671 701 2728 nimia
721 2669 766 2728 vel
785 2672 813 2728 in
836 2669 1004 2748 quaerendo
1024 2664 1208 2743 curiositate,
1227 2666 1271 2731 vel

148 2742 180 2803 in
199 2741 350 2821 loquendo
371 2743 487 2803 audacia
507 2745 666 2804 cavendnm
686 2746 911 2804 meminerimus.
1260 2802 1265 2809 ,

222 2825 251 2883 9.
292 2819 359 2879 lloc
383 2831 497 2890 tamen,
528 2820 608 2899 quod
637 2823 773 2881 nonnulli
798 2822 922 2901 inquieti
947 2821 1078 2882 homines
1103 2822 1133 2880 in
1154 2820 1271 2885 dubitat!

138 2907 265 2968 ¹vocant,
285 2915 339 2974 pro
360 2908 441 2954 certo
463 2908 507 2954 est
526 2897 706 2967 habendum,
732 2897 851 2977 angelos
870 2898 986 2976 spiritus
1007 2918 1068 2957 esse
1094 2899 1271 2967 ministrato,-

149 2971 208 3030 rios
227 2972 335 3046 (Hebe.
356 2979 388 3044 l,
409 2979 455 3034 ld.
475 2973 539 3030 det.
558 2979 611 3048 23,
631 2975 689 3048 8),
714 2996 838 3053 quornm
857 2974 1001 3053 obsequio
1025 2975 1117 3034 utitur
1137 2975 1219 3037 Deus
1237 2968 1271 3037 ad

147 3067 268 3129 suorum
289 3048 518 3126 protectionem,
545 3063 575 3107 et
595 3070 647 3129 per
668 3072 741 3129 quos
766 3062 827 3108 tum
847 3048 1059 3110 sua‘beneficia
1080 3051 1158 3109 inter
1178 3050 1271 3113 homi*

129 3128 200 3183 --ne's
220 3122 382 3213 dispensat,
409 3137 470 3182 tum
490 3124 601 3203 reliqua
622 3127 709 3185 etiarn
730 3146 818 3205 opera
839 3128 1013 3205 exsequitur.
1055 3126 1122 3185 l'uit
1140 3127 1189 3187 illa
1208 3126 1271 3208 qui·

147 3198 214 3258 dem
233 3199 305 3258 obm
322 3198 561 3259 Sadducaeorum
581 3203 699 3281 opinio,
720 3223 773 3281 per
790 3202 910 3284 angelos
930 3203 1000 3263 nibil
1022 3202 1168 3284 designari
1186 3224 1271 3283 quau

147 3274 194 3333 nel
212 3286 322 3347 motus,
342 3296 416 3353 qnos
436 3276 518 3336 Deus
540 3277 708 3337 haminibus
727 3279 847 3357 aspirat,
866 3278 912 3337 vel
932 3298 1060 3358 eaquae
1080 3280 1140 3339 edit
1158 3280 1271 3343 dit-th

144 3370 215 3414 tuae
233 3350 400 3429 specimina.
451 3352 511 3411 Sed
543 3352 609 3412 huic
635 3355 826 3415 deliramento
857 3367 904 3414 tot
925 3354 1084 3415 reclamant
1104 3355 1271 3437 Scriptura!

145 3427 330 3497 testimonia,
350 3439 382 3486 nt
402 3428 505 3487 mirum
525 3431 563 3490 sit
582 3441 640 3489 tam
660 3451 781 3490 crassam
801 3430 1017 3510 ignorationem
1037 3433 1065 3491 in
1086 3429 1138 3491 illo
1159 3431 1271 3515 populu

133 3499 217 3562 'lerri
237 3503 374 3583 potuisse.
424 3504 464 3563 Ut
485 3505 561 3563 enirn
581 3507 711 3565 omittam
732 3526 807 3584 quos
830 3508 961 3585 superius
987 3507 1070 3567 locos
1094 3508 1196 3582 citavi,
1221 3510 1271 3571 ubl

145 3576 316 3638 relernntur
334 3577 425 3640 millia
445 3592 474 3638 et
494 3580 520 3638 le
544 3581 626 3659 iones
651 3581 840 3663 angelorum,
866 3583 916 3641 nbi
936 3584 1073 3663 gandium
1093 3582 1148 3643 illis
1168 3586 1271 3649 tribui·

144 3665 203 3731 tur,
222 3653 274 3713 ubi
293 3667 449 3714 narrantur
468 3601 566 3717 fideies
586 3658 719 3717 manibus
738 3658 891 3729 sustinere,
912 3677 1013 3719 eorum
1034 3665 1141 3720 animas
1156 3660 1271 3723 deferre

145 3730 177 3790 in
197 3731 342 3811 quietem,
363 3731 460 3790 videre
480 3730 586 3793 faciem
606 3733 711 3810 Patris,
731 3747 762 3794 et
780 3734 885 3794 similia
897 3733 965 3812 **):
985 3748 1054 3796 sunt
1073 3735 1131 3813 alii,
1152 3758 1187 3796 ex
1206 3736 1271 3819 qui·

521 3874 899 3883 *oe-----
1141 3874 1271 3887 ,--

210 3939 325 4006 ⁴)„Dam
350 3941 395 4001 12,
413 3942 436 3994 1.
483 3940 540 3993 iud.
565 3963 587 3994 v.
605 3942 632 3994 9.
679 3942 766 3993 Thess.
788 3940 875 4001 4,16.
920 3942 988 3995 Dan.
1006 3944 1052 4006 19,
1070 3944 1166 3999 13-21.
1209 3944 1271 3997 Iane·

112 4008 168 4067 .1,
185 4006 225 4063 19.
240 4007 282 4061 26.
316 4006 384 4060 Tob.
401 4009 488 4071 3,.17.
506 4012 536 4072 6,
553 4013 578 4064 5.
612 4009 705 4062 theth.
722 4009 765 4071 26,
780 4010 821 4063 63.
856 4010 1023 4073 Dan.7,1ll.
1057 4011 1271 4077 11.Reg.6,17,

142 4071 322 4211 &gldium
345 4142 389 4204 15,
416 4144 457 4195 10.
505 4143 545 4196 Pa.
566 4144 614 4205 91,
636 4145 676 4197 11.
718 4143 810 4195 blaten.
831 4144 863 4204 4,
884 4146 910 4197 6.
960 4145 1022 4196 buc.
1040 4145 1070 4207 1,
1094 4148 1134 4199 16.
1159 4147 1206 4209 16,
1226 4146 1270 4203 ²2

141 4206 234 4261 Mente
251 4208 351 4270 18,10.
370 4239 402 4251 -·-
420 4213 476 4262 det
494 4212 518 4270 7,
535 4212 576 4265 55.
613 4209 713 4273 Gala
730 4211 770 4263 19.
805 4211 1012 4272 martinatis).
1032 4227 1056 4265 et
1073 4215 1115 4275 21,
1132 4216 1174 4268 36.
1201 4208 1267 4289 ibici.

138 4276 240 4337 Mt.
273 4276 335 4328 Luc.
351 4276 377 4337 9,
392 4277 435 4331 26
470 4277 489 4329 l.
508 4277 575 4330 Tim.
592 4280 622 4338 5,
638 4279 680 4332 21.
722 4276 888 4339 Bebr.l‚t.
908 4282 1035 4344 stata.
1055 4283 1094 4338 16.
1119 4282 1207 4344 tm
1233 4310 1268 4327 σ-

136 4338 275 4417 Ephesi}
290 4345 330 4397 16.
364 4343 471 4400 1.Ped.
489 4347 570 4410 1,12.
604 4346 766 4411 Hebr.1,6·
799 4346 840 4399 Ps.
857 4347 900 4409 97,
916 4349 940 4401 7.
