2700 4732
487 213 846 306 imin-cim
1010 214 1017 221 ·
1177 220 1235 285 aea

97 355 244 437 praesides
263 364 333 418 sunt
350 357 521 435 constituti,
540 361 647 435 minui,
666 360 774 422 nedum
794 358 898 423 violari
918 359 1080 440 patiantur:
1099 359 1173 422 siin
1193 380 1232 422 eo

97 445 168 493 sunt
186 433 337 515 segniores
356 447 387 495 et
403 455 507 568 parum
526 436 655 513 solliciti,
672 437 778 529 perfidi
795 449 866 499 sunt
883 437 915 497 in
931 435 1040 497 'officio
1059 447 1096 497 ‘et
1121 436 1233 517 patriae

98 530 167 569 suae
189 509 363 588 proditores.
433 532 513 571 erum
539 514 563 572 si
591 513 647 574 boc
670 533 765 604 ipsum
792 514 827 573 ad
853 535 885 574 se
910 512 1101 588 transferant,
1125 511 1232 592 quibus

97 585 245 646 Dominus
265 586 347 646 aliam
368 586 590 669 gubernationis
615 609 743 668 speciem
770 589 918 662 attribuit,
947 601 980 647 nt
1004 589 1074 648 inde
1094 588 1131 648 ad
1150 610 1231 650 com-

97 661 292 722 mutationem
313 664 504 741 expetendam
523 665 734 738 sollicitentur,
759 687 821 726 non
841 666 931 726 modo
950 664 1038 728 stulta
1058 665 1114 725 erit
1133 676 1163 724 et
1180 686 1231 725 su-

96 758 250 815 pervacua,
269 739 319 798 sed
341 761 458 819 prorsus
478 742 563 799 noxia
583 742 670 801 etiam
689 762 724 802 co
748 742 839 801 itatio.
879 741 996 816 Quodsi
1010 761 1071 800 non
1091 741 1121 799 in
1142 761 1230 801 unnm

97 815 236 874 duntaxat
255 817 400 875 civitatem
421 815 524 876 oculos
544 817 667 898 defigas,
685 760 746 879 aad
758 822 923 879 universum
943 816 1029 877 simul
1050 816 1153 877 orbem
1173 817 1231 879 cir-

96 890 268 968 cumspicias
288 912 322 950 ac
342 892 550 972 contempleris
561 894 606 952 vel
626 894 794 973 adspectum
813 893 845 952 in
863 891 1000 974 longiora
1018 892 1121 954 saltem
1131 913 1163 953 re
1185 895 1231 955 io·

96 974 200 1025 numa
223 968 279 1028 atia
299 967 459 1043 diffundas,
488 970 653 1049 comperies
678 972 815 1062 profecto
842 969 936 1029 divina
954 968 1139 1049 providentia
1157 912 1231 1030 titud

94 1061 160 1101 non
179 988 229 1102 ads
249 1061 282 1102 re
303 1056 515 1123 comparatum,
535 1058 568 1104 ut
588 1045 707 1106 diversas
728 1046 839 1125 politiis
864 1047 1001 1126 regiones
1019 1044 1115 1106 variae
1135 1044 1229 1106 admi-

96 1117 269 1178 nistrentur.
308 1121 381 1180 Nam
414 1121 637 1181 uemadmodum
657 1122 775 1183 nonnisi
794 1121 941 1200 inaequali
960 1133 1019 1182 tern
1044 1121 1230 1182 oraturaele·

95 1206 196 1254 menta
214 1195 291 1255 inter
308 1216 340 1256 se
361 1142 536 1257 cobserent:
558 1198 597 1257 ita
617 1195 670 1258 bae
689 1218 740 1271 sua
756 1197 879 1276 quadam
899 1143 1105 1277 inaequalitate
1117 1197 1231 1279 optime

96 1274 296 1330 continentur.
347 1271 524 1352 Quanquam
545 1273 617 1333 haec
647 1273 734 1334 etiam
759 1274 857 1332 omnia
882 1272 989 1335 frustra
1016 1273 1059 1335 lris
1080 1273 1229 1351 dicuntur,
1267 1343 1271 1350 .

96 1347 203 1424 quibus
221 1347 344 1408 Domini
364 1347 498 1408 voluntas
518 1348 685 1410 satisfaciet.
730 1348 805 1408 Nam
824 1348 849 1408 si
873 1346 916 1405 illi
935 1350 1026 1423 risum
1052 1361 1112 1422 est,
1143 1370 1229 1432 reges

95 1423 194 1504 regnis
214 1423 382 1504 praeficere,
402 1424 501 1483 liberis
513 1425 678 1485 civitatibus
696 1436 813 1484 senatus
825 1433 875 1481 aut
886 1422 1070 1496 decuriones,
1081 1440 1229 1500 quoscun-

94 1519 152 1577 que
173 1498 245 1560 loeis
256 1500 441 1581 praefecerit,
461 1501 491 1558 iu
504 1500 609 1579 quibus
622 1500 765 1582 degimus,
783 1509 916 1560 nostrum
938 1508 992 1574 est,
1010 1497 1045 1558 iis
1064 1517 1119 1558 nos
1138 1497 1230 1560 mori·
1328 1534 1331 1538 ·

94 1593 182 1655 geros
202 1597 236 1635 ac
256 1574 428 1635 obedientes
448 1588 603 1656 praestare.
922 1636 925 1644 ,

171 1658 199 1714 9.
238 1652 301 1710 Iam
322 1650 451 1719 officium
472 1654 707 1734 magistratuum,
733 1650 819 1730 quale
844 1649 936 1710 verbo
955 1648 1014 1708 Dei
1041 1646 1229 1726 describitur,

95 1744 129 1783 ac
171 1726 255 1786 uibus
275 1729 305 1786 iu
323 1727 411 1788 rebus
431 1728 516 1787 situm
536 1729 583 1800 sit,
603 1729 702 1799 obiter
723 1728 779 1787 hoc
799 1725 868 1787 loco
889 1724 1077 1785 indicandum
1099 1734 1150 1785 est.
1170 1724 1229 1782 Ex-

93 1745 175 1859 tendi
196 1823 266 1862 vero
286 1804 321 1863 ad
342 1816 494 1883 utramque
513 1804 600 1886 Legis
625 1801 765 1879 tabulam,
785 1803 809 1864 si
835 1823 895 1862 non
924 1801 1047 1861 doceret
1065 1800 1229 1880 S'criptura,

96 1895 130 1934 ex
150 1877 280 1956 profanis
299 1880 490 1959 scriptoribus
504 1880 671 1941 discendum
691 1892 783 1940 esset:
804 1878 900 1938 nullus
921 1877 998 1936 enim
1019 1878 1056 1936 de
1073 1880 1240 1958 magistra-1

94 1963 177 2010 tunm
198 1954 316 2032 officio,
342 1956 469 2016 ferendis
489 1956 604 2039 legibus
627 1969 658 2016 et
681 1955 801 2035 publico
819 1965 896 2034 statu
916 1953 1065 2026 disseruit,
1097 1953 1230 2034 quinon

96 2028 246 2088 exordium
267 2030 378 2092 faceret
396 2054 412 2093 a
431 2033 484 2093 reli
508 2034 576 2093 ione
603 2044 633 2092 et
651 2032 751 2092 divino
772 2030 862 2091 cultu.
911 2029 1011 2109 Atque
1036 2030 1076 2089 ita
1099 2028 1229 2090 confessi

96 2115 165 2163 sunt
184 2126 304 2181 omnes,
323 2107 431 2168 nullam
453 2054 584 2188 politiam
605 2108 731 2169 feliciter
758 2127 844 2187 posse
865 2105 1024 2179 constitui,
1055 2103 1112 2165 nisi
1133 2106 1229 2186 prima

89 2201 165 2245 ,cura
189 2181 306 2260 pietatis
329 2185 383 2260 sit,
408 2197 438 2244 et
469 2196 671 2265 praeposteras
692 2205 752 2246 esse
772 2182 868 2265 leges,
894 2202 986 2262 qnae,
1009 2179 1147 2264 neglecto
1170 2181 1231 2242 Dei

94 2256 168 2330 iure,
187 2268 301 2318 tantum
322 2258 488 2321 bominibus
508 2260 674 2322 consulunt
714 2261 813 2336 Quum
834 2259 924 2342 igitur
943 2256 1021 2339 apud
1040 2277 1142 2318 omnes
1159 2256 1232 2318 Phi·

94 2331 236 2410 losophos
267 2334 372 2417 religio
403 2337 529 2418 primurn
584 2337 684 2396 radum
711 2347 811 2397 teneat
843 2355 877 2396 ac
910 2334 1078 2403 universali,
1097 2335 1230 2416 gentium

96 2410 226 2468 omnium
247 2431 393 2473 consensu
411 2434 471 2473 sem
496 2435 527 2473 er
545 2358 582 2475 if
595 2414 780 2475 observatum
801 2412 899 2489 fuerit,
919 2410 1102 2472 Christianos
1120 2411 1232 2490 princi·

93 2505 145 2576 pes
165 2506 199 2545 ac
218 2489 402 2569 magistratus
421 2435 492 2570 pud
932 2489 939 2503 '

95 2561 275 2622 incumbant.
315 2564 360 2624 Ac
379 2565 436 2625 iam
456 2567 652 2641 ostendimus,
672 2566 721 2626 bas
746 2563 802 2626 iilis
823 2577 919 2645 partes
939 2585 955 2624 a
973 2563 1042 2623 Deo
1062 2563 1229 2642 specialiter

93 2637 221 2730 iniungi:
252 2640 338 2701 sicuti
357 2661 482 2721 aequum
502 2656 561 2718 est,
583 2643 695 2703 tuendo
716 2654 748 2702 et
771 2641 927 2703 asserendo
948 2640 1009 2699 eius
1030 2637 1138 2699 honori
1157 2660 1231 2720 ope-

94 2734 155 2771 ram
181 2718 367 2794 impendere,
392 2720 474 2778 cuius
498 2720 598 2780 vicarii
627 2731 696 2779 sunt
726 2729 756 2777 et
785 2718 865 2777 cuius
897 2714 1042 2775 beneficio
1074 2715 1229 2794 imperant.

94 2790 163 2848 Hoc
184 2812 302 2881 quoque
326 2795 446 2852 nomine
468 2795 590 2853 maxime
609 2793 766 2853 laudantur
785 2791 877 2853 sancti
896 2791 994 2872 Reges
1014 2790 1045 2848 in
1065 2790 1230 2871 Scriptura,

95 2866 174 2942 quod
203 2866 262 2925 Des
286 2865 396 2925 cultum
423 2882 595 2948 corruptum
620 2869 667 2929 vel
692 2887 823 2929 eversum
854 2865 1035 2927 restituerint
1060 2865 1107 2925 vel
1131 2887 1230 2928 curam

94 2940 239 3021 gesserint
259 2941 420 3034 religionis,
442 2955 474 3002 ut
492 2945 545 3003 sub
559 2942 622 3005 'iltis
641 2965 714 3024 pura
733 2956 764 3005 et
782 2943 937 3009 incolumis
953 2943 1084 3003 floreret.
1117 2941 1231 3004 Contra

93 3037 166 3076 vero
187 3018 276 3078 Sacra
296 3018 416 3078 historia
433 3019 591 3081 inservitis
612 3020 760 3081 anarcbias
780 3019 876 3098 ponit,
895 3019 975 3098 quod
995 3038 1058 3078 non
1079 3030 1154 3079 esset
1167 3018 1230 3080 Rex

94 3094 125 3153 in
145 3094 236 3153 Israel
267 3093 396 3172 ideoque
425 3095 538 3156 faceret
566 3096 705 3186 quisque,
731 3095 810 3189 quod
836 3095 969 3175 placebat
993 3094 1075 3172 (ind.
1091 3101 1140 3168 21,
1156 3096 1229 3174 25)

484 2502 532 2550 eat
549 2510 618 2552 snae
638 2509 706 2551 suae
725 2488 889 2561 socordiae,
909 2488 965 2548 nrsi
984 2487 1015 2546 in
1035 2486 1111 2548 banc
1130 2509 1229 2549 curam

94 3171 183 3229 Unde
216 3170 386 3252 coarguitur
414 3192 518 3231 eorum
546 3173 682 3248 stultitia,
703 3195 753 3252 qur
773 3171 894 3247 vellent,
913 3169 1047 3322 neglecta
1066 3169 1124 3231 Dei
1149 3193 1230 3248 cura,

93 3248 152 3306 iuri
171 3247 248 3306 inter
268 3247 401 3308 homines
421 3248 550 3308 dicundo
568 3260 684 3308 tantum
703 3250 833 3308 intentos
854 3267 924 3307 esse.
984 3248 1042 3306 nasi
1052 3267 1122 3308 vero
1143 3269 1230 3327 prae-

94 3323 280 3384 fectosDeus
300 3343 353 3383 sno
374 3324 495 3385 nomine
509 3325 704 3399 constituerit,
723 3325 776 3405 qui
794 3334 925 3384 terrenas
945 3324 1158 3385 controversias
1179 3324 1231 3384 de·

95 3399 239 3474 siderent,
259 3400 339 3479 qnod
358 3420 428 3460 vero
454 3398 545 3482 longe
569 3402 710 3481 gravioris
729 3399 874 3461 momenti
893 3412 966 3475 erat,
990 3401 1231 3479 praetermiserit,

94 3477 209 3552 utsipse
228 3497 302 3554 pure
323 3476 472 3537 coleretur
492 3499 525 3536 ex
543 3477 631 3558 Legis
650 3496 719 3539 suae
738 3475 928 3611 praescripto.
966 3475 1027 3535 Sed
1047 3474 1104 3535 huc
1123 3475 1230 3536 turbu·

94 3552 191 3610 lentos
212 3550 344 3612 homines
364 3552 488 3632 impellit
507 3553 627 3634 impune
648 3552 746 3614 omnia
766 3573 860 3613 novan
883 3551 1057 3633 icnpiditns,
1076 3563 1109 3612 ut
1126 3571 1230 3613 omnes

93 3627 220 3689 violatae
239 3628 355 3708 pietatis
374 3630 503 3690 vindicis
523 3649 541 3689 e
560 3628 658 3691 medio
683 3628 814 3689 sublatos
839 3650 875 3689 cu
898 3629 967 3688 iant.
1014 3627 1104 3703 Quod
1126 3628 1162 3687 ad
1182 3647 1230 3688 se-

95 3703 221 3763 cundam
240 3703 367 3764 tabulam
388 3706 534 3785 pertinet,
557 3705 689 3787 Regibus
708 3703 864 3766 denuntiat
876 3650 1020 3765 ieremias
1039 3706 1054 3782 (
1093 3703 1175 3781 ‚3.),
1195 3713 1230 3764 ut

94 3777 205 3839 faciant
223 3779 362 3840 iudicium
383 3793 413 3841 et
432 3782 586 3858 iustitiam,
619 3781 747 3842 liberent
765 3781 794 3842 vi
818 3802 836 3841 o
859 3801 988 3860 pressum
1010 3778 1047 3839 de
1072 3801 1160 3843 manu
1180 3800 1230 3841 ca—

94 3854 292 3930 lumniatoris,
314 3857 500 3938 peregrinum
521 3870 552 3918 et
570 3856 684 3920 viduam
712 3869 742 3917 et
761 3801 902 3938 pupilium
922 3877 960 3916 ne
980 3856 1174 3932 contristent,
1190 3875 1231 3917 ne

93 3931 231 3992 iniuriam
258 3931 365 3993 faciant
390 3945 419 3993 et
444 3936 615 4015 sangninem
641 3935 832 3995 innocentem
853 3953 891 3992 ne
911 3932 1075 3992 effundant.
1114 3932 1229 3995 Eodem

94 4020 217 4088 spectat,
237 4030 312 4088 qnae
332 4010 362 4069 in
374 4008 491 4070 Psalmo
502 4016 549 4076 82.
570 4011 734 4071 exhortatio
755 4010 878 4092 legitur:
898 4021 931 4068 nt
950 4010 993 4068 ius
1012 4008 1137 4068 reddant
1155 4028 1229 4089 pan·

93 4085 158 4164 peri
178 4096 208 4144 et
229 4105 336 4166 egeno,
356 4086 475 4166 inopem
497 4099 527 4147 et
547 4107 673 4170 egenum
693 4087 855 4161 absolvant,
875 4086 1003 4165 eripiant
1020 4104 1178 4164 pauperem
1198 4094 1231 4149 et

93 4181 220 4242 egenum
242 4177 258 4220 e
278 4184 366 4222 manu
386 4163 577 4254 oppressoris.
615 4164 795 4224 Mosesvern
814 4161 1004 4242 principibus,
1017 4181 1091 4296 quos
1110 4160 1142 4220 in
1154 4159 1231 4223 vices

93 4258 157 4297 snas
176 4238 345 4312 suffecerat,
365 4239 697 4318 cdrcrt(Deut1,16.):
717 4238 870 4315 „budiant
887 4259 998 4301 causam
1031 4248 1142 4296 ratrum
1160 4256 1231 4298 sno-

93 4334 182 4390 „rum
203 4327 234 4375 et
251 4315 384 4376 iudicent
402 4315 483 4377 inter
500 4315 606 4383 sirum,
618 4327 649 4379 et
668 4317 789 4381 fratrem
815 4315 880 4379 sius
903 4326 934 4377 et
952 4313 1159 4403 peregrinum,
1176 4332 1231 4376 ne·
1288 4330 1294 4338 ·

117 4412 208 4459 curus
222 4415 341 4462 narnus
360 4417 391 4464 u.
988 4395 1027 4456 ³1
