2700 4732
509 184 586 247 tut.
604 188 629 246 l.
669 188 759 249 CAP.
779 190 876 249 xvtt.
1194 202 1250 262 1⁵1

107 327 236 410 inopum
244 328 399 411 dirigatur.
438 329 597 397 Caeterum
609 350 672 393 non
681 332 712 391 in
724 333 851 393 externis
869 334 1002 395 rubrldin
1021 336 1060 395 lta
1072 339 1134 398 elus
1143 338 1248 401 fiducie

109 404 301 479 cubnitetur,
320 418 355 465 nt
371 404 397 467 si
416 406 515 480 assint,
533 406 565 465 in
583 406 618 467 iis
636 427 738 468 secure
757 409 935 489 acquiescat:
955 414 979 471 ri
998 410 1103 489 desint,
1121 414 1247 503 perinde

112 502 144 543 ae
163 482 323 543 destitutus
341 482 481 562 trepidet.
517 482 650 545 Mentem
666 484 745 545 enirn
764 484 796 545 in
815 485 878 545 sola
891 486 949 546 Dei
967 487 1151 568 providente
1169 512 1245 553 scm-

115 578 165 639 per
181 558 309 621 babebit
327 558 467 635 defixam,
494 580 533 620 ne
554 579 593 619 ne
610 581 627 621 a
645 560 730 622 firmo
750 562 811 621 eius
830 562 954 637 intuitu,
978 565 1175 645 praesentium
1196 588 1244 627 re-

116 656 177 695 rnm
198 634 457 709 consideratione,
487 582 595 697 abduci
646 636 761 697 atietur.
814 636 864 697 Sic
884 638 959 702 Ioab
992 642 1109 701 tametsi
1139 644 1244 723 proclii

119 722 246 771 mentum
265 709 298 771 in
318 712 444 773 arbitrio
463 732 609 792 manuque
659 712 686 773 ei
707 733 769 774 esse
788 716 923 795 agnoscit
964 728 1144 778 nontamen
1164 720 1243 780 iner-

122 788 333 849 desudetis:
353 787 406 848 sed
425 786 506 867 quod
524 808 594 847 snae
606 789 766 849 vocdtionis
785 802 840 865 est,
857 760 961 851 sedulo
980 792 1160 873 exsequitur:
1179 795 1244 854 Do-

124 864 196 924 mino
208 870 308 925 'aetem
326 864 473 944 permittit
486 875 622 925 eventum
632 866 787 926 moderari.
825 866 995 942 „stabimus
1016 867 1118 945 sortes,
1136 870 1245 950 inquit,

127 952 281 1023 progente
304 952 425 1016 nostra,
453 951 485 999 et
506 939 629 1001 urbibus
648 941 706 1000 Dei
730 941 838 1003 nostri:
869 943 1014 1003 Dominus
1033 958 1131 1005 autem
1157 945 1243 1007 saciat

130 1016 195 1096 qnod
212 1016 324 1077 bonum
337 1020 434 1077 estin
454 1016 548 1077 oculis
557 1018 636 1077 suis“
655 1019 711 1096 (ll.
724 1020 803 1077 Sam.
816 1022 948 1092 1θ,12.).
985 1020 1097 1089 Eadem
1109 1022 1243 1103 cognitio

129 1093 274 1153 teneritate
294 1106 325 1153 et
345 1114 438 1173 prava
465 1092 643 1154 confidentia
670 1107 771 1155 exutos
796 1096 831 1155 ad
852 1096 1021 1156 continuam
1041 1097 1101 1155 Dei
1121 1097 1241 1159 invoca-

131 1168 222 1229 tionem
241 1190 298 1231 nos
316 1170 465 1250 impellet:
489 1182 552 1229 tum
573 1171 660 1229 etiem
686 1171 799 1232 animos
818 1184 936 1231 nostros
956 1172 1035 1233 bona
1055 1194 1107 1252 spe
1128 1173 1243 1249 l'ulcict,

131 1256 233 1381 qtbquae
252 1268 309 1308 nor
327 1248 517 1309 circumstent
535 1246 676 1326 pericula,
694 1267 798 1309 secure
818 1259 849 1307 et
869 1246 987 1309 sortiter
1006 1248 1157 1331 despicere
1177 1271 1238 1311 non

173 1336 284 1383 :tenu

188 1406 231 1465 tt.
268 1400 335 1461 Hac
353 1418 426 1459 vero
445 1408 531 1477 parte
548 1418 581 1459 sc
604 1398 705 1479 prodit
722 1397 943 1461 inaestimabilis
983 1402 1028 1460 iae
1046 1402 1152 1463 mentis
1171 1400 1238 1462 feli-

134 1473 192 1535 titcr.
235 1474 397 1537 lnnnmera
417 1486 486 1535 runt
505 1478 685 1554 quaesitam
704 1476 858 1537 humanam
886 1476 951 1537 obsi
972 1488 1024 1537 ent
1048 1478 1139 1551 mala,
1164 1499 1239 1558 quac

135 1551 232 1613 tetidem
252 1563 407 1613 ostentant
430 1564 550 1611 mortes.
601 1554 644 1612 Ut
668 1566 747 1613 extra
772 1574 834 1612 non
862 1573 1009 1613 cxearnus:
1039 1575 1127 1633 quum
1158 1554 1239 1615 mille

87 1658 89 1687 :
134 1626 279 1689 nortorum
289 1628 508 1707 receptaculum
521 1630 559 1689 sit
569 1651 686 1709 corpus,
704 1630 764 1690 imo
784 1629 863 1689 intus
882 1628 1006 1689 inclusas
1016 1641 1117 1689 teneat
1136 1652 1171 1691 ac
1192 1630 1237 1691 io·

118 1706 357 1785 ¹ttatrnorborum
369 1726 477 1779 causas,
496 1724 527 1765 sc
538 1708 632 1785 ipsum
647 1706 735 1766 homo
757 1705 834 1766 serre
844 1726 904 1765 nun
925 1718 1033 1785 potest,
1047 1706 1118 1785 quin
1133 1706 1238 1767 multas

87 1818 90 1833 ·
135 1780 259 1843 nibomm
277 1803 398 1843 snorum
419 1782 528 1842 formas
545 1802 643 1843 secum
664 1782 754 1857 ierat,
773 1803 806 1842 ac
826 1784 912 1841 vitam
932 1782 1150 1861 quodammodo
1171 1804 1236 1845 com

87 1882 91 1917 .¹
135 1870 204 1919 torte
220 1859 390 1941 implicitam
409 1857 515 1917 trabat.
554 1858 635 1934 Quid
656 1860 734 1918 enim
754 1858 832 1918 aliud
853 1858 945 1932 dicas,
965 1857 1016 1917 ubi
1036 1879 1091 1919 nec
1113 1859 1237 1939 frigetur

87 1936 91 1995 i
133 1938 301 1997 tttrndatur
319 1936 383 1995 siue
402 1934 555 2014 periculo?
601 1936 661 1995 lam
681 1956 859 2015 quocunqne
883 1946 915 1993 te
933 1946 1043 2009 vertas,
1067 1956 1140 2013 quae
1159 1934 1236 1995 circa

87 2036 91 2072 ι
132 2016 224 2071 terunt
240 2013 359 2087 omnia,
387 2033 450 2071 non
475 2012 564 2071 modo
584 2012 737 2093 ambiguae
761 2022 830 2071 suist
850 2010 934 2086 idei,
963 2011 1015 2070 scd
1046 2031 1061 2071 a
1085 2022 1147 2070 erte
1169 2012 1236 2071 fere

87 2112 92 2148 ι
132 2084 264 2163 ὼιιῑιιτ,
295 2100 534 2168 acpraeseutem
553 2101 679 2147 mortem
699 2088 836 2147 ridentur
853 2088 1008 2147 intentare.
1059 2031 1236 2147 b'onscende

87 2198 91 2213 ·
132 2180 225 2237 taccu,
251 2167 331 2245 pede
356 2186 416 2224 uno
436 2186 453 2223 a
472 2177 568 2225 morte
588 2165 683 2224 distas.
733 2164 822 2245 Equo
847 2164 958 2237 inside,
986 2164 1017 2224 in
1047 2162 1129 2243 lapsu
1153 2163 1236 2244 pedis

87 2264 92 2309 ς
134 2238 338 2303 murinco:
361 2241 553 2321 periclitatur.
591 2242 701 2302 Incede
724 2262 779 2320 per
804 2242 862 2301 rias
887 2239 983 2313 urbis,
1011 2253 1084 2321 quot
1109 2240 1233 2301 suntin

87 2352 92 2365 ·
134 2314 343 2400 lttliategulae,
367 2329 415 2377 tot
438 2316 652 2377 discriminibus
672 2339 702 2377 es
721 2318 874 2378 obnoxius.
914 2317 946 2377 si
974 2318 1182 2376 ferramentum
1203 2318 1233 2376 in

87 2428 91 2440 ·
133 2400 225 2456 lnam
239 2396 325 2456 amici
344 2416 433 2453 niano
452 2396 505 2469 sit,
524 2406 635 2453 enscrta
662 2406 705 2454 est
725 2416 808 2454 noxa,
855 2395 939 2468 Quot
960 2405 1013 2452 not
1036 2394 1168 2453 animalia
1190 2394 1233 2453 le·

87 2492 90 2531 ῑ
133 2469 297 2545 uohrides,
327 2473 359 2531 in
390 2484 469 2531 tuam
499 2470 659 2551 perniciem
685 2483 792 2531 armata
812 2482 888 2529 sunl.
940 2415 1057 2544 iluudsi
1078 2471 1122 2529 vel
1144 2469 1233 2529 borlo

87 2569 91 2605 ε
132 2538 187 2607 itte
202 2550 312 2610 munito
332 2548 484 2608 includere
504 2563 534 2607 te
552 2548 678 2619 studeas,
696 2547 747 2606 nbi
766 2546 838 2606 nibil
858 2569 944 2625 qnam
965 2548 1125 2607 amoenitas
1144 2568 1233 2626 appa·

87 2656 90 2683 ι
131 2634 189 2695 teat,
214 2626 269 2686 illic
295 2646 343 2684 ser
356 2646 417 2683 rens
443 2625 589 2683 interdurn
615 2624 776 2683 delitescet.
827 2624 942 2683 Domus
962 2622 1073 2683 assidue
1094 2622 1232 2681 incendio

133 2696 242 2775 tobiecla,
261 2647 388 2762 interdiu
411 2700 463 2759 tibi
486 2711 697 2781 paupertatem,
718 2712 807 2760 noctu
828 2700 914 2757 etiam
936 2700 1157 2777 oppressionem
1178 2700 1232 2757 mi·

87 2801 106 2837 r·
135 2785 202 2835 ntur.
234 2780 316 2859 Ager
334 2777 481 2861 grandini,
494 2778 632 2911 pruinae,
649 2777 782 2849 siccitati,
802 2776 923 2911 aliisque
944 2775 1163 2865 tempestatibus
1184 2796 1231 2831 en-

87 2878 106 2962 q
137 2851 218 2922 witus
234 2878 321 2933 quum
343 2858 396 2928 sit,
422 2854 490 2913 steri
504 2866 617 2925 itatem,
647 2867 733 2931 atque
761 2876 794 2912 ex
815 2874 849 2911 ea
882 2874 974 2911 amem
995 2850 1048 2911 trbi
1069 2850 1230 2911 denuntiat.

87 2933 119 3008 i.-
140 2926 222 2988 britto
239 2934 396 3005 veneficia,
415 2930 546 3003 insidias,
570 2928 739 3001 latrocinia,
770 2930 828 2987 vim
849 2941 993 3007 apertam:
1019 2948 1145 3005 quorun:
1165 2948 1230 3005 pars

87 3031 104 3071 ¹2:
140 3006 255 3087 moseri
274 3008 429 3081 obsident,
459 3029 524 3085 pars
542 3026 669 3095 peregre
689 3018 919 3085 consequuntur.
964 3007 1048 3063 luter
1068 3003 1117 3063 bas
1137 3024 1231 3083 angn-
1288 3052 1294 3065 .

87 3122 103 3155 -Ι
142 3086 284 3167 littrannon
305 3097 428 3173 oportet
446 3085 637 3142 ruiscrnmnn:
657 3105 719 3141 esse
740 3083 904 3155 honriuenr,
929 3093 1032 3215 utpote
1053 3080 1102 3159 qni
1122 3080 1153 3139 in
1172 3081 1230 3139 rita

87 3174 107 3219 n
144 3158 386 3222 :alvimannum
407 3172 436 3217 et
456 3158 623 3239 languidum
648 3159 780 3248 spiritum
807 3180 895 3239 aegre
920 3170 1030 3230 tranet,
1061 3178 1122 3215 non
1147 3176 1230 3217 secus

87 3258 95 3295 r
145 3228 377 3298 ll‘linurinentem
401 3249 545 3315 perpetuu
566 3236 726 3295 cervicibus
744 3235 872 3317 gladium
893 3234 1031 3295 liaberet?
1069 3233 1157 3295 Dicas
1177 3233 1230 3293 isla

87 3350 95 3374 .-
147 3321 192 3365 ¹²¹⁰
208 3316 325 3385 trenirc,
355 3325 406 3372 aut
426 3326 506 3371 certe
532 3334 591 3371 uon
616 3331 748 3390 semper,
777 3331 874 3390 neque
900 3310 1051 3384 omnibus,
1081 3332 1229 3389 nunqnam

87 3412 104 3451 n
147 3398 194 3439 tero
207 3388 272 3449 siunt
292 3390 404 3451 omnia.
444 3391 567 3447 Fateor:
588 3389 638 3447 sed
660 3411 748 3467 quun:
768 3388 892 3446 aliorum
913 3386 1051 3465 exemplis
1070 3387 1228 3446 admonea-

87 3471 105 3553 Εἰ
146 3474 203 3543 ¹3⁰¹,
216 3468 316 3527 uenire
337 3467 425 3525 ctiam
446 3465 531 3523 nobis
551 3486 651 3543 posse:
682 3485 735 3523 nec
755 3476 886 3524 nostran:
907 3463 998 3543 stragis
1019 3485 1105 3542 quant
1126 3485 1228 3523 cortun

87 3568 95 3601 r
144 3544 205 3595 uun
219 3542 298 3623 recipi
317 3544 446 3603 debere:
473 3542 536 3600 lieri
561 3563 622 3600 non
647 3552 748 3621 potest
767 3552 799 3599 ut
819 3562 879 3602 non
898 3540 1051 3599 timeamus
1071 3562 1105 3599 ac
1127 3539 1228 3599 surmi-

87 3642 95 3677 ι
141 3605 355 3700 ὖωιιςίιηςυαιιι
376 3618 462 3678 nobis
482 3630 630 3676 eventura.
669 3616 736 3676 'sali
757 3637 829 3698 ergo
848 3616 1045 3695 trepidatione
1066 3614 1133 3695 qnid
1156 3613 1228 3675 cala·

87 3702 94 3755 't
138 3688 232 3755 niuster
250 3696 361 3779 lingas?
397 3694 493 3765 Adde,
514 3695 592 3772 qnod
605 3694 662 3752 Dei
682 3692 860 3753 contumelia
881 3715 940 3752 cion
963 3704 1053 3766 caret,
1070 3692 1095 3751 si
1107 3692 1229 3763 dicatur,

87 3800 94 3831 i
135 3756 246 3835 bultem
258 3794 292 3832 cx
306 3773 448 3833 creaturis
468 3770 688 3841 nobilissimam,
704 3769 887 3849 prostituisse
907 3769 943 3828 ad
958 3790 1065 3829 coccos
1085 3779 1116 3825 et
1133 3777 1228 3825 teme-

87 3872 93 3905 :
132 3842 197 3905 titios
212 3850 360 3929 quoslibet
377 3849 528 3907 Fortunae
546 3847 628 3909 irtus.
673 3847 735 3906 Sed
760 3846 807 3907 hie
826 3846 864 3905 de
883 3844 999 3905 miseria
1019 3842 1145 3903 bominis
1165 3854 1227 3901 tan·

87 3950 92 3967 ·
128 3922 267 4062 fflqqrqi
282 3925 468 4006 propositrun
481 3936 537 4000 est,
553 3944 786 4003 quamsensnnt:
804 3923 852 4001 sit,
871 3922 895 3983 si
914 3922 968 3983 sub
988 3918 1228 4001 imperioml'or·

87 4028 90 4041 ·
259 4016 364 4062 tatur.

87 4074 89 4123 l
179 4086 221 4143 ll·
259 4024 300 4139 Agl
319 4078 371 4138 ubi
391 4076 439 4137 lux
457 4077 505 4137 illa
518 4076 633 4136 diuinae
652 4076 857 4157 providentiae
872 4072 962 4135 semel
981 4071 1094 4131 homini
1113 4070 1167 4149 pio
1185 4070 1228 4129 as-

126 4143 195 4213 ibit:
212 4156 268 4215 iam
289 4176 352 4215 non
372 4166 499 4213 extrema
518 4155 626 4224 modo,
646 4176 701 4233 qna
721 4166 789 4212 ante
810 4152 1013 4231 premebatur,
1033 4147 1229 4236 anxietate-et

125 4220 272 4305 lomtline,
294 4231 347 4297 sed
367 4229 449 4293 otoni
468 4253 534 4290 cura
560 4231 704 4291 relevatur
722 4236 761 4289 ac'
780 4230 912 4289 solvitur.
960 4226 1004 4284 Ut
1022 4224 1101 4285 enim
1120 4234 1228 4283 merito

123 4294 259 4369 Fortunam
278 4308 394 4382 horret,
412 4307 452 4366 itu
470 4328 573 4369 secure
592 4307 659 4368 Deo
678 4327 741 4369 seso
761 4306 849 4368 audet
867 4302 1047 4387 permittere.
1087 4300 1165 4377 llos,
1183 4298 1228 4359 in-
