2700 4732
509 218 834 282 mmmm.
1174 228 1301 310 m·

180 370 223 431 17.
260 364 394 425 Utuntur
412 376 444 425 et
460 364 632 425 testimonio
652 363 801 443 Apostoli,
822 364 889 444 quia
908 364 979 425 dicit
996 364 1098 445 (Rom.
1116 368 1231 440 9,1fi.)

123 462 244 503 maesse
261 442 402 515 volentis,
428 461 485 502 nee
505 440 666 515 currentis,
685 441 737 499 sed
757 440 920 501 miserentis
940 442 1012 502 Dei:
1042 464 1077 502 ex
1096 464 1156 523 quo
1177 443 1231 503 eli-

123 518 197 591 eiunt,
218 518 327 599 aliquid
348 537 411 580 esse
431 518 461 577 in
482 518 633 577 voluntate
654 529 684 575 et
703 530 827 593 conatu,
855 518 934 597 quud
960 540 1014 598 per
1031 540 1063 579 se
1087 519 1156 580 licet
1174 520 1230 579 im·
1283 542 1288 549 ·

123 592 245 668 tutttuu,
264 594 463 656 misericordia
482 594 541 653 Dei
560 594 703 663 adiutum,
723 614 866 673 prospero
886 616 1020 655 successu
1039 616 1102 655 non
1123 608 1228 655 careat.

122 671 192 751 Atqui
208 672 231 731 si
249 672 350 731 sobrie
370 673 563 752 pensitareut,
582 690 659 805 quae
679 670 737 729 illic
757 690 840 729 eausa
860 682 1003 730 tractetur
1021 694 1037 731 a
1052 672 1155 745 Paulo,
1175 673 1228 733 ista

123 748 240 809 enuntia
263 768 326 808 uon
357 749 433 808 adeo
466 748 579 807 incousi
603 760 681 805 erate
712 746 916 806 abuterentur.
967 748 1038 808 Scio
1062 770 1114 807 eos
1142 768 1228 827 posse

124 822 258 907 Origeeeru
277 836 309 883 et
327 824 543 905 Hieronymum
554 825 589 901 *)
624 824 717 883 citare
739 843 809 883 suae
835 823 1025 903 expositionis
1048 824 1140 885 sulsre
1162 838 1228 885 uto·

123 918 172 991 req:
195 920 303 991 possem
318 912 355 977 ⁸et
379 900 436 960 illis
455 900 581 992 vicissim
600 900 797 991 Augustinum
821 920 992 990 opponere:
1022 902 1077 993 sed
1094 844 1164 981 quid
1184 900 1227 961 illi

124 976 702 1133 ttttt‘ut‘t‘ttutltlttl‘t‘tt:
720 976 1228 1132 55:322,ttltt'tttlttltt

124 1124 240 1203 boemus
258 1130 411 1211 dignetur:
437 1130 553 1189 ruinam
578 1141 607 1188 et
631 1130 783 1188 interitum
808 1149 927 1187 manere
947 1150 1139 1209 quoscunque
1163 1152 1225 1192 non

124 1202 228 1287 degerit.
264 1204 474 1295 Reproboruru
493 1218 604 1266 sortem
628 1206 682 1265 sub
701 1204 861 1265 Pharaonis
887 1205 1019 1285 exemplo
1040 1207 1226 1268 demonstra-

122 1292 194 1343 rerat:
223 1294 367 1363 gratuitae
391 1302 510 1363 quoque
537 1280 689 1342 electionis
709 1282 916 1342 certitudinem
938 1284 1029 1343 blesis
1054 1284 1224 1344 testimonio

122 1356 294 1431 estimaret,
312 1358 481 1419 bliserebor
500 1359 581 1419 cuius
600 1358 771 1417 miserebor.
811 1357 988 1432 Concludit,
1008 1378 1069 1418 non
1090 1379 1152 1419 esse
1171 1381 1225 1420 vo-

94 1500 97 1505 ,
121 1428 186 1493 teau
200 1448 249 1495 aut
268 1436 426 1507 currentis,
449 1435 499 1495 sed
519 1436 682 1495 miserentis
701 1434 770 1494 Dei.
815 1435 931 1508 Quodsi
957 1436 985 1494 in
1007 1435 1084 1496 brine
1104 1438 1223 1495 modum

122 1506 285 1593 itelligatur,
304 1532 366 1571 non
385 1511 708 1571 sufficerevoluntatem
729 1523 778 1570 aut
788 1522 936 1585 conatum,
948 1512 1014 1592 quia
1034 1523 1133 1571 tautae
1152 1512 1224 1573 moli

121 1582 161 1645 bt
175 1588 312 1679 impares:
338 1608 439 1667 parurn
458 1589 670 1648 convenienter
689 1609 704 1647 a
724 1586 818 1647 Paulo
838 1588 947 1647 dictum
968 1588 1055 1647 toret.
1094 1589 1224 1648 Proinde

205 1678 273 1724 astas
292 1663 468 1745 argutiobs,
492 1664 559 1723 Non
580 1676 624 1725 est
643 1664 767 1724 volentis
792 1684 887 1743 neque
907 1664 1067 1724 currentis:
1088 1686 1159 1745 ergo
1180 1678 1225 1723 est

121 1678 193 1817 m
208 1739 353 1814 voluntas,
373 1752 417 1800 est
435 1741 539 1819 aliquis
558 1762 665 1801 cursus.
704 1739 875 1819 Simplicior
891 1742 968 1800 enim
980 1753 1024 1800 est
1036 1762 1117 1800 mens
1131 1742 1224 1816 Pauli,

113 1810 170 1879 ,ΕΜ
189 1828 231 1877 est
248 1817 401 1890 voluntas,
431 1830 557 1877 nonest
581 1839 695 1891 cursus,
726 1837 803 1896 quae
826 1817 912 1876 nobis
937 1818 1010 1877 viam
1037 1818 1073 1876 ad
1099 1818 1223 1877 salutern

122 1906 167 1951 ue
230 1904 278 1953 nt:
309 1892 373 1954 sola
400 1904 444 1953 est
471 1894 516 1953 bic
534 1893 658 1953 Domini
684 1894 893 1953 misericordia.
943 1894 1011 1953 Non
1036 1894 1114 1953 enirn
1137 1894 1223 1953 aliter

122 1960 154 2027 bt
180 1970 295 2049 oquitur
336 1990 400 2029 uam
425 1970 461 2029 ad
482 1970 582 2029 Titum
608 1976 657 2047 (3,
676 1976 735 2047 4.),
766 1969 817 2028 ubi
846 1969 948 2029 scribit
978 1970 1144 2049 apparuisse
1164 1970 1222 2031 Dei

123 2038 254 2105 lenitatem
273 2057 305 2107 et
347 2047 549 2119 umanitateru,
569 2067 628 2106 non
650 2068 684 2105 ex
703 2045 842 2126 operibus
861 2046 987 2106 iustitiae
1008 2066 1081 2123 quae
1101 2046 1222 2107 lecimus

124 2124 233 2193 named
259 2142 315 2203 pro
337 2124 475 2183 immensa
495 2123 556 2183 eius
575 2124 784 2183 misericordia.
822 2124 868 2181 Ne
888 2122 929 2181 illi
950 2124 1066 2203 quidem
1088 2123 1151 2203 ipsi,
1171 2122 1222 2202 qui

125 2208 262 2275 &phetor
287 2199 409 2259 Paulum
443 2200 572 2260 innuisse
595 2200 720 2279 aliquam
747 2219 809 2260 esse
832 2198 1015 2259 voluntatem
1041 2213 1070 2259 et
1095 2201 1221 2278 aliquem

127 2286 221 2349 unu,
236 2275 304 2355 quia
323 2278 474 2358 negaverit
492 2296 554 2335 esse
568 2278 692 2337 volentis
712 2289 761 2336 aut
780 2276 934 2349 currentis,
953 2277 1023 2335 milii
1042 2276 1078 2335 ad
1098 2277 1222 2336 eandem

129 2342 219 2437 ltqu-
239 2352 409 2411 ratiocinari
424 2354 648 2426 concederent,
678 2351 716 2412 ali
738 2373 774 2411 ua
799 2374 853 2413 nos
879 2353 958 2412 bona
987 2374 1076 2432 opera
1108 2353 1222 2428 iecisse,

130 2438 176 2499 μ
188 2440 266 2511 aegat
285 2428 393 2489 Paulus
414 2450 447 2487 ex
466 2431 605 2508 operibus
625 2450 699 2510 quae
717 2375 884 2501 ieceriiuus,
903 2430 961 2487 Dei
981 2428 1144 2490 bonitatem
1165 2450 1221 2491 nos

130 2514 269 2595 &quotus
327 2506 444 2579 Quodsi
476 2508 576 2566 vitium
608 2507 636 2565 iu
668 2506 721 2565 bac
750 2528 782 2565 ar
804 2506 1004 2565 uiuentstioue
1029 2507 1221 2588 prospiciunt,

130 2590 226 2652 went
239 2581 353 2650 oculos,
372 2595 402 2641 et
421 2606 500 2642 suum
522 2604 581 2641 nou
602 2602 702 2642 carere
721 2526 807 2642 simili
828 2581 938 2641 fallacia
951 2595 1082 2642 cernent.
1121 2584 1220 2641 Firma

130 2656 236 2716 etcum
247 2659 320 2718 ratio
341 2658 400 2732 illa,
419 2681 475 2739 qua
494 2660 628 2718 nitituril
638 2660 759 2741 ugusti
768 2682 784 2718 n
795 2682 846 2719 us:
865 2658 919 2732 „Si
931 2659 997 2719 idco
1010 2660 1118 2718 dictum
1132 2659 1220 2731 foret,

73 2752 91 2811 J
131 2746 186 2797 „toa
200 2754 256 2794 esse
274 2735 400 2795 solentis
419 2756 515 2814 neque
535 2742 687 2809 currentis,
707 2739 774 2815 quia
795 2757 854 2794 non
875 2736 999 2795 sufficiat
1012 2738 1144 2794 volumtas
1164 2755 1220 2793 nec

73 2822 76 2855 ²
133 2822 228 2873 utus:
244 2831 331 2901 posse
353 2813 381 2870 in
402 2814 575 2871 contrariam
596 2826 706 2893 partem
727 2815 904 2890 retorqueri,
925 2834 984 2870 non
1006 2832 1067 2870 esse
1087 2811 1145 2869 Dei
1166 2812 1221 2868 mi·

73 2906 78 2919 ’
134 2884 303 3013 ff'surdiae,
334 2892 402 2966 quia
427 2909 522 2967 neque
545 2890 605 2948 sola
632 2889 679 2948 illa
711 2900 833 2965 ageret“
864 2889 962 2967 [epist.
983 2896 1049 2951 170.
1075 2888 1110 2946 acl
1133 2887 1219 2946 t‘itut.

176 2958 308 3023 hebuit.
328 2966 363 3022 ad
383 2965 520 3023 laurent.
539 2988 601 3046 cap.
620 2968 689 3043 32.}.
733 2966 835 3039 Quum
857 2966 912 3024 hoc
931 2965 1090 3023 secundum
1110 2963 1147 3021 sit
1166 2964 1220 3022 ab·

73 3028 79 3083 l
133 3034 229 3109 Um,
250 3040 355 3099 merito
380 3041 529 3100 concludit
547 3042 743 3124 Augustinus,
763 3042 831 3099 ideo
853 3062 914 3100 esse
936 3041 991 3099 linc
1011 3041 1132 3113 dictum,
1152 3040 1219 3119 quia

73 3138 80 3157 =
135 3108 230 3173 *llasit
246 3115 372 3176 bominis
393 3117 526 3177 voluntas
546 3118 641 3191 boua,
662 3118 717 3177 nisi
736 3130 927 3197 praeparetur
947 3138 962 3175 a
982 3117 1129 3175 Domino:
1157 3137 1218 3174 nou

73 3200 99 3235 ²·
134 3184 259 3267 pavete
283 3193 440 3252 debeamus
467 3206 497 3252 et
520 3215 654 3268 currere,
683 3195 734 3252 scil
759 3196 825 3273 quia
850 3208 1005 3270 utrumque
1023 3192 1105 3252 Deus
1131 3192 1221 3251 elficit

73 3280 81 3313 ²
134 3264 240 3349 *pitis
275 3271 346 3328 Nou
372 3270 465 3329 minus
491 3272 592 3329 inscite
616 3283 774 3349 torquetur
798 3293 813 3329 a
835 3271 1007 3348 quibusdam
1032 3268 1102 3328 illud
1124 3268 1220 3341 Pauli,

73 3356 81 3389 2'
133 3328 333 3427 ”pauperati
354 3368 451 3406 sunaus
471 3347 510 3424 (1.
531 3346 602 3406 Cor.
621 3355 650 3419 3,
669 3352 727 3423 9.),
748 3347 828 3426 quod
849 3347 884 3404 ad
903 3346 982 3405 solos
1002 3346 1150 3405 ministros
1171 3367 1217 3403 re-

78 3424 96 3437 “’
132 3418 334 3497 ¹lttflgirniuime
354 3422 475 3481 dubium
495 3436 551 3482 est:
573 3425 761 3502 cooperarius
781 3436 878 3482 autem
897 3423 1014 3495 vocari,
1034 3442 1095 3481 non
1116 3424 1165 3501 qui
1186 3442 1219 3479 cx

73 3504 81 3539 ²
129 3504 153 3545 Ε
196 3494 295 3558 ‘uam
314 3499 451 3572 aflerant,
471 3499 671 3578 sedquoniam
692 3521 794 3559 eorum
816 3520 905 3575 opera
926 3499 1119 3572 utiturDeus,
1138 3510 1219 3579 post·
1304 3536 1314 3563 ,

73 3590 81 3603 ’
127 3580 188 3641 Μ
205 3573 212 3587 ”
228 3596 321 3634 oneos
341 3576 469 3633 reddidit
488 3576 679 3655 instruxitque
698 3577 866 3635 necessariis
888 3575 1014 3634 dotibus·

73 3670 80 3679 ·
176 3654 215 3715 18
250 3650 487 3710 [eclesiasticum
509 3652 691 3731 producunt,
717 3674 804 3731 quem
824 3651 929 3710 dubiae
949 3649 1129 3709 auctoritatis
1148 3648 1220 3707 scri·

73 3744 78 3755 ⁸
121 3728 208 3795 plorem
227 3746 289 3787 esse
309 3748 370 3786 non
398 3728 561 3808 ignoratur.
605 3729 647 3786 At
671 3729 748 3787 enim
776 3739 808 3786 ut
834 3747 872 3785 ue
896 3748 911 3786 a
939 3727 1024 3785 nobis
1048 3724 1220 3804 repudietur

126 3803 190 3883 ¹uod
208 3804 302 3863 lacere
321 3816 420 3862 tamen
441 3805 505 3861 iure
525 3816 627 3862 nostru
649 3805 734 3863 nobis
756 3805 850 3879 licet),
870 3803 940 3882 quid
961 3802 1010 3859 ille
1031 3812 1152 3859 testatur
1164 3820 1218 3878 pro

205 3878 348 3939 arbitrio?
385 3879 465 3938 Dicit
484 3879 578 3957 (Eccl.
598 3884 727 3955 15‚1‹t.)
748 3881 896 3939 bominem
915 3879 1012 3938 statim
1032 3889 1120 3955 atque
1140 3895 1220 3933 erca-

114 3956 148 4011 lea
162 3954 221 4029 suit,
240 3956 373 4015 relictum
386 3975 448 4014 esse
468 3957 498 4015 in
517 3978 605 4016 manu
618 3958 732 4016 consilii
751 3958 810 4016 sui:
832 3957 895 4014 data
916 3953 957 4013 illi
974 3962 1220 4041 esselpraecepta,

73 4082 75 4099 ,
112 4044 171 4103 quae
185 4034 209 4092 si
227 4045 371 4107 servaret,
395 4032 432 4091 ab
453 4032 509 4091 illis
529 4034 651 4092 vicissim
671 4046 848 4093 seruaretur:
881 4043 948 4090 aute
969 4030 1119 4090 homiuem
1138 4048 1220 4107 posi·

108 4178 513 4205 w

160 4280 186 4349 ⁴)
209 4280 250 4334 Ci.
270 4282 342 4349 ortg-
358 4283 404 4333 lili.
423 4284 447 4334 7.
464 4281 491 4333 in
510 4284 581 4352 epist.
600 4286 632 4334 nd
649 4282 727 4333 Rom.
746 4283 845 4333 llicron
871 4280 930 4331 dial.
944 4284 967 4333 1.
984 4278 1011 4329 in
1028 4275 1169 4339 Pelagium.
1186 4302 1220 4317 ι·-

104 4342 223 4411 lumeni
240 4352 319 4403 verba
336 4352 387 4403 vicl.
405 4351 451 4403 lib.
466 4354 491 4405 3.
510 4371 567 4421 cap.
583 4353 627 4409 24.
644 4364 704 4402 suet.
722 4351 745 4402 1.
763 4350 894 4417 exscripta.
