2700 4732
101 192 143 259 m
306 160 309 167 ’
484 187 866 256 mmmm
981 210 1061 267 μ

104 335 172 391 alios
193 334 240 405 qui
258 334 424 389 iulirtoorum
443 336 572 390 rationem
594 335 704 390 minime
725 335 837 397 babeat,
857 347 919 389 sect.
934 331 960 388 9.
977 345 1002 386 et
1019 332 1063 390 10.
1080 360 1117 375 ·-
1149 330 1186 403 8)
1201 328 1245 385 na

104 421 230 475 seandalo
247 421 309 473 dato
326 432 353 471 et
368 434 489 489 accepto:
507 421 675 491 eiusdemque
691 416 864 475 consideratio
881 417 993 489 prolixa.
1011 436 1062 472 nec
1077 438 1137 471 uon
1152 436 1245 471 neom·

105 503 185 577 uria,
202 524 218 558 a
234 517 294 556 sect.
310 503 352 561 11.
369 504 404 556 ad
419 504 465 557 bn.
482 524 539 575 cap.

184 646 225 705 1.,
250 637 448 701 Tractandum
469 659 547 699 nunc
567 638 604 699 dc
624 638 788 699 Christiana
807 637 958 699 libertate:
981 636 1063 699 cuius
1082 634 1242 718 explicatio

106 714 301 797 praetermitti
319 714 439 775 minime
457 714 494 776 ab
515 735 552 775 eo
570 715 670 791 debet,
688 716 737 776 cui
755 736 895 776 summam
916 715 1110 795 Evangelieae
1129 712 1244 774 doetri-

106 811 164 854 uae
183 790 361 873 compendio
386 791 542 871 complecti
566 794 748 872 propositum
774 793 820 853 sit.
862 792 915 851 Est
934 790 1012 850 enim
1037 808 1084 852 res
1110 789 1243 869 apprime

106 869 287 943 necessaria,
314 887 349 927 ac
373 868 444 927 citra
464 869 545 928 cuius
564 869 766 963 cognitionem
793 866 862 927 nihil
888 868 951 927 sere
969 867 1033 927 sine
1054 866 1242 927 dubitatione

107 945 229 1028 aggredi
248 944 445 1006 eonscientiae
465 944 586 1005 audent:
613 967 643 1005 tn
665 943 761 1005 multis
780 944 926 1004 haesitant
945 955 975 1002 et
994 942 1145 1014 resiliunt,
1163 962 1241 1005 sem-

107 1042 162 1104 per
181 1021 294 1083 variant
313 1032 343 1080 et
362 1019 527 1099 trepidant:
552 1022 722 1100 praesertim
741 1041 812 1082 vero
833 1019 975 1100 appendia
996 1031 1040 1080 est
1058 1020 1242 1081 iustificatio-

50 1124 53 1129 ·
107 1099 164 1171 nis,
182 1108 213 1158 et
232 1097 269 1156 ad
289 1096 345 1156 vim
366 1096 426 1157 eius
445 1095 663 1178 intelligendam
683 1119 744 1157 non
765 1097 962 1177 parumvalet„
1000 1095 1241 1175 ImoquiDeum

1 1217 4 1225 ,
106 1175 185 1236 serio
206 1173 327 1246 timent,
346 1172 415 1234 binc
435 1174 561 1234 fructum
581 1173 842 1257 incomparabilem
861 1172 1027 1264 percipient
1046 1173 1108 1232 cius
1127 1169 1241 1233 doctri·

107 1269 181 1325 nac,
200 1271 288 1330 quam
314 1248 395 1329 impii
415 1260 446 1309 et
463 1250 612 1311 Lucianici
628 1250 767 1325 ⁴homines
786 1249 883 1329 lepide
906 1272 963 1311 suas
989 1249 1119 1310 dicteriis
1142 1248 1242 1331 exagi-

106 1336 186 1387 tant:
236 1326 283 1386 uia
302 1324 495 1418 inspirituali
514 1320 673 1402 ebrietate,
696 1344 753 1406 qua
773 1327 903 1408 correpti
921 1337 1005 1400 sunt,
1030 1324 1149 1406 quaeris
1170 1346 1242 1417 pro-

106 1404 200 1464 tervia
215 1347 275 1463 iltis
295 1413 339 1463 est
357 1402 447 1463 licita.
488 1402 589 1477 Quare
609 1424 688 1465 nunc
708 1415 877 1484 opportune
896 1402 927 1461 in
947 1401 1073 1461 medium
1091 1400 1242 1495 prodtbit:

107 1479 216 1540 deinde
236 1478 399 1560 planiorem
419 1478 481 1540 eius
501 1480 729 1561 disputationem
749 1482 832 1556 (nam
852 1479 958 1538 leviter
977 1478 1133 1557 aliquotres
1152 1496 1242 1557 supra

106 1576 124 1616 a
144 1555 230 1617 nobis
248 1565 354 1617 attacta
374 1568 418 1617 est
458 1558 488 1615 in
510 1557 588 1618 hunc
607 1558 705 1619 locum
724 1556 848 1615 reiicere
867 1554 939 1615 utile
958 1554 1029 1614 suit:
1054 1554 1120 1633 quia
1139 1552 1242 1615 aimul-

107 1642 198 1725 atque
216 1633 323 1693 iniecta
343 1643 387 1693 est
405 1632 500 1712 siqua
519 1635 631 1695 mentio
644 1632 826 1695 Christianae
839 1632 992 1703 libertatis,
1011 1629 1242 1691 ibiautlerrent

107 1708 260 1783 libidines,
277 1720 328 1768 aut
345 1708 437 1770 insani
456 1722 554 1771 motus
572 1723 706 1792 surgunt,
725 1711 779 1770 nisi
799 1721 912 1769 mature
923 1707 1042 1768 obviam
1052 1718 1136 1767 catur
1156 1705 1242 1767 lasci·

106 1782 601 1923 illiti&‘ltattttl‘tti
621 1785 1018 1925 titttttttt‘t‘t?
1035 1794 1240 1920 ttt‘ttttt:

108 1938 273 2013 excutiunt,
301 1951 332 1998 et
351 1938 380 1997 in
402 1939 573 2000 effrenatam
594 1886 739 2000 liclintiam
760 1960 791 1998 se
810 1938 991 2018 proripiunt:
1014 1938 1121 2016 partim
1142 1935 1239 2019 iudig-

107 2026 234 2089 nantur,
257 2026 392 2095 putantes
412 2037 530 2076 omnem
554 2017 804 2091 moderationem,
831 2015 982 2088 ordinem,
1007 2030 1168 2091 rerumque
1188 2013 1240 2073 de-

107 2090 217 2153 lectum
236 2091 313 2152 tolli.
353 2090 435 2165 Quid
455 2093 502 2154 bic
521 2114 638 2175 agamus
654 2092 761 2153 talibus
781 2114 815 2152 an
840 2091 921 2152 ustiis
947 2087 1154 2169 circumsepti?
1192 2088 1238 2149 dn

109 2167 277 2231 Christiana
295 2167 432 2228 libertate
450 2171 547 2230 valere
566 2172 656 2245 iussa,
688 2112 852 2229 huiusmodi
877 2166 1012 2248 periculis
1032 2165 1239 2245 opportunita-

106 2256 168 2305 tem
189 2244 406 2324 praecidamus?
443 2246 549 2338 Atqni‚
582 2259 616 2308 ut
639 2247 747 2308 dictum
773 2257 833 2320 est,
861 2245 917 2305 nisi
936 2264 969 2303 ea
995 2253 1153 2317 tenentur,
1185 2261 1240 2303 ace

108 2320 260 2394 Christus,
289 2341 344 2381 uec
365 2322 515 2404 Evangelii
535 2324 655 2399 veritas,
680 2343 777 2402 neque
802 2322 928 2382 interior
946 2341 1000 2399 pax
1025 2320 1138 2379 animae
1159 2331 1241 2381 recte
1280 2322 1283 2329 '

107 2398 305 2477 cognoscitur.
356 2397 461 2460 Danda
490 2402 588 2480 potius
616 2421 706 2482 opera
735 2420 773 2460 ne
798 2401 872 2459 adeo
899 2396 1060 2457 necessaria
1085 2395 1241 2457 doctrinae

107 2494 179 2566 pars
194 2475 460 2609 supprimatur,'et
485 2489 654 2569 occurratur
677 2476 917 2536 tamen'intcrim
943 2472 1073 2533 absurdis
1098 2470 1158 2535 illia
1184 2472 1240 2535 ob-

109 2560 233 2610 rechem
257 2572 300 2622 us,
319 2570 392 2629 quac
411 2551 480 2611 tude
501 2572 595 2615 enasct
614 2552 721 2614 solent.
1043 2564 1049 2575 '

183 2632 212 2690 2.
251 2626 416 2687 Christiana
440 2628 560 2690 libertas
585 2632 615 2689 in
641 2630 734 2689 tribus
753 2630 802 2707 (ut
822 2647 878 2709 ego
899 2626 1018 2707 quidem
1036 2624 1151 2702 sentio)
1171 2646 1239 2706 par·

106 2704 185 2765 tibus
205 2704 259 2764 sita
279 2715 332 2763 cst.
371 2704 484 2780 Prima,
503 2718 536 2766 ut
555 2706 682 2766 fidelium
709 2706 920 2777 conscientiae,
947 2703 1015 2762 dum
1040 2701 1146 2777 fiducia
1172 2722 1240 2765 suae

107 2801 206 2844 soram
228 2781 294 2841 Deo
314 2781 527 2844 iustificationis
547 2784 712 2864 quaerenda
732 2795 785 2857 est,
804 2801 867 2842 sese
886 2801 972 2859 supra
990 2778 1102 2860 Legem
1123 2780 1247 2863 erigant·

105 2871 195 2938 atque
215 2856 352 2935 efferant,
370 2860 618 2944 totamqueLegis
638 2861 776 2921 iustitiam
796 2857 1013 2917 obliviscantur·
1051 2856 1126 2916 Nam
1148 2877 1239 2948 quum

106 2934 168 2994 Lex
195 2937 244 3014 (ut
268 2934 338 2995 alibi
362 2936 418 2995 iam
445 2937 675 2999 demonstratum
696 2935 801 2997 estes.
822 2955 884 3013 cap.
905 2941 953 2998 17.
974 2955 995 2993 s.
1015 2933 1058 3010 1.)
1088 2952 1237 2993 nemmem

104 3010 213 3071 iustum
233 3010 393 3091 relinquat,
423 3025 474 3073 aut
499 3014 534 3075 ab
555 3017 636 3076 omni
654 3035 706 3093 spe
731 3010 942 3072 iustificationis
962 3008 1157 3083 excludimur,
1189 3020 1239 3069 aut

107 3086 144 3147 ab
165 3087 212 3147 illa
232 3109 287 3148 nos
308 3088 384 3150 solvi
404 3103 539 3170 oportet:
559 3112 592 3151 ac
611 3091 653 3150 sie
673 3091 801 3169 quidem,
823 3101 856 3148 ut
876 3085 954 3145 nulla
974 3107 1092 3166 prorsus
1112 3107 1130 3147 o
1156 3105 1237 3147 erum

106 3164 182 3224 ratio
202 3162 353 3224 habeatur.
395 3166 468 3225 Nam
489 3166 540 3246 qui
565 3168 610 3229 vel
636 3168 778 3227 tantillum
799 3185 922 3245 operum
948 3183 979 3222 se
999 3162 1108 3221 alserre
1127 3107 1238 3223 debere

106 3239 145 3300 ed
175 3238 364 3301 obtinendam
388 3243 525 3302 iustitiam
550 3245 676 3326 cogitat,
708 3265 767 3303 non
800 3252 899 3322 potest
928 3238 1047 3299 modum
1073 3250 1125 3298 aut
1147 3238 1237 3299 finem

105 3315 196 3410 praefi
220 3336 285 3376 ere:
315 3318 366 3377 sed
387 3318 552 3380 debitorem
578 3322 728 3380 universae
747 3319 835 3400 Legis
858 3338 889 3377 se
909 3315 1067 3377 constituit
1115 3314 1237 3376 Sublata

105 3416 117 3452 1
140 3394 199 3452 itur
236 3393 297 3473 egis
316 3396 478 3470 mentione,
498 3410 528 3457 et
548 3398 629 3457 omui
649 3417 771 3475 operum
792 3395 972 3478 cogitatione
990 3392 1129 3470 seposita,
1148 3413 1238 3452 unam

139 3469 165 3528 ei
185 3469 412 3530 misericordiam
425 3473 561 3551 amplecti
575 3474 724 3545 convenit,
736 3493 824 3551 quum
846 3472 881 3530 de
902 3467 1107 3529 iustificatione
1126 3471 1238 3551 agitura

106 3559 139 3606 et
156 3566 257 3605 averso
278 3567 294 3605 a
314 3546 399 3606 uobis
418 3560 547 3627 aspectu,
567 3571 656 3610 unum
670 3549 818 3608 Christum
838 3547 953 3606 intueri.
991 3545 1059 3604 Nou
1080 3546 1159 3604 enim
1180 3544 1239 3605 illie

107 3624 255 3704 quaeritur
267 3624 417 3702 quomodo
428 3625 495 3685 iusti
505 3628 606 3687 simus:
627 3626 677 3686 sed
690 3625 850 3707 quomodo,
870 3622 968 3682 iniusti
981 3622 1050 3682 licet
1066 3641 1099 3680 ac
1112 3621 1239 3705 indigni,

106 3719 163 3780 pro
187 3699 267 3759 iustis
292 3698 460 3760 habeamur.
509 3702 600 3764 Cuius
628 3703 672 3761 rei
696 3703 720 3762 si
744 3701 945 3761 certitudinem
971 3699 1098 3778 aliquam
1124 3700 1240 3790 assequi

105 3775 210 3837 volunt
230 3776 436 3852 conscientiae,
456 3778 577 3839 nullom.
588 3780 628 3838 Le
653 3782 660 3838 i
680 3779 749 3839 dare
769 3777 866 3837 locum
887 3774 1004 3834 debent.
1043 3776 1149 3853 Neque
1171 3775 1239 3835 hatte

106 3862 188 3911 recte
208 3852 271 3930 quis
291 3851 419 3934 colligat,
439 3855 548 3935 Legem
570 3799 702 3916 fidelibus
721 3873 964 3934 supervacaneam
985 3870 1058 3925 esse,
1079 3872 1155 3930 quos
1175 3872 1238 3912 non

105 3929 174 3989 ideo
195 3929 303 3989 docere
324 3940 354 3988 et
373 3929 518 3991 exhortari
543 3944 573 3993 et
596 3933 743 3993 stimulare
773 3930 808 3989 ad
836 3929 946 3989 bonum
972 3927 1093 3999 desinit,
1121 3928 1240 3989 tametsi

106 4003 184 4085 apud
204 4004 261 4064 Dei
281 4003 408 4065 tribunal
432 4007 463 4069 in
485 4028 587 4068 eorum
608 4008 792 4070 conscientiis
813 4006 910 4065 locum
935 4002 1115 4063 nonhabet.
1153 4004 1239 4065 llaec

106 4082 184 4142 enim
206 4081 264 4139 duo
285 4092 319 4140 ut
337 4082 428 4145 multo
450 4085 640 4147 diversissima
660 4097 737 4159 sunt,
757 4085 797 4143 ita
818 4083 911 4163 probe
932 4081 1148 4162 diligenterque
1168 4092 1239 4141 sunt

104 4156 230 4219 anobis
249 4157 463 4241 distinguenda.
500 4162 579 4224 Tota
600 4162 834 4226 Christianorum
853 4160 928 4232 vita,
952 4158 1094 4237 quaedam
1119 4156 1239 4249 pietatis

105 4232 257 4296 meditatio
286 4254 351 4297 esse
379 4237 484 4299 debet:
518 4242 655 4320 quoniam
687 4239 717 4299 in
748 4236 1009 4298 sanctificationem
1039 4246 1138 4295 vocata
1167 4246 1239 4295 suut

103 4308 324 4393 (pret.1‚d·
351 4311 500 4380 LThest·
519 4324 551 4397 4,
569 4319 634 4398 6.).
671 4315 709 4380 Iu
735 4314 794 4378 hoc
817 4314 904 4379 situm
924 4323 968 4377 cst
985 4310 1075 4395 Legis
1092 4311 1240 4390 officium,
