2700 4732
106 186 147 249 os
233 132 237 142 ’
408 176 411 181 ·
462 180 559 263 ¹tm.
578 160 635 242 tit.
676 182 764 245 une.
785 181 884 241 xvir.
940 194 953 223 ι

107 324 233 406 deroget
263 327 407 413 gratuitae
427 325 661 401 misericordiae,
679 346 755 406 quae
775 326 853 387 dona
872 327 991 402 omnia,
1012 346 1141 406 quorum
1162 326 1240 409 origo

108 420 139 464 es
204 414 343 463 raevenit.

140 413 211 543 t’ii-
248 479 347 558 Atque
367 478 414 539 hic
439 477 539 540 obiter
558 490 663 539 notare
682 480 847 559 proficerit,
867 479 938 559 quid
964 479 1074 539 distent
1103 478 1178 539 istae
1201 478 1241 541 lo·

107 554 219 637 quendi
241 556 354 617 formae
373 578 389 617 a
408 555 451 615 Le
473 555 565 617 alihus
584 557 838 635 promissionibus.
889 552 1013 639 Legales
1040 556 1242 645 promissiones

107 632 242 714 appello,
267 652 330 692 non
352 654 426 712 qune
446 656 465 692 u
489 634 556 712 ique
575 654 690 713 sparsae
709 646 779 693 sirnt
798 635 828 692 in
853 634 935 693 libris
955 633 1094 693 hlosarcis
1113 632 1241 713 (quando

106 708 137 769 in
157 708 214 769 illis
233 728 353 801 quoque
373 708 566 793 Evangelicae
586 710 694 770 multae
714 714 904 785 occurrunt):
934 709 986 770 sed
1018 730 1095 788 quae
1125 709 1241 789 proprie

106 786 143 847 ad
161 786 250 868 Legis
269 786 462 847 ministerium
483 788 642 866 pertinent.
689 787 841 847 Eiusmodi
862 785 1088 866 promissiones,
1136 806 1241 847 uocum

106 883 165 943 que
178 862 299 923 nomine
309 884 414 924 vocare
425 862 526 936 libeat,
545 863 599 923 suh
613 862 797 936 conditione,
817 864 871 938 „Si
882 862 986 924 seceris
998 862 1078 943 quod
1108 862 1116 877 '
1142 862 1241 945 iprae·

107 940 246 1019 cipitur,“
266 952 395 1019 paratam
416 959 478 1000 esse
496 940 764 999 remunerationem
786 940 972 1000 denuntiant.
1011 939 1159 1019 dtqoum
1179 938 1241 999 diei-

105 1028 172 1092 tur,
201 1017 364 1076 Dominum
384 1016 533 1076 custodire
552 1028 670 1096 pactum
692 1017 909 1077 misericordiae
928 1017 964 1077 iis
984 1018 1034 1095 qui
1053 1035 1086 1077 se
1109 1015 1241 1099 diliguat,

105 1092 198 1175 magis
212 1093 440 1167 demonstratur,
450 1092 551 1171 quales
570 1104 640 1153 sunt
657 1092 734 1153 illius
754 1093 829 1153 servi
849 1095 899 1172 qui
919 1093 999 1153 bona
1018 1092 1076 1152 lide
1096 1092 1163 1153 eins
1182 1091 1241 1151 ioe·

107 1170 160 1231 dus
180 1170 378 1251 susceperint,
399 1190 485 1249 quam
506 1170 683 1249 exprimatur
703 1191 786 1229 eausa
806 1192 859 1230 cur
878 1170 935 1230 illis
955 1170 1102 1230 Dominus
1122 1167 1241 1229 beneia-

105 1246 174 1307 eiat.
212 1246 295 1307 Haec
314 1266 406 1327 porro
426 1246 686 1307 demonstrationis
706 1247 797 1306 ratio:
824 1246 1084 1321 Quemadmodum
1109 1246 1142 1306 in
1170 1246 1242 1305 hune

106 1323 195 1382 [inem
213 1330 352 1384 aeternae
370 1323 447 1383 ritae
468 1323 559 1405 gratia
579 1343 635 1383 nos
655 1322 895 1404 dignaturDeus,
916 1335 947 1382 ut
966 1322 1122 1405 diligatur,
1142 1322 1240 1382 timei·

103 1411 171 1476 tur,
204 1397 318 1460 colatur
343 1399 485 1461 anobis:
511 1402 552 1458 ita
577 1419 771 1479 quaeeunque
795 1399 1014 1460 misericordiae
1033 1400 1065 1459 in
1090 1400 1243 1480 Scriptura

105 1475 316 1558 promissiones
339 1475 494 1549 habentur,
514 1478 620 1536 merito
641 1477 677 1537 ad
697 1476 776 1535 hunc
796 1476 963 1558 diriguntur
982 1475 1086 1550 finem,
1105 1488 1142 1535 ιιι
1161 1492 1242 1536 reve·

103 1573 222 1615 reamur
241 1565 272 1613 et
291 1552 421 1614 colamus
440 1551 653 1612 beneficiorum
672 1565 831 1613 auctorem.
872 1554 999 1627 Quoties
1019 1573 1092 1634 ergo
1113 1550 1245 1612 audimus

103 1630 113 1690 i
136 1651 200 1691 sum
219 1629 394 1691 benefacere
414 1629 458 1702 iis,
479 1629 529 1710 qui
538 1629 651 1712 Legem
671 1651 751 1689 suam
771 1630 938 1702 observant,
958 1630 1178 1689 meminerimus
1188 1626 1244 1687 Dei

104 1650 181 1767 Dios
199 1707 236 1768 ab
257 1706 357 1768 officio
377 1706 438 1766 desi
460 1709 541 1781 nari,
561 1707 641 1786 quod
660 1707 691 1766 in
711 1705 768 1765 illis
789 1718 963 1797 perpetuum
982 1726 1044 1766 esse
1065 1706 1171 1767 debet:
1193 1704 1244 1765 hae

103 1783 220 1845 ratione
240 1804 295 1845 nos
325 1804 387 1844 esse
411 1726 578 1863 adoptatos,
602 1795 635 1843 ιιι
664 1784 757 1843 isum
777 1795 867 1863 patris
887 1782 956 1844 loco
975 1803 1161 1844 veneremur.
1199 1782 1243 1841 lie

105 1881 179 1943 ergo
200 1862 254 1941 ipsi
275 1860 444 1941 adoptionis
464 1862 527 1920 iure
552 1881 608 1920 nos
628 1804 813 1935 abdicemus,
844 1859 902 1920 huc
921 1879 1038 1939 semper
1061 1860 1241 1931 enitendum,

126 1958 166 1998 uo
186 1937 282 1997 tendit
301 1948 402 1997 nostra
421 1939 547 1998 vocatio.
591 1938 626 1996 Id
647 1950 744 1997 tamen
766 1958 880 1996 rursum
900 1948 1067 2011 teneamus,
1088 1958 1153 1997 non
1173 1956 1241 2017 pen·

127 2033 176 2075 ere
201 2015 237 2074 ab
264 2014 404 2106 operibus
437 2013 565 2074 fidelium
598 2014 848 2093 complementum
869 2012 1087 2074 misericordiae
1107 2012 1241 2074 Domini:

103 2092 155 2156 sed
175 2091 269 2172 ipsum
290 2090 356 2151 ideo
377 2089 477 2151 salutis
497 2090 723 2171 promissionem
744 2090 903 2182 adimplere
920 2090 966 2164 iis,
986 2092 1035 2170 qui
1055 2092 1134 2151 vitae
1154 2088 1241 2151 recti·

103 2168 207 2232 tudine
231 2187 300 2228 suae
324 2168 473 2227 vocationi
501 2168 698 2247 respondent,
727 2169 795 2257 quia
824 2188 855 2226 ιιι
880 2168 938 2226 illis
962 2187 1100 2247 germana
1126 2167 1241 2227 demun

104 2246 233 2306 filiorum
257 2244 383 2325 insignia
413 2245 561 2381 agnoscit,
594 2245 643 2379 qpi
664 2244 777 2324 Spiritu
802 2245 863 2305 eius
889 2244 925 2303 ad
951 2242 1063 2304 bonum
1089 2256 1241 2325 reguntur.

107 2325 175 2383 Huc
201 2320 348 2380 referatur
372 2342 431 2400 quo
483 2332 528 2380 est
552 2321 582 2381 in
629 2320 720 2381 salmo
742 2327 787 2384 15.
808 2324 849 2399 (v.
871 2323 913 2397 1.)
940 2321 977 2379 de
1001 2320 1116 2381 civibus
1141 2319 1243 2381 Eccle-

104 2400 178 2461 siae:
203 2397 354 2472 „Domine
373 2400 436 2476 qnis
456 2398 566 2458 habitat
585 2400 615 2457 in
636 2397 827 2457 tabernaculo
849 2410 918 2471 tuo,
945 2409 974 2456 et
1015 2399 1057 2457 uis
1077 2399 1242 2479 requiescet

106 2478 136 2537 in
149 2487 251 2535 monte
262 2487 315 2533 tuo
327 2476 447 2535 saneto?
467 2474 615 2534 Innocens
625 2474 757 2533 manibus
772 2486 802 2532 et
817 2475 927 2534 mundo
941 2419 1056 2534 corid‘
1070 2488 1128 2535 ete.
1168 2474 1241 2535 lter!

105 2552 184 2634 apud
204 2552 488 2630 lesaiam(33,1t.):
509 2552 610 2626 „Quis
630 2550 776 2610 habitabit
796 2574 861 2611 cum
882 2553 951 2633 igne
973 2551 1154 2613 devorante?
1183 2552 1241 2628 Qui

105 2631 176 2691 lacit
195 2630 349 2703 iustitiam,
381 2630 430 2708 qui
452 2627 584 2706 loquitur
604 2634 704 2688 ιειιιιιι
725 2640 781 2687 etc.
820 2629 889 2688 Non
916 2628 993 2687 enim
1014 2628 1242 2705 firmamentum,

106 2728 166 2787 quo
187 2704 286 2765 fideles
307 2726 406 2765 coram
418 2706 549 2766 Domino
569 2705 739 2779 subsistant,
760 2705 952 2765 describitur:
974 2705 1025 2764 sed
1046 2706 1163 2779 modus,
1184 2728 1240 2785 quo

104 2786 238 2845 insnum
259 2785 440 2844 consortium
454 2802 504 2843 eos
525 2781 764 2842 clementissimus
781 2783 864 2841 Pater
884 2782 1056 2855 introducit,
1076 2796 1108 2841 et
1128 2786 1157 2842 in
1180 2785 1241 2863 ipso

104 2872 205 2923 tuetur
230 2871 260 2920 et
284 2860 447 2920 confirmat.
500 2861 579 2933 Quia
606 2860 684 2918 enim
716 2871 868 2939 peccatum
895 2859 1071 2931 detestatur,
1102 2860 1241 2922 iustitiam

103 2949 195 2999 amat:
215 2958 290 3018 quos
309 2936 366 2997 sibi
383 2937 548 3018 coniungit,
568 2957 618 2996 eos
633 2936 746 3015 Spiritu
766 2957 819 2994 suo
840 2936 985 3015 purificat,
1006 2947 1038 2994 nt
1056 2937 1113 2996 sibi
1134 2957 1241 3021 regno·

104 3036 163 3096 que
187 3036 241 3075 suo
272 3015 377 3073 reddat
396 3014 573 3074 conformes.
613 3014 693 3094 Ergo
714 3017 738 3071 si
760 3013 850 3091 prima
871 3034 955 3071 cansa
975 3025 1142 3091 quaeratur,
1164 3016 1241 3073 unde

103 3092 223 3185 patefiat
241 3093 348 3151 sanetis
367 3111 498 3151 accessus
518 3091 618 3149 in-Dei
638 3110 773 3170 regnum,
793 3089 871 3148 unde
892 3089 1019 3148 habeant
1038 3093 1242 3152 utconsistant

78 3224 81 3231 ι
104 3190 135 3229 ιιι
156 3188 193 3228 eo
213 3190 247 3228 ac
267 3180 473 3245 permaneant,
501 3179 633 3246 prompta
656 3179 699 3225 est
717 3166 889 3245 responsio,
923 3168 1001 3240 Quia
1021 3166 1171 3229 Dominus
1192 3190 1242 3229 eos

104 3266 155 3306 sua
176 3245 373 3304 misericordia
395 3256 425 3304 et
444 3245 594 3323 adoptavit
613 3244 703 3303 semel
724 3254 754 3301 et
775 3255 918 3322 perpetuo
940 3256 1048 3301 tuetur.
1088 3245 1122 3303 Si
1142 3259 1243 3306 autem

105 3322 142 3381 de
163 3321 252 3380 modo
274 3321 407 3398 quaestio
428 3333 488 3391 est,
512 3333 574 3380 tum
595 3319 630 3379 ad
650 3320 907 3399 regenerationem
928 3333 972 3380 est
992 3321 1243 3400 descendendum,

103 3398 225 3477 eiusque
245 3397 367 3471 fructus,
387 3397 436 3477 qui
456 3396 572 3457 Psalmo
592 3396 644 3455 illo
666 3400 742 3471 (15.)
762 3410 960 3456 recensentur.

181 3479 209 3539 7.
248 3472 290 3531 Αι
315 3494 386 3533 vero
419 3475 483 3553 plus
509 3473 598 3553 longe
620 3474 796 3533 difficultatis
822 3494 883 3532 esse
903 3475 1017 3533 ridetur
1044 3476 1073 3532 in
1095 3474 1139 3536 his
1160 3476 1243 3553 loeis,

104 3551 156 3632 qui
175 3562 206 3610 et
225 3550 305 3611 bona
326 3571 417 3630 opera
438 3550 562 3610 iustitiae
582 3550 669 3610 titulo
690 3550 867 3629 insigniunt,
894 3563 926 3609 et
950 3551 1099 3611 hominem
1121 3552 1179 3613 illis
1199 3565 1243 3615 ιε’-

102 3638 206 3690 serunt
231 3627 389 3693 iustificari.
434 3627 555 3686 Plurimi
579 3638 646 3685 sunt
671 3629 775 3706 prioris
798 3629 930 3707 generis,
965 3628 1015 3687 ubi
1035 3630 1243 3691 mandatorum

105 3706 345 3777 ohservationes,
375 3703 595 3765 iustificationes
615 3717 760 3764 vocantur
784 3726 834 3763 sen
855 3704 990 3764 institiae.
1037 3704 1172 3767 Alterius
1191 3728 1244 3791 ge·

105 3782 183 3842 neris
216 3780 378 3860 exemplum
411 3793 454 3841 est
487 3782 567 3860 quod
599 3782 675 3860 apud
701 3783 805 3839 hlosen
832 3782 957 3840 habetur
980 3782 1086 3858 (Dent.
1106 3791 1141 3857 6,
1161 3786 1243 3863 Ἅι)

104 3858 190 3934 „Erit
209 3858 283 3918 haec
307 3856 416 3916 iustitia
435 3870 550 3928 nostra,
570 3859 593 3915 si
614 3858 836 3921 custodierimus
862 3870 1016 3937 praecepta
1036 3858 1090 3919 ista
1111 3862 1244 3921 omnia.“

103 3938 144 3995 ht
163 3936 187 3995 si
213 3934 436 4025 promissionem
458 3955 519 3994 esse
539 3933 662 4015 legalem
682 3933 821 4014 excipias,
841 3956 915 4013 quae
940 3956 1051 3994 annexa
1074 3938 1244 3999 conditioni

103 4010 276 4091 impossibili
296 4010 369 4069 nihil
389 4011 512 4091 probet,
532 4025 600 4071 sunt
619 4012 674 4072 alia
694 4011 731 4069 de
754 4013 858 4091 quibus
878 4012 954 4070 idem
975 4033 1020 4070 res
1044 4015 1158 4072 ondere
1180 4036 1243 4076 non

103 4089 214 4169 possis:
234 4086 320 4167 quale
341 4099 385 4149 est
404 4089 474 4147 illud
496 4086 599 4167 (Dent.
612 4096 660 4164 24,
678 4091 750 4165 tta),
770 4090 915 4168 „liritque
931 4089 984 4148 tibi
1005 4035 1040 4148 ii
1055 4112 1111 4169 pro
1132 4092 1243 4153 iustitia

104 4186 203 4226 coram
215 4164 358 4237 Domino,
377 4165 502 4225 reddere
521 4187 576 4248 pau
600 4167 642 4226 eri
663 4165 848 4245 depositum“
870 4179 925 4225 etc.
966 4166 1041 4224 Item
1063 4167 1143 4246 quod
1166 4168 1242 4229 Pro·

105 4243 192 4322 pheta
212 4241 284 4301 dicit
303 4241 366 4319 (Ps.
377 4248 444 4317 106,
454 4244 531 4319 30.),
550 4188 645 4303 zeium
666 4243 697 4301 in
717 4243 893 4304 vindicando
908 4242 1021 4302 l'sraelis
1043 4244 1168 4325 probro,
1187 4248 1243 4311 iut-

29 4370 32 4377 .
104 4330 236 4401 putatum
258 4317 346 4379 luisse
366 4319 492 4381 Phinees
512 4320 543 4380 in
568 4318 715 4383 iustitiam.
760 4319 863 4400 Itaque
884 4319 1030 4381 Pharisaei
1051 4322 1146 4385 nostri
1166 4334 1243 4385 tem·
