2700 4732
116 184 178 247 m
383 239 389 247 ,
509 177 586 239 Ltn.
604 176 663 240 111.
702 180 800 241 (ΞΜ).-
813 180 854 241 ll.

912 230 927 260 N

115 320 288 403 temporalis
305 341 372 384 curn
391 320 454 382 riva
473 331 505 382 et
523 322 697 402 perpetua),
729 344 790 383 non
811 322 928 384 dixisset
948 323 1082 383 Christus
1101 322 1250 419 discipulis

66 452 71 459 .
118 399 178 479 (lo.
197 403 228 472 8,
247 401 323 475 31.):
361 397 417 474 „Si
436 417 488 457 vor
507 400 670 459 manseritis
696 400 725 458 in
749 420 886 460 sermone
911 414 995 473 meo,
1026 420 1094 458 vere
1115 400 1250 479 discipuli

117 475 199 551 „mei
219 475 297 550 estis,
317 487 348 534 et
367 496 402 534 co
426 475 560 535 noscetis·
571 477 737 536 veritatem:
759 488 789 535 et
807 477 912 536 veritas
932 497 982 536 vos
996 476 1250 537 liberusreddet.“

117 552 179 612 Eos
199 551 277 610 enirn
297 493 469 631 compellat,
489 551 539 643 qni
559 549 681 630 amplexi
702 563 785 612 erant
805 553 866 612 eisss
886 553 1066 624 doctrinam,
1097 565 1126 611 et
1148 552 1249 613 borta-

52 648 58 667 ·
118 641 167 688 tur
196 628 230 688 ad
253 628 417 707 proiectum
438 626 523 701 bdes,
553 647 591 687 ue
611 640 735 707 torpore
754 649 807 689 suo
828 628 944 701 lumen,
976 630 1055 708 quod
1077 628 1175 689 datum
1195 642 1252 703 est,

117 702 311 786 astinguant.
370 703 443 763 ldeo
463 702 570 764 Paulus
589 704 676 764 fidem
696 705 796 767 electis
816 704 1005 784 peculiariter
1023 706 1150 766 vindieat
1172 707 1250 785 (Tit.

116 783 209 858 1,1.)
249 779 416 863 significans
447 780 554 841 multos
584 800 773 854 evanescere,
808 782 875 861 quia
903 782 995 840 vivam
1025 782 1152 841 radicem
1186 802 1248 842 non
1274 786 1277 790 ’

116 866 276 918 traxerunt.
315 856 408 916 Sicuti
430 857 515 916 etiarn
529 856 661 936 loquitur
672 855 806 917 Christus
817 857 892 936 apud
906 858 1248 937 hlatthaeum(15,1.2)s

115 934 246 1009 „Omnis
278 932 384 1008 arbor,
414 954 501 1011 quam
532 954 593 992 non
626 932 768 1012 plautavit
787 936 877 993 Pater
896 956 991 1006 meus,
1025 934 1251 993 eradicabitur.“

117 1011 153 1070 ln
173 1010 235 1069 aliis
255 1009 376 1069 crassius
396 1020 439 1069 cst
459 1009 656 1080 mendacium,
688 1031 761 1089 quos
787 1011 854 1069 Deo
879 1021 909 1070 et
934 1009 1100 1070 hominihus
1125 1010 1250 1070 illndcrd

116 1107 179 1147 non
201 1087 301 1166 pudet.
360 1087 394 1144 ln
417 1085 473 1143 hoc
494 1106 585 1163 gentas
606 1085 771 1160 hominum,
805 1087 854 1166 qui
876 1086 970 1146 fallaci
991 1098 1139 1166 praetextu
1159 1087 1250 1166 impie

116 1164 203 1225 fidem
224 1163 398 1242 profanant,
418 1161 565 1221 invehitur
584 1161 709 1222 lacobus
729 1162 802 1238 (lac.
821 1171 852 1238 2,
873 1165 944 1240 lb).
994 1166 1056 1222 Nec
1076 1163 1184 1225 Paulus
1203 1180 1251 1223 re·

115 1240 247 1320 quireret
270 1259 286 1298 a
307 1238 371 1298 liliis
391 1238 448 1296 Dei
471 1237 556 1297 lidern
583 1259 644 1296 nou
671 1240 765 1297 fictam
796 1238 837 1314 (l.
859 1240 936 1298 Tim.
957 1248 986 1315 1,
1006 1241 1049 1316 5.)
1096 1241 1150 1300 nisi
1183 1240 1250 1320 quia

115 1316 200 1376 multi
222 1314 277 1374 sibi
298 1315 436 1374 audacter
455 1326 604 1393 arrogant,
624 1316 704 1390 quod
725 1336 785 1375 non
807 1315 933 1388 hahent,
953 1328 983 1374 et
1002 1317 1082 1375 inani
1103 1316 1183 1389 luco,
1203 1310 1250 1376 rel

115 1391 254 1455 aliouel
275 1390 421 1450 interdum
441 1409 473 1449 se
494 1392 571 1466 ipsos
597 1390 709 1448 fallunt.
767 1390 872 1467 Itaque
904 1391 1011 1451 bonam
1039 1389 1250 1451 conscientiam

113 1485 197 1526 arcae
217 1475 367 1544 comparat
386 1463 472 1541 (ibid.
492 1466 564 1541 19.),
583 1464 612 1522 ἰιι
634 1486 690 1544 qua
710 1465 874 1525 custoditur
903 1465 988 1525 tides:
1021 1464 1089 1544 quia
1108 1465 1194 1524 multi
1212 1463 1250 1525 ab

113 1542 165 1604 illa
184 1542 344 1602 excidendo
364 1541 440 1600 circa
460 1537 534 1601 banc
554 1540 654 1601 naulra
679 1540 736 1599 'um
757 1541 902 1600 lecerunt.

189 1624 237 1684 13.
275 1616 420 1677 Tenenda
439 1617 525 1676 ctiam
546 1628 590 1678 est
609 1559 743 1698 amhlgua
764 1617 846 1676 verbi
859 1616 1050 1709 significatio:
1070 1636 1158 1695 saepe
1170 1617 1250 1677 enim

104 1693 187 1778 fides
210 1694 384 1754 tantundem
404 1691 480 1752 valet
506 1713 540 1753 ac
566 1713 634 1752 sana
661 1695 776 1772 pietatis
807 1694 959 1764 doctrina,
989 1694 1064 1754 sicut
1093 1713 1129 1752 eo
1160 1709 1249 1772 quem

113 1791 209 1853 nuper
228 1770 375 1831 citavimus
398 1768 467 1829 loco
486 1769 537 1846 ll),
561 1780 593 1828 et
623 1771 724 1830 eadem
748 1768 891 1849 Epistola,
911 1769 961 1828 ubi
983 1771 1088 1829 Paulus
1109 1768 1250 1830 diaconos

112 1861 217 1911 tenere
237 1847 299 1908 vult
317 1846 485 1925 mysterium
506 1845 574 1904 lidei
593 1845 623 1906 in
666 1867 716 1906 ura
737 1846 926 1906 conscientia.
965 1847 1050 1920 ltcm,
1070 1845 1120 1904 ubi
1133 1846 1251 1906 denua·

112 1928 168 1987 siat
187 1924 369 2005 quorumdam
391 1922 588 1981 deiectionem
608 1944 624 1982 a
644 1869 711 1982 lde.
750 1923 792 1980 Ex
812 1924 1057 2002 oppositoantem
1074 1922 1155 1996 dicit,
1176 1943 1250 1983 enu-

111 2002 214 2063 tritum
237 2001 323 2059 luisse
343 1998 535 2057 Timotheum
556 1998 650 2059 verbis
672 1999 747 2057 fidei.
806 1998 899 2072 Item,
934 1999 984 2058 ubi
1005 1999 1091 2073 dicit,
1110 1998 1250 2078 profanas

114 2079 270 2139 inanitates
302 2086 333 2134 et
361 2073 565 2166 oppositiones
586 2075 658 2136 tatso
679 2076 847 2135 nominatae
867 2076 1018 2149 scientiae,
1039 2075 1069 2135 in
1081 2096 1163 2136 causa
1176 2094 1250 2151 esse,

113 2168 146 2215 ut
160 2154 248 2214 multi
268 2173 283 2212 a
304 2152 362 2210 lide
383 2151 545 2209 discedant:
578 2172 651 2230 quos
676 2151 746 2211 alibi
771 2151 915 2230 reprobos
929 2165 1026 2213 sucat
1049 2152 1126 2212 circa
1150 2152 1248 2212 hdem.

114 2231 209 2292 Sicuti
229 2248 360 2302 rursum,
392 2228 442 2286 ubi
469 2226 540 2285 Tito
562 2227 719 2319 praecipit:
751 2229 908 2303 „Admone
935 2248 985 2288 cos
1006 2240 1038 2287 nt
1057 2228 1117 2287 sani
1136 2229 1247 2288 sint-in

85 2368 89 2375 ,
112 2307 207 2367 fider‘
226 2308 358 2364 sonitruis
377 2322 450 2362 voce
470 2301 541 2361 nihil
561 2304 710 2386 intelligit,
729 2327 815 2384 quam
828 2305 978 2365 doctrinae
990 2305 1155 2385 puritatem,
1175 2324 1249 2385 quaa

113 2383 265 2443 hominum
286 2381 403 2440 levitate
424 2379 509 2439 tacite
529 2401 644 2438 currum
670 2383 728 2439 itur
752 2393 782 2439 et
807 2381 975 2470 degenerat.
1032 2382 1148 2460 Nempe
1181 2381 1250 2461 qnia

113 2460 144 2520 in
177 2459 312 2532 Christo,
345 2475 430 2534 quem
462 2457 590 2534 possidet
621 2403 691 2516 biles
722 2457 885 2517 absconditi
910 2470 977 2516 sunt
998 2478 1098 2518 omnes
1118 2457 1247 2517 thesauri

113 2534 252 2597 scientiae
274 2546 304 2594 et
322 2532 484 2622 sapientias
503 2531 543 2608 (l.
564 2532 631 2592 cot.
650 2540 679 2603 2,
699 2534 753 2611 3.),
787 2536 891 2592 merito
913 2535 1078 2592 extenditur
1098 2533 1132 2595 ad
1152 2546 1244 2601 totam

113 2611 248 2673 coelestis
269 2611 420 2668 doctrinae
440 2629 598 2681 summam,
623 2630 637 2667 a
659 2631 715 2688 qua
737 2631 796 2668 non
819 2623 916 2689 potest
936 2610 1072 2702 separari.
1131 2610 1244 2671 Contra
1273 2673 1284 2691 Ι

112 2689 149 2750 ad
169 2688 344 2767 particulare
364 2684 483 2762 aliquod
504 2685 654 2743 obiectum
671 2684 827 2764 aliquando
841 2688 1040 2766 restringitur:
1060 2687 1244 2765 siculiqunm

114 2765 184 2826 dtcit
204 2765 368 2822 Matthaeus
390 2767 432 2838 (9,
452 2764 508 2834 2.),
528 2761 675 2822 Christum
696 2764 783 2821 fidem
804 2783 905 2820 eorum
925 2764 1039 2832 vidisse,
1059 2765 1107 2841 qui
1127 2782 1180 2840 per
1198 2774 1246 2822 le-

113 2840 194 2924 gulos
215 2840 402 2920 paralyticum
422 2837 612 2897 demiserunt:
645 2851 675 2897 et
700 2840 761 2919 ipse
787 2839 890 2899 clamat
913 2840 1032 2916 (hlatth.
1051 2848 1088 2911 8,
1108 2842 1186 2914 ill),
1214 2859 1247 2899 sc

112 2939 174 2981 non
195 2919 337 2977 iuvenisse
358 2927 468 2975 tantam
487 2914 573 2973 fidem
595 2916 623 2974 in
644 2917 752 2987 lsrael,
777 2928 913 2994 quantam
934 2914 1079 2976 Centurio
1099 2916 1247 2975 attulerat.

112 2995 205 3076 Atqui
234 2993 389 3073 probabile
419 3003 472 3065 est,
504 2991 648 3049 intentum
676 3013 794 3073 prorsus
823 2993 908 3051 luisse
928 2994 962 3050 ad
984 2994 1033 3050 lilii
1054 2993 1249 3066 sanationem,

113 3073 194 3133 cuius
215 3092 283 3130 cura
304 3079 499 3147 occupaverat
517 3078 612 3126 totum
638 3071 698 3127 eius
718 3069 859 3127 animum:
889 3070 939 3127 scd
961 3072 1027 3147 quia
1047 3068 1112 3126 solo
1135 3068 1248 3129 Christi

88 3216 91 3222 ¹
113 3160 185 3208 nutu
207 3159 236 3205 et
256 3167 396 3225 responso
422 3155 594 3216 contentus,
624 3145 808 3222 corporalem
852 3149 1020 3205 raesentianr
1041 3164 1101 3202 non
1122 3144 1250 3223 flagitat,

113 3224 197 3283 hrains
217 3221 450 3281 circumstantiae
476 3241 559 3279 causa
587 3231 670 3279 tanto
683 3241 742 3279 sere
763 3167 913 3281 extollitur
932 3224 992 3281 cius
1012 3222 1091 3280 lislcs.
1130 3220 1170 3278 Et
1191 3243 1249 3279 nn-

113 3320 167 3380 per
187 3298 338 3357 docuimus
358 3296 492 3370 Paulum,
512 3296 644 3386 accipere
665 3243 750 3356 ddem
771 3319 825 3376 pro
846 3298 926 3358 duno
947 3297 1164 3370 miraculorum,
1185 3318 1247 3375 qno

114 3376 228 3457 pollent
248 3376 299 3464 qui
319 3394 374 3432 nec
394 3373 506 3450 Spiritu
527 3373 584 3430 Der
603 3385 671 3432 sunt
691 3374 832 3456 regeniti,
865 3396 919 3434 nec
945 3394 1009 3433 eum
1034 3374 1112 3433 serio
1133 3372 1247 3433 colunt.

111 3453 193 3515 Alibi
228 3465 313 3509 etiarn
345 3450 430 3507 fidem
461 3449 546 3526 ponit
581 3470 636 3528 pro
663 3450 812 3524 doctrina,
842 3473 897 3529 qua
931 3455 958 3509 in
981 3453 1037 3510 fide
1057 3450 1248 3509 instituimur.

112 3533 187 3592 Nam
209 3549 296 3607 quum
317 3526 419 3587 scribit
437 3527 476 3602 (l.
498 3526 568 3585 Cor.
588 3533 635 3597 13,
655 3528 717 3601 111.)
738 3527 824 3586 iidem
844 3527 1029 3598 abolendam,
1050 3547 1109 3583 nou
1124 3525 1246 3585 dubium

114 3606 206 3668 estid
228 3604 330 3664 relerri
357 3603 392 3663 ad
418 3602 559 3662 ecclesiae
588 3602 797 3676 ministerium,
830 3604 909 3681 quod
935 3602 1096 3662 infirmitati
1127 3615 1248 3662 nostrae

113 3684 203 3745 hodie
223 3680 294 3741 utile
315 3693 367 3741 est.
425 3680 460 3738 In
483 3678 525 3738 his
547 3678 664 3756 quidem
686 3680 826 3758 loquendi
847 3679 946 3739 formis
967 3691 1083 3739 constat
1102 3679 1248 3759 analogia.

107 3762 272 3823 'Caeterum
292 3756 343 3816 ubi
363 3756 524 3835 improprie
543 3755 717 3814 transfertur
736 3776 846 3815 nomen
879 3757 945 3814 lidei
976 3757 1012 3814 ad
1044 3755 1143 3813 tanam
1176 3774 1248 3833 pro·

115 3839 271 3899 sessionem
300 3834 345 3894 vel
376 3834 543 3893 mendacem
574 3831 708 3913 titulum,
741 3832 832 3891 nihilo
868 3833 1000 3911 asperior
1030 3831 1122 3890 videri
1156 3831 1249 3892 debet

113 3912 287 3984 κατάχρησις,
317 3932 402 3989 quarn
429 3909 479 3969 uhi
505 3910 594 3967 timor
619 3909 677 3966 Dei
700 3910 823 3998 ponitur
849 3930 902 4044 ppo
929 3909 1035 3968 vitioso
1056 3920 1087 3966 et
1108 3927 1247 3987 perverso

113 3992 210 4052 cultu:
231 3988 316 4050 sicuti
334 4009 423 4066 quum
442 3985 557 4066 saepius
577 3985 683 4045 dicitur
701 4007 733 4044 sn
752 4006 832 4044 sacra
874 3986 984 4060 istoria,
1003 3996 1106 4067 gentes
1125 3995 1249 4059 exteras,

183 4241 212 4308 ι)
229 4241 249 4292 ι.
269 4239 337 4291 ram.
360 4239 392 4300 a.
417 4239 444 4292 o.
482 4236 586 4292 ursas
608 4236 641 4298 s,
665 4235 689 4288 1.
710 4235 781 4295 nu
815 4235 850 4292 n.
872 4235 940 4311 ra,
962 4237 993 4299 a,
1015 4235 1056 4290 so.
1091 4233 1158 4286 nu
1174 4234 1207 4295 a.
1221 4233 1249 4287 s.

113 4310 166 4367 'su
183 4313 208 4375 ι,
224 4309 266 4364 aa.
282 4322 308 4362 a
322 4309 350 4373 a,
364 4308 392 4361 a„
