2700 4732
109 264 151 329 sn
482 252 557 341 ιιι.
577 254 634 316 ιιι.
674 254 761 317 ear.
781 252 862 315 xiv.

110 400 189 485 adigi
207 409 306 463 tamen
322 408 484 480 nequeunt,
503 409 587 461 utre
606 398 715 461 institia
733 418 841 459 vacuos
860 395 1020 457 fateantur:
1039 394 1091 457 sed
1114 394 1241 459 iniustos

111 498 144 541 se
162 486 365 561 agnoscentes,
383 474 451 555 quia
471 474 628 537 inficiando
647 495 710 535 non
728 486 814 551 sunt,
831 474 970 533 iustitiam
989 484 1090 533 tamen
1109 470 1240 531 nonnul-

113 554 172 616 lam
189 553 246 614 sibi
266 562 414 633 arrogant
462 552 546 612 lianc
565 550 719 612 vanitatem
744 551 862 633 egregie
881 548 1026 609 Dominus
1052 546 1164 609 refutat
1187 566 1240 627 per

112 628 302 710 Propbetam.
340 627 519 707 „Interroga
539 627 651 707 (iuquit
669 627 824 708 llaggaeus
842 632 871 699 2,
890 624 1037 701 12—15.)
1063 622 1240 684 Sacerdotes

113 704 255 783 „dicens,
284 702 317 763 Si
336 702 437 761 tulerit
460 701 551 763 bomo
576 724 692 763 carnem
718 702 923 762 sanctificatam
948 699 978 759 in
998 719 1050 759 ora
1069 698 1240 767 sentimenti

115 780 196 857 „sui,
220 790 251 839 et
268 799 372 859 panem
392 789 444 837 aut
461 777 548 838 alium
568 779 666 838 eibum
685 777 863 849 admoverit,
883 776 1024 854 numquid
1043 772 1238 835 sanctificabi-

114 856 202 933 „tur't'
238 854 465 945 Responderunt
484 866 579 913 autem
601 852 790 923 Sacerdotes,
808 854 886 912 Non.
927 854 964 910 lit
983 852 1053 910 dixit
1071 852 1240 941 Haggaeus,

114 930 169 1008 „Si
187 932 321 1005 tetigerat
339 926 466 1009 pollutus
485 930 515 988 in
536 930 631 990 anima
651 929 688 989 ali
711 930 760 988 uid
780 929 893 999 borum,
913 946 1013 987 nonne
1025 924 1239 987 contaminabi-

113 1005 201 1083 „turi
238 1004 467 1085 Responderunt
477 1003 661 1080 Sacerdotes,
682 1003 944 1065 Lontaminalritur.
982 1002 1240 1083 Disitllaggseus,

114 1084 187 1159 „Sic
205 1080 332 1162 populus
351 1081 404 1141 iste
424 1092 491 1139 ante
512 1081 614 1141 iaciant
633 1101 742 1152 meam,
763 1082 831 1141 dicit
850 1080 1007 1139 Dominus:
1033 1090 1064 1137 et
1087 1076 1131 1137 sic
1151 1095 1240 1137 omne

115 1180 212 1239 „opus
232 1178 369 1216 manuum
389 1175 509 1231 eorum,
535 1166 567 1216 et
584 1158 684 1218 omnia
703 1177 776 1248 quae
803 1154 967 1216 obtulerint
986 1153 1070 1230 mihi,
1096 1152 1240 1213 contami·

115 1244 204 1310 „nata
215 1236 333 1291 erunt.“
370 1230 489 1290 Utinam
511 1232 580 1293 baec
599 1243 743 1293 sententia
754 1232 802 1291 rel
823 1232 937 1311 plenam
957 1230 1043 1289 fidem
1061 1240 1165 1307 posset
1184 1226 1239 1289 ob-

114 1312 210 1371 tinere
230 1306 305 1388 apucl
325 1328 395 1379 nos,
426 1306 475 1365 rel
499 1310 657 1368 memoriae
677 1308 771 1387 probe
792 1307 926 1367 insidere.
980 1304 1076 1367 Nemo
1097 1304 1177 1363 enim
1197 1314 1241 1365 est

115 1382 275 1465 quamlibet
292 1381 402 1473 alioqui
421 1392 483 1443 tota
495 1385 552 1445 rita
570 1376 741 1465 flagitiosus,
760 1384 809 1459 qui
829 1382 1003 1462 persuadere
1020 1380 1077 1440 sibi
1088 1380 1240 1455 sustinent,

116 1460 196 1541 quod
216 1459 264 1519 hic
282 1457 427 1517 Dominus
446 1458 522 1519 clare
542 1460 721 1537 pronuntiat.
762 1460 889 1519 simulac
909 1478 956 1517 nes
968 1458 1097 1516 uissimus
1117 1456 1240 1546 quisque

116 1557 177 1597 uno
196 1534 243 1596 rel
262 1536 354 1595 altero
374 1534 460 1614 Legis
481 1535 580 1596 cilicio
622 1535 770 1595 eriunetus
791 1546 848 1609 est,
868 1554 927 1593 non
949 1480 1062 1593 dubitat
1080 1530 1138 1591 sibi
1157 1530 1239 1591 iusti-

115 1614 173 1673 tiae
192 1610 260 1671 loco
280 1621 431 1690 acceptum
451 1608 536 1669 ferri:
557 1556 742 1671 atbominus
756 1610 900 1682 reclamat,
920 1609 1027 1667 nullam
1043 1608 1113 1667 inde
1126 1604 1239 1687 acquiri

115 1686 374 1749 sanctificationem
395 1685 449 1745 nisi
469 1687 558 1745 corde
585 1687 664 1767 prius
690 1686 767 1744 bene
791 1700 926 1769 purgato.
973 1688 1078 1764 Neque
1102 1702 1140 1745 eo
1166 1702 1240 1741 con-

117 1775 230 1837 tentus,
260 1760 452 1822 contaminari
479 1762 574 1821 cordis
599 1762 763 1841 impuritate
783 1780 1009 1840 quaecunquea
1034 1756 1238 1840 peccatoribus

115 1840 265 1920 prodeunt
284 1857 391 1916 opera,
418 1849 569 1898 asseverat.
617 1838 752 1897 Facessat
772 1857 843 1917 ergo
863 1857 971 1896 nomen
990 1836 1117 1895 iustitiae
1137 1834 1175 1895 ab
1195 1832 1237 1893 lais

116 1914 272 1995 operibus,
296 1933 369 1990 quae
389 1912 560 1990 pollutionis
580 1932 633 1972 ore
652 1912 774 1972 Domini
793 1916 974 1973 destinantur.
1012 1913 1051 1971 Et
1071 1931 1159 1989 quam
1179 1908 1236 1969 els-

136 1991 198 2052 anti
216 1988 405 2049 similitudine
416 1988 487 2047 illud
500 1988 699 2049 demonstrati
718 2000 834 2069 poterat
845 1990 923 2047 euim
936 1987 1089 2061 obiectari,
1105 1996 1235 2062 sanctur!

115 2064 323 2127 inviolabiliter
347 2083 408 2123 esse
434 2063 513 2143 quod
533 2064 678 2124 Dominus
703 2066 904 2144 praecepisset.
952 2064 1020 2143 lpse
1039 2082 1110 2121 vero
1135 2072 1236 2121 contra

115 2142 255 2233 opponit,
280 2139 354 2197 nibil
377 2139 481 2198 mirum
502 2160 563 2199 esse
590 2140 707 2219 siquae
731 2142 907 2201 sanctificata
930 2151 998 2199 sunt
1022 2138 1053 2198 in
1072 2138 1156 2219 Lege
1175 2136 1237 2196 ttu-

114 2219 201 2290 msui,
231 2215 434 2295 improborum
457 2216 594 2295 spurcitia
614 2216 862 2277 contaminantur:
893 2237 981 2295 quum
1006 2234 1119 2275 sacrum
1151 2225 1237 2275 attre-

117 2294 235 2365 ctando,
255 2291 400 2350 immunda
421 2312 521 2351 mauris
544 2292 689 2371 profanet.

190 2374 219 2433 8.
255 2367 388 2425 Eandem
417 2366 502 2425 etiam
529 2389 640 2427 causam
665 2367 782 2449 egregie
807 2368 883 2459 apud
903 2366 1022 2427 lesaiam
1041 2366 1237 2446 persequitur:

115 2446 183 2521 „Ne
203 2440 545 2520 olleratis(inquit1,¹l3.
559 2442 595 2501 ci.
610 2446 738 2522 cap.5S.)
759 2444 928 2503 sacrificium
949 2443 1068 2501 frustra:
1089 2442 1237 2501 incensum

115 2518 317 2597 „abominatio
338 2529 381 2577 est
400 2518 485 2577 mihi:
507 2518 648 2579 Calendas
669 2530 699 2577 et
716 2519 916 2580 sollemnitates
935 2530 1042 2578 vestras
1061 2518 1126 2577 odit
1144 2518 1238 2577 anima

116 2616 214 2673 „meas
228 2594 302 2654 lacta
312 2604 380 2653 sunt
389 2594 458 2652 milri
470 2594 606 2654 molesta:
626 2594 756 2655 laborari
768 2598 919 2655 sustinens.
940 2597 1040 2669 Quum
1053 2592 1238 2653 extenderitis

115 2692 239 2750 „manus
258 2682 379 2744 vestras,
398 2682 524 2731 avertam
545 2670 647 2731 oculos
666 2692 747 2731 meos
767 2694 784 2730 a
804 2671 899 2731 vobis:
921 2691 1007 2751 quum
1027 2668 1237 2748 multiplicare·-

115 2748 196 2827 „ritis
216 2746 397 2820 orationem,
422 2766 483 2805 non
504 2746 665 2806 exaridiam:
691 2769 790 2807 manus
811 2747 889 2805 enim
908 2760 1019 2807 vestrae
1043 2746 1149 2825 plenae
1173 2753 1238 2805 sunt

115 2823 287 2905 „sanguine
325 2820 488 2895 Lavamini,
515 2823 617 2882 ninudi
636 2834 746 2897 estote,
765 2823 879 2881 auferte
900 2823 1004 2883 malum
1025 2822 1237 2902 cogitationum

114 2902 324 2977 „restrarum.“
367 2896 448 2973 Quid
473 2899 547 2958 istuc
572 2897 627 2958 sibi
646 2897 710 2957 vult
735 2899 814 2975 quod
834 2898 979 2959 Dominus
1002 2898 1044 2957 ita
1062 2908 1183 2957 nauseat
1201 2894 1236 2955 sd

114 2976 287 3054 obsequium
306 2993 375 3034 suae
393 2972 501 3055 Legis?
539 2973 603 3033 lmo
630 2992 698 3033 vero
719 2974 791 3033 nibil
824 2975 869 3035 bic
890 2974 1014 3053 respuit,
1038 2972 1119 3052 quod
1143 2972 1238 3033 sites

113 3072 251 3145 germana
275 3049 363 3131 Legis
394 3049 616 3109 observatione:
651 3050 731 3111 cuius
761 3050 873 3109 initium
900 3071 971 3111 csse,
997 3050 1105 3127 ubique
1137 3048 1237 3125 docet,

112 3147 257 3188 sincerum
275 3126 319 3185 sui
339 3125 464 3185 nominis
482 3124 626 3186 timorem.
665 3125 846 3186 Illusublato
867 3148 926 3185 non
947 3125 1035 3184 niodo
1056 3122 1153 3205 nugae
1171 3132 1239 3185 sunt

136 3220 305 3279 unaecunque
324 3200 368 3258 illi
387 3200 569 3274 offeruntur,
599 3201 649 3261 scd
677 3202 804 3261 foetidae
831 3202 1102 3280 abominandacque
1126 3199 1237 3261 sordes·

113 3226 192 3338 bant
211 3274 326 3336 nunch
352 3276 497 3355 pocritae,
528 3286 558 3334 et
584 3277 742 3336 involutam
762 3279 851 3337 corde
876 3280 1046 3358 pravitatem
1065 3276 1238 3351 retinentes,

113 3353 211 3413 Deum
243 3297 382 3443 operibns
411 3352 548 3413 studeant
580 3353 731 3412 demereri.
780 3355 872 3433 Atqui
896 3357 1044 3435 magislac
1067 3354 1161 3435 magis
1181 3352 1238 3413 boe

114 3428 205 3488 modo
225 3426 389 3487 icrstabunt.
431 3426 648 3501 „Exsecrabilc's
668 3429 745 3487 enim
765 3426 806 3487 illi
825 3442 892 3489 sunt
913 3430 1067 3521 impiorum
1088 3429 1238 3489 victimae:

112 3503 174 3565 sola
185 3515 334 3563 rectorum
346 3501 439 3561 oratio
451 3516 570 3581 accepta
583 3516 627 3562 cst
637 3503 919 3582 illi“(Prov.15,8.).
940 3504 1152 3566 constituimus
1164 3524 1237 3586 ergo

113 3592 190 3640 extra
202 3578 334 3655 dubium,
345 3577 425 3659 quod
435 3578 658 3659 vulgatissimum
670 3600 731 3641 esse
743 3580 831 3640 debet
842 3582 1031 3641 mediocriter
1041 3583 1069 3639 in
1079 3582 1239 3661 Scripturis

113 3654 289 3730 exercitato,
319 3673 393 3733 quae
416 3653 461 3714 vel
490 3676 602 3715 summo
627 3678 639 3714 s
662 3655 784 3715 lentiore
810 3659 966 3737 conspicua
990 3669 1058 3716 sunt
1081 3676 1173 3737 opera
1205 3658 1236 3717 in

112 3730 282 3791 bominibus
301 3727 432 3790 nondum
450 3748 520 3791 vere
543 3678 740 3808 unnedicatis,
766 3742 824 3792 tam
844 3732 947 3813 procul
967 3734 1067 3793 abesse
1087 3752 1103 3791 a
1124 3732 1238 3793 iustitia

114 3828 213 3869 coram
231 3805 375 3878 Domino,
393 3814 426 3864 ut
444 3818 564 3886 peccata
583 3820 763 3867 censeantur.
803 3810 847 3870 Ae
865 3810 991 3888 proinde
1010 3806 1161 3869 verissime
1181 3808 1238 3883 illi,

134 3885 164 3945 ui
183 3904 246 3943 non
264 3880 413 3943 conciliari
437 3901 582 3962 personae
606 3884 681 3962 apud
700 3883 796 3942 Deum
816 3886 935 3967 gratiam
955 3906 1010 3965 per
1033 3906 1051 3943 o
1076 3904 1122 3945 era
1141 3886 1236 3945 tradi-

112 3904 233 4021 derunt:
264 3958 315 4019 sed
341 3976 358 4016 e
381 3977 524 4019 converso
543 3970 605 4018 tum
629 3957 745 4036 placere
765 3960 881 4019 ‹lemum
905 3982 1011 4039 opera,
1036 3904 1087 4019 ubi
1106 3980 1234 4041 persona

1 4113 2 4118 η
110 4036 233 4117 gratiam
251 4036 333 4114 prius
351 4032 382 4093 iu
398 4033 455 4093 Dei
473 4045 632 4114 conspeetu
651 4033 795 4095 invenerit
807 4038 851 4113 ll).
889 4038 1096 4119 Religioseqne
1115 4048 1160 4097 est
1179 4037 1237 4098 ob-

67 4314 72 4322 .
169 4276 605 4353 1ί)θίλιιειιιι.1ι“1ι.(ὶηιοοιιῐῑ.
626 4294 652 4333 ct
673 4280 781 4347 Gregor.
799 4284 870 4338 cuius
893 4285 971 4338 rerba
998 4286 1145 4340 referuntur
1163 4286 1239 4343 saur.

102 4338 147 4395 lib.
163 4342 188 4397 d
205 4359 300 4413 quaest
317 4348 339 4401 7.
