2700 4732
102 234 142 293 itt
484 231 558 293 tiis.
578 231 634 292 ΙΙΙ.
673 234 760 295 (idl‘.
780 234 843 295 XV.

102 370 205 453 plena:
237 374 305 453 qnid
333 374 440 435 deinde
471 374 665 455 promeriture
684 378 721 438 sit
744 378 874 459 perlecta
895 378 979 459 largis
999 376 1171 438 observatio
1190 378 1228 455 (si

105 469 160 526 qua
179 449 301 525 reperiri
321 454 446 530 posset),
469 473 558 531 quum
578 454 719 533 praecipit
737 466 790 529 „ut
810 476 864 516 nos
884 454 999 513 inutiles
1018 476 1118 513 seruos
1138 475 1229 535 repu-

104 536 214 600 temus,
246 548 334 606 quum
355 528 507 588 fecerimus
527 529 640 606 omnia,
673 550 747 610 quae
767 531 987 611 praecipiuntur
1010 530 1120 591 nobis“
1140 532 1227 607 (line.

104 608 153 673 17,
172 604 248 677 1⁰.):
281 605 348 681 qnia
368 603 438 662 niliil
463 604 620 685 gratuitum
640 605 865 687 impenderimus
887 608 1026 679 llomino,
1046 606 1099 666 sed
1119 606 1226 667 debitis

105 678 251 769 obsequiis
271 690 381 738 tantuin
403 680 532 739 deluiicti
552 682 650 754 simus,
683 685 786 762 ipiibiis
812 706 871 743 iioii
898 696 941 741 est
966 682 1097 743 bibenda
1123 682 1226 765 gratia.

105 754 250 815 Dominus
271 765 383 828 tamen,
407 776 481 835 quae
507 756 536 815 iii
558 778 611 816 nos
631 760 757 819 contulit
777 760 854 819 bona
875 780 981 839 opera,
1005 770 1036 819 et
1054 772 1157 819 nostra
1176 778 1226 839 ap-

105 830 211 910 pellat,
233 844 263 890 et
282 853 341 891 non
362 844 472 891 tantum
492 844 610 912 accepta
626 835 681 894 sibi
701 855 763 894 esse
782 847 919 907 testatur,
942 834 993 895 sed
1012 836 1228 895 remuneratio·

105 908 277 966 nemetiam
299 908 440 967 habitura.
485 908 624 968 Nostrum
646 923 690 970 est
708 910 830 971 vicissim
850 924 929 971 tanta
950 910 1144 991 promissione
1165 910 1228 969 ani·

104 984 188 1059 mari,
208 983 378 1063 animosque
397 984 548 1065 colligere,
568 1006 604 1043 ne
626 985 701 1045 bene
720 986 834 1069 agendo
847 987 1050 1067 defatigemur,
1070 997 1100 1047 ct
1118 997 1227 1045 tantam

105 1060 164 1120 Dei
198 1058 407 1140 benignitatem
432 1081 499 1119 vera
524 1062 699 1139 gratitudine
724 1064 871 1143 prosequi.
922 1064 1054 1137 Gratiam
1079 1062 1139 1121 Dei
1166 1079 1228 1122 esse

105 1157 167 1197 non
189 1133 307 1194 dubium
333 1144 390 1210 εει,
409 1136 546 1215 quicquid
566 1138 594 1196 in
615 1138 753 1218 operibus
778 1152 821 1198 est
845 1140 924 1218 quod
945 1140 1058 1198 laudem
1082 1148 1227 1197 meretur:

106 1211 215 1273 nullam
236 1231 296 1271 esse
316 1224 428 1293 guttam
449 1232 533 1292 quain
554 1214 673 1293 proprie
695 1214 780 1274 nobis
800 1214 944 1275 ascribere
965 1214 1135 1273 debeamusa
1157 1212 1186 1273 id
1204 1212 1229 1273 si

105 1308 217 1349 revera
237 1289 372 1368 serioque
391 1291 582 1370 agnoscimus,
602 1290 749 1349 evanescit
760 1289 909 1369 quaelibet
928 1289 1023 1351 meriti
1043 1312 1104 1350 nori
1125 1288 1229 1349 fiducia

104 1376 235 1438 tantum,
253 1363 303 1423 sed
325 1364 435 1444 opinio.
474 1364 642 1439 Bonorum,
664 1368 797 1446 inquam,
822 1388 943 1447 operum
964 1365 1079 1425 laudeni
1098 1386 1162 1425 non
1181 1365 1230 1445 (ut

105 1440 252 1521 sophistae
272 1440 395 1517 iaciunt)
424 1441 501 1502 inter
521 1442 615 1502 Deum
640 1454 670 1501 et
695 1442 842 1501 bominem
869 1444 1022 1523 partimur:
1053 1442 1105 1501 sed
1126 1452 1230 1515 totam,

105 1518 249 1599 integram
269 1536 302 1576 ac
321 1515 459 1576 illibatam
479 1517 609 1577 Domino
630 1538 783 1577 servamus.
827 1519 953 1578 Tantum
975 1518 1031 1577 hoc
1051 1518 1166 1578 bomini
1184 1538 1229 1577 as-

106 1594 262 1675 signamus,
281 1593 359 1673 quod
382 1612 414 1651 ea
435 1597 495 1673 ipsa
537 1612 590 1652 uae
609 1593 688 1653 bona
707 1606 801 1666 erant,
820 1615 868 1653 sua
888 1594 1053 1673 impuritate
1073 1592 1182 1674 polluit
1200 1604 1230 1653 et

106 1668 295 1730 contaminat.
334 1668 415 1731 Niliil
428 1670 528 1728 enima
563 1668 683 1729 homine
698 1671 764 1741 exit,
783 1672 965 1749 quantumvis
985 1670 1130 1749 perlecto,
1150 1668 1229 1762 guod

106 1766 168 1806 non
187 1746 226 1805 sit
244 1744 337 1825 aliqua
357 1744 464 1804 macula
484 1746 675 1825 inquinatum.
713 1746 811 1805 Vocet
830 1745 919 1826 igitur
937 1746 1083 1805 Dominus
1102 1746 1134 1805 in
1155 1744 1230 1805 iudi-

105 1822 288 1900 clemquia
308 1821 336 1879 in
358 1822 487 1881 humanis
502 1821 638 1901 operibus
659 1821 768 1901 optima
787 1835 867 1881 sunt:
887 1844 964 1881 suam
986 1822 1015 1880 iii
1036 1820 1090 1881 illis
1110 1822 1227 1901 quidem

105 1898 242 1959 iustitiam
262 1908 411 1977 agnoscet,
431 1896 555 1957 lioniiiiis
567 1918 638 1957 vcro
652 1898 776 1957 dedecus
798 1910 827 1956 et
846 1898 997 1977 probrum.
1034 1898 1160 1957 Placent
1177 1898 1228 1957 ita·

106 1994 164 2055 que
184 1973 250 2032 Deo
272 1974 348 2033 bona
368 1993 475 2052 opera,
504 1994 558 2033 nec
583 1974 640 2033 suis
662 1973 830 2033 auctoribus
850 1986 917 2033 sunt
937 1974 1132 2035 infructuosa:
1159 1972 1227 2055 quiri

106 2050 198 2131 magis
217 2048 391 2128 amplissima
410 2049 466 2109 Dei
486 2048 626 2110 beneficia
646 2051 887 2110 remunerationis
906 2049 974 2109 loco
995 2049 1143 2117 referunt:
1169 2070 1228 2109 non

107 2128 174 2207 quia
193 2124 233 2185 ita
252 2139 418 2197 merentur,
447 2126 497 2184 sed
518 2126 582 2205 quia
604 2126 698 2185 divina
722 2126 887 2207 benignitas
913 2125 969 2185 lioc
990 2124 1043 2184 illis
1064 2144 1097 2183 ex
1117 2145 1151 2187 se
1169 2126 1226 2207 ipsa

128 2202 231 2261 retium
250 2205 358 2261 statuit.
409 2201 495 2274 Quae
514 2212 608 2259 autem
630 2204 681 2262 ista
708 2214 751 2261 est
777 2202 954 2283 malignitas,
986 2222 1046 2260 non
1072 2212 1226 2261 contentos

106 2276 225 2339 illallei
245 2276 390 2359 largitate,
409 2298 483 2356 quae
503 2278 574 2335 nihil
595 2279 652 2336 tale
673 2278 813 2337 merentia
832 2299 850 2336 o
874 2299 920 2337 era
942 2276 1077 2337 indebitis
1097 2278 1226 2356 praemiis

105 2364 287 2430 muneratur,
305 2356 444 2433 sacrilega
466 2354 625 2413 ambitione
644 2354 718 2413 oltra
739 2302 928 2426 contendere,
948 2366 980 2412 ut
1000 2372 1121 2433 opernm
1143 2354 1227 2412 ineri-

107 2430 143 2492 tis
163 2429 293 2489 videatur
318 2432 440 2510 rependi
461 2430 539 2509 quod
565 2430 677 2489 divinae
702 2440 798 2489 totuin
827 2444 870 2489 est
900 2428 1137 2489 munificentiae?
1175 2428 1226 2489 tlte

106 2526 222 2569 sensum
242 2527 425 2567 communem
445 2506 669 2583 uniuscuiusque
688 2505 813 2584 appello.
853 2506 885 2564 Si
906 2508 929 2565 is
950 2507 998 2585 qui
1017 2504 1229 2565 usumfructum·

107 2585 139 2643 in
158 2601 229 2674 agro
250 2582 342 2643 aliena
361 2582 533 2643 liberalitate
554 2581 654 2653 liabct,
686 2582 876 2671 proprietatis
896 2600 1013 2661 quoque
1039 2582 1156 2641 titulum
1177 2580 1225 2641 sibi

106 2661 249 2722 vindicet:
275 2680 372 2719 annon
396 2658 558 2718 huiusmodi
579 2658 789 2735 ingratitudine
810 2680 871 2716 eam
893 2659 981 2737 ipsam
1002 2680 1087 2737 qnam
1107 2658 1227 2717 tenebat

107 2734 318 2820 possessionem
339 2736 471 2795 amittere
490 2736 637 2796 meretur?
666 2733 806 2792 Similiter
824 2735 848 2791 si
867 2734 1081 2792 manumissusa
1098 2734 1227 2795 Domino

107 2833 215 2885 serviis,
236 2812 409 2872 dissimulata
430 2812 581 2871 libertinae
601 2810 779 2870 conditionis
800 2810 967 2883 bumilitate,
988 2830 1041 2889 pro
1054 2809 1185 2891 ingenuo
1198 2830 1227 2871 se

107 2888 251 2950 venditet:
271 2908 369 2947 annon
391 2890 494 2970 dignus
515 2900 568 2961 est,
588 2888 638 2965 qui
658 2888 687 2945 in
709 2887 855 2964 pristinam
878 2887 1024 2965 redigatur
1042 2884 1228 2947 servitutem?

107 2966 165 3026 llic
185 2968 260 3024 enirn
282 2964 427 3045 legitimus
447 2966 561 3023 demum
583 2975 625 3021 est
646 2962 759 3021 fruendi
785 2962 918 3021 beneficii
938 2984 1019 3032 usos,
1045 2962 1070 3020 si
1091 2984 1148 3021 nec
1168 2962 1228 3041 plus

108 3061 174 3102 arro
197 3063 276 3101 amus
296 3041 381 3099 nobis
402 3062 485 3121 quam
512 3040 610 3099 datum
632 3051 689 3111 est,
720 3058 774 3097 nec
799 3039 870 3096 boni
895 3050 1042 3097 ani-‚torem
1069 3060 1119 3097 sua
1145 3038 1228 3097 laude

108 3060 288 3177 iraullamus:
332 3117 379 3175 uiri
401 3120 497 3196 potiris
517 3117 557 3175 sic
584 3136 636 3173 iios
657 3116 792 3195 gerimus,
814 3126 845 3172 ut
864 3114 990 3172 residere
1012 3114 1228 3193 quodammodo

107 3194 182 3273 apud
204 3214 268 3251 euin
281 3138 502 3272 videaturqiiod
523 3194 551 3249 in
572 3212 626 3250 nos
646 3190 799 3250 transtulit.
838 3192 918 3248 llaec
938 3190 1098 3249 moderatio
1118 3192 1142 3249 si
1162 3208 1229 3271 erga

108 3268 240 3405 ¹lgomines
260 3270 430 3351 praestanda
451 3280 503 3343 est,
522 3268 640 3327 videant
659 3267 764 3349 singuli
784 3279 813 3325 et
833 3277 969 3346 reputent
989 3264 1158 3345 qiialisDeo
1179 3268 1231 3327 de·

131 3356 221 3405 eatur.

184 3427 213 3485 4.
252 3420 321 3480 Scio
341 3419 484 3499 sophistas
503 3419 584 3478 abuti
603 3417 675 3477 locis
695 3417 877 3497 quibusdam,
896 3418 974 3476 unde
995 3416 1124 3496 probent
1139 3420 1233 3477 ueriti

109 3518 217 3557 nomen
240 3517 307 3577 erga
326 3496 422 3555 Deum
450 3498 479 3555 in
500 3494 657 3574 Scriptiiris
682 3494 812 3573 reperiri.
852 3494 953 3553 (litant
973 3515 1006 3552 eii
1026 3494 1231 3555 Ecclesiastico

108 3578 172 3709 gili,
191 3576 252 3647 14.)
272 3572 459 3631 sententiam:
484 3570 702 3643 „Misericordia
729 3570 815 3628 laniet
833 3567 930 3629 locum
950 3572 1107 3648 unicuique
1126 3592 1232 3631 seeun-

130 3672 177 3709 um
197 3650 333 3708 meritum
354 3668 475 3726 operum
502 3654 650 3707 suoruni.“
695 3648 734 3703 Ex
754 3646 884 3725 Epistola
903 3658 998 3704 antem
1024 3648 1058 3705 ad
1079 3648 1232 3708 llebcaeos

124 3732 172 3800 13,
192 3733 208 3789 1
231 3727 270 3802 .):
289 3724 528 3797 „beneficentiae
549 3736 579 3782 et
597 3722 867 3782 communicationis
887 3722 977 3780 nolite
997 3722 1144 3782 oblivisci:
1165 3723 1231 3784 tali-

109 3730 164 3863 bus
189 3734 266 3860 edim
299 3799 401 3860 hostiis
429 3811 613 3879 promeretur
632 3799 743 3856 Deus.“
781 3799 815 3855 In
841 3798 1018 3877 repudianda
1038 3796 1234 3860 Ecclesiastici

109 3878 285 3939 auctoritate
308 3876 351 3935 ius
376 3896 472 3935 meum
498 3897 575 3935 nunc
601 3876 728 3934 remitto.
778 3876 861 3963 Nego
882 3887 976 3932 tamen
999 3874 1123 3933 fideliter
1141 3876 1233 3937 citare

111 3954 190 4034 quod
209 3952 323 4031 scripsit
333 3952 559 4025 Ecclesiasticus,
579 3952 743 4030 quicunque
763 3949 851 4008 suerit
870 3949 918 4007 ille
933 3950 1073 4029 scriptore
1093 3950 1134 4010 sic
1153 3950 1232 4011 enini

111 4030 199 4089 babet
224 4048 360 4111 graecum
381 4028 538 4108 exemplar,
563 4027 637 4102 πείσῃ
661 4024 827 4113 ἐιιημοσὺνρ
854 4024 962 4095 ποιήσει
986 4026 1082 4081 τόπον·
1118 4026 1234 4089 isauros

110 4104 164 4179 γὰρ
184 4104 252 4159 anari
269 4104 304 4159 rii
317 4106 385 4176 ἔργα
402 4103 486 4161 αὑτοῦ
504 4101 620 4175 εὑρήσει.
655 4098 767 4173 „Omni
786 4098 1000 4157 misericordiae
1013 4098 1099 4158 laciet
1114 4098 1231 4159 locuni:

110 4178 307 4258 unusquisque
328 4178 404 4236 eiiim
418 4177 575 4237 secundum
587 4198 673 4257 opera
694 4197 743 4233 sua
761 4176 920 4233 inveniet.“
957 4176 1055 4253 Atque
1076 4176 1150 4235 banc
1170 4196 1234 4237 esse

110 4272 277 4335 germanam
297 4251 470 4329 lectionem,
489 4276 563 4333 quae
587 4253 618 4312 in
639 4251 725 4309 latina
744 4252 877 4311 versione
903 4252 1055 4331 depravata
1079 4250 1134 4327 sit,
1165 4274 1234 4313 cuni

112 4350 146 4389 ex
164 4328 230 4389 solo
248 4330 406 4390 verborum
431 4331 554 4392 istorum
575 4327 741 4409 complexu,
769 4339 830 4387 turn
855 4346 888 4388 ex
912 4329 1048 4410 longiore
1071 4328 1235 4409 superioris
