2700 4732
452 166 1277 295 .mmmm··sm

106 354 270 431 illustrior,
296 355 339 417 ita
368 353 434 436 plus
458 358 721 420 commendationis
744 358 823 443 apud
847 378 906 420 nos
931 356 1083 420 meretnri
1124 356 1165 419 Et
1187 354 1248 420 boe
1327 418 1331 425 .

107 434 218 495 eodem
236 452 325 493 sense
343 432 433 513 paulo
452 446 521 494 ante
540 435 665 497 dixerat:
684 436 858 512 „llsctenns
876 455 938 496 non
957 434 1080 517 petiistis
1089 435 1246 516 quicqum

106 509 144 572 in
169 508 292 570 nomirm
314 528 398 570 meo:
426 509 550 589 petite.“
598 512 668 572 Non
693 511 773 591 qnod
793 511 1021 585 de,t1edtn0ris
1044 510 1146 573 ol'hcio
1170 508 1247 573 nihil

106 606 231 669 prorsus
248 595 388 646 tenerent
405 588 510 666 (quum
522 587 566 650 his
579 587 754 650 rudimentis
771 587 879 649 imbuti
894 600 991 649 essem
1002 607 1105 649 omnes
1116 586 1245 664 ludaei),

107 662 164 725 sed
189 659 257 743 quia
279 659 413 721 noudum
438 662 557 745 liquido
575 676 794 747 cognoverant,
820 663 969 727 Christum
992 683 1047 725 suo
1071 664 1102 725 in
1128 662 1244 725 coelum
1300 672 1303 679 '

107 756 234 829 ascensu
251 739 408 800 certiorem
430 759 517 818 quern
536 751 607 833 onte
626 742 692 801 lore
710 740 858 833 ecclesiae·
874 752 1042 877 patronum.
1085 740 1166 822 Ergo
1190 739 1244 801 ab·

108 826 223 877 ιιιιιιιι
240 831 311 877 snae
330 813 475 889 dolorem,
494 827 530 875 ut
546 817 644 897 squuo
665 836 726 877 non
746 815 858 899 vulgare

108 986 220 1103 32:1¹2.
220 964 421 1102 ‘themoii
419 989 434 1103 ιι
448 966 523 1104 siclini
540 967 803 1127 ‘digfflponotnq
821 1046 901 1106 riam
927 1046 989 1136 qius
1012 1056 1168 1135 recentem·
1182 1045 1245 1106 eius

108 1135 255 1201 auguros
273 1116 395 1208 slscatam
408 1138 478 1209 'esse
498 1120 591 1198 (lleb.
610 1128 664 1196 10,
681 1123 765 1209 bh).¹
805 1122 876 1197 Quo
900 1141 996 1183 munus
1014 1112 1182 1183 excusabiles
1199 1129 1245 1180 est

107 1208 214 1257 nostra
230 1205 367 1273 praestas,
386 1216 441 1255 nus
460 1207 519 1256 tam
538 1195 749 1258 inaestimabile
768 1196 955 1273 beneficium,
974 1196 1153 1278 quodoobis
1171 1214 1242 1279 prou

107 1270 177 1353 prie
195 1270 371 1331 destinatum
391 1282 447 1347 est,
465 1284 593 1364 ntrpque
611 1279 661 1353 (ut
679 1272 775 1364 siuns)
795 1272 914 1335 brachio
934 1273 1147 1355 amplectimur.

697 990 744 1028 um
771 969 833 1031 eius
852 967 1017 1050 patrocinio
1036 969 1105 1030 fulti
1122 967 1243 1029 liberius

188 1352 236 1413 19.
273 1346 371 1407 Porro
391 1368 481 1427 quum
499 1361 538 1408 ιιι
556 1369 619 1428 rpse
637 1350 723 1410 unica
743 1370 787 1410 vsa
805 1369 839 1411 ac
859 1370 935 1410 unus
962 1369 1105 1428 accessus,
1126 1347 1243 1431 quoad
1276 1420 1280 1427 Ι

105 1422 211 1487 Deum
228 1422 346 1506 ingredi
369 1423 457 1483 uobis
482 1424 582 1485 datur:
615 1426 666 1505 qui
690 1425 727 1487 ab
754 1425 808 1487 hac
826 1426 875 1488 ria
901 1425 1078 1503 deflectunt,
1108 1437 1140 1486 et
1163 1423 1244 1487 hunc

105 1518 258 1565 mum
282 1497 437 1581 deserunt,
466 1498 500 1560 iis
520 1519 618 1580 neque
637 1501 682 1561 via
705 1501 780 1577 ulla,
810 1520 910 1584 neque
934 1520 1065 1563 nocensne
1089 1501 1126 1563 ad
1143 1500 1246 1561 Deum

105 1587 258 1657 superest:
277 1572 352 1634 nihil
369 1575 402 1635 in
422 1576 485 1637 eius
503 1576 615 1638 throno
633 1579 780 1658 reliquum
798 1579 833 1638 ht
851 1590 969 1658 praeter
986 1578 1076 1652 iram,
1093 1577 1245 1653 iudicium,

108 1672 148 1715 ee
164 1648 323 1713 merorem.
360 1651 441 1711 Deni
464 1672 502 1711 ue
526 1674 617 1733 quum
640 1653 719 1714 bunc
759 1674 794 1714 ro
814 1655 910 1737 capite
929 1675 963 1715 ac
982 1654 1057 1717 duce
1076 1654 1166 1715 Pater
1185 1671 1243 1714 no·

104 1727 344 1810 bbsignaverit,
362 1728 412 1818 qui
431 1674 468 1789 ab
489 1749 525 1790 eo
546 1730 606 1791 ullo
626 1730 718 1793 modo
738 1675 904 1824 declinant,
922 1729 968 1791 rel
987 1729 1159 1810 obliquent,
1190 1748 1243 1789 co·

107 1816 221 1941 ⁸⁰⁰¹?
238 1803 1246 1949 ltdttdtttnlhtntl’tetttffihltlhtttlh

106 1892 257 2047 where
275 1966 307 2018 et
326 1957 479 2021 exorabilis
498 1958 585 2019 nobis
604 1958 745 2020 reddatur
761 1960 853 2019 Peter
870 1925 1119 2039 (i.Tim2,b.).·
1136 1958 1245 2045 Quatt-

86 2100 89 2105 ,
130 2054 199 2095 uam
221 2032 343 2095 tulerim
363 2046 395 2094 et
417 2054 487 2095 suae
510 2035 618 2097 sanctis
642 2036 867 2099 intercessiones
885 2034 962 2097 relin
1002 2046 1109 2111 nome,
1137 2032 1246 2115 quibua

140 2108 161 2170 ’i
178 2108 304 2202 qliorum
321 2107 444 2171 salutem
463 2124 567 2172 mutuo
592 2112 670 2172 inter
687 2132 720 2174 se
738 2112 806 2174 Deo
821 2130 969 2205 wappqpn
1006 2122 1053 2172 nt·
1080 2110 1118 2173 ds
1134 2110 1248 2249 pulbere
1276 2160 1282 2171 ,

107 2196 246 2249 neuun
262 2185 424 2266 sperum
442 2186 564 2324 Supte..
582 2194 620 2263 n,
638 2194 685 2255 sn
704 2201 736 2249 er
753 2196 802 2256 sn.
825 2189 851 2249 1.
870 2188 951 2250 arn.
969 2192 1001 2265 a,
1018 2152 1063 2325 cp

109 2282 189 2345 qaae
208 2261 246 2323 ab
265 2262 350 2323 unica
374 2261 423 2322 illa
463 2264 644 2354 spendesnt:
674 2276 790 2327 tantum
814 2265 915 2339 abest,
944 2276 980 2335 ot
994 2264 1042 2327 'de
1146 2336 1150 2343 Ι

108 2339 270 2433 quippiam.
306 2339 384 2400 Nam
402 2351 435 2431 ut
454 2361 471 2400 s
490 2341 657 2403 drlectionis
676 2340 786 2403 allecto
805 2342 984 2419 scaturiunt,
1007 2361 1068 2422 quo
1088 2360 1144 2403 nos
1161 2336 1244 2401 ultro

107 2427 247 2507 ostroque
276 2416 496 2494 implectimur,
524 2436 579 2477 ceu
603 2417 689 2480 unius
708 2418 842 2498 corporis
864 2416 1013 2480 membres
1042 2418 1083 2479 ita
1101 2418 1189 2479 etiam
1207 2414 1248 2476 ad

890 826 975 878 ructu
993 816 1105 878 soletur
1136 836 1243 877 munus
1337 828 1340 835 '

108 889 249 952 adrorati
273 889 330 950 sibi
349 889 492 964 vindicat,
518 904 549 953 et
568 893 657 953 docet
676 892 839 1029 praecipuo
865 892 1006 954 hactenus
1024 860 1170 953 beneicio
1190 911 1243 953 eos
1291 962 1294 967 ¹

1055 2184 1249 2327 ’lensffl

108 2503 215 2574 eapstss
238 2492 382 2552 unitatem
406 2492 584 2553 reseruntur.
629 2493 729 2570 Quum
755 2515 828 2577 ergo
852 2494 1059 2587 illanquoque
1082 2494 1113 2556 in
1134 2491 1248 2563 Christi
1308 2510 1313 2581 ί

107 2569 233 2631 nomine
252 2566 345 2643 fiunt,
360 2570 442 2705 (quid
467 2569 544 2630 aliud
564 2593 651 2652 quam
670 2582 830 2648 testantur,
858 2591 1006 2633 nemmem
1029 2569 1097 2632 ullis
1120 2567 1244 2630 omnino

109 2645 266 2728 precibus,
285 2643 341 2704 nisi
389 2646 479 2708 bristo
500 2647 713 2723 intercedente,
731 2669 818 2728 posse
837 2647 986 2708 adiuvari?
1009 2649 1110 2727 Atque
1129 2658 1244 2707 utnon

110 2720 213 2783 obstat
240 2741 292 2784 sus
321 2721 531 2783 intercessione
552 2724 698 2801 Christus,
721 2725 878 2804 quominus
908 2726 937 2783 in
957 2723 1081 2784 ecclesia
1107 2720 1248 2804 precibus

110 2796 291 2859 alteralteri
309 2798 435 2859 vicissim
456 2800 687 2880 patrocinemur:
714 2802 754 2860 ita
774 2799 859 2859 haum
879 2812 1011 2872 rnaneat,
1031 2818 1133 2860 omnes
1152 2797 1246 2857 totius

111 2872 256 2935 ecclesiae
274 2874 500 2937 intercessiones
519 2876 551 2935 in
572 2876 650 2936 illam
671 2876 784 2936 unicam
805 2895 867 2936 esse
889 2874 1064 2957 dirigendas.
1101 2875 1167 2934 Into
1186 2872 1249 2932 hoe

111 2948 239 3012 maxim
255 2953 376 3011 nominc
395 2953 521 3013 carenda
541 2953 626 3013 nobis
646 2951 828 3035 ingratitudo
849 2961 905 3027 est,
922 2951 1097 3031 quodDeus
1117 2949 1248 3041 indiqqi·
1295 2962 1316 2985 ··

110 3026 176 3095 tati¹
188 3038 305 3090 normae
324 3028 491 3110 ignoscens,
509 3050 571 3090 non
591 3040 705 3091 tantum
722 3027 844 3110 singulis
863 3047 918 3108 pro
937 3047 969 3089 se
985 3047 1072 3089 orare
1086 3036 1248 3119 permrttrt,

112 3103 167 3166 sed
186 3104 274 3164 etiam
295 3105 368 3165 alios
389 3126 443 3185 pro
464 3105 526 3167 aliis
546 3106 674 3166 admittit
694 3105 911 3187 deprecatores.
936 3103 1028 3167 Cuius
1046 3124 1124 3165 enam
1142 3121 1247 3183 super·

113 3180 182 3242 biae
201 3193 288 3271 esset,
307 3182 358 3241 ubi
376 3182 457 3243 lleus
477 3182 617 3244 ecclesiae
635 3202 705 3243 suae
723 3195 867 3273 patronos
887 3180 1051 3255 constitnit,
1070 3180 1120 3273 qui
1138 3179 1246 3272 mqrito

112 3255 264 3396 ssppdupi
271 3270 437 3396 cmpreptrpp,
455 3259 480 3320 si
500 3281 555 3340 pro
568 3279 606 3396 seb
612 3259 744 3395 ιιιιίιιιιιιιρ
753 3259 889 3340 primum
902 3270 980 3335 oret,
994 3259 1054 3365 ¹hac
1072 3256 1250 3319 lrberslrtste

155 3356 199 3393 ur
320 3356 334 3393 r
733 3385 739 3396 .

114 3460 117 3465 ,
191 3357 241 3474 td.
277 3357 381 3473 Porlio¹
407 3356 593 3473 nigrirrdamesot
608 3356 827 3494 sddffirenmn
846 3409 928 3492 quod
951 3409 1119 3472 balbutiunt
1137 3406 1250 3490 sophi·

112 3499 194 3559 stae,
215 3487 365 3549 Christum
386 3508 448 3548 esse
465 3488 667 3564 redemptionis
685 3488 895 3561 ltlediatorem,
921 3485 1023 3562 fideles
1041 3499 1138 3553 autem
1157 3489 1249 3545 intes·-

112 3565 260 3627 osssiosss's.
312 3565 404 3638 Quasi
429 3584 499 3626 vcro
520 3566 654 3627 Christus
677 3565 857 3644 temporaria
880 3563 1058 3624 mediatione
1082 3563 1249 3636 delunmuq

115 3652 268 3705 aeternam
299 3652 330 3700 et
357 3661 418 3699 nun
440 3664 508 3701 uam
535 3642 784 3702 intermorituram
813 3640 849 3702 ad
879 3658 979 3700 servos
1007 3659 1076 3700 suos
1101 3637 1249 3699 reiecerit.

81 3740 83 3747 ·
115 3718 255 3798 Benigne
278 3716 391 3779 scilicet
414 3661 496 3778 iilum
522 3731 661 3793 tractent,
692 3717 743 3799 qui
766 3715 908 3777 tantulam
934 3714 1056 3806 honoris
1070 3714 1250 3806 portionem

115 3794 162 3858 illi
192 3794 342 3854 decidunt.
390 3795 481 3875 Atqui
513 3794 604 3877 longe
631 3794 717 3855 aliter
745 3793 915 3874 Scriptura,
945 3813 1027 3852 curus
1054 3790 1252 3872 sumplaostate,

117 3872 233 3933 omissis
252 3870 312 3933 istis
321 3871 543 3950 impostoribus,
560 3882 733 3931 contentum
752 3889 815 3931 esse
833 3868 914 3957 pium
932 3867 1251 3947 bominem-convenit.

116 3952 195 4012 Nam
221 3968 310 4033 quum
336 3948 406 4007 dicit
425 3949 567 4021 loannes,
593 3947 626 4007 Si
645 3947 709 4031 quis
728 3947 907 4026 peccauerit,
925 3944 1099 4005 a'dvocatum
1119 3965 1173 4005 nos
1197 3943 1252 4003 ha·

119 4026 194 4086 bere
219 4025 297 4103 opud
316 4026 451 4099 Patrem,
473 4023 622 4085 Christum
646 4024 743 4083 lesum
763 4022 800 4099 (l.
819 4020 919 4095 1022,
938 4023 996 4097 1.):
1026 4042 1061 4080 an
1091 4031 1251 4099 patronum

121 4101 194 4162 olim
214 4101 300 4161 nohis
321 4101 408 4161 luisse
427 4101 520 4191 intelli
544 4101 579 4174 it,
604 4121 638 4160 nc
658 4121 718 4159 non
740 4099 837 4178 potius
857 4108 1029 4179 perpetuam
1048 4095 1090 4155 illi
1109 4096 1253 4157 interces-

120 4120 1255 4339 sladen

1320 4262 1341 4305 *x

1293 4614 1345 4677 Α
