2700 4732
469 212 621 278 mittit
659 212 749 278 citt,
767 212 867 276 xxiv
1179 217 1259 282 tte·

111 359 259 423 ricordias
277 359 446 421 vindicavit.
483 358 523 418 Et
540 312 610 438 qliid
629 357 707 419 alind
726 369 816 440 agunt
825 354 1002 438 Prophetae,
1020 376 1107 439 qnam
1125 366 1238 442 otger-

110 440 215 499 tiiitam
235 437 293 498 Dei
312 438 496 498 vocationem
514 445 660 515 perpetuo
680 435 896 527 depraedieent.

187 520 216 578 2.
255 512 375 574 Adbaec
394 513 455 592 ipsa
475 531 593 592 quoque
612 522 774 571 vocationis
800 523 902 572 natura
922 522 952 571 et
971 509 1159 590 dispensatio·
1190 531 1237 572 er·

109 613 123 651 s
147 589 212 681 icus
231 589 265 680 id⁸
282 590 477 680 demonstrat:
503 608 577 667 qnae
604 609 664 646 non
689 586 750 677 sola
770 587 851 647 verbi
877 587 1111 668 praedicatione,
1136 534 1187 647 seS
1207 599 1238 649 et

135 677 237 746 piritus
256 664 468 725 illuminatione
489 675 612 724 constat.
653 662 768 737 Quibus
787 663 896 724 offerat
913 663 1032 723 verbum
1052 685 1134 722 suum
1146 665 1237 739 Deus,

109 739 1234 954 ξξὶῗτῗιτίίἷιῖιξᾶωξὶοἷὲῗὲιωεὲῗξέηξὸἰῖςῖ’ξυίᾖξνιξὶῗςῐηῗὲῃοέε1)ὲὶξὲ

109 936 132 970 22

111 891 1237 1047 „0tillet,“baldetildi,littleaitttdt‘t'tislt

109 1041 1235 1200 ³{ltili}litttlltttltlzdtl‘tttlli‘zllti‘ffld'di

1082 1161 1090 1178 .
1147 1163 1157 1193 ,
1225 1164 1234 1182 .

110 1199 249 1258 nimirum
265 1164 303 1257 ’ex
322 1197 417 1256 media
432 1143 619 1270 idololatria,
645 1194 674 1253 in
694 1216 749 1274 qua
769 1215 834 1254 cum
854 1200 911 1256 suis
932 1195 1069 1255 omnibns
1089 1196 1236 1259 demersus

110 1285 183 1334 erat.
222 1273 314 1332 Verbi
333 1273 377 1333 sui
397 1271 462 1332 luce
481 1272 549 1330 dum
569 1271 789 1331 immerentibus
810 1271 933 1350 primum
953 1271 1092 1352 affulget,
1111 1292 1147 1333 eo
1167 1293 1236 1354 gra-

109 1349 203 1410 tuitae
222 1348 361 1410 bonitatis
380 1367 449 1409 suae
467 1351 615 1428 specimen
634 1347 703 1408 satis
722 1346 901 1407 luculentum
922 1346 1048 1407 exbibet.
1085 1348 1144 1408 llic
1163 1368 1236 1432 ergo

108 1424 168 1487 iam
186 1444 219 1486 se
239 1427 343 1487 exserit
361 1427 499 1485 immensa
518 1424 576 1482 Dei
596 1423 722 1496 bonitas,
739 1423 790 1484 sed
811 1444 871 1483 non
892 1423 1028 1484 omnibus
1048 1424 1078 1483 iu
1097 1424 1235 1489 salutemt

132 1501 180 1562 nia
199 1501 343 1581 reprobos
361 1512 460 1560 manet
484 1499 599 1581 gravius
622 1499 776 1572 iudicium,
807 1499 887 1579 quod
910 1501 1109 1560 testimonium
1128 1502 1254 1579 amoris,

59 1626 71 1633 .
106 1521 170 1638 bei
190 1578 353 1656 repudient.
390 1576 490 1654 Atque
509 1577 595 1634 etiam
606 1575 696 1646 Dens,
716 1575 901 1635 illustrandae
921 1575 1034 1657 gloriae
1052 1596 1122 1636 inae
1140 1598 1236 1654 causa,

108 1653 238 1735 Spiritus
258 1654 301 1713 sui
321 1652 477 1712 efficaciam
498 1651 533 1711 ab
559 1650 614 1710 illis
634 1650 779 1713 subducit.
828 1651 960 1712 Interior
983 1653 1073 1733 igitur
1091 1653 1162 1713 baec
1180 1675 1235 1715 vo-

109 1730 190 1793 catio
222 1730 324 1810 pignus
350 1741 394 1788 est
417 1727 532 1798 salutis,
556 1725 634 1806 quod
660 1726 761 1787 lallere
782 1748 842 1787 non
868 1739 974 1805 potest.
1016 1729 1087 1802 Quo
1108 1731 1236 1808 pertinet

108 1802 183 1868 illud
203 1803 321 1867 loannis
340 1806 380 1882 (l.
401 1825 445 1883 ep.
458 1810 488 1877 3,
505 1805 584 1880 24.);
603 1802 702 1876 „Inde
721 1803 903 1886 agnoscimus
923 1825 977 1865 nos
997 1822 1060 1864 esse
1079 1805 1139 1865 eius
1159 1804 1234 1868 filios

109 1900 146 1943 er
166 1881 294 1959 Spiritu,
324 1900 409 1960 quern
430 1880 510 1938 dedit
529 1878 643 1939 nobis.“
693 1878 738 1938 Ac
759 1899 796 1938 ne
814 1877 958 1960 glorietur
977 1901 1063 1955 caro,
1081 1880 1161 1960 quod
1182 1903 1235 1942 ro·

107 1958 190 2020 cauti
209 1968 239 2018 et
257 1957 335 2016 ultro
355 1976 386 2017 se
403 1956 542 2017 olierenti
559 1956 662 2015 saltem
680 1955 876 2036 responderit,
895 1956 986 2016 nullas
1005 1957 1041 2015 ad
1060 1957 1235 2019 audiendum

110 2053 176 2097 esse
194 2054 294 2107 aures,
313 2033 409 2091 nullos
429 2032 465 2092 ad
485 2032 640 2091 videndum
659 2031 762 2092 oculos
782 2031 921 2106 affirmat,
940 2031 995 2092 nisi
1014 2051 1088 2112 quos
1107 2034 1169 2113 ipse
1189 2033 1235 2093 ie-

109 2110 193 2173 cerit.
231 2110 341 2169 Facere
353 2122 448 2168 autem
470 2129 530 2168 non
549 2108 707 2169 secundum
720 2108 859 2188 cuiusque
868 2108 1087 2191 gratitudinem,
1106 2110 1156 2169 sed
1176 2130 1233 2190 pro

107 2206 161 2249 aut
180 2184 334 2247 electione.
384 2185 476 2245 Cuius
505 2186 548 2245 rei
574 2184 688 2274 insigne
716 2184 802 2245 babes
828 2185 988 2266 exemplum
1014 2186 1090 2265 apud
1113 2187 1235 2263 Lucam,

108 2263 164 2325 u'bi
181 2260 263 2322 Pauli
289 2272 319 2320 et
338 2261 695 2321 barnabae'coucinnem
725 2260 847 2320 andiunt
871 2262 1065 2322 communiter
1084 2262 1183 2322 ludaei
1203 2273 1235 2323 et
1325 2258 1334 2277 “

109 2339 234 2400 Gentes.
271 2337 386 2397 Eodem
410 2350 470 2396 tum
489 2337 584 2417 perbo
604 2357 693 2415 quum
713 2336 811 2397 edocti
830 2350 926 2398 essent
946 2357 1058 2410 ornnes,
1077 2351 1235 2399 narrantur

108 2414 266 2477 credidisse
285 2415 334 2492 qui
354 2415 388 2472 ad
408 2414 492 2472 vitam
512 2424 659 2472 aeternam
680 2424 764 2472 erant
782 2414 908 2475 ordinati
921 2416 1133 2492 (nectale).
1164 2414 1234 2489 Qua

108 2494 211 2554 ironte
229 2493 383 2623 gratuitaqri
405 2510 466 2549 esse
485 2491 668 2623 '⁰⁰¹³ll⁰.¹¹⁰,¹¹¹
688 2509 839 2572 negemus,
857 2491 960 2570 inqua
980 2491 1015 2551 ad
1037 2491 1165 2552 nltimam
1185 2515 1233 2555 us·

107 2587 168 2650 que
186 2577 645 2709 partlcqqosqlqtprngqqoqeqctqqc.
669 2628 789 2703 carendi
813 2654 896 2703 suut:
926 2643 993 2721 quia
1019 2643 1156 2703 nonnulli
1180 2664 1233 2703 co-

107 2719 274 2801 operarium
286 2717 353 2778 Deo
365 2718 473 2777 iaciunt
484 2718 641 2792 hominem,
661 2729 694 2778 ut
711 2719 852 2800 suffragio
871 2741 924 2778 sno
944 2731 1035 2778 ratam
1056 2719 1232 2779 electionem

108 2796 211 2857 faciat:
240 2797 279 2854 ita
303 2794 461 2855 secundum
487 2814 538 2853 eos
557 2794 691 2853 uoluntas
717 2794 841 2854 bominis
865 2794 999 2872 superior
1019 2807 1063 2854 est
1081 2795 1139 2854 Dei
1158 2815 1233 2854 con-

107 2872 185 2934 silio.
224 2871 314 2947 Quasi
334 2891 404 2931 vero
425 2871 575 2948 Scriptura
602 2871 706 2930 doceat
730 2881 841 2928 tantum
868 2871 953 2930 uobis
974 2870 1033 2929 dari
1058 2882 1091 2929 ut
1111 2872 1233 2931 credere

107 2948 267 3029 possimus,
295 2967 327 3006 ac
358 2966 418 3005 non
448 2946 546 3037 potius
566 2946 651 3005 fidem
671 2946 770 3026 ipsam.
822 2946 897 3021 Alii,
926 2966 1090 3024 quanquam
1110 2968 1171 3007 noo
1191 2947 1233 3007 ita

108 3035 252 3085 enervant
271 3023 390 3104 gratiam
409 3022 534 3101 Spiritus
553 3022 654 3094 sancti,
674 3022 773 3082 nescio
792 3033 888 3081 tamen
909 3043 966 3102 qua
985 3022 1101 3082 ratione
1119 3023 1232 3084 inducti

108 3101 286 3162 electionem
306 3120 322 3158 a
344 3099 499 3178 posteriori
518 3098 712 3178 suspendunt:
739 3100 819 3178 quasi
839 3098 925 3158 dubia
945 3110 1020 3159 esset
1038 3110 1124 3178 atque
1144 3100 1232 3160 etiam

107 3174 253 3252 inefficax,
273 3176 367 3234 donec
386 3174 443 3233 fide
463 3175 660 3233 confirmetur.
698 3175 843 3254 Equidem
854 3174 1031 3248 confirmari,
1050 3175 1147 3253 quoad
1168 3196 1233 3252 nos,

108 3253 229 3312 minime
254 3251 410 3310 obscurum
437 3264 495 3309 cst:
527 3251 692 3310 elucescere
721 3253 806 3310 etiam
826 3269 960 3311 arcanum
981 3251 1038 3310 Dei
1065 3251 1231 3329 consilium,

108 3328 192 3407 quod
211 3327 327 3400 latebat,
346 3338 412 3386 ante
431 3327 564 3386 vidimus:
585 3326 674 3386 modo
701 3328 756 3388 liuc
776 3328 869 3386 verbo
890 3329 961 3388 nihil
979 3327 1057 3387 aliud
1076 3328 1233 3410 intelligas,

132 3423 196 3464 narn
216 3403 403 3483 comprobari
415 3403 494 3537 quod
513 3403 695 3484 incognitum
715 3415 786 3475 erat,
806 3415 835 3462 et
847 3402 926 3464 velut
944 3404 1040 3486 sigillo
1056 3406 1231 3485 consignari.

107 3425 170 3540 Sed
191 3478 263 3540 falso
285 3478 391 3539 dicitur
408 3479 583 3539 sectionem
603 3493 673 3538 tunc
694 3480 880 3538 essedemum
900 3480 1060 3554 efficacem,
1078 3493 1232 3560 postquam

106 3555 299 3639 Evangelium
319 3554 441 3631 amplexi
460 3576 566 3628 sumus,
585 3576 725 3633 suumque
745 3556 813 3614 indc
833 3558 963 3636 vigorem
982 3577 1106 3616 sumere.
1131 3557 1232 3618 Certi-

106 3632 181 3693 tudo
203 3632 320 3712 quidem
342 3633 401 3690 eius
430 3632 499 3690 inde
529 3632 613 3692 nobis
640 3631 779 3711 petenda:
812 3632 878 3710 quia
900 3634 925 3691 si
947 3632 982 3692 ad
1006 3645 1153 3693 aeternam
1173 3631 1233 3694 Dei

106 3707 324 3770 ordinationem
344 3719 498 3786 penetrare
516 3719 671 3781 tentemus,
689 3707 836 3785 profunda
855 3707 903 3767 illa
922 3707 1039 3788 abyssus
1058 3728 1112 3769 nos
1131 3709 1159 3768 in
1217 3745 1233 3760 -

105 3784 222 3867 gitabit.
260 3784 320 3842 Sed
352 3783 403 3842 ubi
432 3804 495 3843 eam
528 3783 612 3843 nobis
640 3783 779 3862 patefecit
799 3783 897 3857 Deus,
925 3783 1009 3843 altius
1033 3727 1233 3845 conscenSeule
1281 3858 1284 3863 Ι

106 3871 246 3941 oportet,
266 3880 303 3918 ne
324 3860 447 3919 effectus
467 3880 578 3919 cansam
604 3859 719 3919 obruat.
770 3859 851 3932 Quid
872 3859 948 3918 enim
967 3860 1058 3940 magis
1075 3859 1233 3921 absurdum

106 3948 139 3996 et
158 3935 327 4015 indignum,
347 3956 435 4026 quum
456 3934 607 4016 Scriptura
627 3935 731 3995 doceat
751 3955 805 3994 nos
834 3955 895 3994 esse
926 3934 1117 4008 illuminatos,
1146 3935 1242 3997 sicuti-

105 4032 164 4071 nos
182 4011 264 4070 Deus
284 4012 387 4093 elegit,
419 4011 489 4071 lucis
509 4012 592 4071 liuius
614 4009 729 4101 fulgore
749 4012 849 4070 oculos
870 4023 986 4071 nostros
1006 4014 1180 4093 perstringi,
1198 4022 1233 4072 nt

106 4087 262 4146 attendere
281 4088 316 4146 ad
332 4089 505 4147 electionem
523 4089 678 4148 recusent?
708 4089 812 4166 Neque
831 4088 944 4146 interea
961 4088 1087 4161 inficior,
1106 4099 1140 4147 ut
1159 4087 1233 4149 certi

108 4164 146 4222 de
166 4163 258 4222 salute
278 4176 376 4223 nostra
396 4165 493 4238 simus,
512 4166 625 4223 initium
645 4183 660 4222 a
679 4163 771 4223 verbo
791 4162 854 4222 fieri
870 4162 989 4239 debere,
1007 4183 1103 4255 eoque
1122 4163 1233 4224 debere

107 4237 242 4298 fiduciam
275 4254 404 4300 nostram
435 4259 496 4299 esse
527 4238 773 4316 contentam,'ut
792 4239 888 4298 Deum
907 4239 1024 4299 Patrem
1053 4252 1232 4307 invocemuai

105 4315 303 4400 Praepostcrc
323 4317 400 4377 enim
420 4316 535 4396 quidam
566 4327 599 4378 ut
622 4317 658 4377 de
677 4315 801 4378 consilio
819 4315 878 4377 Dei
907 4317 1003 4396 (qnod
1027 4316 1114 4380 nobis
1137 4337 1233 4399 prope
