2596 4726
110 188 169 251 sos
288 170 297 187 '
495 186 574 249 usn.
593 186 649 248 su.
688 184 778 249 can.
798 182 897 247 svn.

190 329 221 393 9.
259 323 325 387 Etsi
348 336 445 392 autem
470 338 581 391 uuum
605 350 674 392 ase
692 329 755 411 ipsa
780 326 920 388 virtutem
944 344 1007 387 non
1032 322 1121 385 babet
1140 320 1255 417 Christi

115 421 199 494 mi,
217 392 726 546 llicilmsellliidbt'irlillidrtealidallea
737 398 1179 542 diddilindiliosbenbldriililbu
1190 398 1255 537 ibid

114 498 215 619 iddio
235 520 346 646 vivifica
367 555 483 632 dicitur,
504 579 580 641 quae
598 560 678 622 vitae'
694 500 887 641 plinitudind,
898 554 1020 646 perlusa
1035 564 1092 645 est,
1112 550 1256 633 quemad

116 652 172 692 nos
202 640 424 693 transmitteret
474 633 511 695 In
541 657 630 717 quem
657 656 774 698 sensum
807 631 880 694 illud
910 631 1022 694 Chrsstr
1052 629 1163 691 ductum
1190 626 1255 709 (lo.

117 714 149 785 h,
168 708 232 785 26.)
253 729 317 767 cum
341 708 459 786 Cyrillo
479 711 674 792 interpretor:
707 711 815 789 „Sicut
833 710 923 770 Pater
940 708 1028 769 vitam
1047 704 1140 767 hahet
1157 706 1190 767 in
1209 722 1256 795 se-

118 783 255 875 metipso,
274 783 316 846 ita
335 797 365 877 et
384 785 461 848 Filio
482 788 563 849 dedit
581 788 669 852 vitam
688 788 799 849 babere
819 788 850 847 in
869 784 1059 877 semetipso.“
1085 781 1157 842 tttie
1177 800 1255 841 enim

119 880 242 941 proprie
262 858 299 920 de
317 883 375 922 suis
395 862 514 927 dotibus
540 863 671 940 disserit,
703 887 766 930 nou
786 885 857 944 quas
876 861 914 922 ab
932 872 1020 922 intuo
1039 858 1119 939 apud
1138 858 1255 919 Patrem

117 935 304 1029 possidqbat,
323 938 377 1030 sed
394 939 499 1020 quihus
519 955 639 1003 ornatus
659 942 716 1002 luit
733 943 764 1033 ip
785 959 819 1000 ea
838 941 900 1032 ipsa
919 956 1018 1029 carne,
1032 936 1148 1027 inuqua
1166 952 1256 1069 apqa·

119 1023 193 1073 rost:
217 1013 344 1092 prounde
367 1036 399 1075 m
423 1036 473 1077 sua
494 1036 613 1098 quoque
637 1017 819 1079 humanitate
842 1027 918 1076 vitae
938 1011 1154 1094 plenitudinem
1173 1008 1212 1071 ha
1233 1030 1257 1066 ι-

118 1100 184 1149 tare
208 1089 352 1149 ostendit:
384 1102 419 1151 ut
437 1092 568 1174 quisquis
593 1095 675 1156 carni
692 1114 761 1156 suae
791 1113 825 1154 ac
854 1112 905 1155 san
929 1090 991 1151 uini
1019 1086 1258 1160 communicarit,

117 1166 198 1226 vitae
217 1165 443 1247 participatione
461 1169 548 1230 simul
569 1169 692 1233 fruatur.
731 1170 767 1232 Id
787 1168 874 1250 quale
893 1178 946 1239 sit,
966 1163 1101 1235 familiari
1121 1160 1257 1244 exemplo

120 1241 268 1322 explicare
287 1241 365 1325 liqet.
411 1245 670 1320 Quemadmodum
689 1248 769 1309 enim
790 1266 807 1305 e
829 1245 913 1306 fonte
931 1263 1007 1379 aqua
1032 1260 1113 1301 nnnc
1133 1237 1256 1314 bibitur,

119 1338 200 1377 nune
220 1316 362 1394 hauritur,
381 1341 460 1389 nunc
480 1342 534 1402 per
546 1323 662 1385 canales
681 1323 836 1407 irrigandis
855 1320 933 1402 agris
974 1318 1123 1378 educitur:
1143 1316 1196 1404 qui
1214 1325 1259 1375 ta·

118 1412 187 1453 meu
208 1413 270 1453 oon
290 1414 307 1453 a
325 1415 357 1455 se
378 1397 443 1477 ipso
463 1397 604 1459 exuberat
621 1400 653 1459 in
673 1411 722 1461 tot
740 1421 825 1471 usus,
849 1395 901 1456 sed
921 1392 958 1453 ab
984 1393 1046 1473 ipsa
1065 1390 1258 1472 scaturigine,

119 1488 195 1549 quae
215 1470 339 1547 perenni
362 1470 441 1532 fluxu
466 1495 572 1535 novam
590 1474 716 1536 subinde
741 1472 903 1564 largitatem
930 1466 973 1528 illi
998 1466 1108 1528 snlhcit
1132 1486 1167 1527 ac
1187 1464 1258 1556 sub:

120 1544 280 1605 ministrat:
314 1545 355 1606 ita
376 1547 487 1610 Christi
517 1571 586 1612 caro
614 1551 706 1611 instes
732 1550 822 1611 sontis
847 1557 892 1608 est
914 1542 1009 1607 divitis
1036 1554 1067 1602 et
1085 1541 1260 1616 inexhausti,

120 1638 198 1757 qpae
216 1621 302 1680 vitam
322 1644 339 1684 a
360 1624 513 1686 divinitate
532 1627 562 1686 in
582 1647 613 1688 se
633 1627 725 1707 ipsam
745 1623 954 1688 scaturientem
975 1619 1012 1679 ad
1030 1639 1086 1679 nos
1107 1618 1258 1679 transfun-

142 1694 174 1755 ‘t
214 1696 275 1756 lam
297 1699 360 1778 quis
380 1722 441 1762 non
454 1702 545 1780 videt,
566 1698 911 1765 communionemcarnis
932 1708 962 1758 et
980 1694 1132 1778 sanguinis
1145 1692 1257 1757 Christi

118 1772 310 1834 necessariam
330 1794 393 1836 esse
412 1779 559 1856 omnihus,
579 1780 630 1860 qui
648 1780 686 1841 ad
710 1779 869 1841 coelestem
888 1774 980 1836 vitam
1002 1768 1152 1850 aspiranti
1193 1770 1258 1833 lluc

120 1860 255 1929 spectant
273 1848 339 1912 illae
351 1851 493 1933 Apostoli
512 1857 675 1917 sententiae
686 1854 808 1935 (Ephes.
820 1860 851 1929 1,
864 1857 912 1917 23.
922 1862 952 1911 et
961 1849 1076 1926 nto),
1094 1846 1257 1909 Ecclesiam

120 1944 229 2006 corpus
248 1946 311 1988 esse
332 1928 442 1991 Christi
462 1941 492 1991 et
512 1932 573 1993 eius
593 1931 852 2013 complementum,
871 1929 965 2011 ipsum
984 1944 1056 1985 vero
1076 1943 1139 1985 esse
1160 1935 1257 2016 caput,

122 2020 157 2062 ex
176 2022 236 2083 quo
254 2014 351 2083 totum
371 2027 478 2087 corpus
502 2020 738 2090 coagmentatum
758 2020 789 2069 et
807 2014 992 2086 compactum
1011 2021 1065 2082 per
1084 2021 1258 2061 commissu-

121 2090 184 2155 ras,
220 2079 433 2145 incrementum
465 2085 599 2167 corporis
629 2085 714 2147 lacit:
742 2096 881 2164 'corpora
908 2091 1010 2141 nostra
1039 2075 1174 2137 membra
1197 2095 1258 2138 esse

124 2152 236 2216 Christi
256 2157 296 2235 (l.
311 2157 383 2219 Cor.
397 2166 426 2234 o,
440 2161 512 2254 to).
551 2160 640 2238 Quae
659 2162 758 2224 omnia
778 2181 840 2221 non
860 2176 948 2237 posse
966 2154 1053 2217 aliter
1073 2152 1151 2214 effici
1171 2151 1258 2214 intel-

122 2228 250 2321 ligimus,
270 2235 340 2313 quin
356 2246 435 2297 totus
453 2236 560 2318 spiritu
579 2249 609 2300 et
628 2257 757 2320 corpore
776 2235 861 2299 nohis
872 2232 1036 2294 adhaereat.
1074 2230 1136 2290 Sed
1156 2229 1258 2292 arctis·

121 2326 224 2367 samam
245 2308 324 2371 illam
336 2314 518 2391 societatem,
527 2334 584 2395 qua
605 2315 665 2376 eius
685 2314 768 2376 carni
787 2311 968 2395 copulamur,
987 2304 1190 2390 splendidiore
1208 2306 1258 2367 ed·

124 2379 182 2442 huc
202 2384 301 2465 elogio
326 2387 497 2466 illustravit,
517 2412 607 2471 quum
627 2390 708 2467 dixit,
732 2412 788 2452 nos
808 2407 871 2451 esse
889 2384 1022 2447 membra
1041 2383 1179 2465 corporis
1198 2382 1259 2445 eius

69 2486 77 2499 ·
124 2475 160 2516 ex
179 2459 291 2522 ossibus
312 2464 373 2522 eius
393 2476 424 2524 et
448 2487 482 2524 ex
507 2489 595 2526 carne
616 2469 678 2527 eius
697 2466 859 2547 (Ephes.5‚
876 2464 949 2540 30·)·.
988 2460 1123 2522 Tandem
1143 2473 1177 2520 υἱ
1196 2479 1258 2519 rem

124 2537 260 2597 omnihus
286 2538 381 2599 verbis
413 2543 552 2602 maiorem
585 2556 721 2617 testetur,
751 2561 917 2604 sermonem
942 2537 1153 2599 exclamatione
1186 2537 1259 2611 finit,

124 2611 173 2671 Ma
197 2634 265 2672 uum
285 2615 411 2695 (inquit)
430 2619 506 2678 istud
527 2625 679 2682 arcanum!
710 2621 864 2679 Extremae
885 2636 957 2708 ergo
978 2614 1142 2675 dementiae
1163 2614 1260 2689 luerit,

124 2629 234 2749 nullam
254 2713 414 2774 agnoscere
434 2717 499 2756 cum
521 2716 608 2756 carne
629 2709 659 2757 et
677 2697 820 2779 sanguine
837 2694 960 2753 Domini
978 2691 1107 2752 fidelium
1128 2712 1260 2751 commu·

125 2763 261 2844 nionem,
288 2791 377 2865 quam
398 2784 507 2833 tantam
532 2793 593 2835 esse
614 2772 742 2834 declarat
760 2770 937 2853 Apostolus,
968 2780 1001 2828 ut
1027 2789 1090 2828 eam
1111 2765 1259 2842 admirari,

126 2861 212 2920 quam
234 2846 376 2928 explicare
396 2850 487 2910 malit.

203 2927 249 2986 10.
285 2926 408 2987 Summa
427 2928 481 3003 sit,
503 2949 566 2989 non
592 2927 677 2989 aliter
696 2927 805 2986 animas
826 2938 939 2987 nostras
959 2943 1047 2982 carne
1067 2932 1097 2979 et
1116 2920 1260 3003 sanguine

127 2993 239 3058 Christi
265 3002 360 3080 pasci,
389 3025 475 3083 quam
501 3005 583 3084 panis
604 3017 633 3065 et
653 3006 751 3064 vinum
771 3001 954 3082 corporalem
974 3000 1062 3059 vitam
1089 3008 1213 3056 tuentur
1232 3007 1261 3057 et

58 3100 60 3104 ·
124 3073 277 3136 sustinent
315 3080 421 3158 Neque
434 3082 511 3138 enim
531 3081 615 3142 aliter
632 3081 788 3160 quadraret
807 3078 941 3158 analogia
960 3077 1045 3158 signi,
1065 3074 1120 3133 nisi
1140 3072 1261 3133 alimen·

126 3157 189 3240 tum
209 3174 292 3212 suum
312 3156 426 3216 animae
451 3157 481 3215 in
503 3156 621 3218 Christo
647 3156 827 3236 reperirent:
861 3154 940 3235 quod
970 3153 1033 3211 fieri
1064 3172 1125 3211 non
1148 3163 1259 3230 potest,

127 3245 182 3284 nsss
203 3229 353 3291 nobiscum
373 3232 506 3293 Christus
523 3253 591 3292 vere
611 3235 642 3293 in
662 3255 751 3293 unum
773 3231 916 3293 coalescat
936 3250 988 3291 nos
1012 3249 1048 3287 ue
1067 3227 1179 3307 reliciat
1200 3249 1261 3288 car·

127 3300 172 3361 nis
191 3324 259 3363 suae
280 3327 331 3366 esu
351 3319 381 3381 et
399 3308 546 3391 sanguinis
567 3322 649 3389 potu.
688 3310 751 3370 Etsi
771 3321 867 3369 autem
887 3307 999 3367 incredi
1023 3305 1211 3377 ile‘ridetur‚
1230 3304 1260 3364 in

127 3387 209 3440 tanta
230 3381 364 3443 locorum
385 3386 520 3446 distantia
541 3400 697 3466 penetrare
715 3387 750 3446 ad
771 3408 825 3447 nos
844 3383 954 3444 Christi
974 3401 1102 3455 carnem,
1123 3392 1155 3440 ut
1176 3381 1260 3442 nobis

128 3456 167 3515 sit
189 3458 218 3517 in
239 3458 351 3534 cibum,
372 3463 599 3537 meminerimus,
620 3475 758 3543 quantum
784 3483 870 3541 supra
897 3481 997 3521 sensus
1018 3479 1119 3519 omnes
1141 3469 1260 3519 nostros
1289 3450 1295 3471 ⁸

130 3534 258 3595 emineat
277 3557 380 3597 arcana
393 3538 520 3620 Spiritus
538 3543 630 3602 sancti
650 3540 739 3600 virtus
760 3554 790 3600 et
809 3559 896 3619 quam
915 3535 1035 3595 stultum
1055 3537 1103 3607 sit,
1123 3534 1186 3594 eius
1207 3535 1261 3595 im·

128 3613 311 3672 mensitatem
342 3615 432 3676 modo
464 3629 567 3678 nostro
586 3617 794 3692 vellemetiri.
843 3612 935 3691 Quod
961 3633 1032 3694 ergo
1057 3631 1140 3670 mens
1163 3624 1262 3672 nostra

128 3706 191 3749 non
211 3690 445 3772 comprehendit,
464 3695 612 3774 concipiat
630 3692 712 3771 fides,
731 3692 872 3774 Spiritum
890 3709 959 3752 vere
979 3690 1074 3764 unire,
1094 3707 1170 3779 quae
1191 3687 1263 3751 locis

131 3765 272 3828 disiuncta
292 3780 367 3830 runt.
413 3770 475 3830 Iam
499 3793 609 3832 sacram
636 3770 712 3830 illsm
735 3770 827 3830 carnis
849 3781 878 3829 et
896 3790 945 3829 sau
970 3767 1043 3827 uinis
1063 3787 1107 3825 sur
1128 3786 1262 3826 commu·

128 3842 319 3922 nicationem,
338 3868 395 3927 qua
403 3848 490 3907 vitam
509 3870 590 3909 suam
610 3849 715 3927 indnos
735 3846 912 3908 transfundit
932 3787 1075 3917 Christus,
1095 3863 1158 3901 non
1178 3863 1262 3903 secus

128 3920 188 3980 acsi
206 3920 237 3980 in
257 3943 322 3984 ossa
342 3934 372 3984 et
390 3924 530 3985 medullas
548 3934 726 4004 penetraret,
745 3925 774 3983 in
787 3923 889 3984 Coena
910 3923 995 3986 etiam
1017 3932 1139 3980 testatur
1159 3931 1189 3978 et
1206 3920 1262 3980 oh·

129 3996 239 4079 signat:
270 4015 299 4062 et
318 4002 435 4081 quidem
456 4022 517 4062 non
537 4003 656 4063 obiecto
676 4002 756 4061 inani
778 4013 826 4059 aut
845 4022 936 4060 vacuo
956 3999 1056 4080 signo,
1088 3996 1138 4058 sed
1161 3996 1263 4058 effica-

131 4078 204 4134 ciam
225 4076 344 4157 rpiritus
364 4082 407 4138 sui
427 4079 486 4140 illic
504 4079 676 4159 proferens,
695 4097 752 4157 qua
777 4077 906 4158 impleat,
927 4077 1006 4156 quod
1027 4074 1183 4168 promittit
1223 4072 1263 4132 Et

129 4171 198 4213 sane
216 4172 279 4215 rem
299 4154 359 4216 illie
377 4157 519 4241 signatam
539 4155 631 4216 ollert
640 4168 671 4216 et
685 4154 800 4215 exbibet
819 4153 966 4228 omnibus,
985 4175 1035 4232 qus
1055 4150 1091 4211 ad
1110 4148 1264 4229 spirituale

128 4228 200 4290 illud
220 4231 339 4312 epulum
369 4234 559 4295 acmmbunt:
589 4252 754 4313 quanquam
779 4253 796 4294 a
820 4230 954 4291 fidelihus
980 4229 1051 4290 solis
1075 4248 1141 4287 cnm
1162 4226 1263 4289 fructu

67 4376 70 4383 ,
127 4308 298 4392 percipitur,
318 4310 367 4391 qui
387 4322 496 4375 uotam
515 4307 728 4394 benignitatem
747 4329 815 4374 vers
834 4306 891 4370 hdo
911 4306 1057 4388 animique
1076 4303 1262 4387 gratitudine

371 4390 401 4455 Ι
