2596 4726
328 210 407 276 mn.
427 212 468 275 r..
493 212 722 291 cinarus,
899 194 913 301 '¹
1024 222 1083 285 ssu
1155 206 1163 215 '

59 405 61 423 .
80 357 134 419 nbi
147 356 290 420 Gentium
300 358 496 421 *vocationem
516 357 588 418 dixit
606 360 776 445 mysterium
796 378 859 422 esse
878 360 1081 424 absconditum

59 442 91 510 d,
110 439 192 515 lb),
222 435 311 528 paulo
345 448 413 517 post
442 419 608 518 adiunssit,
626 438 657 495 in
689 456 723 495 ea
753 434 962 498 manifestatam
994 440 1082 503 fuisse

59 517 151 569 (ntor
168 513 340 604 sapientiam
360 512 426 570 Dei.
475 512 524 571 An
543 514 611 604 quia
637 520 759 592 propter
782 513 989 577 hebetudinem
1012 535 1082 577 senr-

59 588 107 649 stri
127 587 279 670 multiplex
296 599 417 670 apparet
426 586 484 647 Dei
502 588 643 667 snpientia
664 589 727 667 (vel
746 589 944 666 multiformia,
963 604 995 653 nt
1014 593 1083 654 red·
1182 588 1188 599 ’

59 677 125 725 etue
150 667 328 744 interpres),
353 664 421 723 ideo
441 665 612 725 somnianda
638 665 724 726 nobis
747 666 781 726 in
805 666 870 746 ipso
893 668 961 727 Deo
986 669 1080 751 aliqua

59 763 90 813 s,
115 743 197 820 quasi
216 741 262 801 vel
283 740 436 802 consilium
456 752 566 813 mutet,
586 742 630 800 vel
651 763 667 801 a
686 762 718 802 se
737 744 801 822 ipso
822 743 977 806 dissideat?
1014 746 1081 808 Imo

63 840 81 875 n
100 820 243 909 capimus,
263 819 414 897 quomodo
434 817 497 876 fieri
517 818 586 878 velit
606 818 685 877 Deus
706 819 785 897 quod
806 820 903 879 facere
922 832 1012 897 vetat,
1030 843 1083 883 re·

59 894 116 953 »bis
136 916 166 953 m
191 895 361 953 memoriam
386 904 486 952 nostro
512 893 710 968 imbecillitas,
741 906 772 955 et
795 896 878 956 simul
904 903 1084 976 reputemus,

77 992 145 1028 nam
165 969 319 1045 inhabitat,
340 990 399 1029 non
411 969 518 1030 frustra
530 971 628 1030 vocari
649 971 821 1031 inaccessam
833 973 957 1051 (LTim.
969 978 1082 1050 6,16.),

59 992 160 1128 lligiue
186 1047 313 1106 obducta
339 1058 392 1104 est.
439 1047 521 1125 Ergo
547 1046 613 1105 huic
634 1048 684 1106 bu
718 1048 832 1107 ustini
858 1049 1021 1111 sententiae
1040 1052 1082 1132 pii

90 1136 122 1183 et
155 1124 280 1183 modesti
316 1122 401 1182 facile
438 1125 624 1201 acquiescent
665 1068 834 1204 [luchina.
870 1126 906 1184 ad
940 1126 1081 1188 Laurent.

59 1200 122 1279 d.]:
144 1199 317 1272 „Interdum
338 1199 416 1258 bona
436 1200 586 1258 voluntate
608 1199 755 1260 bominem
775 1200 850 1260 velle
870 1202 980 1281 aliquid
1000 1204 1085 1283 quod·

71 1298 133 1334 nou
155 1276 229 1334 vult:
261 1276 340 1335 velut
360 1275 384 1335 si
410 1276 504 1334 bonus
536 1277 610 1335 lilius
635 1289 745 1356 patrem
771 1278 832 1336 vult
851 1277 962 1353 rivere,
993 1300 1081 1360 quem

70 1352 134 1411 vult
153 1352 237 1411 mori.
275 1353 384 1412 Rursus
404 1352 468 1410 fieri
488 1374 573 1432 posse
594 1366 626 1411 ut
645 1354 722 1411 idem
736 1353 806 1413 velit
826 1352 915 1426 bomo
929 1355 1081 1418 voluntate

75 1429 156 1508 quod
176 1429 257 1487 Deus
277 1428 339 1487 vult
359 1427 453 1487 buna:
487 1428 566 1488 velut
584 1430 614 1501 'si
637 1429 729 1488 malus
748 1429 824 1489 filius
844 1430 914 1490 velit
932 1433 1009 1492 mori
1029 1453 1081 1515 pa·

76 1502 151 1565 velit'
167 1504 224 1565 boc
244 1507 329 1564 etiam
350 1505 447 1565 Deus:
468 1525 574 1585 nempe
594 1505 643 1565 ille
663 1504 724 1566 v'ult
744 1506 823 1584 quod
845 1507 1056 1570 nonvultDeu

59 1600 121 1641 vero
147 1581 209 1641 vult
239 1582 318 1661 quod
343 1581 405 1640 vult
435 1595 465 1640 et
489 1582 578 1642 Deus.
617 1583 656 1641 Et
684 1595 781 1642 tamen
811 1582 909 1643 bonae
935 1584 1082 1647 voluntate

59 1659 149 1736 pictas
174 1658 250 1718 illins
276 1659 374 1737 potius
399 1671 560 1733 consonat,
589 1659 718 1738 quamvis
737 1658 814 1719 aliud
835 1659 974 1733 volentis,
993 1669 1080 1740 quam

85 1734 163 1793 idem
187 1734 311 1794 volentis
331 1735 475 1813 impietas:
497 1747 608 1794 tantum
628 1735 751 1794 interest
770 1736 839 1815 qnid
860 1736 935 1796 velle
958 1737 1082 1816 homini,

62 1810 129 1870 Deo
149 1824 310 1891 congruat,
334 1823 365 1869 et
383 1811 419 1869 ad
440 1830 526 1888 quem
546 1811 634 1870 finem
655 1810 800 1872 referatur
818 1812 957 1892 cuiusque
975 1812 1081 1874 volun-

58 1898 91 1946 ut
115 1887 160 1946 vel
191 1888 373 1966 approbetur
391 1887 437 1946 vel
457 1888 650 1967 improbetur.
699 1887 771 1947 Nam
798 1887 878 1946 Deus
924 1908 978 1948 uae
1003 1889 1083 1967 bene

62 1984 119 2042 per
137 1963 224 2023 malas
236 1964 401 2023 voluntates
421 1963 562 2022 malornm
577 1963 726 2023 bominum
744 1963 876 2042 implet.“
903 1909 996 2025 lauto
1008 1985 1080 2028 vero

59 2061 104 2119 ap.
112 2044 193 2115 1⁰0.)
207 2040 324 2114 dixerat,
343 2061 392 2099 sua
413 2040 724 2121 defectioneAngelos
744 2052 900 2119 apostatas,
919 2062 1081 2123 omnesque

61 2138 112 2192 os,
134 2129 273 2195 quantum
298 2118 333 2195 aud
355 2117 432 2195 ipsos
454 2119 598 2195 pertinet,
619 2117 720 2176 fecisse
741 2117 820 2196 quod
842 2116 923 2177 Deus
943 2115 1080 2199 nolebata

59 2215 92 2252 un
102 2212 173 2251 vero
185 2193 221 2251 ad
233 2194 474 2272 omnipotentiam
485 2193 555 2267 Dei,
573 2192 654 2252 nullo
667 2194 756 2252 inodo
771 2195 827 2253 hoc
841 2195 984 2272 potuisse:
1000 2197 1080 2277 quia,

58 2281 148 2329 eontra
176 2269 233 2328 Dei
258 2269 437 2329 voluntatem
464 2270 588 2342 faciunt,
620 2271 656 2329 de
682 2271 748 2350 ipsis
773 2270 847 2328 facta
873 2282 917 2330 est
942 2272 1003 2331 eius
1026 2293 1080 2334 vo·

85 2346 172 2405 Unde
193 2346 345 2405 exclamat:
366 2347 494 2428 „Magoa
514 2367 603 2426 opera
615 2347 682 2420 Dei,
703 2346 842 2424 exqrrisita
864 2347 892 2405 in
913 2367 1015 2409 omnes
1025 2370 1080 2411 vo·

59 2419 434 2501 suetus(1>s.1rt,'a.):
462 2434 493 2481 ut
519 2423 592 2483 miro
614 2434 643 2482 et
665 2422 807 2482 ineflabili
827 2423 917 2483 modo
944 2446 1004 2485 non
1031 2427 1081 2488 fiat

59 2518 88 2557 er
108 2499 169 2557 cius
190 2499 387 2571 voluntatem,
408 2499 486 2577 quod
514 2501 600 2558 etiam
626 2512 730 2558 contra
750 2502 811 2559 eius
830 2499 865 2559 bt
884 2499 1078 2564 voluntatem:

61 2595 121 2635 non
143 2577 227 2634 lieret
246 2578 269 2634 si
291 2596 350 2633 non
374 2578 498 2635 sineret:
527 2596 581 2635 nee
605 2577 707 2652 utique
727 2577 830 2635 nolens
850 2576 933 2648 sinit,
956 2579 1006 2638 sed
1027 2600 1081 2640 vo-

70 2673 125 2712 nec
145 2655 255 2785 sinepet
276 2651 370 2713 bonus
387 2653 450 2710 fieri
469 2652 556 2728 male,
574 2653 628 2713 nisi
640 2653 836 2733 Omnipotens
849 2652 935 2712 ctiam
947 2655 983 2713 de
1004 2656 1080 2717 malo

59 2749 69 2786 e
109 2741 188 2787 osset
229 2732 314 2787 ene.“

88 2751 161 2864 llloc
189 2807 275 2863 etiam
306 2804 396 2864 modo
422 2805 562 2878 solvitur,
594 2805 654 2865 imo
684 2816 791 2884 sponte
823 2805 958 2884 liquescit
989 2807 1081 2870 altera

59 2886 98 2955 o,
127 2882 160 2941 Si
188 2904 248 2941 non
275 2884 364 2941 morlo
391 2882 545 2959 impiorum
566 2903 656 2961 opera
682 2885 772 2941 utitur
792 2882 890 2957 Deus,
922 2883 972 2942 sed
995 2887 1082 2944 etiam

59 2981 72 3018 s
103 2969 133 3016 et
157 2957 280 3017 affectus
305 2959 465 3040 gubernat,
496 2958 638 3017 scelerum
671 2961 801 3018 oninium
826 2977 890 3018 esse
916 2971 1082 3020 auctorema

59 3036 136 3094 »inde
167 3034 313 3093 immerito
335 3036 464 3093 damnari
485 3036 640 3107 domines,
665 3037 688 3095 si
709 3047 906 3114 exsequuntur
925 3036 1004 3113 quorl
1030 3036 1082 3095 de·

68 3112 166 3183 Deus,
199 3112 265 3189 quia
289 3113 350 3171 eius
379 3111 521 3170 voluntati
550 3112 767 3191 obtemperent.
821 3110 978 3191 Perpetem
1004 3112 1082 3173 enim

59 3210 89 3247 ar
108 3209 174 3251 cum
196 3200 352 3267 praecepto
373 3187 517 3258 voluntas,
537 3210 621 3266 quam
643 3188 810 3267 longissime
830 3186 867 3247 ab
888 3187 939 3248 illo
960 3188 1083 3247 dilserre

59 3265 111 3324 eris
142 3264 278 3341 exemplis
310 3276 432 3323 constat.
488 3264 562 3322 Nam
595 3266 648 3324 etsi
678 3265 746 3323 dum
776 3265 917 3342 stupravit
940 3264 1084 3326 Absalom

61 3361 180 3414 uxores,
206 3340 300 3399 voluit
318 3340 398 3398 Deus
423 3341 480 3399 hoc
501 3341 612 3418 probro
633 3341 732 3401 ulcisci
750 3340 871 3400 Davidis
890 3340 1082 3402 adulteriumr

59 3418 109 3476 leo
143 3431 240 3476 tamen
272 3419 421 3496 praecepit
446 3418 590 3476 scelerato
621 3417 682 3476 filio
714 3418 856 3477 incestum
886 3419 1083 3493 committere,
1136 3444 1141 3453 ·

59 3506 118 3553 arte
146 3493 265 3552 Davidis
296 3505 448 3572 respectu,
478 3495 552 3554 sicut
584 3492 715 3572 loquitur
748 3493 784 3552 de
816 3493 954 3554 conviciis
980 3494 1082 3555 Simei.

62 3569 132 3629 llum
153 3571 211 3629 Dei
236 3572 314 3628 iussu
339 3569 512 3628 maledicere
540 3570 607 3627 dum
633 3569 755 3643 fatetur,
784 3569 903 3653 minirupe
931 3590 1082 3630 commen-

61 3648 210 3725 sequium,
236 3646 293 3705 acsi
312 3647 367 3704 Dei
388 3647 512 3725 imperio
534 3658 651 3723 pareret
670 3658 824 3725 protervus
844 3644 893 3705 ille
913 3646 1006 3707 canis:
1031 3647 1083 3706 secl

59 3746 73 3783 n
98 3746 164 3783 uam
184 3725 221 3783 lla
245 3722 331 3780 ellum
353 3722 408 3780 Dei
430 3742 491 3780 esse
511 3743 683 3802 agnoscens,
703 3722 836 3804 castigari
855 3720 1001 3803 patienter
1019 3743 1083 3782 sus-

59 3743 150 3859 'iton
172 3741 290 3880 quibem
316 3799 476 3859 tenendum
497 3809 556 3870 est,
580 3799 648 3856 dum
669 3817 723 3878 per
741 3799 848 3878 impios
868 3799 984 3878 peragit
1002 3797 1083 3857 Deus

58 3877 178 3938 occulto
204 3898 256 3935 suo
287 3875 395 3935 iudicio
421 3874 569 3948 decrevit,
600 3895 662 3933 non
694 3893 755 3934 esse
780 3872 970 3946 excusabiles,
1002 3873 1084 3952 quasi

59 3967 93 4013 nt
119 3953 180 4012 eius
207 3963 377 4032 praecepto,
403 3951 482 4029 quod
508 3951 574 4010 data
601 3970 691 4029 opera
716 3970 771 4030 pro
796 3971 845 4010 sua
872 3948 993 4007 libidine
1019 3948 1082 4008 vio·

59 4028 121 4090 lam
165 4028 295 4087 uomodo
324 4048 356 4086 ex
376 4027 444 4086 Deo
468 4027 521 4100 sit,
543 4039 574 4085 et
598 4026 714 4086 occulta
741 4027 802 4087 eius
827 4023 1012 4105 providentia
1034 4043 1083 4083 re-

77 4051 163 4186 quoil
194 4124 328 4183 perverse
347 4103 458 4162 faciunt
483 4102 629 4176 homines,
665 4101 777 4162 illustre
806 4101 1015 4160 documentum
1040 4111 1085 4162 est

77 4183 158 4263 regis
178 4181 332 4240 larobeam
352 4179 391 4257 (l.
412 4180 485 4260 Reg.
506 4185 559 4253 12,
578 4182 655 4269 Ἃ),
681 4180 711 4237 in
731 4199 787 4257 qua
811 4194 911 4237 severe
931 4175 1084 4235 damnatur

70 4258 223 4319 temeritas
244 4269 273 4316 et
293 4256 437 4331 amentia,
461 4256 542 4335 quod
566 4257 699 4317 ordinem
725 4274 741 4314 a
763 4254 827 4313 Deo
852 4250 997 4312 sancitum
1013 4272 1083 4332 per-⁹
