2596 4726
474 187 552 250 mu.
571 186 626 248 rv.
665 186 755 252 car.
773 187 813 251 x.
969 260 977 273 ,
1152 174 1221 263 'usu

71 335 194 408 debere,
214 331 363 413 inquibus
382 330 471 393 rebus
491 353 507 393 a
525 331 644 392 Christo
664 329 839 408 liberantur,
858 352 915 393 nec
934 333 991 396 nisi
1010 332 1167 413 liberatae,
1181 348 1216 401 ut

69 426 158 475 antea
180 412 331 471 docuimus
350 409 415 487 (lib.
425 415 454 473 3.
467 432 491 470 c.
503 413 578 485 190),
598 409 749 487 quiescere
768 410 845 489 apud
856 409 954 471 Deum
974 425 1114 491 possunt,
1137 414 1228 480 Uul,

70 514 140 550 cum
160 490 272 568 Regem
295 498 469 567 agnoscant,
489 508 574 545 suum
596 485 784 546 liberatorem
806 487 970 548 Christum:
995 500 1025 548 et
1043 510 1101 551 uua
1119 487 1212 555 liber·

69 568 138 627 tatis
159 567 234 647 lege,
256 583 362 644 nempe
382 585 466 622 sacro
486 562 565 621 Euan
590 563 638 622 elii
659 563 751 623 verbo
773 576 915 644 regantur
935 577 1072 645 oportet,
1097 567 1121 627 si
1141 588 1211 650 gra·
1228 592 1231 609 ·

69 645 153 715 tiam,
179 663 264 721 qnam
290 640 319 698 in
342 639 460 700 Christo
486 583 587 699 semel
602 639 809 715 obtinuerunt,
840 641 968 701 retinere
992 641 1109 702 volunt:
1130 644 1210 706 nulla

69 722 213 781 servitute
234 728 399 790 teneantur,
419 715 507 775 nullis
527 715 649 775 vinculis
670 719 876 798 astringantur.

148 802 175 858 2.
215 795 237 852 F
240 794 346 874 ingunt
365 793 483 871 quidem
493 791 621 851 Solones
641 793 699 866 isti,
718 815 782 852 suas
802 793 1029 855 constitutiones
1049 794 1129 877 leges
1148 816 1212 858 esse

68 872 232 943 libertatis,
262 888 348 929 suave
369 870 483 950 iugum,
516 889 591 928 onus
611 868 690 929 leve:
722 870 773 928 sed
793 890 873 929 mera
893 891 955 930 esse
975 871 1126 932 mendacia
1146 875 1210 953 quis

68 946 257 1009 nonvideat?
293 944 408 1005 Nullam
429 947 484 1025 ipsi
505 945 621 1024 quidem
642 943 740 1027 legum
760 968 876 1005 suarum
887 948 1057 1028 gravitatem
1067 950 1210 1026 sentiunt,

70 1026 123 1106 qui
150 1025 264 1084 abiecto
285 1018 344 1081 Dei
375 1021 481 1081 timore
511 1035 569 1080 tam
601 1042 666 1081 suas
691 1044 775 1102 quam
802 1023 911 1083 divinas
941 1023 1020 1105 leges
1044 1045 1147 1085 secure
1174 1048 1209 1088 ac

69 1115 191 1163 strenue
212 1099 375 1180 negligunt.
425 1098 487 1173 Qui
508 1118 578 1157 vero
605 1095 699 1177 aliqua
724 1099 822 1159 salutis
848 1120 918 1160 suae
942 1106 1016 1160 cura*
1034 1113 1208 1238 tanguntur,

69 1178 228 1272 plurimum
259 1176 343 1235 abest
367 1176 437 1254 quin
468 1195 499 1234 se
528 1174 640 1240 liberos
660 1175 840 1252 existiment,
865 1177 1002 1254 quamdiu
1031 1177 1075 1237 bis
1106 1180 1207 1259 aqueis

68 1254 267 1334 implicantur.
319 1251 458 1310 Videmus
480 1263 587 1330 quanta
613 1252 750 1310 cautione
777 1266 905 1312 versatus
930 1255 968 1312 sit
992 1255 1022 1312 in
1040 1254 1102 1314 bac
1120 1267 1208 1346 parte

69 1331 181 1391 Paulus
201 1330 240 1407 (I.
262 1328 333 1392 Cor.
355 1336 383 1400 7,
402 1329 478 1401 35.),
499 1340 531 1386 ut
551 1347 668 1386 neuna
689 1328 806 1407 quidem
828 1333 857 1388 in
878 1348 911 1387 re
931 1327 1067 1410 laqueum
1087 1333 1209 1394 iniicere

70 1429 156 1469 ausus
183 1406 284 1466 suerit:
318 1426 415 1483 neque
442 1405 470 1463 id
501 1402 580 1464 nulla
605 1425 704 1464 causa:
735 1404 936 1485 prospiciebat
960 1419 1040 1465 certe
1066 1421 1208 1486 quantum

68 1484 175 1545 vulnus
195 1483 379 1563 infligeretur
399 1481 603 1555 conscientiis,
622 1480 646 1541 si
665 1500 764 1539 earum
784 1500 881 1541 rerum
903 1480 1057 1544 necessitas
1076 1483 1133 1545 illis
1151 1487 1209 1546 im-

69 1572 251 1641 poneretur,
282 1580 402 1637 quarum
428 1557 528 1616 relicta
555 1568 631 1617 esset
650 1577 666 1616 a
686 1557 817 1617 Domino
837 1556 967 1618 libertas.
1017 1558 1131 1622 Contra
1151 1584 1208 1623 nu-

68 1637 177 1697 merari
196 1638 240 1695 via
259 1648 381 1713 possunt
394 1634 630 1706 constitutiones,
650 1655 719 1712 quas
737 1635 782 1693 isti
793 1635 960 1727 gravissime
979 1647 1116 1698 aeternae
1127 1659 1209 1699 mor·
1257 1680 1261 1688 ·

69 1716 107 1774 tis
130 1713 353 1771 denuntiatione
379 1723 550 1783 sanxerunt,
581 1731 651 1788 quas
678 1711 857 1776 severissime
877 1711 996 1792 exigunt
1015 1724 1063 1772 tan
1088 1735 1152 1774 uam
1171 1715 1209 1776 ad

70 1790 194 1852 salutern
216 1789 397 1847 necessarias.
440 1788 481 1844 Et
505 1787 534 1845 in
561 1784 604 1846 bis
625 1785 787 1866 permultae
806 1799 874 1848 sunt
894 1788 1050 1848 observatu
1067 1735 1208 1852 iitfieitti·

70 1887 152 1938 mae,
185 1885 285 1925 omnes
310 1884 380 1924 vero
405 1865 444 1938 (si
470 1863 500 1921 in
526 1863 641 1922 turbam
660 1884 740 1923 suam
761 1865 974 1945 congerantur)
1000 1864 1207 1946 impossibiles:

70 1956 169 2004 tantus
191 1953 234 2000 est
254 1962 381 2000 acervus.
414 1940 475 2014 Qui
489 1960 560 2021 ergo
581 1939 644 1998 beri
665 1940 775 2019 poterit
793 1952 826 1999 ut
846 1962 906 1999 non
919 1952 1045 2002 extrema
1064 1944 1208 2006 anxietate

71 2032 101 2080 et
125 2032 241 2079 terrore
273 2016 403 2097 perplexi
423 2028 557 2091 urantur,
588 2015 693 2095 quibus
724 2027 805 2077 tanta
835 2016 1012 2078 difficultatis
1044 2020 1137 2081 moles
1161 2021 1207 2083 ia·

68 2095 202 2157 'cumbiti
240 2095 339 2154 Huius
360 2093 476 2174 generis
497 2113 568 2173 ergo
590 2093 816 2153 constitutiones
837 2092 1075 2175 bic'impugnare
1093 2097 1207 2160 animus

71 2186 129 2234 est:
161 2192 235 2263 quae
266 2171 297 2230 in
330 2171 387 2230 boc
421 2171 556 2241 seruntur
580 2181 613 2227 ut
636 2170 746 2229 animas
778 2169 856 2229 intus
882 2190 982 2230 coram
1006 2172 1073 2231 Deo
1103 2173 1207 2257 ligent,

71 2263 100 2310 et
120 2249 298 2328 religionem
318 2248 468 2323 inliciant,
493 2245 550 2306 acsi
571 2245 715 2326 derebus
735 2245 770 2306 ad
790 2245 913 2308 salutern
934 2248 1208 2332 necessariisjpraee
1277 2288 1285 2301 »

69 2329 94 2387 ci
119 2338 213 2386 erent.
985 2338 989 2347 ”

97 2349 116 2407 p
147 2408 177 2466 3.
216 2403 297 2461 Haec
322 2401 454 2480 quaestio
486 2398 645 2480 plerosque
675 2398 744 2459 ideo
776 2399 899 2481 impedit
921 2401 974 2480 (cl.
994 2401 1045 2464 lib.
1064 2410 1093 2470 3.
1113 2427 1138 2466 c.
1158 2398 1207 2474 l9.

69 2483 180 2557 u.15.),
201 2478 281 2557 quod
302 2479 379 2537 inter
394 2490 543 2537 externum
564 2477 746 2554 (ntrocaut)
764 2489 795 2536 et
815 2479 1011 2540 conscientiae
1031 2480 1128 2541 lorum
1144 2503 1208 2543 nou

68 2557 138 2617 satis
160 2555 306 2615 subtiliter
327 2555 504 2613 discernunt.
544 2555 701 2614 Praeterea
718 2553 920 2616 difficultatem
938 2569 1026 2638 auget
1059 2559 1209 2618 uodPau-

67 2631 113 2693 lus
131 2631 330 2699 obediendum
343 2652 404 2690 esse
417 2631 599 2713 Magistratui
612 2631 762 2711 praecipit,
786 2653 869 2706 „non
902 2652 996 2692 uenae
1007 2578 1103 2694 solum
1117 2647 1208 2713 metu,

65 2711 120 2772 sed
143 2721 266 2788 propter
286 2709 514 2768 conscientiam“
534 2708 637 2784 (Rom.
658 2713 710 2782 13,
729 2710 783 2781 5.).
816 2708 864 2765 Un
888 2729 905 2766 e
929 2709 1062 2788 sequitur
1080 2709 1209 2789 politicis

66 2807 192 2868 quoque
213 2785 326 2866 legibus
347 2783 492 2864 obstringi
512 2785 716 2843 conscientias.
758 2782 886 2856 Quodsi
906 2783 947 2844 ita
968 2798 1060 2861 esset,
1090 2786 1208 2847 caderet

65 2862 212 2945 quicquid
232 2861 365 2942 proximo
386 2862 480 2939 eapite
494 2860 624 2933 diximus,
644 2881 677 2920 ac
697 2863 752 2918 iarn
766 2859 872 2919 dicturi
891 2872 988 2920 sumus
1009 2862 1045 2920 de
1064 2862 1209 2942 spirituali

62 2939 224 3032 regimine.
264 2938 306 2996 Ut
327 2936 373 2996 bic
394 2936 487 2996 nodus
506 2936 648 3009 solvatur,
667 2937 763 3015 primo
776 2937 1021 3016 operaepretium
1042 2949 1086 2998 est
1104 2950 1209 3000 tenere

63 3016 143 3098 quid
164 3015 203 3074 sit
220 3013 411 3074 conscientia.
449 3013 493 3072 Ac
514 3011 646 3072 definitio
668 3013 785 3091 quidem
806 3032 839 3072 ex
859 3025 958 3094 etymo
978 3013 1059 3074 vocis
1100 3016 1208 3078 etcnda

63 3105 131 3155 est:
153 3112 220 3151 nam
240 3091 326 3151 'sicuti
337 3111 425 3169 quum
439 3100 539 3148 mente
557 3086 813 3170 intelligentiaque
833 3087 966 3151 homines
981 3035 1209 3172 approbendunt

60 3189 171 3231 rerum
192 3167 337 3241 notitiam,
358 3187 391 3224 ex
412 3180 447 3225 eo
461 3166 598 3225 dicuntur
616 3167 702 3237 scire,
724 3165 802 3225 unde
823 3178 855 3226 et
872 3165 1011 3239 scientiae
1030 3188 1140 3228 nomen
1153 3169 1209 3230 du-

62 3248 162 3309 citur:
188 3246 228 3305 ita
249 3267 338 3324 quum
358 3264 474 3302 sensum
496 3241 605 3302 babent
626 3242 717 3302 divini
742 3242 842 3303 iudicii
860 3242 943 3335 quasi
961 3243 1018 3304 sibi
1037 3243 1209 3307 adiunctum

62 3335 196 3394 testem,
228 3325 277 3400 qui
306 3343 357 3388 sua
384 3330 500 3398 peccata
527 3340 577 3379 eos
603 3318 756 3379 occultare
772 3340 833 3378 non
853 3319 933 3394 sinit,
952 3319 1024 3399 quin
1048 3316 1084 3382 ad
1104 3321 1208 3384 iudicis

62 3397 204 3460 tribunal
219 3398 262 3456 rei
273 3396 488 3476 pertrahantur,
508 3416 608 3455 sensus
628 3393 678 3455 ille
689 3407 811 3455 vocatur
830 3397 1019 3457 conscientia.
1057 3398 1111 3458 Est
1130 3401 1209 3459 enim

64 3475 211 3556 quiddam
232 3474 415 3533 interDeum
436 3483 466 3531 et
485 3471 636 3533 bominem
655 3473 796 3531 medium:
819 3472 884 3551 quia
904 3472 1054 3533 bominem
1073 3495 1134 3534 non
1152 3494 1210 3566 pa·

62 3557 144 3613 titur
164 3553 194 3609 in
215 3570 246 3609 se
273 3551 336 3629 ipso
356 3549 538 3629 supprimere
559 3548 638 3626 quod
664 3548 762 3621 novit,
792 3550 844 3609 sed
875 3569 1004 3629 eousque
1024 3562 1211 3630 persequitur

65 3630 170 3690 donec
190 3627 224 3686 ad
246 3639 356 3685 reatum
377 3627 512 3685 adducat.
557 3626 623 3685 Hoc
644 3637 688 3684 est
713 3624 792 3703 quod
816 3625 957 3718 intelligit
976 3625 1099 3700 Paulus,
1119 3647 1210 3704 quum

64 3703 388 3774 traditvconscientiam
409 3701 495 3761 simul
516 3702 645 3761 attestari
666 3700 850 3777 bominibus,
871 3702 921 3761 ubr
942 3702 1138 3784 cogitationes
1157 3721 1209 3763 eos

64 3791 213 3844 accusant
233 3779 278 3839 vel
299 3778 454 3839 absolvunt
474 3777 504 3838 in
525 3777 634 3838 iudicio
654 3777 712 3836 Dei
732 3776 961 3855 (Rom.2,15.·).
1000 3776 1132 3856 Simplex
1151 3798 1209 3839 no·

65 3857 136 3919 titia
158 3856 190 3917 in
211 3855 330 3915 homine
351 3854 598 3934 residere‘posset
609 3852 698 3913 veluti
718 3853 838 3916 inclusa.
876 3854 959 3949 Ergo
976 3875 1077 3914 sensus
1098 3854 1143 3915 bic
1159 3856 1210 3934 qui
1247 3896 1262 3915 ,

66 3934 224 3995 bominem
245 3933 321 3991 sistit
340 3932 375 3991 ad
396 3931 454 3990 Dei
473 3930 629 4004 iudicium,
658 3941 704 3989 est
723 3929 805 4009 quasi
830 3944 980 4010 appositus
1004 3930 1129 3991 bominis
1159 3951 1211 3991 cu·
1270 3990 1273 3994 .

64 4023 144 4083 stos,
165 4009 216 4087 qui
237 4007 334 4067 omnia
355 4007 415 4066 eius
436 4027 540 4068 arcana
561 4006 699 4068 observet
717 4027 751 4067 ae
770 4005 948 4088 speculetur,
967 4025 1006 4066 ne
1026 4002 1095 4086 quid
1114 4006 1145 4066 in
1164 4018 1212 4066 te·

67 4085 175 4148 nebris
195 4085 341 4163 sepultum
360 4095 485 4143 maneat.
536 4083 625 4143 Unde
645 4093 675 4143 et
692 4095 776 4144 vetus
795 4082 868 4144 illud
892 4081 1100 4164 proverbium,
1127 4081 1211 4143 Con·

66 4161 197 4225 scientia
217 4160 297 4220 mille
318 4171 416 4220 testes.
456 4159 576 4221 Eadem.
591 4160 708 4220 ratione
734 4171 764 4219 et
782 4158 888 4220 Petrus
907 4159 1006 4221 bonae
1025 4179 1095 4240 erga
1113 4157 1211 4220 Deum

66 4237 272 4302 conscientiae
291 4237 554 4318 interrogationem
579 4236 619 4316 (1.
640 4255 686 4316 ep·
705 4242 741 4313 3,
759 4237 822 4313 21.)
847 4237 947 4319 posuit
972 4254 1027 4316 pro
1047 4233 1213 4315 tranquilli·

66 4327 133 4378 tate
153 4313 258 4389 animi,
288 4334 378 4393 quum
398 4314 528 4396 persuasi
547 4311 586 4376 de
604 4310 717 4377 Christi
735 4313 845 4398 gratia,
869 4333 925 4377 nor
943 4310 1094 4394 intrepide
1112 4332 1213 4381 eoram

94 4413 194 4462 curias
206 4414 371 4463 mutunou.
495 4400 498 4404 “
978 4393 1019 4458 ts
1167 4449 1187 4481 ,
1235 4429 1238 4432 -
