2700 4732
518 190 591 251 nus
612 190 664 248 ιι.
704 190 836 252 nansi.
884 150 887 155 ’

179 514 285 581 :··.
409 450 897 547 ..etrusci

117 667 274 727 Dc‘vera
295 668 481 743 Ecclesia,
513 682 686 749 cum·qua
716 669 825 732 nobis
849 668 1004 729 colende
1031 684 1086 729 cst
1109 666 1242 734 unitas:

364 760 447 840 quia
469 760 608 841 piorum
630 761 787 823 omn-inm
805 762 919 845 mater
939 775 1000 848 est

117 894 223 1004 Partes
253 952 328 1006 liuius
360 951 456 1025 Capitis
479 967 542 1006 tres:
576 954 610 1022 ’1·)
637 954 766 1007 nitidulus
790 954 923 1028 Symboli,
953 959 985 1009 do
1012 970 1099 1009 sancta
1128 957 1243 1012 Ecclesia

118 1035 255 1088 catholica
273 1050 297 1088 ct
310 1039 676 1099 Sanctorum‘commnnionet
693 1038 804 1090 breviter
820 1040 969 1108 explicatur,
985 1041 1113 1110 simulque
1130 1044 1244 1095 ostendi-

115 1134 165 1180 tur,
178 1120 275 1188 ipnilvus
291 1119 442 1173 nonnitus
459 1121 535 1173 nobis
555 1125 735 1179 commendata
752 1123 784 1175 ait
800 1123 914 1186 ecclesia,
931 1139 990 1179 sect.
1008 1124 1093 1179 1-6.
1111 1155 1144 1164 -
1161 1124 1243 1194 2)Ῐ)υ

115 1200 185 1283 notis
210 1192 343 1266 ecelesiae,
367 1218 427 1256 sect.
443 1207 458 1258 7
475 1194 525 1257 29.
544 1234 576 1244 -
610 1204 641 1277 3)
661 1210 784 1258 il.sancta
802 1206 914 1259 Ecclesia
934 1208 1068 1269 Catholica
1093 1222 1117 1260 et
1134 1209 1242 1262 Sancto·

115 1308 174 1339 ruru
190 1286 374 1349 communione
389 1309 442 1355 nssn
453 1288 552 1340 catullo
564 1278 648 1367 nisido-
659 1290 854 1342 discedcntlum:
870 1313 897 1344 ea
911 1294 1020 1363 propter
1029 1292 1245 1357 Novatianorutn,

114 1372 355 1447 Analtaptittarum,
369 1386 408 1425 'nc
426 1372 552 1449 eiusrpudi
569 1358 789 1427 schismaticorum
808 1389 832 1427 et
850 1377 918 1427 male
935 1372 1087 1429 feriatorum
1105 1364 1242 1449 laomintarii

116 1454 185 1507 circa
210 1456 279 1508 hanc
301 1458 447 1510 doctrinan
471 1477 571 1519 cesores
596 1480 612 1513 a
637 1471 695 1509 acet.
715 1460 754 1510 10.
780 1479 863 1529 usqne
881 1461 913 1513 ad
933 1450 1056 1533 fin,·cpp.
1073 1463 1178 1513 abunde
1201 1480 1242 1513 re·

114 1538 248 1597 sellantur.
346 1574 350 1581 ·
923 1555 926 1561 '

176 1696 218 1755 ¹1.
255 1688 280 1751 F
283 1691 329 1753 ide
348 1691 500 1772 Evangelii
521 1692 668 1759 Christum
692 1692 756 1753 lieri
782 1705 932 1767 nostrum,
958 1704 990 1752 et
1015 1691 1122 1753 allatae
1146 1693 1241 1759 aben

114 1762 213 1827 salotis
232 1780 427 1848 aeternaeque
446 1769 633 1831 beatitudinis
654 1791 709 1829 nos
729 1768 791 1828 fieri
816 1770 997 1847 participent
1013 1772 1144 1847 proximo
1158 1769 1242 1835 lituo

114 1843 280 1922 expositum
299 1844 360 1903 luit.
397 1845 478 1918 Quia
490 1859 593 1907 ¹autem
615 1845 722 1907 ruditas
742 1858 840 1905 nostra
855 1858 886 1904 et
896 1845 1035 1937 segnities
1052 1844 1144 1921 (addo
1157 1847 1242 1907 etiam

111 1918 226 1998 ingenii
245 1919 415 1995 vanitatem)
433 1920 560 1981 externis
578 1922 710 1989 subsidiis
731 1921 997 2001 indigent„quibus
1017 1920 1086 1980 fides
1106 1920 1135 1979 iit
1156 1922 1243 1983 nobis

114 2005 147 2055 et
165 1994 302 2075 gignatur
315 2006 345 2053 et
355 2010 500 2075 augescat,
520 2010 551 2056 et
569 2021 637 2057 suos
658 1997 744 2061 saciat
764 2017 933 2077 progressus
954 2018 1044 2077 osqpe
1065 1996 1099 2056 ad
1121 2011 1242 2059 metant

112 2089 150 2131 ea
168 2091 287 2160 quoqne
306 2070 386 2132 Deus
406 2072 535 2146 addidit,
555 2094 614 2162 quo
632 2070 795 2133 infirmitati
807 2085 934 2136 nostrae
952 2073 1132 2139 consuleret:
1155 2085 1242 2165 atque

113 2156 148 2207 ut
167 2159 278 2228 vigeret
295 2146 447 2228 Evangelii
475 2149 669 2228 praedicatio,
700 2148 865 2211 thesaurum
885 2148 969 2210 ‚laune
988 2150 1068 2227 apud,
1091 2148 1242 2223 ecclesiane

113 2223 259 2300 deposuit.
299 2222 432 2284 l’astores
453 2224 576 2287 instituit
596 2245 630 2284 ac
650 2226 796 2299 doctores,
811 2234 1013 2316 quorumtore
1032 2247 1100 2289 auos
1121 2224 1242 2289 doceret

111 2298 203 2379 (pr.
222 2306 254 2371 4,
270 2301 357 2376 teti.
370 2321 423 2363 ,eos
442 2302 615 2363 auctoritate
636 2301 783 2360 instruxit:
804 2300 875 2359 nilail
893 2302 1023 2379 denique
1042 2301 1141 2362 oniisit
1160 2302 1240 2382 quod

111 2374 150 2434 ad
168 2375 388 2440 sanctum.fidei
404 2388 580 2441 'consensum
601 2389 761 2437 etrectum
782 2377 1069 2441 ordinen.sscceet.:
1095 2379 1240 2458 Imprimis

110 2453 461 2524 sacramenta.instituit,
492 2473 566 2531 quae
599 2473 653 2513 uos
685 2453 884 2532 experimento
910 2453 1049 2531 sentimus
1071 2453 1133 2532 plus
1174 2477 1240 2515 uam

111 2526 194 2587 utilia
212 2546 274 2595 esse
293 2529 460 2587 adiumenta
485 2529 519 2585 ad
549 2528 702 2593 fovendam
724 2541 755 2589 et
779 2528 1007 2591 confirmandam
1032 2529 1126 2589 fidem.
1193 2552 1239 2591 am

112 2603 179 2682 quia
199 2603 347 2682 engastulo
369 2605 461 2663 caenis
482 2617 599 2665 nostrae
615 2603 722 2665 iitclusi
742 2605 777 2663 ad
791 2605 911 2685 gradum
924 2606 1087 2686 angelicum
1108 2608 1239 2666 nondum

112 2680 307 2758 pervenimus,
327 2680 408 2738 Deus
425 2700 457 2740 se
477 2680 512 2738 ad
532 2692 649 2759 captum
669 2693 801 2739 nostrum
822 2683 1053 2753 accommodans,
1070 2703 1127 2771 pro
1147 2683 1238 2753 admi·

112 2754 198 2813 rabili
215 2775 270 2815 sua*
285 2756 466 2834 procidentia
487 2757 605 2816 modum
626 2756 825 2835 praescripsit,
845 2777 905 2833 quo
926 2756 1029 2835 procul
1050 2757 1184 2817 disiuncti
1203 2760 1238 2818 ad

113 2850 181 2889 eum
190 2831 400 2892 accederemus.
433 2834 534 2905 Quare
552 2831 679 2910 postulat
691 2832 816 2890 docendi
829 2832 914 2904 ratio,
934 2844 966 2891 nt
978 2852 1057 2891 nunc
1068 2833 1104 2890 de
1119 2832 1239 2895 ecclesia

110 2905 233 2986 eiusque
251 2909 403 2988 regimine,
423 2908 584 2980 ordinibus,
604 2904 759 2987 potestate,
779 2907 848 2969 item
869 2906 904 2963 de
918 2906 1111 2967 sacramentis
1130 2920 1239 2983 tractef

105 2998 191 3056 ‘mus,.
207 2995 237 3041 et
254 2996 404 3062 postremo
425 2985 460 3042 de
483 2983 607 3060 politico
624 2983 711 3042 etiam
730 2983 851 3042 ordine:
871 2982 1009 3042 ac'simul
1030 2981 1093 3061 pios
1113 2982 1238 3047 tectores

110 3079 284 3119 revocemus
304 3082 320 3118 a
341 3081 425 3119 corru
450 3061 526 3133 telis,
544 3060 648 3137 quibus
667 3059 758 3119 Satan
778 3058 807 3117 in
829 3057 940 3137 Papatu
959 3056 1131 3119 adulteravit
1149 3082 1239 3139 quae·

109 3157 227 3212 conque
246 3135 326 3194 Deus
346 3137 376 3193 iu
396 3082 515 3196 saliatem
536 3148 663 3195 nostram
684 3134 884 3195 destinaverat.
923 3134 1064 3212 Incipiam
1084 3148 1180 3196 autem
1200 3136 1237 3201 ab

110 3210 245 3271 ecclesia:
266 3211 297 3270 in
318 3213 398 3273 cuius
418 3215 512 3272 sinum
532 3210 683 3293 aggregari
702 3211 762 3270 vult
774 3211 854 3270 Deus
874 3209 950 3270 filios
968 3230 1051 3283 suos..
1065 3232 1127 3271 non
1146 3214 1237 3275 modo

110 3288 215 3347 nteius
227 3310 316 3367 opera
338 3300 368 3347 et
386 3291 547 3349 ministerio
567 3290 691 3361 alantur,
703 3288 840 3366 quamdiu
860 3286 986 3346 infantes
1004 3298 1072 3347 sunt
1091 3308 1124 3348 ac
1144 3290 1238 3369 pueri,
1310 3302 1312 3307 '

109 3362 162 3422 sed
182 3383 249 3424 cura
269 3364 353 3423 etiam
375 3378 506 3425 materna
527 3385 557 3424 re
580 3377 666 3423 antur
679 3364 773 3422 donec
785 3362 961 3437 adolescant,
981 3383 1014 3423 ac
1032 3365 1149 3423 tandem
1170 3385 1236 3444 per·

107 3439 230 3499 veniant
248 3440 283 3499 ad
304 3441 371 3499 lirici
391 3454 506 3500 nictans.
577 3461 626 3500 aec
647 3441 724 3499 enim
745 3460 818 3530 quae
838 3438 918 3499 Deus
938 3440 1090 3499 coniunxit
1109 3442 1237 3521 separari

109 3514 152 3575 las
172 3536 232 3574 non
253 3528 297 3574 est
316 3518 419 3593 (llaec.
437 3525 483 3589 tt),
501 3520 556 3589 9.),
576 3530 608 3576 ut
628 3517 733 3596 quibus
752 3535 814 3594 ipse
835 3527 879 3574 est
890 3515 989 3587 Pater,
1009 3516 1129 3576 ecclesia
1149 3518 1236 3577 etiam

109 3604 203 3649 mater
222 3593 271 3652 sit:
294 3613 389 3671 neque
409 3595 437 3650 id
458 3594 510 3652 sub
524 3595 604 3675 Lege
624 3594 724 3664 modo,
743 3593 793 3652 sed
814 3593 900 3650 etiam
920 3602 987 3670 post
1000 3591 1110 3652 Christi
1128 3593 1236 3653 adven·

107 3679 172 3801 gprn
192 3666 276 3801 (fal.
298 3677 332 3744 t,
352 3669 429 3747 td),
453 3670 503 3748 qui
530 3688 622 3730 novae
646 3680 677 3728 ct
699 3668 835 3749 coelestis
855 3667 1075 3748 llierosolymae
1099 3687 1153 3728 nos
1174 3688 1236 3728 esse

139 3746 183 3804 ios
224 3754 300 3803 ocet.
464 3802 467 3807 ,
982 3778 985 3785 ·

184 3826 212 3883 2.
251 3820 287 3878 In
308 3820 469 3898 Symbolo,
488 3822 539 3881 ubi
560 3821 731 3901 profitemur
749 3841 803 3880 nos
824 3818 1181 3892 credere'Ecclesiam,
1205 3819 1235 3879 id

106 3916 170 3957 non
190 3894 283 3955 solunt
294 3899 330 3957 ad
343 3898 492 3968 visibilem,
514 3899 549 3957 de
561 3920 617 3976 qua
629 3919 706 3957 niinc
719 3899 840 3978 agimus,
861 3896 997 3968 ecfertur,
1016 3895 1067 3954 sed
1087 3896 1122 3956 ad
1134 3915 1236 3958 ornnet

106 3992 229 4052 quoque
249 3971 357 4034 electos
377 3975 452 4048 Ilei,
481 3976 512 4034 in
538 3996 661 4053 quorum
688 3993 811 4033 numero
836 3972 1124 4052 comprehenduntur
1149 3970 1235 4031 etiam

106 4047 158 4127 qui
178 4058 274 4107 morte
287 4049 417 4110 defuncti
437 4063 514 4110 sunt.
553 4050 626 4109 Ideo
639 4062 668 4108 et
688 4048 861 4109 credendi
880 4047 1146 4127 verbuinponitur:
1167 4048 1235 4138 quia

105 4123 219 4182 nullutn
231 4145 316 4204 saepe
329 4127 482 4186 discrimen
502 4128 580 4186 inter
598 4125 672 4186 filios
688 4126 797 4195 Dci'et
815 4123 965 4202 proltoos,
986 4124 1064 4183 inter
1083 4145 1234 4203 proprium

107 4199 170 4259 eius
188 4218 308 4339 gregem
329 4215 360 4262 et
383 4203 444 4264 fera
468 4202 599 4262 animalia
624 4203 719 4262 notari
744 4212 862 4279 potest.-
899 4200 973 4261 Nam
988 4199 1073 4335 ¹guod
1093 4198 1235 4289 particula

107 4286 141 4339 in
159 4296 176 4337 a
194 4298 242 4339 mu
256 4279 293 4341 tis
311 4278 526 4359 interponitur,
550 4277 699 4360 probabili
717 4277 832 4344 ratione
851 4287 939 4340 caret
970 4302 974 4309 ·
1014 4286 1099 4338 ateor
1117 4274 1236 4356 quiden
