2700 4732
548 210 625 271 ΗΒ.
644 210 703 271 111.
744 210 835 274 CAP.
857 211 918 272 111.
1248 216 1308 277 389

159 350 346 415 tumt'uerit
373 353 434 415 Sed
454 375 544 434 quum
560 354 712 415 universus
725 355 821 415 carnis
838 354 962 415 allectus
979 354 1109 415 simultas
1119 355 1157 415 sit
1169 351 1306 415 adversus

158 432 263 492 Deum
274 430 413 509 (Rom8,
422 433 477 509 7.),
488 431 598 512 primus
611 432 647 491 ad
660 431 954 513 obedientiamLegis
968 433 1029 491 eius
1042 432 1187 511 ingressus
1200 442 1245 490 est
1254 428 1305 488 illa

158 518 287 567 naturae
305 518 425 569 nostrae
444 508 612 589 abnegatio.
651 507 758 568 Postea
785 509 1007 568 renoiationem
1032 508 1223 600 designanter
1243 506 1305 566 sru-

160 582 273 659 etibnr,
291 583 343 663 qni
361 582 431 644 inde
441 595 674 664 consequuntur,
693 584 810 655 iustitia,
830 585 938 644 iudicio
958 596 989 643 et
1007 584 1217 644 misericordia.
1255 581 1304 642 Si·

161 658 284 755 quidem
296 680 358 720 non
368 660 437 721 ratis
448 660 538 720 fuerit
549 660 657 720 talibus
670 660 774 720 officiis
789 662 843 720 rite
856 661 944 720 delun
969 661 987 734 i,
1007 660 1062 719 nisi
1075 680 1157 719 mens
1177 659 1304 741 primurn

102 732 108 763 '¹
161 760 173 797 r
245 746 279 797 et
296 756 369 811 cor,
392 736 536 811 iustitiae,
563 737 673 811 iudicii,
692 736 908 796 misericordiae
928 680 1068 796 abactam
1089 736 1253 795 induerint:
1273 736 1303 795 id

183 824 197 875 t
217 834 308 893 quum
325 812 385 873 Dei
404 810 533 893 Spiritus
553 814 690 873 intinctas
710 834 760 872 sua
781 814 935 873 sanctitate
955 813 1064 874 animas
1083 823 1196 873 nostras
1216 812 1303 872 noris

161 900 196 975 et
214 888 445 971 cogitationibus
465 902 496 950 et
514 889 668 950 aflectibus
695 889 735 949 ita
767 889 887 963 imbuit,
916 901 950 949 ut
979 908 1074 948 novae
1105 889 1169 948 iure
1200 887 1303 949 haberi

186 976 285 1025 ocant.
332 964 372 1025 lit
398 976 479 1026 certe
499 978 532 1025 ut
550 966 724 1026 naturaliter
742 988 840 1025 snmus
860 966 954 1025 aversi
973 985 990 1025 a
1009 966 1088 1040 Deo,
1107 965 1163 1024 nisi
1182 983 1303 1043 praece·

162 986 220 1102 dat
238 1040 395 1123 abnegatio
420 1043 529 1117 nostri,
561 1063 710 1121 nunquam
736 1043 771 1100 ad
792 1042 821 1101 id
841 1041 921 1121 quod
942 1053 1054 1102 rectum
1075 1051 1119 1101 est
1137 1040 1302 1099 teudemus.

164 1117 243 1179 Ideo
260 1119 348 1179 toties
367 1117 504 1178 iubemur
522 1138 628 1178 eruere
648 1131 777 1177 veterem
799 1118 965 1192 hominem,
995 1116 1165 1176 renuntiare
1190 1116 1302 1175 mundo

162 1205 199 1257 et
227 1194 323 1255 earnis
363 1214 458 1256 conco
482 1196 610 1255 iscentiis
642 1196 748 1253 nostris
777 1194 874 1253 valere
904 1193 1002 1269 iussis,
1034 1192 1171 1253 renovari
1194 1191 1301 1271 spiritu

159 1270 273 1331 mentia
291 1282 420 1332 nostrae.
457 1216 574 1330 llomen
596 1290 687 1361 porro
707 1271 802 1349 ipsum
811 1272 1041 1341 mortificationis
1052 1269 1202 1344 admonet,
1216 1289 1301 1347 quam

152 1342 285 1408 'difficile
304 1350 342 1407 sit
361 1346 492 1408 oblivisci
534 1349 619 1407 riorrs
640 1358 775 1405 naturae:
797 1347 863 1426 qnia
884 1334 952 1407 binc
972 1346 1040 1405 colli
1064 1346 1147 1420 imus,
1165 1365 1227 1405 non
1248 1344 1302 1405 ali-

157 1435 211 1485 ter
228 1443 285 1484 noa
305 1422 427 1483 formari
446 1423 482 1483 ad
533 1424 560 1481 ei
580 1424 726 1495 timorem,
746 1433 777 1481 et
796 1422 911 1502 pietatis
932 1423 1013 1482 initia
1035 1366 1157 1495 discere,
1176 1421 1233 1482 nisi
1249 1420 1301 1481 nbi

159 1498 263 1583 gladio
284 1498 412 1579 Spiritus
431 1499 577 1560 riolcntcr
595 1500 712 1557 mactati
732 1500 762 1557 in
782 1499 903 1558 nibilum
930 1499 1104 1581 redigimur:
1130 1500 1211 1578 quasi
1230 1519 1302 1578 pro·

159 1576 314 1667 nuntiaret
331 1576 430 1666 Deus,
450 1587 488 1666 'ut
506 1595 677 1636 censeamur
695 1575 774 1635 inter
792 1597 860 1637 suos
880 1575 973 1653 filios,
992 1597 1066 1656 opus
1086 1595 1149 1637 esse
1168 1596 1302 1653 commn-

160 1674 208 1715 ιιι
226 1664 351 1713 naturae
370 1664 500 1711 rntcrrtu.

236 1734 269 1793 9.
304 1728 475 1818 'Utrumque
495 1749 529 1789 ex
549 1728 661 1789 Christi
681 1728 903 1809 participatione
921 1728 1009 1788 nobis
1029 1728 1186 1820 contingit
1224 1728 1299 1789 Narn

161 1804 277 1865 rivere
297 1804 386 1864 morti
412 1825 475 1865 erus
499 1805 762 1881 communicamus,
793 1807 853 1865 eius
884 1805 991 1865 virtute
1016 1804 1196 1886 crucifigitur
1218 1806 1301 1865 vetus

161 1890 270 1941 noater
288 1878 397 1953 bomo,
427 1892 458 1940 et
477 1882 590 1960 peccati
611 1903 718 1961 corpus
738 1883 895 1954 emoritur,
927 1902 965 1941 ne
984 1880 1107 1960 amplius
1125 1883 1221 1961 vigeat
1240 1881 1302 1959 pri-

159 1975 229 2017 nrae
248 1970 370 2016 naturae
389 1957 541 2036 corruptio
562 1958 699 2033 (Rom.6,
712 1960 799 2035 5.6.).
825 1959 857 2017 Si
877 1957 1099 2017 resurrectionis
1118 1979 1215 2022 sarnus
1233 1976 1302 2049 par·

159 2032 285 2112 ticiper,
304 2051 442 2114 peream
462 2034 634 2094 suscitamur
652 2036 682 2093 in
703 2036 777 2094 vitae
797 2038 974 2108 novitatem,
997 2053 1073 2113 quae
1091 2034 1150 2092 Dei
1174 2033 1302 2095 iustitiae

136 2132 142 2141 ¹
158 2108 352 2189 respondeat.
391 2108 461 2169 Uno
483 2130 555 2191 ergo
576 2109 668 2170 verbo
679 2111 892 2189 poenitentiam
904 2113 1085 2191 interpretor
1097 2111 1300 2192 regeneratio·

158 2204 245 2259 nem,
262 2186 344 2247 cuius
365 2206 426 2245 non
446 2186 584 2261 aliusest
601 2208 708 2266 scopus
728 2186 782 2247 nisi
802 2200 835 2246 ut
855 2187 951 2279 imago
962 2187 1031 2262 Dei,
1051 2207 1125 2266 quae
1144 2207 1199 2268 per
1217 2186 1302 2248 Adae

158 2262 427 2345 transgressionem
447 2262 756 2335 loedata,ettantu1n
776 2285 837 2324 non
859 2264 1015 2323 obliterata
1036 2263 1141 2338 suerat,
1161 2265 1192 2324 in
1212 2264 1301 2326 nobis

160 2338 352 2399 reformetur.
391 2339 442 2398 Sic
462 2339 551 2399 docet
570 2340 741 2419 Apostolus,
760 2362 848 2418 quum
870 2341 911 2399 ait
929 2343 975 2430 ῆι
993 2340 1076 2414 „Nos
1096 2352 1194 2400 autem
1214 2361 1300 2402 reve-

160 2412 242 2491 ·„lata
262 2414 338 2475 facie
355 2413 481 2496 gloriam
500 2416 622 2475 Domini
647 2438 678 2475 re
703 2429 914 2487 raesentantes,
945 2438 976 2475 rn
1001 2416 1122 2475 eandem
1143 2417 1301 2510 imaginem

160 2491 428 2567 „transformamur
447 2513 481 2550 ex
498 2492 592 2574 gloria
613 2493 642 2551 iu
663 2438 797 2572 gloriam,
826 2504 961 2572 tanquam
982 2515 997 2553 a
1017 2494 1138 2554 Domini
1157 2494 1303 2574 Spiritu.“

107 2628 120 2641 ,
159 2570 256 2629 ltem:
275 2566 493 2643 „Renovamini
512 2569 616 2648 spiritu
637 2570 742 2628 mentis
761 2582 883 2642 restrae,
903 2582 933 2628 et
949 2570 1060 2629 induite
1080 2591 1188 2630 novum
1203 2570 1300 2631 homi-

159 2664 265 2722 9,ιιειιι,
285 2644 337 2724 qui
356 2646 515 2704 secundnm
536 2645 632 2704 Deum
654 2658 766 2706 creatus
787 2659 831 2706 est
850 2647 879 2704 in
901 2646 1007 2705 iustitia
1029 2657 1058 2705 et
1076 2649 1229 2707 sanctitate
1248 2668 1300 2707 re-

161 2714 312 2798 „citatim
351 2722 427 2779 Item
448 2722 531 2782 alibi:
556 2723 739 2794 „induentes
759 2744 867 2781 norum
887 2722 1053 2793 homiuem,
1073 2724 1123 2801 qui
1142 2736 1302 2784 renovatur

165 2796 425 2879 „adagnitionem
446 2811 476 2857 et
495 2799 651 2877 imaginem
665 2799 736 2872 eius,
778 2799 805 2857 ui
825 2799 933 2862 crearit
951 2798 1064 2857 illum.“
1102 2800 1301 2862 Proindeista

165 2878 392 2954 regeneratione
417 2874 447 2933 in
468 2876 527 2933 Dei
551 2876 704 2949 iustitiam,
736 2820 845 2933 (Illis-ri
874 2875 1019 2935 beneficio
1042 2874 1253 2951 instaurantur,
1283 2898 1302 2938 a

164 2970 296 3086 qualper
314 2951 409 3010 Adam
430 2951 639 3011 excideramus:
660 2973 719 3030 quo
740 2952 829 3009 modo
850 2951 880 3010 in
901 2952 1048 3032 integrum
1068 2952 1222 3011 restituere
1235 2952 1299 3033 pla-

163 3039 215 3087 cet
265 3029 378 3101 omino,
405 3048 597 3106 quoscunque
616 3029 647 3086 in
679 3029 754 3086 ritae
779 3028 988 3087 haereditatem
1013 3039 1142 3107 cooptat.
1198 3028 1300 3108 Atque

162 3104 239 3164 baec
258 3104 377 3183 quidem
397 3105 565 3163 instauratio
586 3125 647 3163 non
668 3126 728 3164 uno
748 3104 980 3178 momento,ch
1002 3103 1059 3177 die,
1079 3104 1125 3163 rel
1145 3125 1223 3169 anno
1243 3108 1299 3165 irn-

159 3181 279 3262 pletur,
308 3181 359 3240 scd
385 3202 438 3272 per
464 3181 638 3255 continuos,
666 3182 726 3238 imo
755 3181 843 3240 ctiam
865 3180 961 3241 lentos
980 3180 1127 3240 interdum
1146 3182 1300 3261 protectus

158 3256 266 3319 abolet
285 3257 366 3316 Deus
385 3280 415 3316 m
437 3257 536 3316 electis
556 3259 614 3317 suis
636 3258 730 3316 carnis
750 3256 946 3337 corruptelas:
971 3269 1111 3338 repurgat
1131 3278 1183 3317 eos
1201 3260 1300 3321 sordi·

159 3334 236 3407 bus,
265 3334 381 3412 sibique
406 3334 435 3392 in
455 3334 566 3413 templa
586 3345 752 3409 consecrat,
782 3354 883 3394 sensus
903 3354 1006 3394 eorum
1026 3353 1127 3393 omnes
1147 3334 1183 3393 ad
1203 3357 1301 3397 veram

160 3410 323 3493 puritatem
348 3431 507 3501 renoraqs,
543 3432 602 3489 quo
628 3430 658 3467 se
682 3423 746 3469 tota
772 3412 831 3471 rita
858 3421 1011 3471 exerceant
1040 3411 1070 3470 in
1099 3414 1299 3489 poenitentia:

158 3488 315 3567 sciantque
346 3487 413 3545 bule
441 3486 561 3545 nnlitiae
593 3486 706 3547 nullum
731 3488 784 3547 nisi
809 3487 840 3546 in
867 3500 964 3547 morte
988 3507 1049 3547 esse
1069 3485 1168 3551 finem.
1227 3490 1299 3562 Quo

159 3564 260 3627 maior
279 3576 322 3625 cst
341 3564 447 3642 impuri
467 3563 586 3621 rabulae
608 3575 638 3622 et
657 3574 805 3641 apostatae
826 3563 960 3645 Staphyli
984 3563 1133 3623 cuiusdam
1153 3564 1300 3643 improbi-

160 3655 224 3703 tas:
244 3642 295 3721 qni
313 3652 420 3699 statum
439 3638 600 3717 praesentis
619 3640 696 3697 vitae
716 3661 781 3698 cum
823 3641 896 3701 loria
917 3639 1037 3699 coelesti
1059 3662 1075 3700 a
1095 3660 1141 3697 me
1155 3640 1298 3701 corilundi

161 3730 302 3799 nugatur,
333 3717 400 3777 dum
422 3716 579 3797 imaginem
606 3715 664 3778 Dei
689 3734 722 3775 ex
746 3661 839 3777 Paulo
866 3717 1046 3795 interpretor
1064 3718 1248 3777 sanctitatem
1269 3729 1300 3777 et

161 3795 302 3855 iustitiam
321 3813 461 3851 veracem.
502 3791 595 3864 (Quasi
615 3811 686 3851 vero
707 3791 757 3850 ubl
778 3816 823 3855 res
842 3793 936 3871 aliqua
957 3792 1106 3863 definitur,
1126 3814 1186 3852 non
1208 3814 1298 3873 quae—

163 3872 258 3935 renda
277 3871 314 3930 sit
333 3871 393 3948 ipsa
414 3868 565 3949 integritas
587 3879 617 3927 et
637 3867 789 3947 perfectio.
828 3870 933 3947 Neque
953 3880 1050 3929 tamen
1072 3868 1154 3928 locus
1173 3882 1300 3962 negatam

160 3947 365 4009 incrementis:
394 3945 445 4006 scd
475 3957 617 4024 quatenus
649 3945 683 4003 a'd
710 3944 768 4005 Dei
793 3944 1009 4005 similitudinem
1036 3946 1156 4024 propius
1176 3968 1238 4025 quis
1262 3966 1299 4006 ue

159 4025 286 4101 accedit,
305 4026 335 4082 in
356 4043 393 4081 eo
414 4022 480 4082 dico
502 4021 616 4102 fulgere
635 4020 790 4101 imaginem
811 4021 878 4081 Dei.
917 4021 984 4080 lluc
994 4032 1026 4080 ut
1043 3968 1299 4101 perveniantfiile·

236 4331 496 4402 ⁹)11.C0r.3‚18‚
528 4329 596 4400 Eplr.
615 4332 699 4393 mi.
714 4330 758 4385 ‘ll
795 4326 896 4390 Cut3.
916 4331 954 4385 1⁰.
989 4327 1022 4378 ll.
1035 4326 1096 4378 Cur.
1112 4328 1137 4388 l,
1151 4310 1190 4382 tti]
1282 4357 1286 4365 ·

909 4442 929 4483 a
