2700 4732
102 235 163 297 ‘288
512 227 587 289 tte.
607 230 648 289 ll.
687 228 832 291 (IAM.
876 240 879 249 '

174 380 228 439 11.
266 371 407 462 Denique
425 383 528 451 aperte
547 384 662 435 constat
700 374 732 433 in
752 372 888 435 omnibus
907 374 983 435 ritae
1001 373 1105 441 nudiis
1124 394 1240 457 propo·

103 454 188 514 sitam
208 452 322 510 suturae
342 461 418 509 vitae
437 449 649 511 beatitudinem
666 416 811 511 babuisse.
852 450 1004 525 Quorsum
1024 453 1103 511 enirn
1122 452 1239 531 primo,-

103 530 269 611 genituram
289 538 445 605 tantopere
464 526 641 599 affectasset,
660 540 804 607 tantoque
824 526 957 607 periculo
977 528 1126 589 ambiisset
1135 528 1240 600 Iacob,

104 627 178 685 quae
188 603 319 664 exsilium
339 615 370 661 et
389 614 501 661 tantum
522 624 583 662 non
594 602 808 663 abdicationem
829 604 870 664 illi
890 605 1053 667 conllatura
1073 616 1146 677 erat,
1165 604 1240 667 boui

103 702 179 742 vero
196 680 268 740 nibil
288 700 407 756 prorsus
419 679 549 752 allatura,
569 679 624 739 nisi
644 682 680 738 ad
691 680 824 740 altiorem
845 682 1083 747 benedictionem
1095 684 1240 761 respexis-

104 757 166 819 set?
204 759 302 835 Atque
323 775 389 835 epm
407 754 463 813 sibi
482 776 599 817 sensum
620 755 705 817 luisse
726 757 891 823 declaravit,
903 780 936 815 ea
948 779 1032 832 vore,
1053 759 1240 835 quaminter

103 834 225 894 ultimos
253 833 371 911 spiritus
395 832 503 903 edidit,
527 832 662 891 Salutnre
686 846 768 893 tuum
789 835 973 913 exspectabo,
990 832 1123 897 Domine
1142 832 1239 912 (Gen.

103 917 152 985 49,
171 912 244 985 18).
284 908 383 979 Quam
402 908 523 967 salutem
534 921 735 985 exspectasset,
755 932 844 988 qrrnm
865 910 1043 991 intelligeret
1061 930 1093 971 se
1112 913 1238 980 animam

105 990 260 1067 exspirare,
282 984 337 1042 nisi
357 982 387 1042 in
409 998 503 1043 morte
523 984 637 1045 initium
657 1008 751 1046 novae
764 988 839 1045 vitae
859 987 1012 1047 cerneret?
1050 986 1090 1045 Et
1109 988 1180 1065 quid
1201 988 1238 1047 de

104 1065 211 1125 sanctis
241 1084 275 1139 ac
305 1059 372 1119 filiis
398 1061 456 1119 Dei
486 1060 695 1139 disceptamus,
723 1076 816 1141 quum
847 1063 990 1123 eiusmodi
1021 1062 1238 1143 intelligentiae

126 1153 191 1201 netu
211 1142 250 1197 ne'
269 1142 291 1197 is
303 1136 421 1215 quidem
441 1138 578 1210 caruerit,
598 1139 648 1217 qui
667 1140 819 1201 veritatem
839 1154 1012 1219 oppugnare
1031 1137 1141 1218 alioqui
1161 1142 1238 1201 nite·

104 1160 208 1279 batur?
248 1214 328 1288 Quid
349 1212 429 1271 enim
447 1213 503 1277 sibi
524 1214 645 1274 volebat
662 1215 789 1289 Balaam,
810 1237 898 1294 quum
920 1216 1044 1277 diceret:
1071 1216 1239 1286 „Moriatur

103 1294 200 1354 anima
219 1310 284 1350 mea
303 1301 400 1349 rnorte
418 1290 572 1365 iustorum,
586 1302 624 1349 'et
642 1290 714 1351 fiant
733 1291 888 1355 novissima
907 1308 971 1355 mea
990 1291 1092 1357 similia
1112 1296 1237 1363 eorum“

75 1406 83 1421 s
105 1372 206 1507 §Num
225 1372 279 1439 23,
298 1369 378 1442 tlt),
402 1366 457 1425 nisi
476 1368 557 1444 qnod
581 1368 727 1427 sentiebat
745 1369 774 1427 id
796 1370 875 1447 qnod
897 1382 999 1448 postea
1016 1368 1116 1433 David,
1132 1369 1236 1448 prodi·

125 1443 557 1521 tr(t>s.116‚15.3t,t·t.)=
586 1444 748 1505 Pretiosam
775 1465 836 1504 esse
861 1459 985 1505 mortem
1012 1454 1181 1509 sanctolum
1206 1447 1236 1505 in

104 1534 265 1601 conspectu
288 1520 424 1578 llominir
449 1533 576 1581 mortem
601 1541 671 1580 vero
696 1521 853 1599 impiorum
873 1520 1043 1601 pessimam?
1068 1522 1237 1583 ,Si'ultirna

103 1600 182 1663 linea
202 1610 231 1657 et
250 1608 326 1655 rneta
347 1597 377 1653 in
396 1607 494 1655 morte
514 1597 627 1669 forent,
651 1596 763 1657 nullum
789 1598 821 1657 in
842 1619 876 1657 ea
897 1600 993 1657 notari
1015 1611 1114 1677 posset
1134 1599 1236 1667 discri-¹

104 1697 173 1737 men
194 1672 261 1734 iusti
281 1685 312 1731 et
330 1672 426 1753 impii:
447 1671 537 1743 sorte,
556 1676 631 1752 qirae
647 1686 862 1753 postmortem
882 1687 1023 1755 utrosque
1043 1674 1155 1737 diversa
1174 1696 1238 1735 ma·

104 1765 167 1827 net,
185 1751 264 1811 inter
283 1769 314 1808 se
334 1749 561 1829 distinguuntur.
639 1792 642 1797 -
691 1790 696 1801 .
917 1794 920 1801 .
957 1802 970 1811 ,,
994 1798 998 1807 .
1057 1770 1060 1775 ·
1098 1800 1130 1819 ,,

105 1886 109 1891 ,
181 1835 227 1893 15.
268 1826 406 1884 Nondum
427 1825 626 1890 ultra-Mosen
660 1826 942 1907 progressi-sumus:
962 1844 1063 1907 ‘quem
1086 1827 1135 1891 isti
1161 1826 1237 1891 nihil

104 1904 183 1967 aliud
204 1902 293 1965 oliicii
315 1902 447 1965 babuisse
467 1904 577 1975 dicunt,
589 1924 676 1981 quam
696 1916 729 1963 ut
748 1904 893 1963 carnalem
913 1907 1131 1985 populnmagri
1148 1903 1237 1967 uber-

104 1995 183 2055 tate,
207 1998 363 2057 rerumque
384 1980 516 2041 omnium
536 1981 624 2059 copia
643 1980 680 2039 ad
705 1980 862 2040 colendum
877 1982 978 2041 ¹Deum
1004 1983 1172 2052 induceret:
1205 1990 1237 2043 et

103 2072 203 2121 tamen
228 2055 300 2132 (nisi
319 2055 382 2134 quis
401 2068 508 2133 sponte
526 2068 620 2117 senret
639 2056 815 2117 offerentem
836 2058 930 2119 lucem
955 2058 1096 2141 relngia't)
1122 2058 1236 2138 perspi-

104 2156 158 2198 cua
178 2136 233 2195 iam
254 2142 346 2197 exstat
363 2132 518 2209 spiritualis
538 2132 664 2193 foederis
684 2134 851 2199 declaratio.
891 2136 1008 2209 Quodsi
1025 2136 1061 2195 ad
1074 2134 1236 2214 Prophetas

105 2211 330 2281 descendamus,
362 2209 421 2269 illic
451 2207 619 2287 plenissimo
645 2209 760 2289 fulgore
785 2222 816 2271 et
834 2211 893 2270 rita
918 2225 1038 2273 aeterna
1061 2224 1092 2271 et
1111 2233 1235 2292 regnum

106 2288 218 2351 Christi
237 2306 267 2344 se
287 2284 411 2377 profert.
459 2286 502 2344 Ac
527 2288 651 2364 primum
672 2287 782 2360 David,
813 2288 863 2365 qni
884 2299 916 2346 ut
936 2301 994 2357 tem
1018 2309 1070 2349 ore
1090 2288 1153 2355 aliis
1180 2288 1235 2347 luit

105 2360 257 2443 superior,
285 2376 339 2422 sta.
354 2374 409 2441 pro
434 2362 538 2425 ordine
558 2363 671 2423 divinae
698 2363 922 2443 dispensationis
942 2312 1079 2425 coelestia
1099 2364 1236 2444 mysteria

104 2439 257 2503 obscurius
271 2461 358 2517 quam
377 2437 420 2497 illi
433 2438 624 2512 adumbravit,
644 2452 751 2518 quauta
772 2453 868 2509 tamen
891 2443 1096 2521 perspicuitate
1116 2461 1150 2509 ac
1170 2462 1237 2500 cer-

103 2517 230 2579 titudine
251 2518 286 2574 ad
306 2536 377 2576 eum·
392 2535 512 2593 scopum
534 2522 631 2577 omnia
650 2537 701 2576 sua
718 2516 835 2596 dirigit?
874 2518 1057 2585 'l'errcstrem
1078 2516 1235 2577 habitatio-

104 2615 174 2673 nem
193 2592 319 2673 qualiter
336 2592 505 2664 aestimarit,
526 2604 648 2653 testator
667 2592 737 2655 baec
756 2595 902 2655 sententia
921 2592 1130 2673 tl's..'39„t3.):
1149 2592 1234 2665 „Ad-

103 2691 198 2747 „vena
224 2669 271 2730 laic
290 2691 353 2728 snm
378 2680 409 2727 et
433 2670 621 2763 peregrinus,
635 2670 1141 2804 quemadmodum.oumer‚Patres
1164 2668 1235 2737 mei,

70 2756 73 2763 '
103 2748 245 2824 „Vanitas
265 2746 361 2805 omnis
380 2744 469 2803 bomo
488 2767 598 2819 virens,
618 2767 653 2804 ve
666 2758 705 2805 ut·
719 2746 820 2805 umbra
840 2747 966 2825 quisque.
982 2744 1163 2813 obambulat.
1184 2744 1235 2813 ,Et

46 2878 49 2883 .
103 2840 205 2901 „nunc
225 2843 298 2914 quae
319 2819 493 2901 exspectatio
512 2821 745 2895 mennonium?
765 2847 777 2883 s
799 2844 903 2891 esmea
922 2824 959 2883 ad
976 2825 1118 2903 te·ipsa.“
1156 2821 1236 2881 Sane

105 2901 156 2980 qui
178 2899 252 2960 nibil
273 2920 334 2963 esse
353 2898 383 2959 in
402 2910 480 2958 terra
500 2899 624 2959 solidum
655 2911 705 2959 aut
733 2845 1113 2980 stabile·-conlessus,-spei
1135 2909 1236 2957 tamen

103 2979 136 3039 in
154 2944 438 3042 lleumfirmitatern
456 2976 581 3047 retinet,
613 2976 681 3041 alibi
705 2977 863 3055 repositam
885 2976 944 3037 sibi
968 2977 1137 3037 felicitatem
1162 2994 1237 3034 eon-

103 3053 271 3133 templatur.
317 3052 366 3111 Ad
386 3071 448 3111 eam
468 3053 747 3131 contemptationem
772 3054 871 3121 firlales
887 3054 1031 3119 revocare
1050 3052 1140 3124 solet,
1161 3070 1237 3128 quo·

105 3129 243 3196 tiestvult
267 3149 318 3189 eos
337 3148 405 3195 vere
429 3128 585 3195 consolari.
633 3132 706 3197 Nam
732 3128 819 3201 alibi,
871 3126 1002 3207 o'stqnam
1028 3129 1064 3187 de
1089 3127 1236 3187 brevitate

104 3207 247 3285 fluxaque,
259 3217 289 3265 et
309 3206 429 3271 evanida
449 3205 574 3285 imagine
596 3205 736 3267 humanae
758 3207 832 3265 vitae
850 3151 991 3283 loquutus
1011 3216 1071 3278 est,
1099 3204 1234 3264 subiicit:

104 3282 332 3358 „Misericordia
359 3293 455 3341 autem
474 3281 716 3360 Domininsque
735 3283 765 3341 in
790 3294 955 3354 aeternnm,
986 3301 1075 3359 snper
1099 3282 1237 3340 timentes

105 3364 193 3419 eum“
214 3360 276 3434 (ts.
296 3363 368 3432 ¹103,
386 3359 458 3433 tt).
485 3358 563 3421 ,cui
586 3359 680 3423 simile
701 3359 843 3436 estquod
865 3358 988 3416 babetur
1009 3356 1235 3423 etiaml'salmo

104 3437 188 3515 (102,
207 3438 378 3510 26-s29.):.
390 3434 500 3509 „lnitio
520 3436 650 3495 Domine
670 3448 701 3495 tu
720 3436 847 3493 fundasti
868 3446 992 3508 terram,
1015 3447 1045 3492 et
1063 3454 1153 3512 opera
1173 3455 1235 3492 ma-

104 3530 217 3588 „nuum
237 3525 351 3575 tuarum
370 3523 439 3571 sunt
458 3510 542 3572 coeli.
580 3511 649 3590 lpsi.
661 3512 808 3590 peribunt,
829 3524 860 3570 tu
879 3520 976 3569 autem
997 3531 1164 3591 permanes:
1184 3529 1237 3568 ve-

104 3588 172 3663 „lut
188 3589 275 3648 restis
294 3598 486 3660 veterascent,
506 3600 535 3647 et
554 3589 848 3655 sicutiudumentstm
868 3587 994 3647 rnumbis
1014 3609 1076 3645 cos.
1115 3586 1164 3645 Tu
1183 3608 1237 3645 au·

104 3678 185 3741 „tem
205 3664 281 3723 idem
302 3664 363 3742 ipse
384 3676 509 3743 perstas,
529 3676 567 3733 et¹
578 3665 647 3723 arrisi
668 3667 710 3725 tui
730 3684 791 3722 non
813 3664 957 3725 deficient.
996 3663 1064 3723 Filii
1082 3682 1237 3741 servorum

104 3755 245 3819 „tuorum
268 3739 458 3813 babitabant,
478 3752 509 3799 et
529 3743 637 3819 posteri
658 3763 760 3799 eorum
781 3762 878 3799 coram
899 3754 929 3799 te
948 3739 1164 3800 stabilientur.“
1202 3740 1237 3797 Si

104 3817 146 3880 ob
165 3817 243 3877 ¹coeli
263 3838 297 3875 ac
321 3828 416 3877 terrae
441 3818 590 3883 interitum
612 3839 672 3877 non
694 3818 830 3876 desinunt
850 3818 889 3895 pii
908 3817 1032 3877 stabiliri
1050 3836 1150 3876 coram
1170 3816 1237 3875 Dos

35 3926 40 3941 ·
104 3897 204 3959 mino:
237 3892 369 3972 sequitur
397 3908 499 3957 eorum
522 3894 643 3959 salutern
671 3916 736 3957 curn
757 3892 813 3952 Dei
837 3896 1010 3953 aeternitate
1029 3912 1091 3965 esse
1112 3892 1238 3953 coniun-

105 3983 191 4033 ctam.
230 3970 321 4049 Atqui
332 3970 454 4029 omnino
474 3989 534 4027 non
556 3981 653 4048 potest
662 3982 738 4029 stare
757 3989 822 4048 spes
835 3969 898 4041 ista,
919 3971 973 4031 nisi
991 3971 1022 4028 in
1044 3967 1238 4049 promissione

104 4046 257 4109 recumbat
271 4065 351 4125 quae
371 4046 447 4125 apud
466 4044 590 4105 lesaiam
610 4047 765 4125 exponitur
785 4049 864 4126 (cap.
883 4053 937 4121 51,
954 4048 1012 4122 6.):
1044 4044 1153 4120 „Coeli
1173 4047 1236 4121 (in-

70 4124 191 4203 ‘'„quit
208 4124 371 4200 Dominus)
399 4120 597 4183 sicut-snmus
626 4123 804 4215 liquescent:
835 4134 913 4182 terra
938 4122 1013 4182 sicut
1032 4122 1237 4183 vestimentum

103 4212 287 4278 „atteretnr,
316 4211 346 4259 et
364 4198 544 4260 habitatores
564 4199 627 4259 eins
644 4211 721 4261 sicut
745 4196 817 4259 baec
836 4198 1015 4259 interibunt:
1045 4197 1121 4259 salus
1140 4210 1238 4257 autern

103 4296 191 4355 ,mea
210 4277 242 4339 in
261 4288 414 4339 aeternum
433 4275 504 4351 erit,
535 4289 566 4337 et
589 4276 698 4339 iustitia
721 4293 787 4336 mea
805 4295 867 4336 non
887 4275 1035 4337 deficiet.“
1073 4274 1134 4337 Ubi
1154 4274 1237 4335 iusti-
