2700 4732
844 78 863 129 2

489 234 566 295 tus.
584 233 627 297 11.
665 234 754 297 cte.
772 232 854 296 ΧΠ.
1180 238 1241 302 ets

104 388 165 453 est,
184 378 359 461 nec'angeri
378 376 489 439 uitare
508 389 623 459 potest,
647 389 678 437 et
697 378 795 438 omnia
815 386 939 458 propter
956 396 988 438 se
1008 386 1165 457 operator,
1183 397 1241 440 nec

105 453 513 613 &iiiiiiriiidiiiibffa
526 454 1242 611 btmtttttutt‘„'titubabunt

105 627 178 669 snae
195 621 317 669 naturae
337 629 467 669 seorsum
487 609 620 685 ascribit,
639 609 690 669 red
715 608 745 666 iu
765 628 796 667 sc
816 609 909 700 ipsum
933 608 1056 688 recipit,
1097 608 1158 667 nasi
1176 608 1242 667 Me-

107 684 232 746 diatoris
262 705 405 765 personae
437 686 624 747 conveniant.
676 683 911 744 communicatio
944 697 1040 744 autem
1070 628 1242 744 idiomatum

107 763 169 822 sive
189 762 403 842 proprietatum
423 773 477 836 est,
498 763 577 853 quod
599 761 669 821 dicit
689 760 795 821 Pacius
813 763 896 839 (Act.
908 766 958 835 20,
977 763 1051 836 28),
1071 761 1166 819 Deum
1186 782 1242 820 suo

105 838 253 991 22:3³3
276 837 465 990 ὅὶἳώῗῑὲἶ
496 836 1127 991 ‘ii'id‘iii'btrr‘bi'ii'ii'i'i'e⁸¹⁰1'⁵³1‘
1135 838 1243 989 >mii
1302 866 1306 871 ’

129 1001 211 1050 atum
240 989 328 1050 fuisse
354 990 529 1050 Sermonem
560 936 646 1050 vitiis.
696 992 777 1050 Deus
803 1002 884 1049 certe
910 1010 966 1051 nec
991 934 1162 1071 singu’uui
1181 935 1242 1051 ira-

106 1012 173 1139 bet,
191 1084 248 1126 nec
269 1066 394 1146 patitur,
423 1086 479 1127 nec
505 1066 638 1127 manibus
662 1068 744 1147 tangi
771 1078 882 1146 potest:
913 1066 1124 1146 sedquoniam
1151 1066 1245 1147 isqui
1299 1132 1302 1137 ,

107 1162 197 1203 verm
216 1143 414 1203 eratDeuset
432 1142 533 1218 homo,
547 1143 680 1204 Christus
699 1143 870 1223 sanguinem
890 1164 973 1202 suum
994 1163 1049 1223 pro
1069 1142 1156 1203 nobis
1176 1164 1244 1203 cru-

107 1219 211 1280 cifixos
230 1218 323 1291 fudit,
343 1219 469 1311 quaein
491 1219 616 1278 bumana
636 1219 698 1279 eius
717 1229 820 1279 natura
841 1230 958 1299 peracta
978 1230 1063 1294 runt,
1083 1219 1119 1278 ad
1140 1219 1246 1279 divini·
1326 1212 1329 1227 ⁴

107 1307 201 1356 tatem
220 1295 392 1374 improprie,
412 1295 480 1355 iicet
499 1317 559 1356 non
579 1296 642 1355 sine
663 1294 793 1369 ratione,
812 1295 1039 1354 transferuutur,
1078 1295 1180 1355 Simile
1200 1307 1245 1355 est

107 1371 286 1451 exemplum,
305 1373 358 1431 ubi
378 1374 504 1432 Ioannes
524 1372 613 1431 docet
632 1372 672 1449 (I.
692 1391 738 1449 ep.
757 1376 794 1445 3,
815 1374 893 1447 16.),
913 1370 1009 1430 Deum
1030 1372 1163 1452 posuisse
1181 1373 1245 1432 a'ni-

107 1467 288 1507 mamaeam
308 1469 364 1527 pro
387 1448 483 1507 nobis.
533 1449 616 1529 Ergo
641 1459 671 1506 et
693 1448 753 1507 itttc
779 1447 964 1507 humanitatis
988 1468 1042 1527 pro
1067 1448 1153 1507 rietes
1179 1468 1246 1508 cnm

107 1524 203 1584 altera
228 1536 333 1583 natura
357 1523 601 1583 communicatur.
645 1523 771 1582 Rursum
791 1544 880 1601 quum
906 1523 1018 1582 diceret
1038 1469 1171 1584 dhrisrm
1195 1524 1247 1584 ad·

107 1599 169 1659 boc
189 1598 220 1658 in
240 1600 325 1659 terris
345 1600 500 1690 agens(lo.
512 1600 620 1675 3,13.)‚
639 1600 786 1659 neminem
807 1598 972 1667 incoatum
993 1600 1171 1673 ascendisse,
1189 1601 1248 1662 nisi

107 1676 204 1736 filium
223 1674 352 1737 bominis
371 1678 421 1755 qui
442 1698 470 1734 m
492 1677 578 1736 coeio
600 1688 677 1735 erat:
709 1688 789 1735 certe
813 1686 884 1734 tunc
910 1676 1071 1735 secundum
1095 1676 1246 1737 hominem

109 1753 194 1819 etin
214 1772 315 1828 carne,
337 1774 423 1831 quam
442 1752 588 1827 induerat,
609 1774 668 1811 non
689 1752 803 1811 erat-in
826 1751 922 1824 coeio,
941 1752 992 1811 sed
1013 1772 1067 1829 qua
1088 1751 1150 1830 ipse
1169 1754 1247 1813 idem

108 1820 267 1889 'eratDeus
287 1840 317 1887 et
337 1829 438 1903 bomo,
457 1839 580 1909 propter
600 1827 723 1908 duplicis
744 1840 862 1888 naturae
882 1828 1024 1887 unionem
1044 1825 1128 1888 alteri
1148 1829 1248 1905 dabat,

112 1904 198 1986 quod
216 1915 281 1965 erat
300 1904 428 1965 atterius.

187 1986 218 2047 3.
257 1980 317 2040 Sed
337 1982 468 2041 omnium
488 1980 644 2040 clarissime
662 2000 761 2038 veram
773 1978 885 2041 Christi
905 1977 1093 2041 substantiam
1110 1992 1248 2043 enarrant

111 2057 186 2131 loci,
226 2058 256 2116 ui
276 2070 432 2136 utramque
452 2057 536 2116 simui
553 2065 688 2115 naturam
701 2056 966 2137 comprehendunt,
988 2055 1086 2147 quales
1107 2057 1137 2115 in
1151 2058 1249 2117 Evan-

111 2134 196 2216 gelio
222 2135 327 2194 oannis
345 2145 455 2192 exstant
475 2132 688 2212 quamplurimi.
715 2133 866 2213 Siquidem
888 2153 942 2192 nec
956 2132 1069 2193 deitatis
1088 2133 1249 2213 singulare,

112 2230 175 2270 nec
198 2210 381 2270 humanitatis
408 2210 478 2283 tuit,
507 2209 558 2267 aed
584 2210 734 2302 utriusque
759 2210 861 2286 simui,
892 2209 972 2289 quod
998 2208 1057 2267 iilic
1077 2209 1247 2291 legitur·*):

112 2297 289 2366 potestatem
317 2287 462 2366 accepisse
482 2308 497 2345 a
517 2286 605 2344 Patre
624 2286 793 2345 remittendi
824 2298 959 2365 peccata,
990 2286 1145 2353 suscitandi
1173 2306 1249 2366 quos

112 2363 199 2438 vetit,
215 2363 363 2436 iustitiam,
382 2363 578 2433 sanctitatem,
596 2362 717 2421 salutem
738 2362 896 2443 largiendi:
921 2360 1102 2440 praesectum
1122 2382 1185 2424 esse
1204 2364 1250 2423 iu·

114 2438 291 2500 dicemviris
312 2450 342 2497 et
360 2441 493 2511 mortuis,
513 2449 544 2496 ut
565 2439 728 2497 honoretur
748 2439 993 2518 quemadmodum
1012 2451 1043 2498 et
1061 2439 1160 2499 Pater.
1186 2440 1250 2499 De-

112 2518 207 2597 nique
226 2516 307 2596 quod
328 2516 390 2574 Lur
410 2516 526 2586 muudi,
545 2515 652 2573 Pastor
670 2515 783 2587 bonus,
802 2516 921 2575 unicum
942 2517 1066 2592 ostium,
1096 2516 1162 2577 vitis
1181 2536 1251 2579 vera

109 2605 312 2673 nuncupatur.
362 2591 537 2651 lluiusmodi
561 2591 639 2650 enim
671 2592 881 2673 praerogativis
905 2591 964 2650 Dei
989 2592 1078 2651 titius
1103 2614 1193 2672 quum
1218 2596 1249 2654 in

110 2689 205 2730 carne
225 2669 425 2728 manifestatus
451 2680 509 2741 est,
562 2668 685 2726 meditus
711 2669 777 2726 suit:
810 2689 881 2747 quas
913 2668 967 2726 etsi
999 2671 1061 2746 ipsc
1093 2689 1149 2728 una
1183 2692 1249 2731 cum

112 2746 204 2807 Patre
225 2757 293 2805 ante
314 2746 454 2803 muudum
476 2688 625 2804 conditum
647 2744 812 2818 obtinebat,
832 2764 892 2802 non
914 2755 1011 2803 tamen
1034 2743 1137 2803 eodem
1158 2746 1249 2809 modo

114 2824 158 2884 rel
171 2835 326 2902 respectu:
347 2833 464 2900 atquae
486 2820 667 2898 bomini,qui
688 2821 759 2879 nihii
780 2842 865 2898 quam
887 2819 975 2878 bomo
997 2833 1084 2895 esset,
1106 2821 1167 2880 dari
1187 2843 1265 2883 nou·

111 2910 264 2981 poteraut
313 2898 348 2955 ln
376 2898 500 2956 cundem
530 2916 649 2974 quoque
681 2918 797 2955 sensum
829 2896 962 2987 accipere
982 2898 1136 2971 convenit,
1189 2902 1250 2959 uod

112 2973 539 3130 :utt’ututttutt
558 2972 632 3107 tu·
646 2975 802 3108 tit‘iti’
832 2920 1251 3129 subsecuturis?

115 3128 198 3209 quod
219 3128 333 3187 initium
354 3125 465 3186 uultum
487 3124 601 3199 babuit,
622 3145 718 3203 neque
738 3126 825 3184 finem
848 3125 1012 3185 babituram
1034 3138 1092 3185 est:
1118 3128 1168 3186 sed
1190 3095 1252 3208 qud

114 3205 208 3265 modo
229 3203 282 3263 sub
304 3204 398 3263 carnis
420 3202 581 3261 bumilitate
601 3201 726 3274 delituit,
745 3214 774 3261 ct
794 3222 824 3262 sc
844 3202 937 3281 ipsum
955 3204 1111 3263 exinanivit
1130 3218 1252 3285 accepta

113 3281 194 3343 servi
221 3280 315 3340 forma
335 3279 426 3355 (tuit.
445 3286 475 3352 2,
493 3282 552 3353 8·),
584 3278 774 3358 depositaque
799 3280 956 3339 maiestatis
981 3281 1095 3357 specie,
1118 3279 1253 3342 Patriae

115 3357 309 3418 obedientem
330 3356 489 3435 praestitit,
509 3377 541 3414 ac
562 3355 703 3414 eiusmodi
724 3355 909 3414 subiectione
928 3356 1100 3430 defunctus,
1132 3360 1252 3419 tandem

115 3434 213 3517 gioria
243 3445 274 3492 et
304 3432 419 3492 bonore
448 3443 606 3492 coronatus
631 3444 674 3490 est
694 3432 803 3508 (iicbr.
821 3438 858 3506 2,
879 3435 937 3508 7.),
967 3444 1055 3513 atque
1080 3447 1197 3495 erectus
1222 3437 1253 3495 in

114 3532 262 3572 summurn
295 3510 463 3588 imperium,
496 3520 528 3567 ut
558 3528 656 3567 coram
688 3509 752 3588 ipso
782 3509 918 3568 flectatur
942 3529 1030 3568 omne
1062 3530 1139 3591 genu
1159 3511 1252 3589 (Phil.

116 3595 148 3663 2,
168 3590 244 3663 10.):
265 3585 305 3646 ita
325 3599 395 3646 tunc
415 3597 445 3644 et
465 3604 574 3644 nomen
595 3585 688 3674 ipsum
709 3595 740 3643 et
758 3604 899 3644 coronam
919 3585 1044 3667 gloriae,
1064 3598 1094 3643 et
1114 3588 1255 3666 quicquid

117 3686 136 3725 a
157 3664 245 3722 Patre
274 3662 403 3741 accepit,
430 3661 510 3720 Patri
541 3660 692 3734 subiiciet,
722 3672 756 3718 ut
785 3661 823 3720 sit
842 3662 923 3721 Deus
943 3663 1041 3721 omnia
1065 3661 1094 3719 io
1115 3664 1254 3725 omuibus

117 3742 160 3821 (l.
182 3740 254 3801 Cor.
272 3746 326 3813 15,
345 3739 419 3815 28..)
465 3737 615 3811 Quorsum
638 3739 714 3795 enim
741 3737 804 3796 data
826 3739 852 3796 ei
872 3750 1002 3818 potestas
1030 3750 1074 3797 cst
1101 3759 1134 3798 ac
1160 3742 1255 3818 im'pe-

118 3821 212 3891 rium,
241 3816 296 3875 nisi
323 3828 357 3873 ut
383 3836 437 3892 per
462 3815 523 3873 eius
548 3835 664 3872 marsum
685 3815 774 3872 Pater
794 3834 847 3873 nos
867 3814 1032 3896 gubernet?
1072 3813 1143 3886 Quo
1165 3820 1254 3881 etiam

118 3915 207 3955 seusu
228 3892 334 3952 dicitur
352 3892 387 3949 ad
407 3890 502 3949 Patris
523 3890 667 3949 dexteram
687 3891 799 3949 sedere.
839 3892 904 3950 lloc
923 3912 996 3949 vero
1018 3891 1182 3969 temporale
1201 3906 1261 3967 cst,-

120 3970 219 4030 donec
238 3967 385 4049 praesenti
404 3968 563 4026 divinitatis
589 3979 707 4056 aspectu
740 3967 903 4058 fruamur..
927 3968 1027 4058 Atque
1054 3968 1099 4026 tric
1127 3971 1256 4031 excusari

121 4056 666 4197 'statut‘ttttt⁰ttttsstuttt
681 4043 811 4197 iiiii.
824 4043 1256 4205 btfftgt‘tbtttttt'tgtt‘ss

192 4362 219 4433 ⁴)
236 4362 328 4417 nass
346 4363 370 4425 t.
385 4362 427 4419 aa.
444 4363 471 4429 s,
487 4363 607 4420 u-rs.
629 4362 655 4426 a.
671 4365 695 4418 a.
721 4364 763 4427 so,
777 4363 803 4418 o.
822 4364 862 4419 u.
879 4376 905 4417 οι
922 4363 964 4430 sa.
979 4364 1004 4422 r.
