<?xml version="1.0" encoding="UTF-8"?>
<!DOCTYPE html PUBLIC "-//W3C//DTD XHTML 1.0 Transitional//EN"
    "http://www.w3.org/TR/xhtml1/DTD/xhtml1-transitional.dtd">
<html xmlns="http://www.w3.org/1999/xhtml" xml:lang="en" lang="en">
 <head>
  <title>
</title>
<meta http-equiv="Content-Type" content="text/html;charset=utf-8" />
  <meta name='ocr-system' content='tesseract 3.04.00' />
  <meta name='ocr-capabilities' content='ocr_page ocr_carea ocr_par ocr_line ocrx_word'/>
</head>
<body>
  <div class='ocr_page' id='page_1' title='image "./ioanniscalvinii02tholgoog/ioanniscalvinii02tholgoog_0315.png"; bbox 0 0 2700 4732; ppageno 0'>
   <div class='ocr_carea' id='block_1_1' title="bbox 87 180 867 294">
    <p class='ocr_par' dir='ltr' id='par_1_1' title="bbox 87 180 867 294">
     <span class='ocr_line' id='line_1_1' title="bbox 87 180 867 294; baseline -0.01 0"><span class='ocrx_word' id='word_1_1' title='bbox 87 180 867 294; x_wconf 54' lang='lat' dir='ltr'><strong>m··“mmmm1</strong></span> 
     </span>
    </p>
   </div>
   <div class='ocr_carea' id='block_1_2' title="bbox 7 363 1224 3185">
    <p class='ocr_par' dir='ltr' id='par_1_2' title="bbox 89 363 1221 444">
     <span class='ocr_line' id='line_1_2' title="bbox 89 363 1221 444; baseline -0.001 -14"><span class='ocrx_word' id='word_1_2' title='bbox 89 367 160 430; x_wconf 86' lang='lat' dir='ltr'><strong>dum</strong></span> <span class='ocrx_word' id='word_1_3' title='bbox 186 365 326 444; x_wconf 84' lang='lat' dir='ltr'><strong>mutarit,</strong></span> <span class='ocrx_word' id='word_1_4' title='bbox 355 363 387 426; x_wconf 86' lang='lat' dir='ltr'><strong>in</strong></span> <span class='ocrx_word' id='word_1_5' title='bbox 418 383 547 429; x_wconf 68' lang='lat' dir='ltr'><strong>eo‘non</strong></span> <span class='ocrx_word' id='word_1_6' title='bbox 578 386 611 430; x_wconf 89' lang='lat' dir='ltr'><strong>se</strong></span> <span class='ocrx_word' id='word_1_7' title='bbox 640 367 771 430; x_wconf 75' lang='lat' dir='ltr'><strong>ostendit</strong></span> <span class='ocrx_word' id='word_1_8' title='bbox 792 363 949 428; x_wconf 86' lang='lat' dir='ltr'><strong>mutationi</strong></span> <span class='ocrx_word' id='word_1_9' title='bbox 967 365 1142 428; x_wconf 84' lang='lat' dir='ltr'><strong>ohnoaiom:</strong></span> <span class='ocrx_word' id='word_1_10' title='bbox 1167 366 1221 429; x_wconf 87' lang='lat' dir='ltr'><strong>sed</strong></span> 
     </span>
    </p>

    <p class='ocr_par' dir='ltr' id='par_1_3' title="bbox 88 432 1222 583">
     <span class='ocr_line' id='line_1_3' title="bbox 88 432 1222 537; baseline 0 -32"><span class='ocrx_word' id='word_1_11' title='bbox 88 443 244 537; x_wconf 78' lang='lat' dir='ltr'><strong>hominum</strong></span> <span class='ocrx_word' id='word_1_12' title='bbox 263 444 376 526; x_wconf 87' lang='lat' dir='ltr'><strong>captui,</strong></span> <span class='ocrx_word' id='word_1_13' title='bbox 406 445 456 526; x_wconf 89' lang='lat' dir='ltr'><strong>qui</strong></span> <span class='ocrx_word' id='word_1_14' title='bbox 474 432 572 507; x_wconf 80' lang='lat' dir='ltr'><strong>variias</strong></span> <span class='ocrx_word' id='word_1_15' title='bbox 590 466 624 506; x_wconf 87' lang='lat' dir='ltr'><strong>ac</strong></span> <span class='ocrx_word' id='word_1_16' title='bbox 644 444 789 505; x_wconf 84' lang='lat' dir='ltr'><strong>mutabilis</strong></span> <span class='ocrx_word' id='word_1_17' title='bbox 808 456 868 517; x_wconf 86' lang='lat' dir='ltr'><strong>est,</strong></span> <span class='ocrx_word' id='word_1_18' title='bbox 899 454 1020 505; x_wconf 88' lang='lat' dir='ltr'><strong>eatenus</strong></span> <span class='ocrx_word' id='word_1_19' title='bbox 1051 465 1082 505; x_wconf 89' lang='lat' dir='ltr'><strong>se</strong></span> <span class='ocrx_word' id='word_1_20' title='bbox 1114 455 1222 505; x_wconf 87' lang='lat' dir='ltr'><strong>attem-</strong></span> 
     </span>
     <span class='ocr_line' id='line_1_4' title="bbox 112 533 1007 583; baseline -0.003 0"><span class='ocrx_word' id='word_1_21' title='bbox 112 533 213 583; x_wconf 78' lang='lat' dir='ltr'><strong>eravst.</strong></span> <span class='ocrx_word' id='word_1_22' title='bbox 1000 539 1007 548; x_wconf 88' lang='grc'><strong>“</strong></span> 
     </span>
    </p>

    <p class='ocr_par' dir='ltr' id='par_1_4' title="bbox 7 543 1224 2821">
     <span class='ocr_line' id='line_1_5' title="bbox 88 543 1222 678; baseline -0.006 -15"><span class='ocrx_word' id='word_1_23' title='bbox 88 543 109 604; x_wconf 65' lang='lat' dir='ltr'><strong>P</strong></span> <span class='ocrx_word' id='word_1_24' title='bbox 167 604 214 664; x_wconf 77' lang='lat'><strong>14.</strong></span> <span class='ocrx_word' id='word_1_25' title='bbox 252 597 344 678; x_wconf 77' lang='lat' dir='ltr'><strong>Atqui</strong></span> <span class='ocrx_word' id='word_1_26' title='bbox 362 595 442 657; x_wconf 91' lang='lat' dir='ltr'><strong>unde</strong></span> <span class='ocrx_word' id='word_1_27' title='bbox 461 595 628 677; x_wconf 88' lang='lat' dir='ltr'><strong>(inquiunt)</strong></span> <span class='ocrx_word' id='word_1_28' title='bbox 647 597 700 658; x_wconf 89' lang='lat' dir='ltr'><strong>ista</strong></span> <span class='ocrx_word' id='word_1_29' title='bbox 720 596 877 673; x_wconf 85' lang='lat' dir='ltr'><strong>diversitas,</strong></span> <span class='ocrx_word' id='word_1_30' title='bbox 896 595 952 657; x_wconf 86' lang='lat' dir='ltr'><strong>nisi</strong></span> <span class='ocrx_word' id='word_1_31' title='bbox 972 597 1039 676; x_wconf 88' lang='lat' dir='ltr'><strong>quia</strong></span> <span class='ocrx_word' id='word_1_32' title='bbox 1057 595 1143 656; x_wconf 75' lang='lat' dir='ltr'><strong>talem</strong></span> <span class='ocrx_word' id='word_1_33' title='bbox 1158 617 1222 658; x_wconf 87' lang='lat' dir='ltr'><strong>esse</strong></span> 
     </span>
     <span class='ocr_line' id='line_1_6' title="bbox 90 672 1222 753; baseline -0.001 -18"><span class='ocrx_word' id='word_1_34' title='bbox 90 675 173 736; x_wconf 88' lang='lat' dir='ltr'><strong>Deus</strong></span> <span class='ocrx_word' id='word_1_35' title='bbox 192 673 303 735; x_wconf 77' lang='lat' dir='ltr'><strong>vuissit?</strong></span> <span class='ocrx_word' id='word_1_36' title='bbox 330 694 430 734; x_wconf 90' lang='lat' dir='ltr'><strong>nonne</strong></span> <span class='ocrx_word' id='word_1_37' title='bbox 450 686 507 734; x_wconf 93' lang='lat' dir='ltr'><strong>tam</strong></span> <span class='ocrx_word' id='word_1_38' title='bbox 529 674 605 733; x_wconf 87' lang='lat' dir='ltr'><strong>bene</strong></span> <span class='ocrx_word' id='word_1_39' title='bbox 624 674 661 734; x_wconf 86' lang='lat' dir='ltr'><strong>ah</strong></span> <span class='ocrx_word' id='word_1_40' title='bbox 682 675 765 734; x_wconf 90' lang='lat' dir='ltr'><strong>initio</strong></span> <span class='ocrx_word' id='word_1_41' title='bbox 786 695 871 753; x_wconf 90' lang='lat' dir='ltr'><strong>quam</strong></span> <span class='ocrx_word' id='word_1_42' title='bbox 897 685 965 753; x_wconf 90' lang='lat' dir='ltr'><strong>post</strong></span> <span class='ocrx_word' id='word_1_43' title='bbox 984 672 1094 735; x_wconf 89' lang='lat' dir='ltr'><strong>Christi</strong></span> <span class='ocrx_word' id='word_1_44' title='bbox 1113 673 1222 734; x_wconf 83' lang='lat' dir='ltr'><strong>adven·</strong></span> 
     </span>
     <span class='ocr_line' id='line_1_7' title="bbox 89 749 1221 832; baseline -0.002 -19"><span class='ocrx_word' id='word_1_45' title='bbox 89 763 152 813; x_wconf 88' lang='lat' dir='ltr'><strong>tum</strong></span> <span class='ocrx_word' id='word_1_46' title='bbox 172 751 332 831; x_wconf 74' lang='lat' dir='ltr'>perspicuis</span> <span class='ocrx_word' id='word_1_47' title='bbox 352 749 449 810; x_wconf 83' lang='lat' dir='ltr'><strong>verbis</strong></span> <span class='ocrx_word' id='word_1_48' title='bbox 469 752 541 810; x_wconf 86' lang='lat' dir='ltr'><strong>citra</strong></span> <span class='ocrx_word' id='word_1_49' title='bbox 562 751 633 811; x_wconf 78' lang='lat' dir='ltr'><strong>ullas</strong></span> <span class='ocrx_word' id='word_1_50' title='bbox 653 751 759 832; x_wconf 85' lang='lat' dir='ltr'><strong>figuras</strong></span> <span class='ocrx_word' id='word_1_51' title='bbox 779 750 907 809; x_wconf 76' lang='lat' dir='ltr'><strong>revelare</strong></span> <span class='ocrx_word' id='word_1_52' title='bbox 933 751 1028 828; x_wconf 86' lang='lat' dir='ltr'><strong>potuit</strong></span> <span class='ocrx_word' id='word_1_53' title='bbox 1054 750 1140 810; x_wconf 82' lang='lat' dir='ltr'><strong>ritem</strong></span> <span class='ocrx_word' id='word_1_54' title='bbox 1168 768 1221 811; x_wconf 81' lang='lat' dir='ltr'><strong>&#39;ae-</strong></span> 
     </span>
     <span class='ocr_line' id='line_1_8' title="bbox 47 825 1222 921; baseline -0.003 -32"><span class='ocrx_word' id='word_1_55' title='bbox 47 901 49 903; x_wconf 12' lang='lat'><strong><em>‘</em></strong></span> <span class='ocrx_word' id='word_1_56' title='bbox 89 839 224 902; x_wconf 79' lang='lat' dir='ltr'><strong>ternam,</strong></span> <span class='ocrx_word' id='word_1_57' title='bbox 251 827 351 921; x_wconf 86' lang='lat' dir='ltr'><strong>paucis</strong></span> <span class='ocrx_word' id='word_1_58' title='bbox 375 837 406 885; x_wconf 89' lang='lat' dir='ltr'><strong>et</strong></span> <span class='ocrx_word' id='word_1_59' title='bbox 431 825 513 888; x_wconf 85' lang='lat' dir='ltr'><strong>claris</strong></span> <span class='ocrx_word' id='word_1_60' title='bbox 532 826 720 888; x_wconf 71' lang='lat' dir='ltr'><strong>sacramentis</strong></span> <span class='ocrx_word' id='word_1_61' title='bbox 738 848 806 886; x_wconf 89' lang='lat' dir='ltr'><strong>suos</strong></span> <span class='ocrx_word' id='word_1_62' title='bbox 826 827 959 899; x_wconf 86' lang='lat' dir='ltr'><strong>erudire,</strong></span> <span class='ocrx_word' id='word_1_63' title='bbox 990 827 1133 907; x_wconf 87' lang='lat' dir='ltr'><strong>Spiritum</strong></span> <span class='ocrx_word' id='word_1_64' title='bbox 1153 847 1222 887; x_wconf 87' lang='lat' dir='ltr'><strong>san-</strong></span> 
     </span>
     <span class='ocr_line' id='line_1_9' title="bbox 91 901 1222 999; baseline -0.002 -34"><span class='ocrx_word' id='word_1_65' title='bbox 91 915 170 965; x_wconf 81' lang='lat' dir='ltr'><strong>ctum</strong></span> <span class='ocrx_word' id='word_1_66' title='bbox 189 901 300 999; x_wconf 66' lang='lat' dir='ltr'><strong>largiri,</strong></span> <span class='ocrx_word' id='word_1_67' title='bbox 318 905 442 985; x_wconf 82' lang='lat' dir='ltr'><strong>gratiam</strong></span> <span class='ocrx_word' id='word_1_68' title='bbox 462 925 542 963; x_wconf 90' lang='lat' dir='ltr'><strong>suam</strong></span> <span class='ocrx_word' id='word_1_69' title='bbox 583 923 616 963; x_wconf 92' lang='lat' dir='ltr'><strong>er</strong></span> <span class='ocrx_word' id='word_1_70' title='bbox 635 903 738 963; x_wconf 89' lang='lat' dir='ltr'><strong>orbem</strong></span> <span class='ocrx_word' id='word_1_71' title='bbox 758 905 923 975; x_wconf 84' lang='lat' dir='ltr'><strong>universum</strong></span> <span class='ocrx_word' id='word_1_72' title='bbox 944 903 1129 963; x_wconf 76' lang='lat' dir='ltr'>diffundere?</span> <span class='ocrx_word' id='word_1_73' title='bbox 1152 904 1222 964; x_wconf 89' lang='lat' dir='ltr'><strong>Hoc</strong></span> 
     </span>
     <span class='ocr_line' id='line_1_10' title="bbox 89 925 1221 1062; baseline -0.002 -18"><span class='ocrx_word' id='word_1_74' title='bbox 89 1000 162 1044; x_wconf 82' lang='lat' dir='ltr'><strong>vero</strong></span> <span class='ocrx_word' id='word_1_75' title='bbox 181 981 305 1062; x_wconf 74' lang='lat' dir='ltr'><strong>perinde</strong></span> <span class='ocrx_word' id='word_1_76' title='bbox 324 990 370 1039; x_wconf 88' lang='lat' dir='ltr'><strong>est</strong></span> <span class='ocrx_word' id='word_1_77' title='bbox 388 980 446 1039; x_wconf 80' lang='lat' dir='ltr'><strong>acsi</strong></span> <span class='ocrx_word' id='word_1_78' title='bbox 466 1001 532 1040; x_wconf 91' lang='lat' dir='ltr'><strong>cum</strong></span> <span class='ocrx_word' id='word_1_79' title='bbox 552 925 624 1042; x_wconf 71' lang='lat' dir='ltr'><strong>lieo,</strong></span> <span class='ocrx_word' id='word_1_80' title='bbox 638 979 796 1060; x_wconf 73' lang='lat' dir='ltr'><strong>litigarent,</strong></span> <span class='ocrx_word' id='word_1_81' title='bbox 816 979 894 1059; x_wconf 90' lang='lat' dir='ltr'><strong>quod</strong></span> <span class='ocrx_word' id='word_1_82' title='bbox 915 980 1054 1039; x_wconf 91' lang='lat' dir='ltr'><strong>mundum</strong></span> <span class='ocrx_word' id='word_1_83' title='bbox 1075 992 1132 1040; x_wconf 90' lang='lat' dir='ltr'><strong>tam</strong></span> <span class='ocrx_word' id='word_1_84' title='bbox 1152 999 1221 1042; x_wconf 87' lang='lat' dir='ltr'><strong>sero</strong></span> 
     </span>
     <span class='ocr_line' id='line_1_11' title="bbox 91 1055 1221 1137; baseline -0.002 -19"><span class='ocrx_word' id='word_1_85' title='bbox 91 1059 244 1133; x_wconf 78' lang='lat' dir='ltr'><strong>creaverit,</strong></span> <span class='ocrx_word' id='word_1_86' title='bbox 263 1076 353 1137; x_wconf 87' lang='lat' dir='ltr'><strong>quum</strong></span> <span class='ocrx_word' id='word_1_87' title='bbox 373 1068 472 1137; x_wconf 87' lang='lat' dir='ltr'><strong>posset</strong></span> <span class='ocrx_word' id='word_1_88' title='bbox 491 1055 527 1116; x_wconf 90' lang='lat' dir='ltr'><strong>ah</strong></span> <span class='ocrx_word' id='word_1_89' title='bbox 548 1056 648 1117; x_wconf 87' lang='lat' dir='ltr'><strong>initio:</strong></span> <span class='ocrx_word' id='word_1_90' title='bbox 668 1055 747 1136; x_wconf 86' lang='lat' dir='ltr'><strong>quod</strong></span> <span class='ocrx_word' id='word_1_91' title='bbox 760 1056 974 1133; x_wconf 75' lang='lat' dir='ltr'><strong>aiternpsvices</strong></span> <span class='ocrx_word' id='word_1_92' title='bbox 989 1057 1067 1115; x_wconf 89' lang='lat' dir='ltr'><strong>inter</strong></span> <span class='ocrx_word' id='word_1_93' title='bbox 1081 1057 1221 1134; x_wconf 79' lang='lat' dir='ltr'><strong>hyemem</strong></span> 
     </span>
     <span class='ocr_line' id='line_1_12' title="bbox 92 1131 1222 1212; baseline -0.002 -18"><span class='ocrx_word' id='word_1_94' title='bbox 92 1145 123 1194; x_wconf 89' lang='lat' dir='ltr'><strong>et</strong></span> <span class='ocrx_word' id='word_1_95' title='bbox 142 1145 290 1209; x_wconf 77' lang='lat' dir='ltr'><strong>aestatem,</strong></span> <span class='ocrx_word' id='word_1_96' title='bbox 305 1133 388 1193; x_wconf 89' lang='lat' dir='ltr'><strong>inter</strong></span> <span class='ocrx_word' id='word_1_97' title='bbox 408 1133 483 1192; x_wconf 90' lang='lat' dir='ltr'><strong>diem</strong></span> <span class='ocrx_word' id='word_1_98' title='bbox 503 1144 535 1192; x_wconf 88' lang='lat' dir='ltr'><strong>et</strong></span> <span class='ocrx_word' id='word_1_99' title='bbox 553 1145 671 1193; x_wconf 88' lang='lat' dir='ltr'><strong>noctem</strong></span> <span class='ocrx_word' id='word_1_100' title='bbox 692 1151 753 1193; x_wconf 86' lang='lat' dir='ltr'><strong>esse</strong></span> <span class='ocrx_word' id='word_1_101' title='bbox 771 1131 906 1192; x_wconf 82' lang='lat' dir='ltr'><strong>voluerit.</strong></span> <span class='ocrx_word' id='word_1_102' title='bbox 947 1133 1011 1193; x_wconf 90' lang='lat' dir='ltr'><strong>Nos</strong></span> <span class='ocrx_word' id='word_1_103' title='bbox 1034 1154 1108 1194; x_wconf 85' lang='lat' dir='ltr'><strong>vero</strong></span> <span class='ocrx_word' id='word_1_104' title='bbox 1124 1133 1222 1212; x_wconf 89' lang='lat' dir='ltr'><strong>(quod</strong></span> 
     </span>
     <span class='ocr_line' id='line_1_13' title="bbox 90 1208 1223 1291; baseline -0.004 -19"><span class='ocrx_word' id='word_1_105' title='bbox 90 1212 199 1272; x_wconf 86' lang='lat' dir='ltr'><strong>sentire</strong></span> <span class='ocrx_word' id='word_1_106' title='bbox 218 1227 321 1272; x_wconf 86' lang='lat' dir='ltr'><strong>omnes</strong></span> <span class='ocrx_word' id='word_1_107' title='bbox 341 1209 382 1291; x_wconf 83' lang='lat' dir='ltr'><strong>pii</strong></span> <span class='ocrx_word' id='word_1_108' title='bbox 402 1209 528 1288; x_wconf 85' lang='lat' dir='ltr'><strong>debent)</strong></span> <span class='ocrx_word' id='word_1_109' title='bbox 559 1209 697 1291; x_wconf 85' lang='lat' dir='ltr'><strong>quicquid</strong></span> <span class='ocrx_word' id='word_1_110' title='bbox 717 1229 734 1268; x_wconf 87' lang='lat' dir='ltr'><strong>a</strong></span> <span class='ocrx_word' id='word_1_111' title='bbox 752 1208 820 1269; x_wconf 91' lang='lat' dir='ltr'><strong>Deo</strong></span> <span class='ocrx_word' id='word_1_112' title='bbox 848 1208 955 1268; x_wconf 89' lang='lat' dir='ltr'><strong>sactum</strong></span> <span class='ocrx_word' id='word_1_113' title='bbox 981 1221 1040 1284; x_wconf 89' lang='lat' dir='ltr'><strong>est,</strong></span> <span class='ocrx_word' id='word_1_114' title='bbox 1073 1211 1223 1290; x_wconf 76' lang='lat' dir='ltr'><strong>sapienter</strong></span> 
     </span>
     <span class='ocr_line' id='line_1_14' title="bbox 90 1285 1223 1376; baseline -0.003 -29"><span class='ocrx_word' id='word_1_115' title='bbox 90 1299 122 1347; x_wconf 89' lang='lat' dir='ltr'><strong>et</strong></span> <span class='ocrx_word' id='word_1_116' title='bbox 140 1287 215 1346; x_wconf 89' lang='lat' dir='ltr'><strong>iuste</strong></span> <span class='ocrx_word' id='word_1_117' title='bbox 234 1288 342 1348; x_wconf 81' lang='lat' dir='ltr'><strong>sactum</strong></span> <span class='ocrx_word' id='word_1_118' title='bbox 362 1306 400 1345; x_wconf 90' lang='lat' dir='ltr'><strong>ne</strong></span> <span class='ocrx_word' id='word_1_119' title='bbox 420 1286 600 1347; x_wconf 89' lang='lat' dir='ltr'><strong>dubitemus:</strong></span> <span class='ocrx_word' id='word_1_120' title='bbox 622 1285 731 1346; x_wconf 87' lang='lat' dir='ltr'><strong>etiamsi</strong></span> <span class='ocrx_word' id='word_1_121' title='bbox 750 1306 862 1345; x_wconf 88' lang='lat' dir='ltr'><strong>causam</strong></span> <span class='ocrx_word' id='word_1_122' title='bbox 882 1305 968 1376; x_wconf 89' lang='lat' dir='ltr'><strong>saepe</strong></span> <span class='ocrx_word' id='word_1_123' title='bbox 980 1287 1150 1363; x_wconf 89' lang='lat' dir='ltr'><strong>nesciamus,</strong></span> <span class='ocrx_word' id='word_1_124' title='bbox 1167 1305 1223 1346; x_wconf 88' lang='lat' dir='ltr'><strong>cur</strong></span> 
     </span>
     <span class='ocr_line' id='line_1_15' title="bbox 89 1361 1219 1444; baseline -0.003 -20"><span class='ocrx_word' id='word_1_125' title='bbox 89 1364 130 1424; x_wconf 87' lang='lat' dir='ltr'><strong>ita</strong></span> <span class='ocrx_word' id='word_1_126' title='bbox 148 1362 212 1421; x_wconf 87' lang='lat' dir='ltr'><strong>fieri</strong></span> <span class='ocrx_word' id='word_1_127' title='bbox 231 1365 404 1444; x_wconf 69' lang='lat' dir='ltr'><strong>oportuerit</strong></span> <span class='ocrx_word' id='word_1_128' title='bbox 448 1363 515 1424; x_wconf 90' lang='lat' dir='ltr'><strong>Hoc</strong></span> <span class='ocrx_word' id='word_1_129' title='bbox 535 1365 615 1423; x_wconf 89' lang='lat' dir='ltr'><strong>enim</strong></span> <span class='ocrx_word' id='word_1_130' title='bbox 635 1373 711 1423; x_wconf 89' lang='lat' dir='ltr'><strong>esset</strong></span> <span class='ocrx_word' id='word_1_131' title='bbox 728 1361 849 1421; x_wconf 90' lang='lat' dir='ltr'><strong>nimium</strong></span> <span class='ocrx_word' id='word_1_132' title='bbox 870 1362 955 1422; x_wconf 74' lang='lat' dir='ltr'><strong>nohis</strong></span> <span class='ocrx_word' id='word_1_133' title='bbox 975 1383 1130 1444; x_wconf 77' lang='lat' dir='ltr'><strong>arrogare,</strong></span> <span class='ocrx_word' id='word_1_134' title='bbox 1154 1382 1219 1421; x_wconf 90' lang='lat' dir='ltr'><strong>non</strong></span> 
     </span>
     <span class='ocr_line' id='line_1_16' title="bbox 90 1437 1221 1518; baseline -0.004 -16"><span class='ocrx_word' id='word_1_135' title='bbox 90 1439 254 1502; x_wconf 78' lang='lat' dir='ltr'><strong>concedere</strong></span> <span class='ocrx_word' id='word_1_136' title='bbox 273 1440 359 1514; x_wconf 84' lang='lat' dir='ltr'><strong>Deo,</strong></span> <span class='ocrx_word' id='word_1_137' title='bbox 389 1451 422 1499; x_wconf 89' lang='lat' dir='ltr'><strong>ut</strong></span> <span class='ocrx_word' id='word_1_138' title='bbox 441 1440 554 1501; x_wconf 79' lang='lat' dir='ltr'><strong>consilii</strong></span> <span class='ocrx_word' id='word_1_139' title='bbox 575 1440 619 1500; x_wconf 90' lang='lat' dir='ltr'><strong>sui</strong></span> <span class='ocrx_word' id='word_1_140' title='bbox 645 1441 772 1500; x_wconf 89' lang='lat' dir='ltr'><strong>rationes</strong></span> <span class='ocrx_word' id='word_1_141' title='bbox 802 1437 908 1497; x_wconf 86' lang='lat' dir='ltr'><strong>haheat</strong></span> <span class='ocrx_word' id='word_1_142' title='bbox 928 1457 1001 1518; x_wconf 91' lang='lat' dir='ltr'><strong>quae</strong></span> <span class='ocrx_word' id='word_1_143' title='bbox 1025 1461 1080 1502; x_wconf 88' lang='lat' dir='ltr'><strong>nos</strong></span> <span class='ocrx_word' id='word_1_144' title='bbox 1100 1439 1221 1500; x_wconf 81' lang='lat' dir='ltr'><strong>lateant.</strong></span> 
     </span>
     <span class='ocr_line' id='line_1_17' title="bbox 92 1514 1221 1597; baseline -0.004 -19"><span class='ocrx_word' id='word_1_145' title='bbox 92 1519 136 1583; x_wconf 79' lang='lat' dir='ltr'><strong>hs</strong></span> <span class='ocrx_word' id='word_1_146' title='bbox 153 1517 257 1576; x_wconf 91' lang='lat' dir='ltr'><strong>mirum</strong></span> <span class='ocrx_word' id='word_1_147' title='bbox 278 1529 321 1577; x_wconf 90' lang='lat' dir='ltr'><strong>est</strong></span> <span class='ocrx_word' id='word_1_148' title='bbox 340 1517 507 1597; x_wconf 88' lang='lat' dir='ltr'><strong>(inquiunt)</strong></span> <span class='ocrx_word' id='word_1_149' title='bbox 531 1517 610 1597; x_wconf 87' lang='lat' dir='ltr'><strong>quod</strong></span> <span class='ocrx_word' id='word_1_150' title='bbox 638 1537 716 1575; x_wconf 90' lang='lat' dir='ltr'><strong>nunc</strong></span> <span class='ocrx_word' id='word_1_151' title='bbox 734 1514 878 1595; x_wconf 88' lang='lat' dir='ltr'><strong>pecudum</strong></span> <span class='ocrx_word' id='word_1_152' title='bbox 898 1516 1043 1589; x_wconf 87' lang='lat' dir='ltr'><strong>victimas,</strong></span> <span class='ocrx_word' id='word_1_153' title='bbox 1073 1527 1104 1576; x_wconf 87' lang='lat' dir='ltr'><strong>et</strong></span> <span class='ocrx_word' id='word_1_154' title='bbox 1122 1528 1221 1575; x_wconf 87' lang='lat' dir='ltr'><strong>totum</strong></span> 
     </span>
     <span class='ocr_line' id='line_1_18' title="bbox 40 1591 1222 1674; baseline -0.002 -20"><span class='ocrx_word' id='word_1_155' title='bbox 40 1638 45 1647; x_wconf 62' lang='lat'><em>·</em></span> <span class='ocrx_word' id='word_1_156' title='bbox 91 1592 174 1654; x_wconf 81' lang='lat' dir='ltr'><strong>iilum</strong></span> <span class='ocrx_word' id='word_1_157' title='bbox 193 1593 348 1653; x_wconf 89' lang='lat' dir='ltr'><strong>sacerdotii</strong></span> <span class='ocrx_word' id='word_1_158' title='bbox 368 1593 489 1653; x_wconf 79' lang='lat' dir='ltr'><strong>Levitiri</strong></span> <span class='ocrx_word' id='word_1_159' title='bbox 502 1605 679 1674; x_wconf 86' lang='lat' dir='ltr'><strong>apparatum</strong></span> <span class='ocrx_word' id='word_1_160' title='bbox 698 1602 815 1672; x_wconf 88' lang='lat' dir='ltr'><strong>respuat</strong></span> <span class='ocrx_word' id='word_1_161' title='bbox 835 1604 865 1651; x_wconf 87' lang='lat' dir='ltr'><strong>et</strong></span> <span class='ocrx_word' id='word_1_162' title='bbox 884 1591 1085 1667; x_wconf 81' lang='lat' dir='ltr'><strong>abominetur,</strong></span> <span class='ocrx_word' id='word_1_163' title='bbox 1115 1591 1222 1672; x_wconf 89' lang='lat' dir='ltr'><strong>quihus</strong></span> 
     </span>
     <span class='ocr_line' id='line_1_19' title="bbox 92 1667 1222 1744; baseline -0.004 -12"><span class='ocrx_word' id='word_1_164' title='bbox 92 1669 162 1732; x_wconf 83' lang='lat' dir='ltr'><strong>oiim</strong></span> <span class='ocrx_word' id='word_1_165' title='bbox 184 1669 397 1733; x_wconf 74' lang='lat' dir='ltr'><strong>oblectabatur.</strong></span> <span class='ocrx_word' id='word_1_166' title='bbox 437 1669 528 1744; x_wconf 87' lang='lat' dir='ltr'><strong>Quasi</strong></span> <span class='ocrx_word' id='word_1_167' title='bbox 548 1681 618 1731; x_wconf 84' lang='lat' dir='ltr'><strong>vero</strong></span> <span class='ocrx_word' id='word_1_168' title='bbox 637 1670 734 1730; x_wconf 87' lang='lat' dir='ltr'><strong>Deum</strong></span> <span class='ocrx_word' id='word_1_169' title='bbox 754 1679 872 1727; x_wconf 80' lang='lat' dir='ltr'><strong>externa</strong></span> <span class='ocrx_word' id='word_1_170' title='bbox 891 1669 944 1729; x_wconf 88' lang='lat' dir='ltr'><strong>ista</strong></span> <span class='ocrx_word' id='word_1_171' title='bbox 964 1680 995 1729; x_wconf 90' lang='lat' dir='ltr'><strong>et</strong></span> <span class='ocrx_word' id='word_1_172' title='bbox 1014 1669 1123 1730; x_wconf 80' lang='lat' dir='ltr'><strong>caduca</strong></span> <span class='ocrx_word' id='word_1_173' title='bbox 1135 1667 1222 1729; x_wconf 84' lang='lat' dir='ltr'><strong>obie-</strong></span> 
     </span>
     <span class='ocr_line' id='line_1_20' title="bbox 92 1745 1224 1821; baseline -0.003 -14"><span class='ocrx_word' id='word_1_174' title='bbox 92 1757 184 1821; x_wconf 81' lang='lat' dir='ltr'><strong>ctent,</strong></span> <span class='ocrx_word' id='word_1_175' title='bbox 204 1756 254 1806; x_wconf 90' lang='lat' dir='ltr'><strong>aut</strong></span> <span class='ocrx_word' id='word_1_176' title='bbox 273 1745 334 1805; x_wconf 83' lang='lat' dir='ltr'><strong>ulio</strong></span> <span class='ocrx_word' id='word_1_177' title='bbox 354 1745 444 1806; x_wconf 90' lang='lat' dir='ltr'><strong>modo</strong></span> <span class='ocrx_word' id='word_1_178' title='bbox 464 1745 601 1806; x_wconf 80' lang='lat' dir='ltr'><strong>afficiant.</strong></span> <span class='ocrx_word' id='word_1_179' title='bbox 659 1746 720 1805; x_wconf 90' lang='lat' dir='ltr'><strong>Iam</strong></span> <span class='ocrx_word' id='word_1_180' title='bbox 741 1745 848 1804; x_wconf 90' lang='lat' dir='ltr'><strong>dictum</strong></span> <span class='ocrx_word' id='word_1_181' title='bbox 870 1757 929 1820; x_wconf 90' lang='lat' dir='ltr'><strong>est,</strong></span> <span class='ocrx_word' id='word_1_182' title='bbox 960 1745 1032 1804; x_wconf 85' lang='lat' dir='ltr'><strong>nihii</strong></span> <span class='ocrx_word' id='word_1_183' title='bbox 1052 1746 1157 1806; x_wconf 89' lang='lat' dir='ltr'><strong>horum</strong></span> <span class='ocrx_word' id='word_1_184' title='bbox 1177 1745 1224 1804; x_wconf 88' lang='lat' dir='ltr'><strong>fe·</strong></span> 
     </span>
     <span class='ocr_line' id='line_1_21' title="bbox 92 1820 1223 1902; baseline -0.002 -18"><span class='ocrx_word' id='word_1_185' title='bbox 92 1823 164 1884; x_wconf 83' lang='lat' dir='ltr'><strong>cisse</strong></span> <span class='ocrx_word' id='word_1_186' title='bbox 184 1844 234 1883; x_wconf 90' lang='lat' dir='ltr'><strong>sua</strong></span> <span class='ocrx_word' id='word_1_187' title='bbox 254 1843 354 1897; x_wconf 87' lang='lat' dir='ltr'><strong>causa,</strong></span> <span class='ocrx_word' id='word_1_188' title='bbox 382 1821 434 1882; x_wconf 89' lang='lat' dir='ltr'><strong>sed</strong></span> <span class='ocrx_word' id='word_1_189' title='bbox 459 1825 557 1883; x_wconf 89' lang='lat' dir='ltr'><strong>omnia</strong></span> <span class='ocrx_word' id='word_1_190' title='bbox 582 1843 637 1902; x_wconf 89' lang='lat' dir='ltr'><strong>pro</strong></span> <span class='ocrx_word' id='word_1_191' title='bbox 663 1823 812 1884; x_wconf 89' lang='lat' dir='ltr'><strong>hominum</strong></span> <span class='ocrx_word' id='word_1_192' title='bbox 833 1820 924 1882; x_wconf 85' lang='lat' dir='ltr'><strong>salute</strong></span> <span class='ocrx_word' id='word_1_193' title='bbox 942 1822 1129 1901; x_wconf 81' lang='lat' dir='ltr'><strong>dispensasse.</strong></span> <span class='ocrx_word' id='word_1_194' title='bbox 1188 1822 1223 1882; x_wconf 88' lang='lat' dir='ltr'><strong>Si</strong></span> 
     </span>
     <span class='ocr_line' id='line_1_22' title="bbox 90 1897 1222 1990; baseline 0 -31"><span class='ocrx_word' id='word_1_195' title='bbox 90 1899 220 1959; x_wconf 88' lang='lat' dir='ltr'><strong>medicus</strong></span> <span class='ocrx_word' id='word_1_196' title='bbox 240 1899 374 1958; x_wconf 88' lang='lat' dir='ltr'><strong>iuvenem</strong></span> <span class='ocrx_word' id='word_1_197' title='bbox 395 1899 504 1979; x_wconf 87' lang='lat' dir='ltr'><strong>optima</strong></span> <span class='ocrx_word' id='word_1_198' title='bbox 523 1899 636 1959; x_wconf 90' lang='lat' dir='ltr'><strong>ratione</strong></span> <span class='ocrx_word' id='word_1_199' title='bbox 656 1919 671 1959; x_wconf 90' lang='lat' dir='ltr'><strong>a</strong></span> <span class='ocrx_word' id='word_1_200' title='bbox 691 1898 798 1958; x_wconf 88' lang='lat' dir='ltr'><strong>morbo</strong></span> <span class='ocrx_word' id='word_1_201' title='bbox 818 1906 918 1971; x_wconf 78' lang='lat' dir='ltr'><strong>curet,</strong></span> <span class='ocrx_word' id='word_1_202' title='bbox 943 1900 973 1958; x_wconf 91' lang='lat' dir='ltr'><strong>in</strong></span> <span class='ocrx_word' id='word_1_203' title='bbox 994 1897 1097 1958; x_wconf 88' lang='lat' dir='ltr'><strong>eodem</strong></span> <span class='ocrx_word' id='word_1_204' title='bbox 1118 1909 1222 1990; x_wconf 89' lang='lat' dir='ltr'><strong>postea</strong></span> 
     </span>
     <span class='ocr_line' id='line_1_23' title="bbox 86 1974 1221 2058; baseline -0.004 -21"><span class='ocrx_word' id='word_1_205' title='bbox 86 1977 151 2038; x_wconf 34' lang='lat' dir='ltr'><strong>*hen</strong></span> <span class='ocrx_word' id='word_1_206' title='bbox 171 1994 241 2035; x_wconf 89' lang='lat' dir='ltr'><strong>sene</strong></span> <span class='ocrx_word' id='word_1_207' title='bbox 260 1974 319 2035; x_wconf 85' lang='lat' dir='ltr'><strong>aiio</strong></span> <span class='ocrx_word' id='word_1_208' title='bbox 339 1976 496 2037; x_wconf 86' lang='lat' dir='ltr'><strong>curationis</strong></span> <span class='ocrx_word' id='word_1_209' title='bbox 516 1995 626 2058; x_wconf 80' lang='lat' dir='ltr'><strong>genere</strong></span> <span class='ocrx_word' id='word_1_210' title='bbox 646 1987 758 2035; x_wconf 87' lang='lat' dir='ltr'><strong>utatur:</strong></span> <span class='ocrx_word' id='word_1_211' title='bbox 789 1995 859 2034; x_wconf 89' lang='lat' dir='ltr'><strong>num</strong></span> <span class='ocrx_word' id='word_1_212' title='bbox 884 1975 952 2036; x_wconf 90' lang='lat' dir='ltr'><strong>ideo</strong></span> <span class='ocrx_word' id='word_1_213' title='bbox 979 1975 1106 2035; x_wconf 87' lang='lat' dir='ltr'><strong>dicemus</strong></span> <span class='ocrx_word' id='word_1_214' title='bbox 1125 1996 1221 2055; x_wconf 85' lang='lat' dir='ltr'><strong>spsum</strong></span> 
     </span>
     <span class='ocr_line' id='line_1_24' title="bbox 91 2051 1221 2132; baseline -0.003 -19"><span class='ocrx_word' id='word_1_215' title='bbox 91 2051 229 2113; x_wconf 86' lang='lat' dir='ltr'><strong>medendi</strong></span> <span class='ocrx_word' id='word_1_216' title='bbox 248 2052 392 2112; x_wconf 90' lang='lat' dir='ltr'><strong>rationem</strong></span> <span class='ocrx_word' id='word_1_217' title='bbox 412 2053 578 2131; x_wconf 89' lang='lat' dir='ltr'><strong>repudiare,</strong></span> <span class='ocrx_word' id='word_1_218' title='bbox 598 2071 672 2132; x_wconf 89' lang='lat' dir='ltr'><strong>quae</strong></span> <span class='ocrx_word' id='word_1_219' title='bbox 693 2057 776 2112; x_wconf 80' lang='lat' dir='ltr'><strong>antea</strong></span> <span class='ocrx_word' id='word_1_220' title='bbox 796 2051 964 2131; x_wconf 77' lang='lat' dir='ltr'><strong>placuerat?</strong></span> <span class='ocrx_word' id='word_1_221' title='bbox 983 2051 1049 2111; x_wconf 90' lang='lat' dir='ltr'><strong>Imo</strong></span> <span class='ocrx_word' id='word_1_222' title='bbox 1075 2060 1163 2132; x_wconf 81' lang='lat' dir='ltr'><strong>quum</strong></span> <span class='ocrx_word' id='word_1_223' title='bbox 1188 2053 1221 2111; x_wconf 91' lang='lat' dir='ltr'><strong>in</strong></span> 
     </span>
     <span class='ocr_line' id='line_1_25' title="bbox 92 2127 1221 2208; baseline -0.003 -18"><span class='ocrx_word' id='word_1_224' title='bbox 92 2129 142 2190; x_wconf 77' lang='lat' dir='ltr'><strong>itta</strong></span> <span class='ocrx_word' id='word_1_225' title='bbox 162 2140 332 2189; x_wconf 86' lang='lat' dir='ltr'><strong>constanter</strong></span> <span class='ocrx_word' id='word_1_226' title='bbox 351 2139 471 2208; x_wconf 89' lang='lat' dir='ltr'><strong>perstet,</strong></span> <span class='ocrx_word' id='word_1_227' title='bbox 491 2129 634 2188; x_wconf 88' lang='lat' dir='ltr'><strong>rationem</strong></span> <span class='ocrx_word' id='word_1_228' title='bbox 655 2128 755 2188; x_wconf 87' lang='lat' dir='ltr'><strong>aetatis</strong></span> <span class='ocrx_word' id='word_1_229' title='bbox 773 2127 872 2189; x_wconf 86' lang='lat' dir='ltr'><strong>habet.</strong></span> <span class='ocrx_word' id='word_1_230' title='bbox 912 2129 962 2188; x_wconf 86' lang='lat' dir='ltr'><strong>Sic</strong></span> <span class='ocrx_word' id='word_1_231' title='bbox 983 2128 1133 2190; x_wconf 85' lang='lat' dir='ltr'><strong>Christum</strong></span> <span class='ocrx_word' id='word_1_232' title='bbox 1157 2128 1221 2189; x_wconf 85' lang='lat' dir='ltr'><strong>aliis</strong></span> 
     </span>
     <span class='ocr_line' id='line_1_26' title="bbox 90 2203 1222 2287; baseline -0.002 -20"><span class='ocrx_word' id='word_1_233' title='bbox 90 2205 179 2287; x_wconf 79' lang='lat' dir='ltr'><strong>signis</strong></span> <span class='ocrx_word' id='word_1_234' title='bbox 199 2216 230 2264; x_wconf 85' lang='lat' dir='ltr'><strong>et</strong></span> <span class='ocrx_word' id='word_1_235' title='bbox 249 2203 398 2263; x_wconf 87' lang='lat' dir='ltr'><strong>absentem</strong></span> <span class='ocrx_word' id='word_1_236' title='bbox 411 2204 539 2285; x_wconf 82' lang='lat' dir='ltr'><strong>figurari,</strong></span> <span class='ocrx_word' id='word_1_237' title='bbox 559 2216 589 2263; x_wconf 92' lang='lat' dir='ltr'><strong>et</strong></span> <span class='ocrx_word' id='word_1_238' title='bbox 600 2217 752 2265; x_wconf 82' lang='lat' dir='ltr'><strong>venturum</strong></span> <span class='ocrx_word' id='word_1_239' title='bbox 773 2207 973 2284; x_wconf 87' lang='lat' dir='ltr'><strong>praenuntiari</strong></span> <span class='ocrx_word' id='word_1_240' title='bbox 990 2206 1137 2286; x_wconf 73' lang='lat' dir='ltr'><strong>oportuit:</strong></span> <span class='ocrx_word' id='word_1_241' title='bbox 1157 2205 1222 2266; x_wconf 83' lang='lat' dir='ltr'><strong>aliis</strong></span> 
     </span>
     <span class='ocr_line' id='line_1_27' title="bbox 91 2280 1222 2365; baseline 0 -23"><span class='ocrx_word' id='word_1_242' title='bbox 91 2302 171 2342; x_wconf 88' lang='lat' dir='ltr'><strong>nuuc</strong></span> <span class='ocrx_word' id='word_1_243' title='bbox 191 2280 350 2340; x_wconf 78' lang='lat' dir='ltr'><strong>exhibitum</strong></span> <span class='ocrx_word' id='word_1_244' title='bbox 369 2283 581 2360; x_wconf 88' lang='lat' dir='ltr'><strong>repraesentari</strong></span> <span class='ocrx_word' id='word_1_245' title='bbox 601 2282 694 2341; x_wconf 86' lang='lat' dir='ltr'><strong>decet.</strong></span> <span class='ocrx_word' id='word_1_246' title='bbox 734 2280 825 2355; x_wconf 85' lang='lat' dir='ltr'><strong>Quod</strong></span> <span class='ocrx_word' id='word_1_247' title='bbox 840 2282 881 2340; x_wconf 83' lang='lat' dir='ltr'><strong>ad</strong></span> <span class='ocrx_word' id='word_1_248' title='bbox 901 2281 1084 2341; x_wconf 86' lang='lat' dir='ltr'><strong>vocationem</strong></span> <span class='ocrx_word' id='word_1_249' title='bbox 1101 2281 1158 2365; x_wconf 75' lang='lat' dir='ltr'><strong>Dei</strong></span> <span class='ocrx_word' id='word_1_250' title='bbox 1179 2282 1222 2342; x_wconf 85' lang='lat' dir='ltr'><strong>ia-</strong></span> 
     </span>
     <span class='ocr_line' id='line_1_28' title="bbox 90 2356 1223 2438; baseline -0.001 -20"><span class='ocrx_word' id='word_1_251' title='bbox 90 2358 149 2418; x_wconf 91' lang='lat' dir='ltr'><strong>tius</strong></span> <span class='ocrx_word' id='word_1_252' title='bbox 170 2377 222 2436; x_wconf 91' lang='lat' dir='ltr'><strong>per</strong></span> <span class='ocrx_word' id='word_1_253' title='bbox 242 2376 344 2416; x_wconf 90' lang='lat' dir='ltr'><strong>omnes</strong></span> <span class='ocrx_word' id='word_1_254' title='bbox 364 2356 489 2436; x_wconf 89' lang='lat' dir='ltr'><strong>populos</strong></span> <span class='ocrx_word' id='word_1_255' title='bbox 508 2359 539 2416; x_wconf 89' lang='lat' dir='ltr'><strong>iu</strong></span> <span class='ocrx_word' id='word_1_256' title='bbox 558 2357 682 2418; x_wconf 82' lang='lat' dir='ltr'><strong>adventu</strong></span> <span class='ocrx_word' id='word_1_257' title='bbox 694 2356 803 2419; x_wconf 85' lang='lat' dir='ltr'><strong>Christi</strong></span> <span class='ocrx_word' id='word_1_258' title='bbox 822 2378 959 2438; x_wconf 89' lang='lat' dir='ltr'><strong>sparsam,</strong></span> <span class='ocrx_word' id='word_1_259' title='bbox 978 2378 1063 2438; x_wconf 89' lang='lat' dir='ltr'><strong>quam</strong></span> <span class='ocrx_word' id='word_1_260' title='bbox 1076 2370 1144 2416; x_wconf 86' lang='lat' dir='ltr'><strong>ante</strong></span> <span class='ocrx_word' id='word_1_261' title='bbox 1158 2357 1223 2417; x_wconf 90' lang='lat' dir='ltr'><strong>sue·</strong></span> 
     </span>
     <span class='ocr_line' id='line_1_29' title="bbox 92 2430 1222 2515; baseline -0.002 -20"><span class='ocrx_word' id='word_1_262' title='bbox 92 2444 147 2508; x_wconf 84' lang='lat' dir='ltr'><strong>rat,</strong></span> <span class='ocrx_word' id='word_1_263' title='bbox 168 2444 198 2492; x_wconf 87' lang='lat' dir='ltr'><strong>et</strong></span> <span class='ocrx_word' id='word_1_264' title='bbox 217 2433 323 2514; x_wconf 78' lang='lat' dir='ltr'><strong>gratias</strong></span> <span class='ocrx_word' id='word_1_265' title='bbox 343 2430 469 2512; x_wconf 89' lang='lat' dir='ltr'><strong>Spiritus</strong></span> <span class='ocrx_word' id='word_1_266' title='bbox 489 2433 596 2515; x_wconf 82' lang='lat' dir='ltr'><strong>largius</strong></span> <span class='ocrx_word' id='word_1_267' title='bbox 615 2433 732 2508; x_wconf 80' lang='lat' dir='ltr'><strong>effusas,</strong></span> <span class='ocrx_word' id='word_1_268' title='bbox 773 2433 832 2508; x_wconf 90' lang='lat' dir='ltr'><strong>uis,</strong></span> <span class='ocrx_word' id='word_1_269' title='bbox 852 2435 992 2510; x_wconf 87' lang='lat' dir='ltr'><strong>obsecro,</strong></span> <span class='ocrx_word' id='word_1_270' title='bbox 1014 2455 1138 2514; x_wconf 88' lang='lat' dir='ltr'><strong>aequum</strong></span> <span class='ocrx_word' id='word_1_271' title='bbox 1158 2453 1222 2495; x_wconf 84' lang='lat' dir='ltr'><strong>esse</strong></span> 
     </span>
     <span class='ocr_line' id='line_1_30' title="bbox 91 2457 1221 2594; baseline -0.001 -24"><span class='ocrx_word' id='word_1_272' title='bbox 91 2521 193 2594; x_wconf 80' lang='lat' dir='ltr'><strong>neget,</strong></span> <span class='ocrx_word' id='word_1_273' title='bbox 211 2521 244 2568; x_wconf 87' lang='lat' dir='ltr'><strong>ut</strong></span> <span class='ocrx_word' id='word_1_274' title='bbox 253 2510 285 2569; x_wconf 90' lang='lat' dir='ltr'><strong>in</strong></span> <span class='ocrx_word' id='word_1_275' title='bbox 305 2506 398 2568; x_wconf 70' lang='lat' dir='ltr'><strong>manu&#39;</strong></span> <span class='ocrx_word' id='word_1_276' title='bbox 413 2520 443 2568; x_wconf 84' lang='lat' dir='ltr'><strong>et</strong></span> <span class='ocrx_word' id='word_1_277' title='bbox 462 2510 584 2570; x_wconf 90' lang='lat' dir='ltr'><strong>arbitrio</strong></span> <span class='ocrx_word' id='word_1_278' title='bbox 603 2509 661 2569; x_wconf 87' lang='lat' dir='ltr'><strong>Dei</strong></span> <span class='ocrx_word' id='word_1_279' title='bbox 680 2511 716 2570; x_wconf 90' lang='lat' dir='ltr'><strong>sit</strong></span> <span class='ocrx_word' id='word_1_280' title='bbox 739 2457 831 2570; x_wconf 77' lang='lat' dir='ltr'><strong>liiera</strong></span> <span class='ocrx_word' id='word_1_281' title='bbox 851 2511 1007 2591; x_wconf 85' lang='lat' dir='ltr'><strong>gratiarum</strong></span> <span class='ocrx_word' id='word_1_282' title='bbox 1027 2531 1140 2569; x_wconf 86' lang='lat' dir='ltr'><strong>auarum</strong></span> <span class='ocrx_word' id='word_1_283' title='bbox 1161 2510 1221 2569; x_wconf 89' lang='lat' dir='ltr'><strong>dis-</strong></span> 
     </span>
     <span class='ocr_line' id='line_1_31' title="bbox 90 2583 1220 2669; baseline 0 -24"><span class='ocrx_word' id='word_1_284' title='bbox 90 2586 243 2669; x_wconf 88' lang='lat' dir='ltr'><strong>pensatio,</strong></span> <span class='ocrx_word' id='word_1_285' title='bbox 273 2596 307 2645; x_wconf 93' lang='lat' dir='ltr'><strong>ut</strong></span> <span class='ocrx_word' id='word_1_286' title='bbox 326 2606 396 2665; x_wconf 91' lang='lat' dir='ltr'><strong>quas</strong></span> <span class='ocrx_word' id='word_1_287' title='bbox 414 2584 485 2646; x_wconf 73' lang='lat' dir='ltr'><strong>velie</strong></span> <span class='ocrx_word' id='word_1_288' title='bbox 504 2587 637 2647; x_wconf 84' lang='lat' dir='ltr'><strong>nationes</strong></span> <span class='ocrx_word' id='word_1_289' title='bbox 656 2586 816 2647; x_wconf 76' lang='lat' dir='ltr'><strong>illuminet?</strong></span> <span class='ocrx_word' id='word_1_290' title='bbox 836 2586 940 2666; x_wconf 88' lang='lat' dir='ltr'><strong>quibus</strong></span> <span class='ocrx_word' id='word_1_291' title='bbox 960 2586 1029 2645; x_wconf 78' lang='lat' dir='ltr'><strong>sedit</strong></span> <span class='ocrx_word' id='word_1_292' title='bbox 1047 2583 1119 2645; x_wconf 82' lang='lat' dir='ltr'><strong>iocis</strong></span> <span class='ocrx_word' id='word_1_293' title='bbox 1133 2586 1220 2645; x_wconf 83' lang='lat' dir='ltr'><strong>verbi</strong></span> 
     </span>
     <span class='ocr_line' id='line_1_32' title="bbox 91 2661 1220 2755; baseline -0.002 -32"><span class='ocrx_word' id='word_1_294' title='bbox 91 2664 136 2724; x_wconf 87' lang='lat' dir='ltr'><strong>sui</strong></span> <span class='ocrx_word' id='word_1_295' title='bbox 178 2661 404 2737; x_wconf 86' lang='lat' dir='ltr'><strong>medicationem</strong></span> <span class='ocrx_word' id='word_1_296' title='bbox 425 2663 550 2723; x_wconf 80' lang='lat' dir='ltr'><strong>excitet?</strong></span> <span class='ocrx_word' id='word_1_297' title='bbox 569 2663 682 2755; x_wconf 79' lang='lat' dir='ltr'><strong>qualem</strong></span> <span class='ocrx_word' id='word_1_298' title='bbox 703 2676 733 2723; x_wconf 86' lang='lat' dir='ltr'><strong>et</strong></span> <span class='ocrx_word' id='word_1_299' title='bbox 752 2676 892 2755; x_wconf 80' lang='lat' dir='ltr'><strong>quantum</strong></span> <span class='ocrx_word' id='word_1_300' title='bbox 905 2661 972 2722; x_wconf 84' lang='lat' dir='ltr'><strong>velit</strong></span> <span class='ocrx_word' id='word_1_301' title='bbox 986 2661 1137 2721; x_wconf 89' lang='lat' dir='ltr'><strong>doctrinae</strong></span> <span class='ocrx_word' id='word_1_302' title='bbox 1149 2682 1220 2721; x_wconf 89' lang='lat' dir='ltr'><strong>suae</strong></span> 
     </span>
     <span class='ocr_line' id='line_1_33' title="bbox 7 2685 1221 2821; baseline -0.002 -23"><span class='ocrx_word' id='word_1_303' title='bbox 7 2805 9 2808; x_wconf 44' lang='grc'>,</span> <span class='ocrx_word' id='word_1_304' title='bbox 115 2685 260 2800; x_wconf 69' lang='lat' dir='ltr'><strong>roiietum</strong></span> <span class='ocrx_word' id='word_1_305' title='bbox 280 2749 311 2799; x_wconf 85' lang='lat' dir='ltr'><strong>et</strong></span> <span class='ocrx_word' id='word_1_306' title='bbox 329 2759 492 2799; x_wconf 84' lang='lat' dir='ltr'><strong>successum</strong></span> <span class='ocrx_word' id='word_1_307' title='bbox 512 2739 670 2821; x_wconf 75' lang='lat' dir='ltr'><strong>largiatur?</strong></span> <span class='ocrx_word' id='word_1_308' title='bbox 688 2742 817 2800; x_wconf 86' lang='lat' dir='ltr'><strong>nummis</strong></span> <span class='ocrx_word' id='word_1_309' title='bbox 836 2742 880 2800; x_wconf 89' lang='lat' dir='ltr'><strong>sui</strong></span> <span class='ocrx_word' id='word_1_310' title='bbox 891 2739 1033 2811; x_wconf 89' lang='lat' dir='ltr'><strong>notitiam,</strong></span> <span class='ocrx_word' id='word_1_311' title='bbox 1053 2737 1221 2817; x_wconf 83' lang='lat' dir='ltr'><strong>quibusve-</strong></span> 
     </span>
    </p>

    <p class='ocr_par' dir='ltr' id='par_1_5' title="bbox 89 2759 1223 3185">
     <span class='ocr_line' id='line_1_34' title="bbox 91 2759 1221 2908; baseline -0.002 -32"><span class='ocrx_word' id='word_1_312' title='bbox 91 2759 128 2876; x_wconf 86' lang='lat' dir='ltr'><strong>iit</strong></span> <span class='ocrx_word' id='word_1_313' title='bbox 146 2815 277 2889; x_wconf 80' lang='lat' dir='ltr'><strong>saeculis,</strong></span> <span class='ocrx_word' id='word_1_314' title='bbox 295 2815 436 2876; x_wconf 77' lang='lat' dir='ltr'><strong>auferate</strong></span> <span class='ocrx_word' id='word_1_315' title='bbox 449 2817 569 2891; x_wconf 89' lang='lat' dir='ltr'><strong>mundo,</strong></span> <span class='ocrx_word' id='word_1_316' title='bbox 589 2828 712 2907; x_wconf 86' lang='lat' dir='ltr'><strong>propter</strong></span> <span class='ocrx_word' id='word_1_317' title='bbox 731 2818 817 2896; x_wconf 87' lang='lat' dir='ltr'><strong>ipsius</strong></span> <span class='ocrx_word' id='word_1_318' title='bbox 828 2816 1080 2908; x_wconf 74' lang='lat' dir='ltr'><strong>ingratitudinem:</strong></span> <span class='ocrx_word' id='word_1_319' title='bbox 1102 2814 1221 2894; x_wconf 90' lang='lat' dir='ltr'><strong>quando</strong></span> 
     </span>
     <span class='ocr_line' id='line_1_35' title="bbox 91 2891 1221 2972; baseline -0.004 -17"><span class='ocrx_word' id='word_1_320' title='bbox 91 2895 197 2955; x_wconf 84' lang='lat' dir='ltr'><strong>iterum</strong></span> <span class='ocrx_word' id='word_1_321' title='bbox 216 2892 299 2966; x_wconf 84' lang='lat' dir='ltr'><strong>velit,</strong></span> <span class='ocrx_word' id='word_1_322' title='bbox 319 2905 441 2972; x_wconf 88' lang='lat' dir='ltr'><strong>propter</strong></span> <span class='ocrx_word' id='word_1_323' title='bbox 459 2914 539 2953; x_wconf 89' lang='lat' dir='ltr'><strong>suam</strong></span> <span class='ocrx_word' id='word_1_324' title='bbox 560 2894 785 2953; x_wconf 72' lang='lat' dir='ltr'><strong>misericordiam</strong></span> <span class='ocrx_word' id='word_1_325' title='bbox 807 2892 955 2954; x_wconf 76' lang='lat' dir='ltr'><strong>restituat?</strong></span> <span class='ocrx_word' id='word_1_326' title='bbox 984 2891 1123 2951; x_wconf 88' lang='lat' dir='ltr'><strong>Videmus</strong></span> <span class='ocrx_word' id='word_1_327' title='bbox 1149 2912 1221 2972; x_wconf 86' lang='lat' dir='ltr'><strong>ergo</strong></span> 
     </span>
     <span class='ocr_line' id='line_1_36' title="bbox 90 2968 1222 3062; baseline -0.004 -31"><span class='ocrx_word' id='word_1_328' title='bbox 90 2971 177 3031; x_wconf 88' lang='lat' dir='ltr'><strong>nimis</strong></span> <span class='ocrx_word' id='word_1_329' title='bbox 196 2969 329 3062; x_wconf 69' lang='lat' dir='ltr'><strong>indignas</strong></span> <span class='ocrx_word' id='word_1_330' title='bbox 350 2989 411 3029; x_wconf 89' lang='lat' dir='ltr'><strong>esse</strong></span> <span class='ocrx_word' id='word_1_331' title='bbox 431 2969 598 3043; x_wconf 85' lang='lat' dir='ltr'><strong>calumnias,</strong></span> <span class='ocrx_word' id='word_1_332' title='bbox 639 2970 722 3030; x_wconf 90' lang='lat' dir='ltr'><strong>uibus</strong></span> <span class='ocrx_word' id='word_1_333' title='bbox 741 2970 822 3049; x_wconf 90' lang='lat' dir='ltr'><strong>impii</strong></span> <span class='ocrx_word' id='word_1_334' title='bbox 842 2970 973 3030; x_wconf 88' lang='lat' dir='ltr'><strong>homines</strong></span> <span class='ocrx_word' id='word_1_335' title='bbox 993 2968 1139 3048; x_wconf 88' lang='lat' dir='ltr'><strong>hacparte</strong></span> <span class='ocrx_word' id='word_1_336' title='bbox 1152 2969 1222 3027; x_wconf 90' lang='lat' dir='ltr'><strong>sim-</strong></span> 
     </span>
     <span class='ocr_line' id='line_1_37' title="bbox 90 2990 1223 3138; baseline -0.001 -32"><span class='ocrx_word' id='word_1_337' title='bbox 90 3046 210 3138; x_wconf 90' lang='lat' dir='ltr'><strong>plicium</strong></span> <span class='ocrx_word' id='word_1_338' title='bbox 229 3066 340 3107; x_wconf 73' lang='lat' dir='ltr'><strong>animos</strong></span> <span class='ocrx_word' id='word_1_339' title='bbox 360 3047 517 3128; x_wconf 79' lang='lat' dir='ltr'><strong>exagitant,</strong></span> <span class='ocrx_word' id='word_1_340' title='bbox 535 3058 569 3108; x_wconf 85' lang='lat' dir='ltr'><strong>ut</strong></span> <span class='ocrx_word' id='word_1_341' title='bbox 587 2990 636 3109; x_wconf 79' lang='lat' dir='ltr'><strong>vei</strong></span> <span class='ocrx_word' id='word_1_342' title='bbox 652 3046 711 3106; x_wconf 91' lang='lat' dir='ltr'><strong>Dei</strong></span> <span class='ocrx_word' id='word_1_343' title='bbox 729 3045 867 3108; x_wconf 89' lang='lat' dir='ltr'><strong>iustitiam</strong></span> <span class='ocrx_word' id='word_1_344' title='bbox 886 3045 933 3109; x_wconf 82' lang='lat' dir='ltr'><strong>sel</strong></span> <span class='ocrx_word' id='word_1_345' title='bbox 953 3045 1122 3126; x_wconf 86' lang='lat' dir='ltr'><strong>Scripturas</strong></span> <span class='ocrx_word' id='word_1_346' title='bbox 1133 3043 1223 3105; x_wconf 83' lang='lat' dir='ltr'><strong>fidem</strong></span> 
     </span>
     <span class='ocr_line' id='line_1_38' title="bbox 89 3123 397 3185; baseline -0.003 0"><span class='ocrx_word' id='word_1_347' title='bbox 89 3143 122 3185; x_wconf 87' lang='lat' dir='ltr'><strong>m</strong></span> <span class='ocrx_word' id='word_1_348' title='bbox 140 3123 262 3184; x_wconf 89' lang='lat' dir='ltr'><strong>dubium</strong></span> <span class='ocrx_word' id='word_1_349' title='bbox 279 3133 397 3185; x_wconf 80' lang='lat' dir='ltr'><strong>vocent.</strong></span> 
     </span>
    </p>
   </div>
   <div class='ocr_carea' id='block_1_3' title="bbox 462 3390 840 3466">
    <p class='ocr_par' dir='ltr' id='par_1_6' title="bbox 462 3390 840 3466">
     <span class='ocr_line' id='line_1_39' title="bbox 462 3390 840 3466; baseline -0.003 -3"><span class='ocrx_word' id='word_1_350' title='bbox 462 3390 714 3466; x_wconf 79' lang='lat' dir='ltr'>CAPUT</span> <span class='ocrx_word' id='word_1_351' title='bbox 763 3393 840 3466; x_wconf 84' lang='lat' dir='ltr'><strong>XII.</strong></span> 
     </span>
    </p>
   </div>
   <div class='ocr_carea' id='block_1_4' title="bbox 91 3567 1223 3726">
    <p class='ocr_par' dir='ltr' id='par_1_7' title="bbox 91 3567 1223 3726">
     <span class='ocr_line' id='line_1_40' title="bbox 91 3567 1223 3651; baseline -0.004 -17"><span class='ocrx_word' id='word_1_352' title='bbox 91 3569 299 3647; x_wconf 84' lang='lat' dir='ltr'><strong>Christum,</strong></span> <span class='ocrx_word' id='word_1_353' title='bbox 331 3579 372 3630; x_wconf 87' lang='lat' dir='ltr'><strong>ut</strong></span> <span class='ocrx_word' id='word_1_354' title='bbox 400 3568 622 3631; x_wconf 87' lang='lat' dir='ltr'><strong>Mediatoris</strong></span> <span class='ocrx_word' id='word_1_355' title='bbox 653 3567 822 3630; x_wconf 75' lang='lat' dir='ltr'><strong>officium</strong></span> <span class='ocrx_word' id='word_1_356' title='bbox 852 3578 1076 3650; x_wconf 87' lang='lat' dir='ltr'><strong>praestaret,</strong></span> <span class='ocrx_word' id='word_1_357' title='bbox 1113 3587 1223 3651; x_wconf 92' lang='lat' dir='ltr'><strong>opor·</strong></span> 
     </span>
     <span class='ocr_line' id='line_1_41' title="bbox 441 3661 871 3726; baseline -0.007 -3"><span class='ocrx_word' id='word_1_358' title='bbox 441 3663 558 3726; x_wconf 86' lang='lat' dir='ltr'><strong>tuisse</strong></span> <span class='ocrx_word' id='word_1_359' title='bbox 579 3661 664 3724; x_wconf 77' lang='lat' dir='ltr'><strong>sieri</strong></span> <span class='ocrx_word' id='word_1_360' title='bbox 683 3662 871 3724; x_wconf 89' lang='lat' dir='ltr'><strong>homiuem.</strong></span> 
     </span>
    </p>
   </div>
   <div class='ocr_carea' id='block_1_5' title="bbox 56 3835 1224 4155">
    <p class='ocr_par' dir='ltr' id='par_1_8' title="bbox 56 3835 1224 4155">
     <span class='ocr_line' id='line_1_42' title="bbox 157 3835 1224 3911; baseline -0.003 -16"><span class='ocrx_word' id='word_1_361' title='bbox 157 3842 246 3897; x_wconf 85' lang='lat' dir='ltr'><strong>Partes</strong></span> <span class='ocrx_word' id='word_1_362' title='bbox 263 3840 339 3894; x_wconf 88' lang='lat' dir='ltr'><strong>huius</strong></span> <span class='ocrx_word' id='word_1_363' title='bbox 358 3838 454 3911; x_wconf 82' lang='lat' dir='ltr'><strong>Capitis</strong></span> <span class='ocrx_word' id='word_1_364' title='bbox 474 3841 553 3894; x_wconf 87' lang='lat' dir='ltr'><strong>duae:</strong></span> <span class='ocrx_word' id='word_1_365' title='bbox 587 3839 617 3910; x_wconf 82' lang='lat'><strong>1)</strong></span> <span class='ocrx_word' id='word_1_366' title='bbox 637 3839 749 3901; x_wconf 83' lang='lat' dir='ltr'><strong>Causae,</strong></span> <span class='ocrx_word' id='word_1_367' title='bbox 776 3851 883 3910; x_wconf 85' lang='lat' dir='ltr'><strong>propter</strong></span> <span class='ocrx_word' id='word_1_368' title='bbox 901 3844 964 3906; x_wconf 86' lang='lat' dir='ltr'><strong>qua&#39;s</strong></span> <span class='ocrx_word' id='word_1_369' title='bbox 980 3835 1152 3893; x_wconf 80' lang='lat' dir='ltr'><strong>Mediatorem</strong></span> <span class='ocrx_word' id='word_1_370' title='bbox 1171 3859 1224 3892; x_wconf 86' lang='lat' dir='ltr'><strong>no·</strong></span> 
     </span>
     <span class='ocr_line' id='line_1_43' title="bbox 89 3921 1224 3996; baseline -0.005 -15"><span class='ocrx_word' id='word_1_371' title='bbox 89 3941 170 3981; x_wconf 84' lang='lat' dir='ltr'><strong>strum</strong></span> <span class='ocrx_word' id='word_1_372' title='bbox 189 3926 306 3996; x_wconf 86' lang='lat' dir='ltr'><strong>oportuit</strong></span> <span class='ocrx_word' id='word_1_373' title='bbox 320 3945 409 3977; x_wconf 83' lang='lat' dir='ltr'><strong>verum</strong></span> <span class='ocrx_word' id='word_1_374' title='bbox 424 3925 513 3978; x_wconf 89' lang='lat' dir='ltr'><strong>Deum</strong></span> <span class='ocrx_word' id='word_1_375' title='bbox 531 3945 592 3987; x_wconf 84' lang='lat' dir='ltr'><strong>esse,</strong></span> <span class='ocrx_word' id='word_1_376' title='bbox 610 3940 635 3976; x_wconf 92' lang='lat' dir='ltr'><strong>et</strong></span> <span class='ocrx_word' id='word_1_377' title='bbox 651 3923 784 3975; x_wconf 87' lang='lat' dir='ltr'><strong>hominem</strong></span> <span class='ocrx_word' id='word_1_378' title='bbox 802 3921 866 3984; x_wconf 80' lang='lat' dir='ltr'><strong>lieri,</strong></span> <span class='ocrx_word' id='word_1_379' title='bbox 884 3935 944 3975; x_wconf 85' lang='lat' dir='ltr'><strong>sect.</strong></span> <span class='ocrx_word' id='word_1_380' title='bbox 962 3924 1046 3978; x_wconf 85' lang='lat'><strong>1-3.</strong></span> <span class='ocrx_word' id='word_1_381' title='bbox 1064 3953 1096 3965; x_wconf 95' lang='lat'><em>-</em></span> <span class='ocrx_word' id='word_1_382' title='bbox 1129 3923 1161 3992; x_wconf 79' lang='lat'><strong>2)</strong></span> <span class='ocrx_word' id='word_1_383' title='bbox 1172 3922 1224 3975; x_wconf 87' lang='lat' dir='ltr'><strong>Va·</strong></span> 
     </span>
     <span class='ocr_line' id='line_1_44' title="bbox 68 4005 1224 4083; baseline -0.002 -23"><span class='ocrx_word' id='word_1_384' title='bbox 68 4056 74 4060; x_wconf 92' lang='grc'>.</span> <span class='ocrx_word' id='word_1_385' title='bbox 89 4012 186 4064; x_wconf 84' lang='lat' dir='ltr'><strong>riarum</strong></span> <span class='ocrx_word' id='word_1_386' title='bbox 205 4009 397 4072; x_wconf 85' lang='lat' dir='ltr'><strong>obiectionum,</strong></span> <span class='ocrx_word' id='word_1_387' title='bbox 419 4009 584 4062; x_wconf 80' lang='lat' dir='ltr'><strong>anonnullia</strong></span> <span class='ocrx_word' id='word_1_388' title='bbox 601 4007 724 4070; x_wconf 78' lang='lat' dir='ltr'><strong>fanaticis,</strong></span> <span class='ocrx_word' id='word_1_389' title='bbox 746 4021 801 4083; x_wconf 64' lang='grc' dir='ltr'><strong>ῑψ</strong></span> <span class='ocrx_word' id='word_1_390' title='bbox 819 4005 958 4077; x_wconf 86' lang='lat' dir='ltr'><strong>praecipue</strong></span> <span class='ocrx_word' id='word_1_391' title='bbox 975 4009 1007 4059; x_wconf 91' lang='lat' dir='ltr'><strong>ab</strong></span> <span class='ocrx_word' id='word_1_392' title='bbox 1027 4007 1157 4060; x_wconf 87' lang='lat' dir='ltr'><strong>Osiandro</strong></span> <span class='ocrx_word' id='word_1_393' title='bbox 1177 4009 1224 4058; x_wconf 91' lang='lat' dir='ltr'><strong>ad-</strong></span> 
     </span>
     <span class='ocr_line' id='line_1_45' title="bbox 56 4091 1224 4155; baseline -0.002 -11"><span class='ocrx_word' id='word_1_394' title='bbox 56 4128 61 4135; x_wconf 86' lang='lat'>·</span> <span class='ocrx_word' id='word_1_395' title='bbox 89 4113 175 4148; x_wconf 75' lang='lat' dir='ltr'><strong>venna</strong></span> <span class='ocrx_word' id='word_1_396' title='bbox 192 4092 366 4149; x_wconf 80' lang='lat' dir='ltr'><strong>orthodoxam</strong></span> <span class='ocrx_word' id='word_1_397' title='bbox 384 4095 417 4146; x_wconf 90' lang='lat' dir='ltr'><strong>de</strong></span> <span class='ocrx_word' id='word_1_398' title='bbox 428 4093 573 4145; x_wconf 86' lang='lat' dir='ltr'><strong>Mediatore</strong></span> <span class='ocrx_word' id='word_1_399' title='bbox 584 4092 644 4145; x_wconf 88' lang='lat' dir='ltr'><strong>Deo</strong></span> <span class='ocrx_word' id='word_1_400' title='bbox 656 4105 681 4144; x_wconf 87' lang='lat' dir='ltr'><strong>et</strong></span> <span class='ocrx_word' id='word_1_401' title='bbox 692 4092 799 4144; x_wconf 87' lang='lat' dir='ltr'><strong>homino</strong></span> <span class='ocrx_word' id='word_1_402' title='bbox 809 4092 954 4144; x_wconf 85' lang='lat' dir='ltr'><strong>doctrinam</strong></span> <span class='ocrx_word' id='word_1_403' title='bbox 962 4091 1062 4155; x_wconf 85' lang='lat' dir='ltr'><strong>dilutio,</strong></span> <span class='ocrx_word' id='word_1_404' title='bbox 1072 4106 1131 4145; x_wconf 86' lang='lat' dir='ltr'><strong>sect.</strong></span> <span class='ocrx_word' id='word_1_405' title='bbox 1139 4091 1224 4144; x_wconf 83' lang='lat' dir='ltr'><strong>t.—7.</strong></span> 
     </span>
    </p>
   </div>
   <div class='ocr_carea' id='block_1_6' title="bbox 87 4255 1233 4423">
    <p class='ocr_par' dir='ltr' id='par_1_9' title="bbox 87 4255 1233 4423">
     <span class='ocr_line' id='line_1_46' title="bbox 166 4255 1225 4351; baseline -0.003 -32"><span class='ocrx_word' id='word_1_406' title='bbox 166 4267 194 4326; x_wconf 92' lang='lat'><strong>1.</strong></span> <span class='ocrx_word' id='word_1_407' title='bbox 232 4259 296 4340; x_wconf 75' lang='lat' dir='ltr'><strong>Iam</strong></span> <span class='ocrx_word' id='word_1_408' title='bbox 315 4280 361 4319; x_wconf 90' lang='lat' dir='ltr'><strong>ma</strong></span> <span class='ocrx_word' id='word_1_409' title='bbox 385 4278 496 4351; x_wconf 91' lang='lat' dir='ltr'><strong>oopere</strong></span> <span class='ocrx_word' id='word_1_410' title='bbox 517 4270 618 4320; x_wconf 87' lang='lat' dir='ltr'><strong>nostra</strong></span> <span class='ocrx_word' id='word_1_411' title='bbox 637 4257 786 4332; x_wconf 87' lang='lat' dir='ltr'><strong>interfuit,</strong></span> <span class='ocrx_word' id='word_1_412' title='bbox 815 4277 915 4319; x_wconf 84' lang='lat' dir='ltr'><strong>rerum</strong></span> <span class='ocrx_word' id='word_1_413' title='bbox 940 4275 1003 4317; x_wconf 84' lang='lat' dir='ltr'><strong>esse</strong></span> <span class='ocrx_word' id='word_1_414' title='bbox 1027 4270 1056 4317; x_wconf 88' lang='lat' dir='ltr'><strong>et</strong></span> <span class='ocrx_word' id='word_1_415' title='bbox 1074 4255 1171 4348; x_wconf 61' lang='lat' dir='ltr'><strong>Iieum</strong></span> <span class='ocrx_word' id='word_1_416' title='bbox 1193 4269 1225 4348; x_wconf 71' lang='lat' dir='ltr'><strong>et</strong></span> 
     </span>
     <span class='ocr_line' id='line_1_47' title="bbox 87 4333 1233 4423; baseline -0.003 -25"><span class='ocrx_word' id='word_1_417' title='bbox 87 4334 256 4423; x_wconf 77' lang='lat' dir='ltr'><strong>hominem,</strong></span> <span class='ocrx_word' id='word_1_418' title='bbox 287 4337 338 4418; x_wconf 87' lang='lat' dir='ltr'><strong>qui</strong></span> <span class='ocrx_word' id='word_1_419' title='bbox 389 4336 502 4398; x_wconf 84' lang='lat' dir='ltr'><strong>edrator</strong></span> <span class='ocrx_word' id='word_1_420' title='bbox 520 4347 623 4398; x_wconf 87' lang='lat' dir='ltr'><strong>noster</strong></span> <span class='ocrx_word' id='word_1_421' title='bbox 642 4335 755 4398; x_wconf 77' lang='lat' dir='ltr'><strong>foturus</strong></span> <span class='ocrx_word' id='word_1_422' title='bbox 776 4346 861 4397; x_wconf 87' lang='lat' dir='ltr'><strong>esset.</strong></span> <span class='ocrx_word' id='word_1_423' title='bbox 918 4333 966 4395; x_wconf 88' lang='lat' dir='ltr'><strong>De</strong></span> <span class='ocrx_word' id='word_1_424' title='bbox 995 4346 1168 4397; x_wconf 73' lang='lat' dir='ltr'><strong>necessitate</strong></span> <span class='ocrx_word' id='word_1_425' title='bbox 1199 4357 1233 4394; x_wconf 79' lang='lat' dir='ltr'><strong>ss</strong></span> 
     </span>
    </p>
   </div>
   <div class='ocr_carea' id='block_1_7' title="bbox 0 0 1356 4732">
    <p class='ocr_par' dir='ltr' id='par_1_10' title="bbox 0 0 1356 4732">
     <span class='ocr_line' id='line_1_48' title="bbox 0 0 1356 4732; baseline 0 0"><span class='ocrx_word' id='word_1_426' title='bbox 0 0 1356 4732; x_wconf 95' lang='lat' dir='ltr'><strong> </strong></span> 
     </span>
    </p>
   </div>
  </div>
 </body>
</html>
