2700 4732
170 228 210 285 lb*
586 219 663 279 Lttt.
682 219 707 279 l.
746 217 837 281 Cbl’.
856 220 893 280 V.

171 364 313 445 adiungit,
331 363 398 456 quia
416 364 528 425 scilicet
546 362 625 425 intus
643 364 753 447 singuli
772 363 931 425 coelestem
948 364 1082 501 qratiam,
1093 382 1150 443 qna
1164 374 1306 443 vegetan-

170 455 230 513 tur,
250 440 371 501 indubie
389 442 530 502 sentiunt.
567 441 601 502 Si
620 461 694 502 vero
715 452 748 501 ut
758 439 855 500 Deum
867 462 957 520 apprc
980 442 1230 514 cudamus„extra
1250 462 1306 503 noa
1342 468 1344 503 ε

171 518 275 599 ngredi
295 540 370 599 opus
386 540 457 593 ¹non
478 530 537 593 cst,
562 538 648 597 quarn
669 518 783 579 veniam
808 518 971 577 merebitur
991 518 1053 577 eins
1078 518 1229 591 socordia,
1253 518 1311 599 qui.
1335 546 1342 577 ι

171 596 311 654 ratDeum
333 595 472 667 inveniat,
491 594 522 653 in
540 614 572 655 ae
593 595 771 655 descendere
790 594 976 675 gravabitur?
1006 594 1116 654 Eadem
1127 594 1214 657 etiarn
1227 594 1305 655 ratio
1336 622 1341 655 ι

171 685 216 733 est
240 694 293 731 cur
311 672 425 743 llavid,
450 670 501 729 ubi
527 670 656 732 breviter
682 670 842 730 celebravit
864 670 1035 730 admirabile
1055 672 1112 729 Dei
1138 690 1248 729 nomen
1273 682 1307 729 et
1337 702 1344 735 :

171 750 270 819 decus,
288 768 363 827 quae
383 748 493 827 ubique
513 747 672 825 refulgent,
690 748 787 807 statim
808 746 947 807 exclamet
966 748 1136 824 (Pella),
1157 747 1238 821 Quid
1259 754 1313 809 est'
1337 782 1344 793 ·

172 826 260 885 bomo
281 825 362 883 carius
383 824 556 884 'ruerunres't'
576 824 667 895 Item,
687 824 730 881 Ex
750 843 803 883 ore
823 822 979 883 infantium
1000 835 1031 883 et
1056 823 1224 885 lactentium
1242 836 1306 885 ate·
1335 882 1339 887 .

172 902 261 962 bilisti
275 902 375 960 robur.
409 899 560 979 Siquidem
582 922 642 961 non
663 912 775 959 tantum
796 900 826 959 in
843 920 953 981 genere
968 898 1214 973 bunaaqoclarr.r·1
1227 918 1305 979 ope·
1336 944 1341 967 2

169 1002 236 1038 rum
256 978 313 1036 Dei
333 1000 346 1037 s
369 975 484 1037 ecnlum
505 990 614 1037 exstare
631 978 821 1069 pronuntiat,
852 978 903 1037 sed
924 976 1097 1047 infantibus,
1112 976 1180 1045 dum
1205 996 1307 1037 ama·
1340 1004 1344 1027 ι

171 1068 247 1116 trum
268 998 407 1121 uberibus
427 1054 567 1133 pendent,
587 1067 653 1113 satas
670 1054 791 1113 disertas
812 1074 874 1113 esse
895 1053 1005 1133 linguar
1025 1054 1059 1112 ad
1081 1054 1306 1132 praedicandam
1339 1118 1344 1131 Ι

171 1132 233 1191 eiras
257 1132 397 1221 gloriam,
429 1141 463 1190 ut
491 1131 611 1189 minime
636 1151 709 1210 opus
734 1131 773 1189 sit
797 1129 860 1189 aliis
885 1129 1063 1191 rhetoribus.
1109 1128 1195 1187 Unde
1216 1130 1305 1190 etiam
1340 1192 1344 1205 ,

171 1228 274 1267 eurum
294 1229 347 1267 ora
373 1228 404 1265 ru
429 1206 520 1267 acIcm
547 1207 713 1287 producere
740 1227 801 1265 non
823 1207 951 1279 dubitat,
982 1217 1122 1284 tanquam
1142 1205 1236 1265 valide
1256 1206 1306 1267 in-

171 1296 279 1344 structa
298 1284 335 1345 ad
354 1283 546 1344 relellendam
566 1304 669 1343 eorum
690 1282 864 1355 amentiam,
884 1282 934 1362 qui
955 1282 1012 1341 llei
1036 1302 1145 1341 nomen
1168 1303 1222 1362 pro
1242 1282 1306 1343 dia·

172 1362 267 1421 bolira
287 1382 337 1433 sua
362 1361 499 1440 superbia
527 1362 710 1441 exstinguere
731 1371 883 1437 cuperent.
930 1347 1016 1417 Unde
1038 1372 1068 1419 et
1086 1358 1158 1418 illud
1179 1358 1306 1441 emergit

171 1440 250 1515 quorl
273 1439 416 1497 cribrato
436 1428 631 1497 citat'Paulus
651 1437 733 1515 (Act.
754 1442 809 1510 17,
828 1438 908 1515 28),
939 1438 1002 1495 Nos
1029 1456 1091 1496 esse
1110 1436 1168 1494 Dei
1194 1456 1306 1526 proge-
1338 1482 1344 1515 ,

172 1516 264 1591 pieta:
291 1515 358 1593 quia
378 1526 457 1574 tanta
478 1514 652 1592 praestantia
678 1534 732 1571 nos
753 1533 913 1586 exornans,
929 1534 968 1573 ,sc
989 1513 1108 1571 Patrem
1135 1512 1222 1571 nobas
1241 1530 1306 1573 ease
1341 1566 1344 1571 ,

170 1602 290 1649 testatus
311 1603 362 1649 est.
407 1591 491 1649 Sicut
511 1592 598 1649 etiam
619 1610 652 1649 ex
672 1590 820 1649 communi
844 1611 930 1648 sensu
955 1601 985 1647 et
1006 1590 1086 1668 qnasi
1106 1589 1234 1649 dictante
1255 1608 1307 1649 ex·

170 1668 313 1745 perientia
341 1666 458 1757 profani
483 1679 590 1745 poetae
617 1687 683 1725 euru
703 1679 846 1725 vocarunt
866 1665 1018 1725 bominum
1039 1678 1160 1745 patrem.
1199 1668 1306 1757 Neque

171 1766 241 1803 vern
263 1764 293 1803 se
306 1765 457 1823 qrrrsquam
477 1743 556 1802 ultro
578 1754 607 1801 et
627 1743 836 1803 libenterlleo
856 1743 974 1802 addicet
994 1743 1022 1800 in
1043 1742 1229 1821 obsequium,
1247 1765 1308 1803 mat

171 1822 222 1899 qui
243 1832 358 1899 gustato
388 1832 511 1900 paterno
534 1819 595 1879 eius
614 1840 715 1880 amore
734 1819 858 1879 vicissim
883 1820 919 1879 ad
940 1840 1007 1879 eum
1026 1820 1180 1879 amandum
1200 1832 1231 1877 et
1251 1839 1307 1880 co'-
1340 1878 1344 1909 ἶ

170 1898 288 1957 lendum
309 1898 422 1957 illectus
443 1897 540 1955 suerit.

246 1982 273 2037 t,
314 1975 368 2033 llic
388 1986 485 2041 autem
506 1975 654 2056 detegitur
675 1972 761 2033 loeda
781 1972 933 2033 bominum
954 1972 1145 2055 ingratitudo,
1165 1970 1308 2051 quidum
1339 1948 1344 1985 ξ

171 2052 208 2121 ῑιιΙ
221 2072 252 2111 se
273 2053 429 2110 continent
442 2050 590 2109 ‹albrinam
611 2051 771 2109 innumeris
783 2050 840 2107 llei
858 2050 996 2129 operibus
1016 2048 1157 2123 nobilem,
1178 2061 1208 2109 et
1218 2048 1309 2109 simul
1341 2054 1344 2059 ’

169 2128 320 2190 tabernam
341 2127 547 2187 inaestimabili
568 2149 656 2207 opum
679 2126 763 2217 copia
788 2128 943 2197 refertam,
968 2149 1058 2206 quum
1078 2145 1233 2207 erumpere
1254 2126 1309 2187 de·
1339 2182 1344 2197 ,

170 2205 277 2265 beraut
297 2204 327 2262 in
349 2205 408 2263 eius
429 2202 542 2276 laudes,
567 2216 652 2263 tanto
673 2223 782 2262 maiore
806 2203 880 2263 fastu
901 2215 1004 2262 contra
1028 2202 1170 2271 inllantur
1189 2224 1222 2263 ae
1242 2213 1308 2269 tura,
1340 2206 1344 2219 “

169 2293 250 2363 gent.
291 2279 388 2353 Quam
410 2282 487 2339 miris
508 2281 603 2340 modis
623 2281 652 2337 in
674 2281 744 2360 ipsis
765 2292 906 2371 operetur
925 2280 1021 2352 Deus,
1040 2281 1185 2339 sentiunt:
1212 2300 1308 2360 quan·
1342 2280 1344 2293 '

170 2370 230 2435 tana
250 2357 338 2417 etiarn
361 2358 506 2415 donorum
527 2358 694 2419 varietatem
715 2378 749 2416 ex
769 2375 830 2416 erus
851 2356 1026 2415 liberalitate
1046 2358 1309 2435 possideant,·uau

788 2512 797 2535 Τ

170 2436 235 2513 ipso
256 2434 410 2493 ducentur.
450 2434 532 2495 llaec
552 2434 713 2493 divinitatis
737 2434 820 2569 siqua
839 2454 919 2503 esse,
948 2446 1097 2511 coguntur
1120 2434 1195 2493 scire
1215 2432 1309 2494 velint

169 2511 284 2572 nolint:
311 2512 389 2569 intus
414 2523 512 2571 tamen
535 2511 731 2590 supprimunt.
800 2531 839 2570 on
866 2532 939 2589 opus
960 2510 1079 2588 quidem
1106 2522 1151 2569 est
1176 2521 1308 2571 extense

171 2588 250 2667 ipsos
270 2588 388 2669 egredi,
419 2587 509 2647 modo
542 2608 579 2646 ne
604 2587 660 2647 sibi
684 2586 852 2666 arrogando
874 2586 951 2665 quod
973 2606 990 2644 e
1010 2586 1100 2647 coelis
1128 2586 1226 2647 datum
1251 2580 1308 2661 est,

171 2664 324 2727 defodiant
343 2664 372 2722 in
393 2676 471 2724 terra
491 2664 571 2742 quod
592 2684 694 2723 eorum
715 2663 864 2723 mentibus
884 2664 919 2721 ad
933 2664 1030 2721 Deum
1051 2663 1129 2723 clare
1148 2662 1308 2733 videndum

170 2742 328 2819 praelucet.
374 2740 439 2799 Irnn
465 2741 652 2820 prodigiosos
680 2741 767 2799 bodie
793 2740 901 2799 multos
927 2741 1044 2818 spiritus
1069 2751 1147 2799 terra
1171 2740 1309 2816 sustinet,

171 2819 346 2899 quitatum
368 2818 526 2877 divinitatis
551 2837 651 2878 semen
677 2820 707 2876 in
735 2830 837 2879 natura
862 2818 986 2875 bumana
1013 2816 1309 2896 sparsum.conlcrre

170 2916 231 2955 nnn
253 2894 390 2963 dubitant
410 2894 653 2957 adobruenrlum
673 2894 731 2955 Dei
756 2914 875 2954 nomen.
921 2892 1020 2966 Quam
1046 2892 1225 2953 detestabilis
1238 2905 1309 2967 -est,

171 2972 313 3043 obsecro,
341 2969 411 3031 baec
433 2970 563 3045 vesania,
588 2983 622 3030 ut
641 2971 731 3032 bomo
753 2973 784 3031 in
805 2990 933 3051 corpore
953 2990 1005 3031 suo
1028 2982 1058 3029 ct
1078 2970 1174 3029 anima
1195 2969 1308 3031 centies

170 3050 266 3107 Deum
288 3047 449 3125 reperiens,
470 3048 526 3107 boc
546 3050 609 3128 ipso
632 3047 820 3107 excellentiae
840 3048 1098 3126 praetextuDeum
1115 3065 1177 3113 esse
1197 3045 1309 3128 neget't'

170 3127 238 3185 Non
260 3124 360 3184 dicent
378 3144 409 3183 se
430 3124 554 3185 fortuito
575 3146 590 3183 a
612 3124 705 3185 brutis
724 3124 919 3184 animantibus
937 3124 1103 3183 distinctos:
1126 3121 1310 3182 tantumob·

171 3204 260 3262 docto
281 3212 401 3259 naturae
420 3200 503 3273 velo,
533 3221 608 3279 quae
635 3201 690 3261 illis
715 3222 812 3261 rerum
839 3201 970 3260 amasium
995 3212 1040 3260 est
1059 3200 1178 3271 artilex,
1208 3198 1309 3261 Deum

170 3278 346 3351 ¹subducunt.
380 3277 567 3337 Videnttam
580 3278 752 3358 exquisitum
771 3277 923 3341 artificium
944 3278 975 3335 iu
995 3276 1116 3358 singulis
1136 3277 1195 3337 suis
1214 3284 1309 3336 memi

172 3356 231 3415 bris
250 3353 287 3412 ab
309 3374 362 3413 ore
382 3366 413 3411 et
432 3353 524 3414 oculis
551 3375 643 3433 usque
669 3356 704 3413 ad
730 3354 848 3414 inbutos
873 3352 1058 3433 unguiculas.
1109 3354 1166 3413 llic
1187 3373 1246 3431 quo
1270 3372 1309 3413 ue

172 3443 305 3491 naturam
336 3429 518 3489 substituunt
549 3432 577 3489 in
611 3432 709 3490 locum
735 3430 802 3489 Dei.
860 3432 919 3489 Sed
951 3428 1091 3508 imprimis
1122 3442 1178 3499 tana
1213 3376 1308 3509 agiles

171 3509 285 3570 animae
305 3518 411 3578 anetus,
432 3520 492 3567 tarn
512 3506 678 3586 praeclarae
700 3507 863 3580 facultates,
883 3518 941 3567 tam
961 3526 1043 3565 rarae
1064 3506 1149 3567 dotes
1170 3506 1309 3565 divinita-

172 3598 232 3645 tem
252 3603 324 3663 prae
343 3603 374 3641 se
395 3584 504 3659 lerunt,
524 3605 649 3662 quaese
670 3606 730 3643 non
748 3584 859 3663 patitur
872 3581 958 3643 facilc
975 3583 1076 3641 celari:
1098 3583 1152 3641 nisi
1168 3582 1329 3661 Epicurei·

171 3674 310 3739 tanquam
331 3658 491 3739 Cyclopes,
511 3680 544 3719 ex
564 3660 618 3721 bac
637 3660 792 3719 altitudine
814 3660 923 3719 bellum
943 3660 1010 3718 Deo
1032 3660 1196 3737 protervius
1215 3658 1310 3719 inler-

63 3738 67 3749 '
172 3750 248 3798 rent.
293 3736 376 3795 ltane
401 3756 472 3795 vero
497 3738 532 3797 ad
558 3738 720 3817 regendum
749 3737 880 3816 quinque
905 3736 1011 3825 pedum
1035 3736 1226 3795 vermiculum
1250 3736 1311 3797 toti

172 3810 307 3874 coelestis
332 3813 494 3893 sapientiae
520 3813 646 3873 thesauri
678 3815 878 3873 concurrunt?
920 3812 1090 3871 universitas
1121 3813 1223 3871 mundi
1254 3810 1311 3873 bae

172 3890 375 3972 praerogativa
396 3890 526 3951 carebit?
565 3890 667 3950 Primo
686 3902 814 3951 statuere
826 3888 935 3968 aliquid
956 3888 1127 3967 organicum
1152 3889 1312 3961 inanima,

79 3962 84 3975 '
173 3969 252 4045 quod
273 3965 395 4045 singulis
416 3967 548 4045 partibus
569 3968 758 4047 respondeat,
778 3967 851 4025 adeo
873 3964 945 4023 nibil
965 3970 1000 4023 ad
1022 3966 1237 4025 obscurandam
1248 3965 1310 4026 Dei

172 4046 296 4124 gloriam
318 4044 401 4114 l'acit,
422 4056 455 4102 ut
474 4044 572 4124 potius
594 4066 657 4103 cam
677 4043 813 4103 illustret.
851 4042 1043 4121 Respondeat
1063 4042 1222 4133 lipicuurus,
1244 4042 1310 4121 quia

64 4160 67 4165 ,
171 4135 336 4180 atomorum
358 4141 518 4181 concursus
538 4121 636 4179 cibum
663 4133 692 4180 et
713 4132 820 4211 potum
840 4139 985 4198 coquens,
1013 4131 1127 4197 partem
1151 4142 1184 4179 m
1208 4138 1327 4178 excre-.

171 4204 286 4269 inenta,
316 4194 478 4277 partem'in
499 4197 669 4279 sanguinem
691 4194 819 4278 digerat,
840 4215 873 4254 ac
894 4194 1003 4254 efficiat
1024 4207 1056 4255 ut
1075 4194 1196 4279 singulis
1215 4215 1312 4265 menr-

172 4274 233 4335 bris
252 4287 333 4335 tanta
353 4274 390 4343 sit
409 4274 550 4333 industria
571 4274 607 4333 ad
626 4274 832 4352 praestandum
844 4271 1002 4350 ultimum,
1021 4273 1082 4335 acsi
1098 4274 1223 4335 totidem
1244 4272 1312 4332 ani-

171 4372 237 4411 mae
256 4346 405 4412 commu'ni
426 4349 549 4410 consilio
570 4370 678 4430 corpus
698 4372 788 4412 unum
809 4348 965 4432 regerent?
