2700 4732
348 204 427 267 tttt.
445 204 487 267 11.
527 203 615 269 CAP.
635 204 676 271 ΙΙ.
1020 215 1080 279 189

127 350 234 412 Innuit
253 351 348 425 enim,
370 374 453 412 suum
472 350 626 433 ingenium
645 371 827 433 nequaquam
847 352 1000 431 sulficere,
1025 358 1076 436 qui

89 428 236 509 »btingere
259 427 315 488 sibi
340 430 428 509 cupit.
475 431 580 507 Neque
606 429 634 488 id
659 429 749 488 scmel
776 429 859 491 sarit:
891 431 991 491 sedin
1012 454 1076 495 uuo

89 506 175 567 lecies
196 504 261 564 iere
280 508 390 585 repetit
416 506 538 564 caudens
559 506 768 585 precationem.
807 504 873 579 Qua
894 510 1076 587 repetitione

89 594 116 657 ct,
135 593 247 673 quauta
267 580 303 640 ad
324 582 481 660 petendum
502 583 674 641 necessitate
691 593 839 662 urgeatur.
878 582 1004 663 thuod
1025 586 1076 645 ille

97 670 190 739 petit,
217 656 322 716 Paulus
347 658 543 717 communiter
567 659 695 718 ecclesiis
722 658 835 736 precari
859 658 944 718 solet.
982 660 1076 735 „Non

89 756 121 807 n,
149 734 247 812 iuquit
266 732 353 809 (Col.
374 742 409 809 1,
428 738 487 811 9.),
518 754 603 793 orare
624 756 678 813 pro
698 736 781 793 vobis
806 746 836 793 et
857 734 1020 813 postulare,
1039 749 1074 798 ut

89 810 142 871 aiei
166 810 317 947 aqpitione
337 810 394 868 llei
420 810 448 868 iu
470 811 550 868 omni
571 811 724 890 prudentia
745 821 775 869 et
798 810 995 892 intelligentia
1013 813 1075 893 spi·

96 898 128 947 et
145 908 192 947 a·
217 884 303 945 oletis
322 887 410 968 digne
430 885 517 946 Dco“
538 898 593 946 etc.
643 886 770 960 Quoties
798 898 896 947 autem
922 908 985 948 eam
1008 910 1073 951 rem

88 962 194 1023 fficium
214 962 297 1037 iacit,
315 963 533 1023 meminerimus
552 983 618 1021 eum
636 963 720 1022 simul
741 963 855 1036 testari,
879 984 940 1023 non
960 984 1023 1025 esse
1041 966 1074 1027 in

89 1037 223 1099 facultate
243 1038 376 1118 positam.
413 1039 499 1098 Adeo
518 1053 613 1098 autem
635 1040 712 1098 bunc
732 1038 851 1099 rationis
869 1040 1015 1101 delectum
1035 1038 1074 1103 ed

89 1115 131 1174 ida
151 1134 229 1195 quae
247 1116 306 1174 Dei
326 1126 408 1189 suot,
428 1116 548 1198 agnovit
566 1116 746 1196 Augustinus
766 1114 834 1195 [lib.
854 1122 882 1181 2.
904 1117 940 1174 de
960 1130 1072 1197 peccat.

107 1192 217 1251 remiss.
237 1191 365 1270 cap.5.],
385 1203 496 1251 utnon
516 1192 610 1250 minus
631 1195 819 1251 necessariam
838 1192 985 1254 mentibus
1003 1193 1073 1265 illu-

89 1267 252 1348 ingratiam
274 1280 373 1347 putet,
400 1290 485 1346 quam
506 1268 598 1327 oculis
617 1267 685 1327 solis
706 1267 809 1327 lucem.
855 1270 918 1329 Nec
939 1289 976 1329 eo
996 1292 1072 1331 con-

89 1344 305 1404 correctiouem
325 1344 455 1416 subiicit,
486 1345 566 1422 quod
587 1344 687 1403 oculos
713 1343 766 1423 ipsi
787 1345 932 1422 aperimus
951 1344 986 1406 dd
1007 1366 1072 1407 cer·

92 1419 205 1479 lucem:
234 1421 339 1480 meotis
364 1432 460 1479 autem
486 1420 578 1493 oculi,
611 1420 665 1479 nisi
694 1441 709 1479 a
734 1421 866 1479 Domino
892 1426 1072 1501 aperiantur,

89 1508 181 1555 ruent.
225 1498 330 1575 Neque
354 1517 415 1556 uno
439 1508 551 1555 tantum
577 1497 624 1555 die
649 1496 805 1555 illuminari
824 1508 936 1557 mentes
956 1514 1071 1561 nostras

88 1573 212 1653 riptura,
233 1585 265 1631 ut
284 1573 389 1632 deinde
408 1593 461 1651 per
479 1592 511 1631 se
530 1574 661 1632 videant:
681 1573 747 1652 quia
768 1572 805 1632 ad
823 1575 980 1637 continuos
999 1596 1071 1656 pro·

89 1660 107 1707 et
129 1648 312 1708 incrementa
333 1650 479 1727 pertinet,
498 1650 577 1727 quod
603 1672 640 1707 nu
665 1668 696 1708 er
715 1649 819 1709 adduxi
839 1669 872 1708 ex
890 1650 993 1711 Paulo.
1031 1653 1072 1712 Et

89 1736 125 1783 te
142 1725 281 1805 exprimit
298 1726 409 1799 David,
430 1725 472 1784 bis
493 1726 601 1785 verbis:
620 1672 677 1797 „ln
691 1737 756 1785 toto
775 1726 865 1785 corde
885 1730 956 1786 meo'
968 1750 1001 1787 ex
1024 1728 1072 1787 ui-

89 1820 113 1859 re
124 1822 226 1861 errare
240 1821 288 1861 me
307 1801 393 1861 facias
412 1823 428 1861 a
448 1803 589 1863 mandatis
609 1803 685 1861 tuis“
705 1802 769 1878 (t’s.
789 1809 864 1876 119,
884 1804 956 1880 w.)-
993 1748 1071 1865 llam

89 1878 200 1969 genitus
219 1890 311 1952 esset,
336 1879 468 1956 adeoque
492 1900 552 1938 uon
574 1877 731 1960 vulgariter
755 1878 927 1957 profecisset
952 1879 981 1938 in
1003 1900 1071 1943 vere

90 1964 189 2015 utetur
206 1965 305 2014 tamen
325 1955 435 2015 assidua
454 1954 616 2015 directione
635 1975 667 2015 se
686 1975 760 2034 opus
780 1954 887 2015 babere
907 1956 936 2013 in
956 1954 1071 2037 singule

94 2049 163 2105 ,ne
187 2050 204 2090 a
227 2031 349 2091 scientia
370 2052 424 2108 qua
444 2032 590 2111 praeditus
617 2042 661 2091 est
683 2030 820 2090 declinet.
872 2032 976 2110 Itaque
998 2033 1070 2095 alibi

89 2107 151 2183 12)
170 2119 283 2166 rectum
302 2107 445 2186 spiritum,
465 2128 551 2185 quem
571 2129 620 2166 sua
640 2107 724 2186 culpe
743 2106 959 2185 perdiderat*),
980 2108 1070 2169 inno-

89 2206 109 2243 ιε
129 2186 198 2262 quia
218 2184 347 2243 eiusdem
358 2184 416 2243 Dei
435 2196 489 2257 est,
509 2184 588 2262 quod
608 2185 692 2244 initio
713 2184 843 2257 dederat,
863 2184 991 2245 ablatum
1011 2208 1069 2247 no·

89 2280 173 2353 mpus
192 2260 355 2319 restituere.

101 2336 301 2396 haminanda
321 2358 398 2397 nunc
416 2335 567 2410 voluntas,
590 2336 620 2395 in
641 2358 695 2415 qua
720 2338 874 2417 praecipue
899 2334 1011 2397 arbitrii
1032 2337 1069 2397 li-

89 2414 196 2473 scitur:
224 2413 457 2492 quandoquidem
484 2417 575 2494 magis
599 2414 682 2473 buius
702 2434 764 2473 esse
784 2414 960 2473 electionem
980 2435 1069 2493 quam

89 2512 120 2561 s,
137 2502 209 2548 ante
233 2490 324 2548 visum
350 2501 394 2549 est
417 2490 462 2566 (in
484 2491 542 2548 bne
562 2512 584 2548 s.
604 2494 655 2565 1.).
694 2489 860 2568 Principio,
880 2510 918 2547 ne
939 2493 1007 2568 quid
1031 2490 1069 2551 ad

100 2565 259 2625 voluntatis
279 2567 483 2626 rectitudinem
505 2567 651 2645 pertinere
670 2568 813 2637 videatur,
834 2566 912 2656 quud
934 2587 949 2625 a
971 2567 1069 2644 pbilo-

89 2644 205 2713 aditom,
225 2642 343 2721 publico
363 2664 507 2702 consensu
526 2655 674 2718 receptum
694 2655 747 2711 est,
767 2663 864 2701 omma
881 2643 1002 2702 naturali
1020 2645 1068 2702 in-

89 2740 177 2777 unum
197 2731 350 2798 appetere:
376 2720 577 2788 observemus,
597 2720 680 2779 liberi
701 2720 814 2777 arbitrii
835 2720 891 2777 vim
913 2739 973 2777 nou
995 2741 1068 2779 con-

92 2818 119 2853 m
140 2798 169 2854 iu
192 2796 332 2853 eiusmodi
357 2797 504 2874 appetitu,
535 2797 584 2875 qui
611 2797 700 2875 magis
726 2798 761 2854 ab
783 2797 925 2854 essentiae
945 2794 1069 2855 inclina-

89 2892 127 2935 ιω
149 2873 252 2930 mentis
272 2871 484 2930 deliberatione
505 2873 724 2950 proficiscitur.·
745 2874 819 2931 Nam
840 2884 871 2929 ct
889 2871 1065 2931 Scholastici

96 2947 239 3027 [Thomas
259 2961 331 3025 part.
351 2955 377 3011 1.
397 2960 506 3026 quaest
525 2954 574 3011 83.
599 2961 651 3007 art.
671 2948 731 3027 3.]‚
762 2947 868 3005 nullam
895 2968 956 3007 esse
980 2947 1069 3007 liberi

92 3026 229 3097 ctionem,
249 3024 302 3082 nisi
316 3026 383 3083 dum
400 3045 431 3083 se
453 3026 526 3083 ratio
548 3027 634 3084 vertit
654 3026 689 3084 ad
703 3025 847 3103 opposita.
887 3026 958 3098 Quo
979 3022 1069 3083 intel-

89 3113 203 3178 portere
223 3102 367 3189 appetitus
381 3100 528 3159 obiectum
549 3102 606 3160 tale
627 3121 698 3173 esse,
718 3101 797 3180 quod
816 3100 954 3160 electioni
969 3100 1070 3161 subia-

101 3177 341 3243 deliberatronem
366 3178 493 3255 praeire,
520 3198 593 3255 quae
619 3177 757 3237 electioni
778 3180 851 3236 viam
870 3189 990 3236 sternat.
1027 3177 1068 3238 Et

94 3253 226 3345 respicias
247 3253 332 3332 quale
356 3260 392 3313 sit
418 3255 493 3312 istud
515 3255 644 3313 naturale
665 3254 737 3313 boni
757 3255 786 3311 in
813 3254 931 3312 bomine
951 3253 1068 3313 deside-

90 3348 177 3389 renres
198 3328 240 3388 illi
261 3352 325 3388 cum
347 3329 449 3389 belluis
469 3350 530 3389 esse
557 3350 722 3391 commune.
770 3329 920 3408 Siquidem
945 3341 975 3389 et
1001 3329 1068 3390 illae

90 3402 171 3465 iesse
193 3407 332 3484 cupiunt:
353 3418 383 3465 et
403 3406 452 3465 ubi
472 3408 584 3485 species
605 3408 692 3479 boni,
712 3426 784 3485 quae
804 3427 920 3464 sensum
941 3419 1068 3481 moveat,

93 3499 125 3541 eo
142 3495 315 3561 sequuntur.
352 3483 452 3542 Homo
466 3504 546 3556 veru,
567 3505 621 3541 nec
641 3485 669 3541 irl
690 3484 769 3561 quod
790 3502 858 3540 vere
877 3483 933 3541 sibi
955 3485 1067 3543 bonum

89 3572 206 3618 naturae
227 3579 296 3617 suae
315 3558 484 3618 immortalis
504 3558 688 3632 excellentia,
709 3561 822 3618 ratione
843 3558 960 3639 deligit,
984 3570 1017 3617 ut
1035 3559 1067 3617 id

89 3648 262 3715 rrsequatur:
287 3655 341 3693 nec
361 3636 502 3694 rationem
523 3636 644 3694 adhibet
663 3636 693 3694 in
714 3635 880 3704 consilium,
907 3655 962 3694 nec
983 3654 1067 3693 men·

89 3712 156 3771 rdit:
177 3713 228 3770 red
249 3712 311 3770 sine
324 3713 449 3781 ratione,
469 3713 531 3770 sine
547 3711 682 3783 consilio,
703 3725 823 3770 naturae
837 3710 1067 3783 inclinationem,

89 3789 176 3862 cudis,
196 3788 337 3865 sequitur.
374 3788 455 3846 Nihil
476 3808 546 3867 ergo
570 3789 625 3846 boc
645 3789 680 3846 ad
700 3787 814 3846 arbitrii
834 3786 1009 3859 libertatem,
1028 3807 1067 3844 au

89 3886 130 3923 tsu
149 3877 273 3923 naturae
298 3863 334 3921 ad
354 3865 465 3925 bonum
492 3864 688 3954 appetendum
715 3864 838 3922 feratur:
870 3863 920 3920 sed
942 3862 998 3921 boc
1017 3880 1068 3920 re-

91 3952 123 4000 ut
142 3941 255 4001 bouum
267 3952 345 3998 recta
359 3942 475 4000 ratione
487 3941 636 4013 diiudicet,
656 3944 807 4021 cognitum
821 3937 920 4017 eligat,
941 3938 1067 3997 electum

91 4038 135 4076 ur·
175 4018 220 4077 Ac
242 4036 279 4075 ne
292 4017 338 4075 cui
350 4015 501 4096 scrupulus
521 4017 682 4092 inhaereat,
701 4015 895 4077 advertendus
905 4026 950 4073 est
961 4011 1067 4093 duplex

89 4171 226 4185 ῃ

89 4274 193 4331 sparte,
208 4262 247 4314 vel
264 4258 293 4314 in
309 4283 321 4314 s
342 4261 435 4315 eciem:
458 4261 498 4313 vel
516 4282 568 4332 quo
587 4261 678 4326 dignor
695 4272 750 4312 erat
766 4255 886 4328 privari.¹‘
919 4255 964 4309 Sic
982 4254 1068 4308 Calvi·

89 4332 257 4384 mamad
274 4332 300 4382 lu
317 4280 343 4385 l.
