2700 4732
117 190 158 251 28
478 180 553 244 Llll.
571 180 630 241 111.
670 182 759 245 Chl'.
779 182 863 243 xttl.

118 346 151 389 se
168 325 345 387 nauseantis
364 326 499 404 improbe
517 326 657 401 retinent,
675 323 797 405 perinde
816 324 874 385 acsi
894 326 987 405 paries
1006 324 1166 384 radiumae
1179 344 1246 403 par·

16 460 21 486 ,
118 402 213 465 turice
231 402 320 475 dicat,
339 421 425 481 quem
444 402 564 481 surripit
582 422 637 482 per
655 400 821 461 fenestram.
859 402 905 461 Ne
926 398 1040 481 longius
1063 399 1113 461 bic
1137 398 1245 459 immo-

116 500 232 552 remur,
252 477 407 539 habeamus
428 476 546 537 brevem
565 478 616 537 sed
637 478 802 560 generalem
823 487 991 557 certamque
1007 475 1159 557 regulam,
1179 492 1245 533 enm

118 556 154 617 ad
174 554 389 636 participandos
408 554 521 613 divinae
540 554 756 614 misericordiae
776 554 885 613 fructus
905 565 1121 632 comparatum,
1141 550 1245 631 quise

116 633 211 713 ipsum
232 652 292 691 non
313 632 378 690 dico
399 630 506 690 iustitia
526 634 616 708 (quae
635 630 713 690 nulla
732 632 800 705 est),
831 630 881 689 sed
905 652 976 689 vana
997 641 1182 707 ventosaque
1200 624 1244 687 iu·

116 709 211 769 stitiae
230 708 285 767 ima
309 708 358 765 ine
397 705 492 767 enitus
511 707 680 766 exinanivit:
705 706 771 785 quia
793 717 904 765 tanturn
923 707 1044 785 quisque
1064 702 1172 765 obiicit
1190 704 1244 763 im-

116 784 276 866 pedimenti
327 784 354 842 ei
372 726 594 861 beneficentiae,
612 794 751 863 quantum
770 783 800 843 in
820 802 852 843 se
870 783 934 863 ipso
952 781 1105 863 aquiescit.

479 1101 735 1171 CAPUT
785 1103 877 1171 Xlll.

189 1297 270 1353 Duo
292 1311 370 1353 esse
389 1292 424 1351 in
444 1292 605 1373 gratuita
630 1292 910 1354 iustificatione
930 1292 1165 1355 observanda.

177 1471 265 1523 Partes
283 1467 393 1537 Capitis:
427 1466 459 1537 f)
476 1470 568 1522 Gloria
584 1470 637 1523 Dei
653 1485 678 1523 et
694 1471 866 1523 conscientiae
878 1472 1045 1542 tranquillitas
1066 1472 1096 1523 ira
1116 1468 1240 1523 iustifica-

110 1556 184 1609 tione
200 1554 308 1619 gratuita
325 1554 500 1606 observandae
517 1568 665 1606 occurrunt.
699 1556 856 1619 ingloriam
874 1556 924 1608 Dei
941 1570 1066 1626 peccant,
1093 1554 1138 1625 qui
1162 1554 1192 1605 ira
1213 1574 1242 1607 ss

110 1640 254 1707 gloriantur
263 1653 287 1691 et
296 1652 365 1691 extra
375 1639 505 1692 Christum
522 1638 610 1707 (cuius
627 1637 718 1691 iustitia
730 1641 783 1691 lide
799 1640 959 1708 apprehensa
977 1660 1065 1691 coram
1074 1638 1135 1691 Deo
1155 1638 1241 1691 electis

111 1725 233 1779 omnihus
258 1725 291 1775 ad
312 1723 550 1776 reconciliationem
576 1736 601 1773 et
621 1724 729 1774 salutem
746 1738 876 1775 aeternam
895 1725 1063 1776 obtinendam
1080 1722 1239 1793 imputatur)

109 1808 231 1862 iustitiam
249 1821 384 1877 quaerunt,
400 1821 459 1860 sect.
477 1808 501 1859 1.
519 1822 544 1859 et
559 1808 587 1861 2.
600 1834 633 1847 -
666 1807 698 1875 2)
718 1806 899 1859 Conscientiae
914 1807 1081 1877 tranquillitas
1097 1808 1172 1859 nulla
1190 1806 1237 1859 alia

108 1894 218 1955 ratione,
235 1911 313 1961 quam
330 1890 508 1943 iustificatione
524 1890 632 1957 gratuita
649 1892 748 1963 acquiri
763 1906 859 1962 potest:
886 1894 959 1963 quod
976 1892 1080 1944 abunde
1103 1894 1238 1963 probatur,

107 1992 167 2033 sect.
182 1978 273 2033 8-5.

184 2153 212 2210 1.
250 2141 290 2202 At
312 2163 349 2203 uc
368 2145 491 2204 omnino
512 2142 630 2222 quidem
650 2142 709 2204 duo
729 2144 776 2205 hic
801 2144 957 2225 praecipue
982 2144 1140 2224 spectanda
1159 2154 1236 2217 sunt,

107 2240 216 2301 nempe
245 2232 279 2280 ut
335 2222 436 2279 omino
468 2218 579 2279 illibata
609 2232 726 2280 coarctet
748 2243 782 2281 ac
802 2222 892 2283 veluti
911 2233 985 2280 sarta
1004 2234 1081 2281 tecta
1100 2242 1152 2281 sua
1171 2220 1234 2303 glo·

107 2299 162 2371 ria,
181 2296 365 2357 conscientiis
383 2315 457 2357 vero
476 2296 583 2356 nostris
603 2318 702 2355 coram
721 2298 810 2376 ipsius
828 2298 935 2357 iudicio
955 2296 1066 2377 placida
1094 2298 1180 2376 quies
1203 2318 1236 2358 ae

107 2394 211 2435 serena
231 2372 431 2451 tranquillitas.
481 2372 620 2432 Videmus
648 2375 763 2452 quoties
784 2396 817 2435 ac
837 2395 921 2453 quarn
940 2374 1065 2434 sollicite
1084 2374 1151 2433 Scri
1176 2386 1236 2435 tura

108 2470 165 2509 nos
185 2448 320 2507 hortetur
338 2450 376 2508 ad
395 2447 572 2509 reddendam
591 2446 646 2509 soli
665 2450 734 2509 Deo
755 2450 845 2510 laudis
864 2450 1096 2523 confessionem,
1127 2396 1181 2511 udi
1199 2450 1235 2511 de

107 2523 218 2586 iustitia
237 2525 342 2605 agitur.
360 2524 459 2604 Atque
478 2525 552 2586 adeo
571 2524 650 2586 hunc
669 2525 756 2585 finem
768 2528 899 2586 Domino
917 2525 1002 2587 fuisse
1012 2540 1139 2587 testatur
1153 2529 1234 2607 Apo·

107 2600 200 2663 stolus
220 2602 419 2661 conferendae
439 2601 524 2662 nobis
542 2600 573 2660 io
588 2602 706 2662 Christo
727 2603 865 2677 iustitiae,
884 2614 917 2661 ut
934 2626 1015 2663 stram
1036 2604 1097 2681 ipse
1110 2604 1233 2663 densor-

107 2688 221 2739 straret.
269 2678 339 2738 Mox
362 2697 435 2738 vero
463 2676 554 2757 qualis
572 2678 622 2738 illa
641 2679 679 2740 sit
700 2679 909 2739 demonstratio
929 2679 1095 2761 subiungit,
1126 2698 1232 2759 nempe

107 2756 131 2815 si
151 2753 229 2815 solus
248 2753 298 2813 ille
318 2754 414 2815 Iustus
434 2766 642 2836 cognoscatur,
665 2776 699 2815 ac
719 2756 873 2816 iustificans
897 2776 963 2815 eum
989 2757 1038 2835 qui
1059 2770 1102 2815 est
1122 2777 1157 2815 ex
1177 2756 1232 2816 fide

106 2832 175 2891 Iesu
195 2830 305 2892 Christi
325 2832 467 2909 (Rom-3,
486 2834 559 2909 25)
599 2832 674 2891 Vide
693 2833 831 2893 iustitiam
851 2832 908 2891 Dei
928 2854 989 2891 non
1004 2832 1073 2892 satis
1085 2833 1232 2907 illustrari,

106 2907 163 2968 nisi
187 2920 217 2967 et
240 2907 319 2969 solus
344 2920 497 2969 censeatur
521 2910 627 2979 iustus,
657 2921 687 2969 et
710 2908 929 2968 immerentibus
953 2909 1080 2968 institiae
1112 2912 1231 2991 gratiam

107 2985 314 3045 eommunicet.
352 2986 415 3045 llac
441 2985 556 3045 ratione
579 2986 641 3045 vult
664 3006 752 3046 omne
778 3007 810 3044 os
837 2985 985 3057 obturari,
1016 2997 1047 3043 et
1072 2985 1230 3047 obnoxium

106 3061 162 3120 sibi
182 3061 263 3120 reddi
284 3064 448 3121 universum
468 3062 608 3121 mundum
627 3061 713 3137 (ibid.
723 3068 752 3135 3,
772 3063 848 3137 19.):
890 3062 936 3120 uia
955 3062 1127 3141 quantisper
1145 3064 1232 3124 habet

106 3136 208 3209 homo,
229 3139 308 3217 quod
329 3138 359 3197 in
380 3159 459 3197 suam
481 3138 680 3199 defensionem
701 3137 853 3218 loquatur,
869 3084 938 3197 qDei
957 3138 1071 3218 gloriae
1096 3140 1231 3201 nonnihil

107 3212 232 3277 decedit.
270 3214 321 3273 Sic
341 3215 416 3293 apud
436 3216 618 3275 Ezechielem
640 3215 743 3281 docet,
767 3226 949 3294 quantopere
974 3236 1006 3272 cr
1026 3218 1232 3295 recognitione

107 3300 225 3348 nostrae
245 3289 404 3369 iniquitatis
425 3312 532 3350 nomen
552 3314 634 3351 suum
655 3291 860 3371 glorificemus.
900 3290 1232 3431 „Recordnbinriniqin-

107 3366 192 3444 „quit
204 3366 311 3425 Ezech.
322 3374 370 3441 20,
381 3374 427 3431 42.
438 3371 489 3444 ss.)
508 3368 618 3427 viarum
639 3381 670 3427 et
689 3369 819 3427 omniurn
836 3366 988 3439 scelerum,
1009 3367 1114 3446 quibus
1125 3371 1175 3448 pol
1190 3372 1232 3431 nti

106 3442 209 3516 „estisz
235 3453 265 3501 et
285 3443 473 3523 displicebitis
492 3444 575 3504 vobis
593 3446 624 3503 in
645 3456 804 3523 conspectu
823 3456 937 3513 vestro,
964 3446 992 3502 in
1014 3444 1151 3505 omnibus
1172 3470 1231 3507 ma-

106 3518 196 3593 „litiis
217 3541 287 3597 quas
308 3520 498 3579 commisistis.
548 3520 587 3579 Et
605 3521 701 3580 scietis
721 3520 787 3599 quia
809 3540 864 3600 ego
883 3520 1045 3593 Dominus,
1071 3544 1160 3599 quum
1181 3524 1232 3583 be·

106 3596 266 3670 „nelecero
286 3597 371 3656 robis
392 3608 513 3675 propter
537 3616 645 3656 nomen
669 3616 780 3654 meum:
814 3608 843 3654 et.
863 3618 922 3655 non
943 3598 1100 3655 secundum
1121 3599 1232 3660 scelera

105 3684 222 3745 „vestra
240 3675 398 3764 pessima.“
437 3673 470 3734 Si
491 3671 562 3733 haec
581 3673 610 3731 in
632 3692 698 3731 sera
720 3672 1099 3746 lirinotitiacontinentur,
1119 3687 1153 3734 ut
1184 3696 1233 3737 ru·

105 3748 187 3827 priae
206 3749 366 3828 iniquitatis
386 3750 564 3811 conscientia
584 3749 687 3822 attriti,
709 3749 793 3809 nobis
814 3748 986 3807 benefacere
1006 3749 1134 3831 indignis
1149 3697 1232 3813 iheum

106 3837 287 3904 reputemus:
309 3827 378 3904 quid
398 3846 505 3907 magno
527 3838 629 3885 nostro
648 3824 726 3884 malo
747 3836 891 3884 tentamus
917 3825 961 3883 vel
987 3825 1073 3883 nllnm
1104 3830 1232 3906 particu-

106 3899 161 3958 lam
183 3924 216 3961 ex
236 3904 288 3962 ista
308 3904 451 3984 gratuitae
472 3902 658 3983 benignitatis
678 3902 760 3962 laude
781 3903 910 3961 llomino
937 3902 1092 3961 suffurari?
1119 3904 1233 3965 Simili-

104 3988 152 4036 ter
170 3977 319 4053 Ieremias,
339 3980 406 4039 dum
429 3980 533 4039 clamat
557 3986 600 4055 (9,
619 3985 666 4042 2⁴3.
679 3980 797 4051 etms
818 3979 883 4053 „Ne
904 3978 1046 4055 glorietur
1065 3982 1182 4058 sapiens
1201 3982 1233 4041 iu

104 4057 265 4132 „sapientia
285 4078 351 4131 sua,
382 4068 430 4115 ant
456 4056 583 4115 diresin
606 4055 709 4115 divitiis
729 4056 803 4127 suis,
835 4066 885 4113 aut
904 4057 988 4114 fortis
1007 4056 1037 4112 iu
1059 4053 1234 4117 fortitudine

104 4152 189 4205 „suaa
218 4133 268 4191 sed
289 4134 340 4211 qui
360 4132 518 4215 gloriatur,
538 4134 568 4190 in
589 4132 721 4192 Domino
742 4133 929 4213 glorietur:“
960 4152 1058 4191 annon
1079 4133 1177 4193 innuit
1197 4134 1234 4193 de

104 4207 198 4281 gloria
222 4208 281 4267 Ilei
315 4208 449 4269 nonnihil
476 4208 626 4288 deperire,
657 4209 680 4267 si
706 4212 735 4267 in
761 4210 916 4287 semetipso
949 4210 1037 4267 horno
1072 4208 1236 4289 gloriatus-'i

103 4284 140 4343 ln
152 4283 230 4345 hunc
240 4298 322 4347 certe
332 4308 416 4349 usum
425 4286 532 4349 Paulus
545 4285 634 4349 verba
654 4284 703 4347 illa
723 4286 925 4347 accommodat
937 4285 976 4363 (l.
985 4286 1057 4345 (lor.
1069 4292 1152 4363 ·l,‘a'.9·
1164 4290 1236 4369 sq),
