2700 4732
102 164 162 257 n
473 156 874 251 mmmm

173 334 206 405 1)
221 333 311 390 Prima
328 335 428 398 elassis,
446 355 515 407 quae
530 335 655 401 generalis
672 349 724 397 est,
751 349 776 387 et
802 333 921 387 omnium
938 346 1154 398 argumentorum
1172 332 1241 387 relati

105 420 321 483 fundamentum,
348 419 464 473 eontinet
491 434 672 487 argumentum
701 440 716 472 a
742 419 867 484 legalibus
891 404 1111 488 promissionibus
1132 418 1242 487 petitum,
1278 460 1281 465 .

108 506 184 575 quod
201 518 262 559 sect.
279 505 364 560 1-3.
382 508 544 577 expenditur.
561 540 596 553 -
629 506 663 576 2)
679 506 767 557 Altera
786 524 800 556 a
817 502 901 573 priori
918 504 1009 565 lluens,
1028 516 1054 553 ct
1068 500 1193 571 specialia
1209 522 1243 556 ar·

107 602 227 655 tumenta
247 608 413 661 proponens:
440 593 586 645 secundom
610 604 696 643 autem
714 610 745 641 ex
762 588 878 641 Cornelii
902 588 1009 641 historia
1031 586 1156 639 baustum
1171 586 1244 659 expli-

108 688 189 737 catur,
205 688 265 727 sect
282 675 307 728 1.
326 688 351 726 et
368 675 393 728 ὗ.
412 705 444 717 -
478 675 511 743 3)
528 673 585 727 Hac
604 675 741 727 occasione
759 673 864 725 additur
881 672 1014 724 luculenta
1031 671 1160 741 expositio
1177 672 1246 725 loro·

81 760 84 767 '
108 780 170 829 rum¹
185 759 350 830 Scriptum,
367 760 413 830 qui
432 762 586 813 elementem
605 780 636 811 ac
654 759 798 831 propitium
814 758 925 811 iustitiae
943 755 1089 809 cultoribus
1105 754 1198 809 Deum
1212 756 1246 809 tl-

107 843 225 907 lirmant,
240 861 301 897 sect.
318 845 343 899 6.
362 874 395 887 ·-
429 842 462 913 1)
479 842 598 896 Tertium
616 859 797 908 argumentum
819 863 849 895 ex
866 842 944 903 loeis,
961 839 1005 910 qui
1023 842 1097 892 bona
1114 858 1198 909 opere
1211 840 1245 893 ia-

107 926 190 981 stitiae
206 928 283 981 titulo
300 928 458 995 insigniunt,
485 942 510 981 et
527 928 662 980 huminem
679 927 730 981 illis
749 942 865 981 asserunt
887 924 1036 986 iustificari,
1061 938 1126 979 sect.
1145 926 1171 979 7.
1186 924 1246 979 etd·

109 1013 223 1068 diluitur.
245 1042 279 1055 ·-
312 1012 345 1081 b)
367 1011 473 1066 Deinde
497 1014 575 1066 {irruo
600 1012 749 1065 dilemmate
772 1027 898 1077 urgentur
921 1008 1072 1072 adversarii,
1099 1008 1248 1079 tolliturque

72 1086 74 1091 ¹
108 1097 222 1167 partialis
239 1117 332 1150 comm
349 1096 456 1159 iustitia,
473 1110 533 1151 sect.
550 1097 575 1151 9.
593 1111 618 1148 et
636 1098 677 1150 10.
694 1119 728 1132 -
762 1096 794 1167 6)
813 1096 943 1164 Quartum
962 1108 1162 1159 argumentum,
1179 1096 1248 1165 Apo·

108 1182 205 1234 stolum
223 1182 350 1235 Iacobum
369 1202 428 1235 eum
447 1181 530 1235 Paulo
555 1180 732 1242 committens,
759 1180 952 1244 consideratur,
977 1193 1037 1232 sect
1056 1183 1098 1235 11.
1116 1193 1143 1232 et
1162 1180 1202 1233 12
1216 1208 1248 1221 -·

109 1267 200 1335 7)Αᾶ
219 1267 339 1338 quintum
362 1280 541 1331 argumentum
560 1285 589 1317 ex
609 1265 730 1335 Apostoli
749 1266 825 1327 loco,
842 1268 953 1318 faetores
970 1264 1056 1330 legis,
1074 1285 1133 1317 non
1150 1264 1248 1319 audito·

108 1370 149 1405 res
166 1351 307 1413 iustificari,
324 1352 474 1420 responsio,
492 1348 553 1403 adet.
572 1352 612 1405 13.
631 1380 663 1390 -
709 1348 741 1419 8)
759 1350 829 1404 Sexti
846 1349 990 1415 argumenti
1013 1368 1043 1401 ex
1059 1349 1142 1413 loeis,
1160 1350 1249 1421 quilm

108 1436 197 1489 fideles
213 1456 287 1489 anam
308 1434 430 1490 iustitiam
447 1436 499 1488 Dei
521 1436 620 1488 indicio
645 1434 842 1487 examinandam
869 1436 992 1487 audacter
1009 1435 1143 1497 ollerunt,
1167 1454 1199 1487 sc
1213 1454 1249 1489 se·

110 1522 226 1573 cundum
245 1540 303 1574 eam
320 1522 354 1573 de
376 1541 403 1574 se
422 1520 498 1574 statui
525 1519 647 1590 eupiunt,
674 1521 862 1581 consideratio,
885 1533 945 1571 sect.
963 1521 1003 1571 11.
1032 1550 1063 1559 -
1099 1519 1133 1589 9)
1150 1519 1249 1573 Postre-

108 1624 183 1659 mum
201 1625 216 1659 a
234 1605 398 1669 testimoniis,
415 1625 483 1677 quae
499 1603 620 1658 iustitiam
640 1619 665 1656 et
680 1605 758 1658 eitam
776 1605 821 1657 riis
839 1604 955 1658 fidelium
974 1604 1121 1667 ascribunt,
1137 1618 1198 1659 sect.
1212 1604 1249 1659 st

109 1704 242 1743 exuuntur.

186 1865 216 1924 l·
254 1859 342 1921 Nune
368 1879 453 1954 perse
477 1881 579 1920 namur
603 1858 656 1919 alia
677 1878 798 1949 quoque
825 1869 1014 1939 argumenta,
1033 1855 1142 1937 quibus
1163 1858 1247 1919 Satan

110 1952 166 2015 per
192 1955 261 1997 suos
285 1936 425 2000 satellites
450 1881 519 1998 lidei
548 1936 786 1996 iustificationem
812 1946 862 1995 aut
887 1935 1005 1994 diruere
1036 1945 1087 1993 aut
1116 1935 1248 1995 deterere

110 2010 240 2072 molitur.
279 2012 356 2073 Illud
383 2013 440 2075 iam
467 2034 615 2075 excussum
642 2032 704 2073 esse
732 2023 804 2092 puto
831 2011 1108 2087 calumniatoribus,
1134 2033 1174 2071 ne
1199 2030 1249 2071 no·

110 2086 224 2149 biseum
249 2090 373 2169 perinde
398 2104 486 2173 agant
511 2104 600 2171 atque
621 2089 769 2150 bonorum
796 2110 921 2170 operum
941 2089 1081 2149 inimicis:
1107 2088 1249 2169 siquiden

110 2166 251 2245 operibus
271 2167 434 2228 detrahitur
453 2167 632 2241 iustificatio,
652 2188 713 2225 non
733 2178 767 2224 ut
787 2165 866 2226 nulla
887 2166 967 2226 bona
988 2168 1059 2226 liant
1079 2187 1096 2226 o
1122 2186 1185 2239 era,
1203 2176 1250 2227 nn

111 2240 192 2304 bona
212 2263 274 2304 esse
294 2258 441 2327 negentur
462 2266 537 2325 qnae
557 2244 645 2305 finnt:
666 2243 717 2305 sed
739 2263 776 2302 ne
796 2242 851 2306 illis
871 2244 1003 2314 fidamus,
1023 2264 1061 2303 ne
1081 2188 1250 2326 gloriemur,

111 2338 151 2378 ne
170 2321 293 2381 salutern
311 2322 499 2383 ascribamus.
538 2321 659 2382 Fiducia
680 2319 759 2379 enim
780 2322 852 2381 haec
871 2333 972 2381 nostra
987 2331 1040 2395 est,
1059 2319 1134 2382 haec
1148 2318 1250 2402 glorie,

113 2406 144 2456 et
164 2397 249 2457 unica
269 2395 368 2458 salutis
388 2420 513 2471 ancora,
566 2399 625 2457 uod
648 2396 782 2458 Christus
806 2397 897 2458 Filius
918 2398 976 2457 Dei
1002 2410 1104 2458 noster
1130 2409 1190 2457 est:
1219 2416 1250 2457 ac

113 2491 169 2533 nos
188 2473 218 2533 in
239 2474 303 2555 ipso
324 2475 448 2536 vicissim
475 2475 527 2534 lilii
579 2475 605 2533 ei
626 2473 768 2557 regnique
789 2476 924 2535 coelestis
944 2476 1100 2547 haeredes,
1121 2474 1181 2535 Dei
1201 2474 1250 2535 be-

113 2549 269 2632 nignitate,
290 2571 351 2610 nun
373 2566 473 2613 nostra
494 2552 652 2633 dignitate,
683 2550 713 2610 in
729 2572 811 2630 spem
831 2565 969 2612 aeternae
990 2551 1183 2613 beatitudinis
1203 2572 1251 2613 vo·

113 2627 180 2687 cati.
221 2628 281 2688 Sed
302 2629 369 2708 quia
389 2630 451 2690 aliis
472 2642 625 2707 practerea
646 2628 802 2703 machinis,
823 2641 855 2688 nt
878 2630 986 2689 dictum
1008 2641 1063 2702 cst,
1084 2650 1141 2689 nos
1161 2629 1251 2711 impe·

112 2715 195 2766 tunt:
216 2726 280 2788 age,
301 2706 331 2765 in
352 2704 408 2769 illis
428 2726 548 2788 quoque
568 2703 772 2785 propulsandis
794 2727 956 2787 pergamus.
976 2741 1013 2753 -
1051 2705 1188 2767 Primum
1206 2726 1252 2767 re·

114 2782 207 2843 deust
226 2784 262 2844 ad
288 2783 396 2867 legales
422 2783 645 2865 promissiones,
678 2804 747 2862 quas
767 2782 855 2865 Legis
881 2805 951 2843 snae
976 2780 1142 2844 cultoribus
1163 2782 1252 2843 edidit

113 2860 273 2921 Dominus:
306 2874 338 2920 et
365 2872 475 2943 rogant
504 2861 666 2920 velimusne
698 2860 791 2920 irritas
818 2882 880 2919 esse
906 2882 1026 2940 prorsus
1046 2882 1084 2919 an
1109 2860 1253 2922 efficaces.

114 2936 216 2998 Irritus
238 2939 335 2999 dicere
355 2938 494 3017 qnoniam
516 2937 658 2997 absonum
679 2959 712 2996 ac
733 2937 887 2996 ridiculum
909 2938 1013 3014 suerit,
1039 2958 1095 3017 pro
1117 2940 1253 3000 confesso

114 3027 275 3089 assumunt,
295 3014 413 3075 alicuius
431 3014 661 3075 esseelficaciae.
702 3013 780 3073 lliuc
792 3014 1011 3088 ratiocinantur,
1031 3036 1092 3074 non
1114 3017 1178 3077 sola
1198 3019 1253 3079 fide

115 3112 170 3151 nos
190 3092 348 3152 iustificari.
388 3093 439 3152 Sic
459 3084 538 3151 eniin
558 3091 705 3151 Dominus
726 3092 858 3169 loquitur
878 3093 983 3170 (Dent.
1003 3099 1038 3163 7,
1058 3100 1105 3157 12.
1128 3099 1255 3175 et13.):

83 3174 86 3187 '
115 3168 258 3249 „Eritqne
278 3171 301 3229 si
321 3169 445 3228 audieris
471 3180 627 3249 praecepta
655 3182 684 3226 et
710 3169 814 3228 iudicia
844 3170 928 3241 baec,
959 3170 1195 3252 custodierisque
1222 3162 1260 3233 ca¹

115 3255 167 3322 „et
187 3246 300 3320 feceris,
321 3246 466 3305 custodiet
486 3247 570 3305 etiam
592 3245 802 3304 tibiliominus
824 3258 939 3324 pactum
962 3260 991 3306 et
1012 3247 1255 3325 misericordiam,

116 3366 136 3399 „
159 3343 223 3383 nam
244 3322 350 3382 iuravit
376 3323 507 3401 patribus
528 3320 599 3381 tuis:
628 3321 729 3402 diliget
756 3335 785 3381 te
805 3343 839 3381 ac
859 3324 1082 3401 multiplicabit,
1111 3337 1142 3384 et
1163 3326 1256 3389 bene·

117 3344 220 3476 „iicet
239 3400 316 3460 tibi“
337 3411 393 3458 cte.
438 3399 514 3457 Item
535 3398 657 3477 (lerem.
677 3407 711 3471 7,
730 3402 858 3477 5-7.):
891 3400 944 3473 „Si
970 3401 1179 3463 benedixeritis
1199 3404 1257 3467 vias

116 3488 244 3551 „vestras
265 3488 295 3535 et
314 3477 407 3534 studia
428 3488 539 3547 vestra,
564 3496 624 3534 non
646 3476 861 3535 ambulaveritis
882 3490 949 3566 post
969 3478 1040 3536 deos
1061 3479 1193 3555 alienos,
1212 3483 1257 3542 iu·

118 3553 247 3632 „dicium
268 3552 395 3611 feceritis
415 3553 494 3610 inter
513 3552 605 3610 virum
628 3564 658 3610 et
677 3552 788 3625 virum,
811 3574 865 3613 nce
886 3576 914 3610 m
937 3555 1076 3614 malitiam
1097 3558 1256 3618 recesseri-

117 3630 189 3706 „tis,
221 3629 377 3690 ambulabo
406 3627 437 3687 in
467 3628 564 3687 medio
590 3629 707 3688 vestri.“
756 3629 835 3689 Nolo
871 3630 948 3689 mille
979 3633 1108 3691 eiusdem
1142 3634 1257 3695 formae

117 3708 223 3767 frustra
243 3707 384 3779 recitare,
415 3725 490 3784 quae
511 3705 627 3784 quando
649 3706 721 3764 nihil
747 3726 832 3765 sensu
848 3706 1013 3779 disserunt,
1034 3710 1155 3770 istarum
1175 3712 1258 3773 solu·

118 3783 200 3844 tione
221 3781 450 3873 explicabuntur.
490 3781 627 3857 Stemma,
652 3783 833 3861 propositam
858 3796 980 3842 testatur
1000 3788 1098 3846 Moses
1122 3787 1153 3845 in
1174 3788 1257 3871 Lege

118 3858 357 3921 benedictionem
377 3870 407 3918 et
427 3857 674 3934 maledictionem,
695 3872 819 3918 mortem
842 3872 871 3917 et
890 3860 976 3919 vitam
998 3863 1103 3939 (Dent.
1118 3872 1166 3938 11,
1183 3870 1257 3945 tta).

117 3976 156 3987 -
176 3937 226 3997 sic
247 3956 318 4017 ergo
338 3946 595 4017 argumentantur,
615 3947 665 3994 aut
684 3935 920 3996 benedictionem
951 3939 1032 3997 istam
1060 3941 1186 4000 otiosam
1212 3942 1258 4003 in·

120 4013 358 4092 fructuosamque
378 4013 453 4087 fieri,
471 4022 523 4071 aut
541 4033 603 4071 non
624 4012 713 4072 solius
735 4033 796 4072 esse
817 4014 885 4072 fidei
906 4015 1153 4077 iustificatiohem.
1193 4018 1257 4080 Iam

117 4111 205 4171 snpra
223 4089 403 4151 ostendimus
414 4089 467 4167 li),
488 4090 640 4170 quomodo
659 4090 684 4151 si
705 4091 736 4149 in
755 4090 837 4173 Lege
856 4090 1038 4170 haereamus,
1059 4096 1143 4154 omui
1162 4094 1258 4158 bene-

185 4256 272 4383 1201.
289 4258 334 4311 lib.
349 4259 382 4313 λ
397 4277 453 4329 cap.
471 4258 495 4312 7.
518 4278 538 4311 a.
555 4260 580 4312 2.
604 4260 631 4311 in
649 4259 710 4310 line.
733 4272 758 4309 et
774 4272 843 4311 sectt.
860 4279 890 4313 sa.
907 4278 989 4330 usque
1006 4262 1040 4312 ad
1057 4282 1076 4314 a·
1092 4263 1119 4319 ll.
1138 4284 1158 4317 s.
1174 4263 1217 4320 15·
1235 4274 1260 4315 et

118 4346 175 4399 erp.
230 4346 251 4380 s.
268 4327 293 4383 ³.
309 4344 368 4399 cap.
385 4329 428 4385 11.
442 4347 463 4381 s.
479 4327 504 4382 8.
521 4341 547 4379 et
563 4326 631 4380 inira
649 4346 706 4397 cap.
723 4326 763 4382 19.
780 4329 840 4382 ab
