2700 4732
469 197 794 261 mmmm
1149 208 1208 274 m

89 351 187 403 nartem
207 337 299 402 homo
317 339 373 402 sibi
392 353 519 421 arrogat.
557 340 681 403 Interim
699 342 724 402 si
742 341 898 419 ministris,
925 363 998 422 quos
1016 343 1097 407 Deus
1116 367 1201 427 prae-

89 419 153 492 icit,
170 421 231 481 ses
248 417 348 496 nisque
368 416 493 478 docilem
517 415 642 490 offerat,
661 437 696 477 ex
715 416 813 481 fructu
830 432 992 500 cognoscet
1012 418 1071 481 non
1093 423 1200 487 frustra

89 493 217 554 decuisse
227 439 303 552 ileo
323 493 400 553 bunc
431 492 714 570 docendi-modum,
739 514 797 556 nec
827 494 931 557 frustra
960 497 1046 556 etiam
1067 498 1200 563 fidelibus

89 590 173 652 ugum
193 570 250 629 hoc
270 570 428 630 modestiae
448 569 616 648 impositum
635 588 707 631 esse.

150 652 179 712 7.
216 646 373 705 Enimvero
394 646 431 704 de
455 645 576 705 ecelesia
600 644 720 721 visibili,
751 657 782 706 et
812 665 887 727 quae
913 646 967 706 sub
997 650 1199 729 cognitionem

89 733 203 782 rostram
223 722 315 792 eadit,
346 719 431 800 quale
462 721 599 780 iudicium
625 720 722 782 faeere
741 723 913 798 conveniat,
947 726 1198 803 exsuperioribus

89 818 131 858 am
156 797 176 856 li
199 817 268 856 uere
295 796 435 856 existimo.
477 797 607 858 Diximus
633 798 710 857 enim
741 797 873 858 bifariam
898 800 935 857 de
959 799 1080 860 ecclesia
1104 823 1198 865 sacras

89 818 283 952 iterashoqui.
321 872 472 933 interdum
514 895 583 932 uum
602 872 751 934 eeclesiam
766 874 929 947 nominant,
949 894 1009 935 eam
1029 876 1198 959 intelligunt

89 969 148 1028 quae
168 968 200 1008 re
219 969 286 1008 vera
305 959 348 1009 est
372 970 469 1008 coram
489 894 572 1023 ibeo,
598 949 629 1008 in
655 971 741 1028 quam
767 949 838 1009 nulli
863 951 1043 1029 recipiuntur
1065 953 1120 1013 nisi
1146 954 1197 1034 qui

92 1038 103 1086 t
123 1025 289 1104 adoptionis
313 1025 405 1105 gratia
428 1024 480 1083 filii
498 1026 556 1084 Dei
575 1035 659 1101 sunt,
680 1037 710 1085 et
728 1024 855 1105 Spiritus
872 1026 1108 1104 sanctificatione,
1128 1049 1196 1091 vera

89 1100 184 1162 {bristi
199 1100 336 1160 membra.
373 1100 418 1161 Ac
437 1113 508 1162 tunc
520 1101 638 1180 quidem
657 1121 718 1161 non
737 1114 851 1161 tantum
860 1113 988 1177 sanctos,
999 1103 1048 1180 qui
1067 1103 1097 1162 in
1117 1116 1196 1167 terra

89 1176 221 1252 obitaot,
239 1176 477 1256 comprehendit,
506 1177 557 1237 sed
577 1176 686 1237 eleetos
706 1197 807 1238 omnes
827 1178 877 1258 qui
895 1176 931 1237 ab
953 1178 1068 1258 origine
1093 1182 1195 1241 mundi

89 1264 201 1313 uerunt.
246 1253 340 1333 Saepe
360 1264 455 1313 autem
475 1253 612 1313 eeclesiae
630 1254 750 1313 nomine
771 1254 930 1314 universam
950 1253 1099 1315 bominum
1119 1257 1194 1317 mul-

89 1328 227 1389 itudinem
246 1328 277 1388 in
296 1329 368 1388 orbe
388 1328 521 1389 diffusam
541 1329 682 1411 designat,
702 1348 776 1420 quae
796 1351 884 1390 unum
904 1349 935 1388 se
946 1328 1041 1389 Deum
1061 1343 1091 1392 et
1104 1330 1194 1395 Chri·

89 1416 147 1464 tum
167 1403 265 1464 colere
284 1405 453 1483 profitetur:
480 1406 627 1484 Baptismo
651 1405 783 1466 initiatur
806 1406 836 1465 in
862 1406 922 1466 eiua
942 1404 1053 1466 fidem
1071 1407 1193 1470 Coenae

89 1480 294 1560 anticipatione
313 1482 453 1540 unitatem
472 1482 502 1541 in
515 1502 580 1540 vera
600 1481 732 1542 doctrina
751 1493 782 1542 et
796 1481 943 1541 caritatem
963 1493 1099 1543 testatur:
1118 1504 1193 1545 con·

89 1556 346 1617 tutionem-habet
365 1559 394 1615 in
414 1557 515 1615 Verbo
536 1557 671 1631 Domini,
690 1569 776 1637 atque
799 1558 836 1617 ad
862 1557 923 1617 eius
946 1558 1191 1636 praedicationem

89 1631 262 1693 sinisterium
282 1645 434 1693 conservat
452 1655 467 1691 a
484 1633 601 1694 Christo
622 1634 792 1692 institutum.
829 1633 865 1692 In
885 1634 937 1694 bac
957 1645 1053 1694 autem
1074 1634 1192 1714 plurimi

89 1720 140 1768 unt
157 1709 291 1789 permixti
310 1709 494 1799 hypocritae,
518 1708 566 1787 qui
592 1708 663 1769 nihil
684 1709 794 1770 Christi
813 1707 922 1769 habent
941 1720 1057 1802 praeter
1074 1709 1192 1771 titulum

91 1785 263 1877 especiem:
283 1784 400 1863 plurimi
420 1784 577 1856 ambitiosi,
597 1787 686 1861 avari,
707 1785 805 1858 invidi,
824 1784 971 1860 maledici,
991 1784 1077 1864 aliqui
1096 1786 1192 1878 impu·

88 1861 157 1921 iores
176 1860 267 1934 vitae,
290 1861 340 1939 qui
364 1860 401 1921 ad
426 1873 537 1940 tempus
561 1860 739 1922 tolerantur:
769 1861 815 1919 vel
835 1864 901 1939 quia
923 1859 1054 1942 legitimo
1078 1860 1189 1924 iudicio

88 1936 205 1997 onvinei
225 1948 385 2016 nequeunt,
404 1937 449 1995 vel
469 1937 616 2016 quianon
636 1957 750 2016 semper
770 1956 803 1997 ea
822 1942 901 2028 viget
921 1937 1088 2016 disciplinae
1105 1958 1190 2000 seve·

89 2014 140 2073 itas
159 2031 233 2091 quae
252 2012 387 2073 debebat.
428 2013 682 2087 Quemadmodum
704 2032 775 2095 ergo
795 2011 881 2074 nobis
900 2012 1082 2089 invisibilem,
1099 2014 1189 2076 solius

89 2089 129 2148 tei
147 2087 239 2149 oculis
251 2089 434 2169 conspicuam
448 2089 596 2149 ecclesiam
609 2089 728 2150 eredere
749 2108 866 2151 neeesse
879 2101 932 2162 est,
951 2089 992 2150 ita
1012 2089 1095 2165 bane,
1115 2109 1190 2170 quae

89 2175 205 2244 espectu
225 2164 373 2225 hominum
393 2165 513 2226 ecclesia
533 2165 654 2241 dieitur,
684 2165 838 2226 observare
863 2165 980 2245 eiusque
1004 2166 1190 2228 communio-

92 2260 139 2301 em
158 2239 256 2302 colere
274 2240 418 2300 iubemur.

143 2322 171 2382 8.
210 2318 339 2377 Proinde
363 2329 505 2397 quatenus
524 2336 586 2378 eam
607 2337 765 2400 agnoscere
784 2330 884 2380 nostra
902 2318 1057 2393 intererat,
1081 2315 1188 2378 Domi·

90 2415 124 2454 us
143 2392 229 2453 certis
249 2394 326 2453 notis
345 2406 375 2452 et
393 2395 474 2472 quasi
492 2394 632 2476 symbolis
652 2395 737 2455 nobis
757 2395 925 2476 designavit.
969 2395 1050 2454 Haec
1070 2394 1187 2473 quidem

89 2467 222 2551 iugulatis
241 2481 285 2529 est
303 2470 359 2529 Dei
379 2471 467 2550 ipsius
508 2471 705 2553 raerogativa,
724 2491 808 2533 nosse
828 2472 877 2551 qui
896 2470 940 2531 sui
958 2470 1032 2545 sint,
1052 2481 1188 2550 utsupra

88 2546 217 2607 itavimus
238 2565 271 2605 ex
290 2545 382 2605 Paulo
402 2546 456 2623 (11.
504 2550 551 2606 im.
563 2555 592 2620 2,
604 2549 674 2623 19.).
712 2547 750 2607 Et
769 2559 847 2608 certe
867 2568 904 2606 ne
926 2547 1075 2606 hominum
1094 2557 1188 2605 teme-

89 2627 139 2683 itas
158 2642 194 2682 eo
213 2640 245 2681 se
265 2622 430 2700 proriperet
454 2625 599 2703 provisum
628 2634 687 2700 est,
718 2625 782 2706 ipso
803 2624 934 2703 quotidie
955 2634 1060 2682 eventu
1083 2621 1187 2681 admo-

92 2709 171 2772 ente,
191 2718 278 2776 quam
306 2697 355 2757 lon
380 2719 395 2757 e
415 2719 527 2759 sensum
547 2711 678 2761 nostrum
697 2711 837 2780 superent
860 2719 959 2759 arcana
979 2698 1054 2758 illius
1073 2697 1188 2756 iudicia.

89 2776 144 2833 lam
170 2785 200 2833 et
223 2775 273 2851 qui
297 2718 480 2864 peritissimi
503 2777 693 2848 videbantur,
723 2776 867 2854 pleneque
892 2774 1034 2853 deplorati
1060 2773 1187 2846 fuerant,

89 2852 133 2909 ius
152 2849 283 2910 bonitate
303 2872 332 2910 ru
352 2852 426 2911 viam
446 2864 633 2912 revocantur:
661 2863 690 2909 et
710 2851 760 2930 qui
787 2871 856 2928 prae
875 2848 935 2908 aliis
954 2861 1029 2908 stare
1047 2847 1188 2909 videban-

89 2944 233 3005 rr,·saepe
252 2941 400 2987 corruunt.
438 2928 541 3006 Itaque
560 2927 739 3004 „secundum
760 2927 900 2986 occultam
916 2924 973 2983 Dei
992 2924 1188 3003 praedestina·

91 3022 179 3063 onem
204 3006 252 3080 (ut
275 3003 370 3093 inquit
388 3003 565 3096 Augustinus
586 3003 662 3062 bom.
683 3003 712 3061 in
734 3002 837 3062 Ioann.
855 3003 917 3078 45.)
951 2998 1090 3081 plurimae
1118 3009 1188 3061 sunt
1271 2994 1295 3081 ¹*

89 3081 233 3154 artiores,
254 3079 368 3159 plurimi
389 3079 448 3157 lupi
468 3081 574 3138 intus.“
612 3078 704 3139 Novit
723 3079 800 3138 enim
820 3099 854 3139 ac
871 3077 999 3157 signatos
1019 3075 1116 3149 habet,
1135 3073 1186 3154 qui

90 3175 125 3216 ec
144 3175 210 3215 eum
235 3175 291 3216 nec
314 3175 345 3215 se
371 3167 489 3214 norunt.
536 3155 578 3212 Es
608 3155 642 3215 iis
672 3166 768 3215 autem
793 3156 843 3245 qui
870 3156 964 3288 palam
997 3151 1056 3213 eius
1088 3151 1187 3221 ferunt

89 3238 200 3314 gnum,
230 3231 319 3312 ipsius
338 3232 422 3291 unius
443 3230 520 3290 oculi
538 3231 652 3308 vident,
672 3231 722 3310 qui
741 3242 771 3291 et
788 3250 850 3290 sine
890 3230 988 3290 ctione
1006 3226 1098 3288 saneti
1117 3227 1187 3302 sint,

89 3306 154 3368 tin
177 3308 264 3367 finem
289 3327 381 3386 usque
407 3307 631 3386 perseveraturi:
662 3306 740 3385 quod
765 3306 880 3365 demum
906 3316 950 3365 est
973 3303 1186 3383 salutis-eaput.

89 3395 195 3445 tursum
213 3394 326 3456 tamen,
346 3384 411 3463 quia
437 3384 617 3462 aliquatenus
637 3382 770 3462 expedire
791 3381 978 3462 providebat,
996 3391 1030 3438 ut
1046 3370 1187 3439 sciremus

89 3461 120 3521 ui
139 3460 225 3521 nobis
244 3460 369 3520 habendi
389 3481 442 3539 pro
463 3461 549 3539 ipsius
569 3457 633 3519 filiis
658 3470 768 3530 essent,
800 3459 852 3518 hac
877 3456 908 3516 iu
934 3467 1014 3536 parte
1037 3474 1068 3515 se
1088 3452 1186 3533 captui

88 3549 171 3598 ostro
190 3536 428 3597 accommodavit.
480 3536 518 3594 Et
538 3536 674 3613 quoniam
692 3534 760 3593 fidei
785 3533 928 3595 certitudo
949 3530 1107 3591 necessaria
1125 3548 1187 3591 nou
1233 3537 1238 3550 '

88 3624 148 3687 rat,
166 3612 311 3692 quoddam
333 3612 457 3672 caritatis
476 3611 612 3670 iudicium
633 3611 692 3670 eius
712 3610 778 3669 loco
799 3608 957 3670 substituit:
981 3626 1042 3685 quo
1061 3624 1116 3685 pro
1137 3622 1187 3664 ee·

89 3688 172 3749 lesiae
203 3688 341 3747 membris
373 3707 576 3769 agnoscamus,
606 3687 662 3776 qui
686 3697 716 3745 et
741 3685 808 3747 fidei
828 3684 1026 3757 confessione,
1052 3692 1083 3741 et
1112 3679 1187 3741 vitae

89 3762 209 3843 templo,
230 3776 260 3823 et
278 3776 524 3824 sacramentorum
544 3762 764 3842 participatione
785 3762 908 3821 cundem
926 3758 1078 3820 nobiscum
1088 3754 1187 3817 Deum

89 3834 261 3901 :Christum
281 3840 464 3921 profitentur.
502 3840 596 3919 Ipsius
615 3850 710 3897 autem
730 3837 863 3916 corporis
883 3835 1014 3925 notitiam
1028 3829 1187 3924 quomagis

89 3916 155 4050 'Md
171 3927 288 3977 nostrae
307 3917 494 3978 neeessariam
514 3934 576 3977 esse
596 3926 733 3990 noverat,
757 3935 793 3974 eo
816 3911 989 3975 certioribus
998 3919 1085 3971 ‘notu
1105 3928 1187 3969 eom·
1218 3926 1226 3931 ·

97 3992 222 4052 enavit

89 4019 94 4054 Ι
142 4075 171 4133 9.
208 4069 289 4130 Hinc
316 4069 443 4130 nascitur
473 4065 562 4128 nobis
587 4077 617 4127 et
637 4065 759 4157 emergit
784 4061 940 4143 conspicua
965 4059 1056 4122 oeulis
1081 4058 1189 4121 uostris

89 4142 206 4205 eclesiae
227 4145 324 4207 facies.
381 4144 559 4221 Ubicunque
579 4143 657 4203 enim
675 4142 733 4202 Der
751 4140 872 4201 verbum
897 4137 1010 4200 sincere
1029 4134 1189 4217 praedicari

89 4234 156 4300 tque
176 4221 277 4293 audiri,
297 4221 347 4281 ubi
366 4231 544 4281 sacramenta
564 4238 597 4277 er
618 4217 726 4280 Christi
745 4216 879 4277 instituto
898 4211 1092 4277 administrari
1109 4208 1190 4273 vide-

89 4316 144 4371 rns,
161 4295 221 4358 illic
240 4297 363 4378 aliquam
384 4315 446 4359 esse
456 4295 514 4358 Dei
534 4294 682 4359 eeclesiam
701 4290 784 4356 nullo
803 4292 891 4356 modo
911 4286 1117 4372 ambigendum
1133 4297 1191 4355 cett

89 4395 184 4445 estvm
198 4397 317 4446 smenon
329 4398 362 4447 ιι,
898 4360 912 4389 ‘
954 4370 995 4435 1³
