2700 4732
522 239 600 301 nra.
619 238 678 302 ιιι.
718 239 808 303 car.
827 238 869 317 ιι.
1188 248 1251 312 sss

107 392 180 445 tent
196 382 228 443 in
247 382 375 444 minimis
388 381 563 476 quibusque,
581 384 786 522 utahlagistri
800 404 853 445 ore
872 383 1048 465 pendentes,
1068 404 1129 447 non
1149 396 1249 451 tameo

108 459 236 521 nultum
255 472 467 539 promoveant:
498 482 569 540 qum
590 463 678 522 etiam
719 483 766 520 um
786 461 821 521 ad
848 473 1070 522 monumentum
1091 476 1249 527 accurrunt

108 536 268 596 mulierum
289 537 458 612 admonitu,
492 543 668 598 resurrectio
696 538 829 618 Magistri
855 536 911 596 illis
941 538 1033 598 instar
1060 540 1169 600 somnii
1194 551 1248 603 est.

111 610 216 687 Quum
237 612 293 673 illis
312 613 381 672 fidei
400 615 601 674 testimonium
626 627 694 674 sote
719 612 881 675 reddiderit
901 612 1049 689 Christus,
1074 635 1108 677 ea
1128 636 1249 695 prorsus

109 688 203 750 l'uisse
221 710 326 750 vacuos
347 689 445 751 dicere
465 689 507 749 las
528 713 588 751 non
611 702 668 751 est:
697 694 772 760 imo,
792 690 847 749 nisi
867 691 996 769 persuasi
1016 689 1139 751 luissent
1159 692 1249 754 Chri·
1335 738 1341 743 -

108 776 190 827 stum
210 777 440 826 resurrecturum
462 787 540 839 csse,
565 768 741 827 concidisset
764 767 794 825 in
814 764 869 825 illis
890 786 979 826 omne
997 767 1139 845 studium,
1182 770 1248 831 Nee

105 860 184 901 vero
202 841 370 921 superstitio
390 843 476 901 traxit
496 843 646 919 mulieres,
677 856 710 904 ut
729 844 852 904 cadaver
872 842 995 902 bominis
1023 844 1157 904 exstincti
1178 865 1246 906 sro·

106 917 239 978 natibus
268 919 441 994 condirent,
474 919 511 977 de
542 920 623 980 cuius
643 920 699 979 vita
725 919 805 979 nulls
829 937 894 998 spes
921 919 1015 979 torst:
1045 919 1097 980 sed
1118 922 1248 1000 quamvls

107 992 201 1054 tidem
220 992 364 1054 baberent
384 994 444 1056 eius
464 995 576 1070 verbis,
608 1016 694 1075 quem
719 996 851 1056 sciebant
870 1015 1002 1055 veracem
1030 1014 1105 1056 esse:
1136 997 1247 1058 ruditas

107 1081 230 1144 tamen,
259 1091 335 1150 quse
354 1070 449 1131 adhuc
470 1072 633 1152 occupabat
652 1091 755 1132 eorum
782 1082 908 1143 mentes,
940 1070 1027 1131 fidem
1046 1071 1171 1154 caligine
1190 1072 1247 1135 ob·

107 1144 220 1218 volvit,
239 1159 273 1206 ut
293 1161 389 1207 essent
410 1146 471 1208 lere
491 1149 619 1209 attoniti.
664 1149 752 1208 Unde
772 1149 857 1208 etiam
879 1148 1017 1207 dicuntur
1035 1158 1107 1208 tunc
1127 1149 1245 1210 demum

108 1222 282 1297 credidisse,
301 1223 353 1283 ubi
373 1225 477 1304 reipsa
497 1225 532 1284 ab
553 1226 620 1304 ipsis
639 1236 789 1304 compertu
809 1224 864 1283 luit
882 1244 1050 1285 sermonum
1063 1224 1173 1285 Christi
1192 1245 1247 1286 re-

108 1298 199 1359 ritas:
219 1319 280 1359 non
303 1299 383 1380 quod
404 1301 525 1360 credere
545 1302 721 1382 inceperint,
742 1302 792 1360 sed
813 1301 880 1380 quia
894 1299 1027 1361 occultae
1047 1300 1115 1361 fidei
1134 1321 1246 1378 sesnes,
1305 1358 1309 1362 .

108 1375 193 1455 quod
213 1376 242 1435 in
263 1394 365 1436 eorum
384 1377 522 1437 cordibus
534 1378 613 1437 velut
633 1390 797 1437 emortuum
817 1388 890 1451 erat,
910 1389 980 1437 tunc
1000 1390 1121 1471 recepto
1142 1380 1246 1460 rigore

109 1452 241 1511 emersit.
280 1454 359 1512 Vera
379 1474 451 1533 crgo
473 1456 501 1512 in
523 1454 579 1513 illis
600 1454 664 1525 luit,
683 1454 734 1514 sed
755 1452 896 1532 implicita
917 1453 1003 1513 fides:
1025 1475 1092 1544 quia
1105 1473 1246 1514 reveren·

107 1538 161 1595 ter
179 1527 329 1587 Christum
348 1550 403 1609 pro
430 1530 518 1590 sinico
544 1531 667 1589 doctore
691 1529 814 1609 amplexi
845 1541 935 1589 erant.
985 1529 1158 1605 Deindeab
1179 1531 1245 1611 ipso

107 1602 227 1677 edocti,
245 1606 413 1665 statuebant
432 1607 486 1667 sibi
508 1626 569 1666 esse
589 1619 739 1666 auctorem
760 1607 872 1666 salutis:
900 1605 1026 1685 deniqne
1047 1607 1245 1667 eredebante

107 1678 199 1741 toclo
230 1682 361 1752 venisse,
392 1695 424 1741 ut
452 1704 506 1762 per
536 1684 657 1764 gratiam
681 1682 774 1741 Patris
798 1681 956 1760 discipulos
986 1682 1056 1742 illuc
1081 1683 1245 1764 colligeret.

106 1758 177 1817 Nee
195 1777 267 1817 vero
289 1759 458 1818 familiarior
479 1760 561 1819 liuius
582 1761 623 1817 rei
644 1759 781 1839 probatio
823 1758 969 1817 sinercnda
990 1769 1044 1832 est,
1065 1781 1150 1837 quarn
1163 1759 1245 1839 quod

108 1832 144 1892 in
162 1835 278 1895 cunctis
295 1856 412 1916 semper
431 1837 515 1895 mista
537 1848 580 1895 est
599 1836 666 1894 tidei
687 1780 882 1895 incredulitas.

189 1916 217 1975 5·
256 1912 373 1972 Vocare
399 1913 485 1971 etiarn
511 1913 597 1971 fidem
618 1912 784 1991 implicitam
806 1912 883 1983 licet,
904 1931 977 1989 quae
1000 1922 1099 1971 tamen
1124 1911 1246 1991 proprie

107 1984 187 2047 nihil
205 1985 283 2047 'aliud
304 1999 349 2047 est
367 2011 450 2067 quam
472 1988 538 2047 fidei
559 1989 749 2068 praeparatio.
788 1987 949 2079 Plerosque
970 1987 1128 2047 credidisse
1148 1990 1246 2049 Evan-

107 2062 234 2145 gelistae
252 2064 397 2135 referunt,
417 2064 465 2143 qni
488 2077 598 2123 tantum
619 2064 763 2125 miraculis
783 2064 813 2123 in
834 2064 1055 2123 aslnurationem
1075 2064 1162 2144 rapti,
1182 2085 1245 2124 non

108 2138 191 2198 ultra
219 2141 365 2222 progressi
385 2153 467 2212 sunt,
494 2163 579 2219 quam
600 2142 749 2200 Christum
774 2160 836 2200 esse
856 2140 990 2200 Messinm
1011 2142 1062 2219 qui
1086 2141 1246 2220 promissus

108 2215 222 2275 t'ueret:
243 2217 373 2296 quamvis
394 2238 430 2274 nc
451 2219 531 2276 tenni
554 2218 669 2296 quidem
684 2216 835 2298 Evangelii
857 2217 989 2275 doctrina
1010 2216 1115 2277 imbuti
1135 2228 1244 2290 esseut.

108 2292 194 2351 Talis
212 2293 415 2365 observantis,
444 2315 520 2385 gisae
545 2315 595 2352 ens
615 2294 732 2374 subegit
756 2306 788 2352 ut
808 2293 927 2352 Christo
954 2292 1082 2351 libenter
1101 2313 1132 2352 se
1152 2293 1245 2354 subii·
1278 2322 1289 2339 ν

108 2380 226 2444 cerens,
246 2381 370 2428 ornatur
390 2370 457 2428 lisler
480 2370 579 2428 titulo:
600 2372 680 2429 carius
701 2383 796 2428 tamen
819 2370 935 2429 nonnisi
956 2369 1068 2428 initium
1092 2370 1154 2429 tuis.
1193 2370 1245 2430 Sic

109 2445 222 2505 aulicus
242 2445 301 2518 ille,
321 2446 371 2524 qui
392 2446 427 2504 de
449 2447 497 2504 salii
518 2448 670 2505 sanatione
689 2446 876 2524 promissioni
897 2445 1033 2519 credidit,
1059 2446 1177 2506 domum
1198 2466 1245 2505 re·

107 2540 219 2593 versus,
239 2533 314 2581 teste
336 2524 514 2600 livangclista
535 2525 594 2595 (lo.
615 2531 649 2590 4,
668 2526 746 2599 53.),
768 2524 865 2582 denuo
887 2523 1023 2581 credidit:
1050 2543 1156 2601 nempe
1178 2522 1246 2601 qsria

108 2600 208 2679 primo
228 2598 319 2657 instar
339 2601 448 2657 nracssli
477 2600 577 2657 babuit
598 2602 675 2677 qisod
702 2598 833 2657 audierat
853 2621 885 2658 ex
905 2619 958 2657 ore
980 2598 1104 2658 Christi:
1138 2599 1245 2659 deinde

111 2676 174 2735 eius
193 2677 362 2735 auctoritati
383 2697 413 2733 se
441 2676 548 2733 addixit
573 2677 605 2733 ad
634 2676 829 2753 recipiendam
851 2676 1024 2734 doctrinam.
1066 2675 1244 2753 Quanquam

111 2751 260 2811 sciendum
283 2764 341 2826 est,
364 2752 403 2808 ita
425 2751 510 2810 fnisse
531 2752 656 2809 ducilem
678 2766 707 2809 et
728 2764 857 2830 paratum
879 2752 913 2810 ad
936 2750 1120 2810 discendum:
1147 2763 1179 2809 ut
1200 2761 1244 2810 ta-

112 2846 182 2885 men
202 2827 323 2886 terbum
348 2826 482 2886 credendi
502 2828 599 2906 priore
621 2829 687 2886 loco
710 2827 913 2906 particularem
934 2827 1021 2884 ladem
1042 2827 1179 2900 denotet,
1199 2846 1246 2885 se·

111 2903 211 2963 cundo
231 2903 298 2963 loco
320 2925 385 2962 eum
408 2918 541 2962 numeret
561 2907 637 2962 inter
658 2905 830 2982 discipulos,
851 2904 900 2982 qui
921 2924 1029 2961 nomen
1052 2902 1171 2961 Christo
1193 2903 1245 2962 de·

109 2982 225 3040 derant.
265 2980 334 3038 Nou
355 2981 485 3039 absimile
507 2980 668 3058 exemplum
689 2981 717 3038 in
739 2981 925 3038 samaritanis
947 2978 1089 3070 proponit
1108 2978 1245 3053 loannes,

109 3057 162 3136 qui
180 3055 311 3116 mulieris
331 3060 459 3115 sermoni
480 3058 677 3128 crediderunt,
696 3068 729 3115 ut
750 3056 862 3115 lervirle
882 3057 916 3115 atl
938 3055 1086 3116 Clsrrstum
1107 3075 1245 3114 accurre-

111 3145 196 3205 rent,
220 3135 270 3212 qui
292 3145 387 3191 tamen
410 3154 445 3191 eo
468 3135 567 3191 andito
587 3135 628 3193 sic
650 3134 811 3212 loquuntur
831 3133 890 3206 (lo.
909 3140 943 3205 d,
963 3133 1040 3207 aad:
1071 3130 1154 3201 „Iam
1181 3152 1244 3190 non

112 3210 255 3268 credimus
276 3208 315 3268 ob
336 3230 500 3268 sermonem
524 3223 616 3283 tunm,
634 3211 683 3268 sesl
705 3230 771 3267 cuna
792 3209 967 3280 audivimus,
988 3220 1018 3267 et
1037 3207 1141 3266 scimus
1163 3208 1244 3287 quod

113 3286 256 3345 Servator
274 3287 311 3345 sit
330 3287 462 3343 muudi.“
502 3286 543 3342 tls
564 3286 606 3344 liis
628 3297 722 3363 patet,
744 3307 793 3345 eos
815 3289 900 3344 etiarn
921 3285 971 3364 qui
996 3284 1096 3363 primis
1115 3284 1246 3344 elemen-

110 3360 150 3419 tis
170 3363 297 3422 nondum
319 3374 386 3421 sunt
411 3362 531 3433 imbuti,
562 3364 652 3422 modo
680 3362 714 3421 ad
742 3362 939 3421 obediendum
966 3361 1113 3433 ferantur,
1145 3360 1246 3421 vocari

99 3436 229 3517 fideles:
258 3461 318 3498 non
360 3439 455 3496 uidem
478 3441 616 3518 proprie,
646 3439 696 3497 scd
723 3451 864 3517 quatenus
883 3439 964 3498 Deus
989 3458 1046 3517 pro
1070 3458 1122 3496 sua
1146 3437 1245 3496 indul-

110 3516 213 3595 gentis
232 3516 309 3596 pium
331 3460 410 3573 illuns
432 3515 569 3573 allectum
591 3527 672 3572 tanto
695 3515 809 3575 bonore
831 3515 976 3592 dignatur.
1016 3513 1076 3572 Sed
1097 3514 1169 3573 baec
1190 3514 1246 3573 do-

107 3591 204 3650 cilitas
235 3614 300 3651 cum
331 3592 503 3670 proficiendi
526 3592 668 3649 ‹lesirlcrio
696 3592 785 3670 longe
811 3591 931 3649 distata
952 3610 1045 3648 crassa
1069 3590 1246 3673 ignorantia,
1289 3618 1290 3623 ¹

108 3669 139 3726 in
161 3688 218 3747 qus
237 3680 360 3748 torpent
381 3668 429 3746 qni
450 3669 506 3725 lide
532 3667 672 3746 implicita
701 3666 809 3746 (qualis
831 3670 951 3745 fingitur
970 3688 986 3724 a
1008 3667 1148 3744 l’npistis)
1174 3686 1246 3725 con·

105 3746 185 3803 tenti
205 3756 283 3805 sunt.
322 3745 397 3802 Nam
418 3744 441 3802 si
463 3744 569 3802 l'aulus
587 3765 690 3803 serere
712 3766 762 3803 eos
783 3745 901 3802 damnat
920 3743 977 3819 (ll.
988 3742 1067 3800 Tim.
1079 3750 1108 3813 3,
1121 3743 1175 3817 7.),
1196 3743 1246 3820 qui

105 3841 224 3900 semper
235 3822 390 3890 discentes,
410 3842 557 3898 nunquam
574 3821 608 3878 aul
619 3821 767 3879 scientiam
779 3821 908 3879 veritatis
928 3818 1114 3900 perveniunt,
1135 3830 1246 3897 quanto

105 3897 276 4016 grsriprens
306 3896 499 3979 ignominiam
522 3910 690 3972 merentur,
723 3898 772 3975 qui
800 3897 867 3956 data
897 3917 986 3975 opera
1007 3894 1148 3956 allectaut
1174 3893 1248 3953 nihil

104 3994 199 4034 scsre.
1098 4014 1102 4024 ·

185 4056 213 4114 6.
254 4051 335 4109 Haec
355 4050 444 4131 igitur
462 4070 533 4107 vcra
555 4061 597 4107 est
616 4049 725 4109 Christi
747 4049 890 4129 cognitio,
910 4047 933 4107 si
954 4068 1020 4107 eum
1041 4046 1133 4125 qualis
1154 4045 1248 4105 oller·

105 4137 157 4185 tur
176 4147 193 4185 a
212 4126 301 4185 Patre
321 4126 502 4204 suscipimus,
522 4145 628 4204 nempe
649 4125 810 4205 Evangelio
831 4146 884 4184 suo
905 4125 1054 4183 vestitum:
1077 4124 1143 4203 quia
1163 4122 1250 4182 sicuti

106 4204 139 4260 in
159 4223 281 4281 scopum
303 4202 370 4261 fidei
391 4214 509 4261 nostrae
531 4202 593 4280 ipse
615 4201 776 4261 destinatus
798 4214 856 4276 est,
887 4201 928 4260 ita
950 4200 1067 4260 nonnisi
1090 4209 1251 4279 praeeunte

107 4278 270 4370 Evangelio
292 4291 372 4338 recta
391 4278 426 4338 ad
449 4298 514 4336 eum
535 4277 699 4337 teudemus.
739 4279 871 4338 Etcerte
892 4277 952 4336 illic
973 4276 1058 4336 nohis
1075 4276 1252 4357 aperiuntur

108 4352 236 4415 thesauri
255 4355 383 4438 gratiae,
415 4354 520 4434 quibus
540 4354 660 4431 clausis,
692 4375 795 4435 parurn
820 4354 909 4494 nobi}
919 4352 1063 4472 Christus
1087 4352 1244 4434 prodesset
