<?xml version="1.0" encoding="UTF-8"?>
<!DOCTYPE html PUBLIC "-//W3C//DTD XHTML 1.0 Transitional//EN"
    "http://www.w3.org/TR/xhtml1/DTD/xhtml1-transitional.dtd">
<html xmlns="http://www.w3.org/1999/xhtml" xml:lang="en" lang="en">
 <head>
  <title>
</title>
<meta http-equiv="Content-Type" content="text/html;charset=utf-8" />
  <meta name='ocr-system' content='tesseract 3.04.00' />
  <meta name='ocr-capabilities' content='ocr_page ocr_carea ocr_par ocr_line ocrx_word'/>
</head>
<body>
  <div class='ocr_page' id='page_1' title='image "./ioanniscalvinii02tholgoog/ioanniscalvinii02tholgoog_0796.png"; bbox 0 0 2700 4732; ppageno 0'>
   <div class='ocr_carea' id='block_1_1' title="bbox 109 184 1294 463">
    <p class='ocr_par' dir='ltr' id='par_1_1' title="bbox 109 184 1294 463">
     <span class='ocr_line' id='line_1_1' title="bbox 471 184 1294 311; baseline 0.005 -32"><span class='ocrx_word' id='word_1_1' title='bbox 471 184 902 281; x_wconf 58' lang='lat' dir='ltr'>·mmmm&#39;</span> <span class='ocrx_word' id='word_1_2' title='bbox 1194 226 1294 311; x_wconf 78' lang='lat' dir='ltr'>su¹</span> 
     </span>
     <span class='ocr_line' id='line_1_2' title="bbox 109 358 1252 463; baseline 0.006 -41"><span class='ocrx_word' id='word_1_3' title='bbox 109 378 185 454; x_wconf 71' lang='lat' dir='ltr'>gum</span> <span class='ocrx_word' id='word_1_4' title='bbox 203 381 239 422; x_wconf 89' lang='lat' dir='ltr'>ac</span> <span class='ocrx_word' id='word_1_5' title='bbox 257 360 425 443; x_wconf 86' lang='lat' dir='ltr'>principum</span> <span class='ocrx_word' id='word_1_6' title='bbox 438 371 544 454; x_wconf 84' lang='lat' dir='ltr'>partes</span> <span class='ocrx_word' id='word_1_7' title='bbox 562 368 648 439; x_wconf 84' lang='lat' dir='ltr'>subt,</span> <span class='ocrx_word' id='word_1_8' title='bbox 666 360 794 445; x_wconf 57' lang='lat' dir='ltr'>legibus,</span> <span class='ocrx_word' id='word_1_9' title='bbox 810 358 925 440; x_wconf 75' lang='lat' dir='ltr'>edictis,</span> <span class='ocrx_word' id='word_1_10' title='bbox 943 360 1058 427; x_wconf 77' lang='lat' dir='ltr'>iudiciis</span> <span class='ocrx_word' id='word_1_11' title='bbox 1074 362 1252 463; x_wconf 57' lang='lat' dir='ltr'>religionem</span> 
     </span>
    </p>
   </div>
   <div class='ocr_carea' id='block_1_2' title="bbox 63 437 1253 524">
    <p class='ocr_par' dir='ltr' id='par_1_2' title="bbox 63 437 1253 524">
     <span class='ocr_line' id='line_1_3' title="bbox 63 437 1253 524; baseline 0.008 -28"><span class='ocrx_word' id='word_1_12' title='bbox 63 490 65 496; x_wconf 93' lang='lat'><em>.</em></span> <span class='ocrx_word' id='word_1_13' title='bbox 108 450 267 501; x_wconf 66' lang='lat' dir='ltr'>munnere.</span> <span class='ocrx_word' id='word_1_14' title='bbox 307 439 372 498; x_wconf 85' lang='lat' dir='ltr'>Bac</span> <span class='ocrx_word' id='word_1_15' title='bbox 391 448 523 514; x_wconf 77' lang='lat' dir='ltr'>mucre,</span> <span class='ocrx_word' id='word_1_16' title='bbox 548 437 817 518; x_wconf 80' lang='lat' dir='ltr'>quum&#39;blauricltrs</span> <span class='ocrx_word' id='word_1_17' title='bbox 835 438 1038 521; x_wconf 75' lang='lat' dir='ltr'>Imperatore</span> <span class='ocrx_word' id='word_1_18' title='bbox 1060 441 1253 524; x_wconf 69' lang='lat' dir='ltr'>iacopsruui-</span> 
     </span>
    </p>
   </div>
   <div class='ocr_carea' id='block_1_3' title="bbox 63 506 1252 881">
    <p class='ocr_par' dir='ltr' id='par_1_3' title="bbox 63 506 1252 881">
     <span class='ocr_line' id='line_1_4' title="bbox 63 506 1251 602; baseline 0.003 -24"><span class='ocrx_word' id='word_1_19' title='bbox 63 540 71 557; x_wconf 89' lang='grc'><em>·</em></span> <span class='ocrx_word' id='word_1_20' title='bbox 108 514 234 579; x_wconf 79' lang='lat' dir='ltr'>busdam</span> <span class='ocrx_word' id='word_1_21' title='bbox 256 515 428 590; x_wconf 73' lang='lat' dir='ltr'>mandasset,</span> <span class='ocrx_word' id='word_1_22' title='bbox 448 524 482 575; x_wconf 89' lang='lat' dir='ltr'>nt</span> <span class='ocrx_word' id='word_1_23' title='bbox 499 515 621 577; x_wconf 83' lang='lat' dir='ltr'>uicinos·</span> <span class='ocrx_word' id='word_1_24' title='bbox 632 514 761 597; x_wconf 73' lang='lat' dir='ltr'>collegas</span> <span class='ocrx_word' id='word_1_25' title='bbox 779 506 1043 599; x_wconf 60' lang='lat' dir='ltr'>a&#39;llarbaris&#39;espu</span> <span class='ocrx_word' id='word_1_26' title='bbox 1054 540 1105 581; x_wconf 86' lang='lat' dir='ltr'>sus</span> <span class='ocrx_word' id='word_1_27' title='bbox 1121 524 1251 602; x_wconf 87' lang='lat' dir='ltr'>suscipe-</span> 
     </span>
     <span class='ocr_line' id='line_1_5' title="bbox 63 590 1252 678; baseline 0.006 -25"><span class='ocrx_word' id='word_1_28' title='bbox 63 618 67 653; x_wconf 70' lang='grc' dir='ltr'>ε</span> <span class='ocrx_word' id='word_1_29' title='bbox 108 604 196 655; x_wconf 89' lang='lat' dir='ltr'>rent:</span> <span class='ocrx_word' id='word_1_30' title='bbox 228 611 291 652; x_wconf 88' lang='lat' dir='ltr'>eam</span> <span class='ocrx_word' id='word_1_31' title='bbox 319 592 477 651; x_wconf 86' lang='lat' dir='ltr'>iussionem</span> <span class='ocrx_word' id='word_1_32' title='bbox 502 592 660 653; x_wconf 86' lang='lat' dir='ltr'>confirmat</span> <span class='ocrx_word' id='word_1_33' title='bbox 683 590 866 674; x_wconf 75' lang='lat' dir='ltr'>Gregorius,</span> <span class='ocrx_word' id='word_1_34' title='bbox 896 592 1090 676; x_wconf 83' lang='lat' dir='ltr'>boitaturque</span> <span class='ocrx_word' id='word_1_35' title='bbox 1115 598 1193 678; x_wconf 86' lang='lat' dir='ltr'>ipsos</span> <span class='ocrx_word' id='word_1_36' title='bbox 1218 609 1252 660; x_wconf 91' lang='lat' dir='ltr'>nt</span> 
     </span>
     <span class='ocr_line' id='line_1_6' title="bbox 63 667 1252 756; baseline 0.003 -25"><span class='ocrx_word' id='word_1_37' title='bbox 63 696 69 731; x_wconf 77' lang='grc' dir='ltr'>ε</span> <span class='ocrx_word' id='word_1_38' title='bbox 107 674 236 752; x_wconf 87' lang='lat' dir='ltr'>pareant</span> <span class='ocrx_word' id='word_1_39' title='bbox 254 669 299 747; x_wconf 67' lang='lat'><strong>¹¹²).</strong></span> <span class='ocrx_word' id='word_1_40' title='bbox 337 668 405 749; x_wconf 84' lang='lat' dir='ltr'>lpse</span> <span class='ocrx_word' id='word_1_41' title='bbox 428 687 500 727; x_wconf 88' lang='lat' dir='ltr'>vero</span> <span class='ocrx_word' id='word_1_42' title='bbox 528 667 565 730; x_wconf 87' lang='lat' dir='ltr'>ab</span> <span class='ocrx_word' id='word_1_43' title='bbox 586 667 693 728; x_wconf 88' lang='lat' dir='ltr'>eodem</span> <span class='ocrx_word' id='word_1_44' title='bbox 711 669 895 746; x_wconf 78' lang='lat' dir='ltr'>sduonitm,</span> <span class='ocrx_word' id='word_1_45' title='bbox 914 682 1033 733; x_wconf 80' lang='lat' dir='ltr'>uteum</span> <span class='ocrx_word' id='word_1_46' title='bbox 1053 672 1167 734; x_wconf 91' lang='lat' dir='ltr'>loanne</span> <span class='ocrx_word' id='word_1_47' title='bbox 1188 676 1252 756; x_wconf 88' lang='lat' dir='ltr'>epi·</span> 
     </span>
     <span class='ocr_line' id='line_1_7' title="bbox 63 736 1252 881; baseline 0.003 -73"><span class='ocrx_word' id='word_1_48' title='bbox 63 736 87 808; x_wconf 60' lang='grc' dir='ltr'>τ’</span> <span class='ocrx_word' id='word_1_49' title='bbox 107 756 205 826; x_wconf 79' lang='lat' dir='ltr'>scopo</span> <span class='ocrx_word' id='word_1_50' title='bbox 231 742 567 881; x_wconf 65' lang='lat' dir='ltr'>Constantinopolitano</span> <span class='ocrx_word' id='word_1_51' title='bbox 593 745 705 805; x_wconf 83' lang='lat' dir='ltr'>rediret</span> <span class='ocrx_word' id='word_1_52' title='bbox 730 745 761 805; x_wconf 91' lang='lat' dir='ltr'>in</span> <span class='ocrx_word' id='word_1_53' title='bbox 785 747 925 829; x_wconf 78' lang='lat' dir='ltr'>gratiam,</span> <span class='ocrx_word' id='word_1_54' title='bbox 955 750 1100 810; x_wconf 88' lang='lat' dir='ltr'>rationem</span> <span class='ocrx_word' id='word_1_55' title='bbox 1133 752 1252 831; x_wconf 87' lang='lat' dir='ltr'>quidem</span> 
     </span>
    </p>
   </div>
   <div class='ocr_carea' id='block_1_4' title="bbox 63 821 431 897">
    <p class='ocr_par' dir='ltr' id='par_1_4' title="bbox 63 821 431 897">
     <span class='ocr_line' id='line_1_8' title="bbox 63 821 431 897; baseline -0.011 -12"><span class='ocrx_word' id='word_1_56' title='bbox 63 854 67 861; x_wconf 95' lang='lat'>·</span> <span class='ocrx_word' id='word_1_57' title='bbox 106 823 220 897; x_wconf 76' lang='lat' dir='ltr'>reddit,</span> <span class='ocrx_word' id='word_1_58' title='bbox 240 843 294 881; x_wconf 90' lang='lat' dir='ltr'>cur</span> <span class='ocrx_word' id='word_1_59' title='bbox 312 836 373 882; x_wconf 86' lang='lat' dir='ltr'>uun</span> <span class='ocrx_word' id='word_1_60' title='bbox 395 821 431 881; x_wconf 89' lang='lat' dir='ltr'>de</span> 
     </span>
    </p>
   </div>
   <div class='ocr_carea' id='block_1_5' title="bbox 455 820 1253 901">
    <p class='ocr_par' dir='ltr' id='par_1_5' title="bbox 455 820 1253 901">
     <span class='ocr_line' id='line_1_9' title="bbox 455 820 1253 901; baseline 0.01 -20"><span class='ocrx_word' id='word_1_61' title='bbox 455 833 503 882; x_wconf 87' lang='lat' dir='ltr'>cat</span> <span class='ocrx_word' id='word_1_62' title='bbox 516 820 643 901; x_wconf 84' lang='lat' dir='ltr'>culpari:</span> <span class='ocrx_word' id='word_1_63' title='bbox 663 842 726 882; x_wconf 91' lang='lat' dir='ltr'>non</span> <span class='ocrx_word' id='word_1_64' title='bbox 745 832 843 883; x_wconf 89' lang='lat' dir='ltr'>tamen</span> <span class='ocrx_word' id='word_1_65' title='bbox 864 824 923 884; x_wconf 84' lang='lat' dir='ltr'>suri</span> <span class='ocrx_word' id='word_1_66' title='bbox 940 826 1096 887; x_wconf 83' lang='lat' dir='ltr'>saecularis</span> <span class='ocrx_word' id='word_1_67' title='bbox 1116 827 1253 889; x_wconf 84' lang='lat' dir='ltr'>immuni·</span> 
     </span>
    </p>
   </div>
   <div class='ocr_carea' id='block_1_6' title="bbox 63 897 1252 1110">
    <p class='ocr_par' dir='ltr' id='par_1_6' title="bbox 63 897 1252 1110">
     <span class='ocr_line' id='line_1_10' title="bbox 63 897 1252 985; baseline 0.003 -22"><span class='ocrx_word' id='word_1_68' title='bbox 63 932 66 963; x_wconf 93' lang='lat'>:</span> <span class='ocrx_word' id='word_1_69' title='bbox 106 910 203 959; x_wconf 82' lang='lat' dir='ltr'>tatem</span> <span class='ocrx_word' id='word_1_70' title='bbox 224 900 329 973; x_wconf 87' lang='lat' dir='ltr'>iactat,</span> <span class='ocrx_word' id='word_1_71' title='bbox 358 897 428 977; x_wconf 90' lang='lat' dir='ltr'>quin</span> <span class='ocrx_word' id='word_1_72' title='bbox 452 898 552 977; x_wconf 90' lang='lat' dir='ltr'>potius</span> <span class='ocrx_word' id='word_1_73' title='bbox 581 906 612 958; x_wconf 80' lang='lat' dir='ltr'>ae</span> <span class='ocrx_word' id='word_1_74' title='bbox 637 898 852 978; x_wconf 74' lang='lat' dir='ltr'>obsequentem</span> <span class='ocrx_word' id='word_1_75' title='bbox 872 900 938 961; x_wconf 82' lang='lat' dir='ltr'>iore</span> <span class='ocrx_word' id='word_1_76' title='bbox 956 903 1121 981; x_wconf 89' lang='lat' dir='ltr'>promittit,</span> <span class='ocrx_word' id='word_1_77' title='bbox 1151 905 1252 985; x_wconf 86' lang='lat' dir='ltr'>quoad</span> 
     </span>
     <span class='ocr_line' id='line_1_11' title="bbox 63 974 1252 1110; baseline 0.003 -73"><span class='ocrx_word' id='word_1_78' title='bbox 63 1010 65 1017; x_wconf 94' lang='lat'>·</span> <span class='ocrx_word' id='word_1_79' title='bbox 105 974 225 1046; x_wconf 85' lang='lat' dir='ltr'>licebit¹</span> <span class='ocrx_word' id='word_1_80' title='bbox 240 996 294 1110; x_wconf 76' lang='lat' dir='ltr'>per</span> <span class='ocrx_word' id='word_1_81' title='bbox 320 974 544 1036; x_wconf 85' lang='lat' dir='ltr'>conscientiam:</span> <span class='ocrx_word' id='word_1_82' title='bbox 577 985 608 1034; x_wconf 90' lang='lat' dir='ltr'>et</span> <span class='ocrx_word' id='word_1_83' title='bbox 626 974 712 1035; x_wconf 87' lang='lat' dir='ltr'>simul</span> <span class='ocrx_word' id='word_1_84' title='bbox 748 974 806 1038; x_wconf 83' lang='lat' dir='ltr'>lsoc</span> <span class='ocrx_word' id='word_1_85' title='bbox 834 976 905 1037; x_wconf 89' lang='lat' dir='ltr'>dicit</span> <span class='ocrx_word' id='word_1_86' title='bbox 936 979 1039 1040; x_wconf 84' lang='lat' dir='ltr'>secisse</span> <span class='ocrx_word' id='word_1_87' title='bbox 1068 981 1252 1057; x_wconf 70' lang='lat' dir='ltr'>Masticium,</span> 
     </span>
    </p>
   </div>
   <div class='ocr_carea' id='block_1_7' title="bbox 105 1051 1252 1227">
    <p class='ocr_par' dir='ltr' id='par_1_7' title="bbox 105 1051 1252 1227">
     <span class='ocr_line' id='line_1_12' title="bbox 107 1051 1252 1190; baseline 0.006 -77"><span class='ocrx_word' id='word_1_88' title='bbox 107 1051 193 1134; x_wconf 84' lang='lat' dir='ltr'>quod</span> <span class='ocrx_word' id='word_1_89' title='bbox 211 1051 383 1190; x_wconf 53' lang='lat' dir='ltr'>rteigiosum</span> <span class='ocrx_word' id='word_1_90' title='bbox 403 1051 566 1133; x_wconf 75' lang='lat' dir='ltr'>principem</span> <span class='ocrx_word' id='word_1_91' title='bbox 587 1051 723 1129; x_wconf 87' lang='lat' dir='ltr'>deceret,</span> <span class='ocrx_word' id='word_1_92' title='bbox 745 1074 836 1133; x_wconf 85' lang='lat' dir='ltr'>quom</span> <span class='ocrx_word' id='word_1_93' title='bbox 855 1053 926 1116; x_wconf 88' lang='lat' dir='ltr'>talia</span> <span class='ocrx_word' id='word_1_94' title='bbox 944 1056 1146 1124; x_wconf 85' lang='lat' dir='ltr'>sacerdotibus</span> <span class='ocrx_word' id='word_1_95' title='bbox 1165 1078 1252 1140; x_wconf 87' lang='lat' dir='ltr'>prac-</span> 
     </span>
     <span class='ocr_line' id='line_1_13' title="bbox 105 1150 311 1227; baseline -0.01 -35"><span class='ocrx_word' id='word_1_96' title='bbox 105 1150 241 1213; x_wconf 84' lang='lat' dir='ltr'>eepera.</span> <span class='ocrx_word' id='word_1_97' title='bbox 305 1210 311 1227; x_wconf 25' lang='grc' dir='ltr'><strong>ἦ</strong></span> 
     </span>
    </p>
   </div>
   <div class='ocr_carea' id='block_1_8' title="bbox 291 1270 308 1306">
    <p class='ocr_par' dir='ltr' id='par_1_8' title="bbox 291 1270 308 1306">
     <span class='ocr_line' id='line_1_14' title="bbox 291 1270 308 1306; baseline 0 0"><span class='ocrx_word' id='word_1_98' title='bbox 291 1270 308 1306; x_wconf 60' lang='lat' dir='ltr'>b</span> 
     </span>
    </p>
   </div>
   <div class='ocr_carea' id='block_1_9' title="bbox 486 1424 877 1547">
    <p class='ocr_par' dir='ltr' id='par_1_9' title="bbox 486 1424 877 1547">
     <span class='ocr_line' id='line_1_15' title="bbox 486 1424 877 1547; baseline 0 -6"><span class='ocrx_word' id='word_1_99' title='bbox 486 1424 877 1547; x_wconf 71' lang='lat' dir='ltr'>cuuuuxu</span> 
     </span>
    </p>
   </div>
   <div class='ocr_carea' id='block_1_10' title="bbox 104 1642 1251 1855">
    <p class='ocr_par' dir='ltr' id='par_1_10' title="bbox 104 1642 1251 1855">
     <span class='ocr_line' id='line_1_16' title="bbox 104 1642 1251 1743; baseline 0.002 -18"><span class='ocrx_word' id='word_1_100' title='bbox 104 1665 165 1725; x_wconf 86' lang='lat' dir='ltr'>De</span> <span class='ocrx_word' id='word_1_101' title='bbox 184 1660 370 1724; x_wconf 87' lang='lat' dir='ltr'>ecclesiae</span> <span class='ocrx_word' id='word_1_102' title='bbox 391 1657 607 1740; x_wconf 81' lang='lat' dir='ltr'>discipline,</span> <span class='ocrx_word' id='word_1_103' title='bbox 640 1658 744 1740; x_wconf 77' lang='lat' dir='ltr'>cuius</span> <span class='ocrx_word' id='word_1_104' title='bbox 763 1642 988 1743; x_wconf 74' lang='lat' dir='ltr'>praecipuus</span> <span class='ocrx_word' id='word_1_105' title='bbox 1012 1666 1149 1727; x_wconf 82' lang='lat' dir='ltr'>neusin</span> <span class='ocrx_word' id='word_1_106' title='bbox 1170 1685 1251 1728; x_wconf 87' lang='lat' dir='ltr'>cen·</span> 
     </span>
     <span class='ocr_line' id='line_1_17' title="bbox 317 1753 1034 1855; baseline 0 -39"><span class='ocrx_word' id='word_1_107' title='bbox 317 1764 321 1769; x_wconf 87' lang='lat'>&#39;</span> <span class='ocrx_word' id='word_1_108' title='bbox 395 1753 498 1815; x_wconf 80' lang='lat' dir='ltr'>suris</span> <span class='ocrx_word' id='word_1_109' title='bbox 519 1764 555 1813; x_wconf 88' lang='lat' dir='ltr'>et</span> <span class='ocrx_word' id='word_1_110' title='bbox 574 1755 991 1855; x_wconf 41' lang='lat' dir='ltr'>excommunicatione.5</span> <span class='ocrx_word' id='word_1_111' title='bbox 1009 1766 1034 1779; x_wconf 71' lang='lat'>‘¹</span> 
     </span>
    </p>
   </div>
   <div class='ocr_carea' id='block_1_11' title="bbox 105 1920 1252 2433">
    <p class='ocr_par' dir='ltr' id='par_1_11' title="bbox 105 1920 1252 2433">
     <span class='ocr_line' id='line_1_18' title="bbox 181 1920 1251 2007; baseline 0.005 -20"><span class='ocrx_word' id='word_1_112' title='bbox 181 1932 289 1990; x_wconf 82' lang='lat' dir='ltr'>Constat</span> <span class='ocrx_word' id='word_1_113' title='bbox 316 1933 417 1986; x_wconf 85' lang='lat' dir='ltr'>duabus</span> <span class='ocrx_word' id='word_1_114' title='bbox 433 1928 581 2007; x_wconf 78' lang='lat' dir='ltr'>praecipuis</span> <span class='ocrx_word' id='word_1_115' title='bbox 595 1930 713 2003; x_wconf 84' lang='lat' dir='ltr'>partibus</span> <span class='ocrx_word' id='word_1_116' title='bbox 730 1930 783 1987; x_wconf 88' lang='lat' dir='ltr'>boe</span> <span class='ocrx_word' id='word_1_117' title='bbox 801 1930 895 2003; x_wconf 86' lang='lat' dir='ltr'>Caput.</span> <span class='ocrx_word' id='word_1_118' title='bbox 933 1930 966 2003; x_wconf 83' lang='lat'>1)</span> <span class='ocrx_word' id='word_1_119' title='bbox 991 1930 1081 1991; x_wconf 81' lang='lat' dir='ltr'>Prima</span> <span class='ocrx_word' id='word_1_120' title='bbox 1096 1955 1157 2007; x_wconf 80' lang='lat' dir='ltr'>para</span> <span class='ocrx_word' id='word_1_121' title='bbox 1175 1920 1251 1992; x_wconf 81' lang='lat' dir='ltr'>diari-</span> 
     </span>
     <span class='ocr_line' id='line_1_19' title="bbox 105 2016 1251 2093; baseline 0 -18"><span class='ocrx_word' id='word_1_122' title='bbox 105 2020 199 2093; x_wconf 85' lang='lat' dir='ltr'>plinae</span> <span class='ocrx_word' id='word_1_123' title='bbox 211 2017 400 2082; x_wconf 77' lang='lat' dir='ltr'>¹ecclesiasticae</span> <span class='ocrx_word' id='word_1_124' title='bbox 415 2018 520 2088; x_wconf 86' lang='lat' dir='ltr'>plebem</span> <span class='ocrx_word' id='word_1_125' title='bbox 537 2016 684 2088; x_wconf 84' lang='lat' dir='ltr'>respiciens,</span> <span class='ocrx_word' id='word_1_126' title='bbox 701 2017 846 2073; x_wconf 85' lang='lat' dir='ltr'>communis</span> <span class='ocrx_word' id='word_1_127' title='bbox 855 2017 940 2085; x_wconf 59' lang='lat' dir='ltr'>dicta,</span> <span class='ocrx_word' id='word_1_128' title='bbox 957 2020 1022 2077; x_wconf 85' lang='lat' dir='ltr'>duas</span> <span class='ocrx_word' id='word_1_129' title='bbox 1036 2035 1123 2092; x_wconf 88' lang='lat' dir='ltr'>partes</span> <span class='ocrx_word' id='word_1_130' title='bbox 1136 2021 1251 2075; x_wconf 84' lang='lat' dir='ltr'>obtinet:</span> 
     </span>
     <span class='ocr_line' id='line_1_20' title="bbox 109 2101 1249 2177; baseline 0.001 -18"><span class='ocrx_word' id='word_1_131' title='bbox 109 2101 223 2176; x_wconf 78' lang='lat' dir='ltr'>quarum</span> <span class='ocrx_word' id='word_1_132' title='bbox 240 2102 316 2175; x_wconf 88' lang='lat' dir='ltr'>prior</span> <span class='ocrx_word' id='word_1_133' title='bbox 337 2105 436 2173; x_wconf 88' lang='lat' dir='ltr'>pendet</span> <span class='ocrx_word' id='word_1_134' title='bbox 453 2122 469 2155; x_wconf 86' lang='lat' dir='ltr'>a</span> <span class='ocrx_word' id='word_1_135' title='bbox 489 2115 616 2172; x_wconf 80' lang='lat' dir='ltr'>potestate</span> <span class='ocrx_word' id='word_1_136' title='bbox 637 2101 766 2166; x_wconf 79' lang='lat' dir='ltr'>clarium,</span> <span class='ocrx_word' id='word_1_137' title='bbox 792 2104 826 2157; x_wconf 86' lang='lat' dir='ltr'>de</span> <span class='ocrx_word' id='word_1_138' title='bbox 849 2122 902 2175; x_wconf 78' lang='lat' dir='ltr'>qua</span> <span class='ocrx_word' id='word_1_139' title='bbox 923 2116 986 2157; x_wconf 81' lang='lat' dir='ltr'>secr.</span> <span class='ocrx_word' id='word_1_140' title='bbox 1004 2105 1027 2159; x_wconf 83' lang='lat' dir='ltr'>l.</span> <span class='ocrx_word' id='word_1_141' title='bbox 1044 2125 1127 2177; x_wconf 83' lang='lat' dir='ltr'>usque</span> <span class='ocrx_word' id='word_1_142' title='bbox 1145 2108 1179 2159; x_wconf 91' lang='lat' dir='ltr'>ad</span> <span class='ocrx_word' id='word_1_143' title='bbox 1196 2107 1249 2161; x_wconf 76' lang='lat' dir='ltr'>lt:</span> 
     </span>
     <span class='ocr_line' id='line_1_21' title="bbox 106 2184 1252 2264; baseline 0.003 -23"><span class='ocrx_word' id='word_1_144' title='bbox 106 2189 240 2264; x_wconf 69' lang='lat' dir='ltr'>posterior</span> <span class='ocrx_word' id='word_1_145' title='bbox 259 2186 288 2240; x_wconf 84' lang='lat' dir='ltr'>ira</span> <span class='ocrx_word' id='word_1_146' title='bbox 309 2186 457 2241; x_wconf 79' lang='lat' dir='ltr'>indicendis</span> <span class='ocrx_word' id='word_1_147' title='bbox 479 2184 581 2239; x_wconf 74' lang='lat' dir='ltr'>ieiuniis</span> <span class='ocrx_word' id='word_1_148' title='bbox 600 2199 626 2238; x_wconf 87' lang='lat' dir='ltr'>et</span> <span class='ocrx_word' id='word_1_149' title='bbox 650 2189 771 2241; x_wconf 87' lang='lat' dir='ltr'>oratione</span> <span class='ocrx_word' id='word_1_150' title='bbox 788 2188 916 2251; x_wconf 79' lang='lat' dir='ltr'>consistit,</span> <span class='ocrx_word' id='word_1_151' title='bbox 941 2191 975 2242; x_wconf 86' lang='lat' dir='ltr'>de</span> <span class='ocrx_word' id='word_1_152' title='bbox 1000 2208 1052 2259; x_wconf 79' lang='lat' dir='ltr'>qua</span> <span class='ocrx_word' id='word_1_153' title='bbox 1070 2203 1132 2244; x_wconf 82' lang='lat' dir='ltr'>aest.</span> <span class='ocrx_word' id='word_1_154' title='bbox 1150 2193 1191 2248; x_wconf 75' lang='grc'>14,</span> <span class='ocrx_word' id='word_1_155' title='bbox 1206 2212 1252 2245; x_wconf 86' lang='lat' dir='ltr'>ua·</span> 
     </span>
     <span class='ocr_line' id='line_1_22' title="bbox 107 2270 1194 2348; baseline 0 -19"><span class='ocrx_word' id='word_1_156' title='bbox 107 2294 163 2348; x_wconf 75' lang='lat' dir='ltr'>que</span> <span class='ocrx_word' id='word_1_157' title='bbox 178 2275 213 2329; x_wconf 88' lang='lat' dir='ltr'>ad</span> <span class='ocrx_word' id='word_1_158' title='bbox 228 2275 271 2330; x_wconf 74' lang='lat'>21·</span> <span class='ocrx_word' id='word_1_159' title='bbox 287 2302 321 2315; x_wconf 88' lang='lat'>··-</span> <span class='ocrx_word' id='word_1_160' title='bbox 354 2272 389 2342; x_wconf 72' lang='lat'>2)</span> <span class='ocrx_word' id='word_1_161' title='bbox 413 2272 502 2324; x_wconf 84' lang='lat' dir='ltr'>Altera</span> <span class='ocrx_word' id='word_1_162' title='bbox 526 2288 587 2339; x_wconf 88' lang='lat' dir='ltr'>para</span> <span class='ocrx_word' id='word_1_163' title='bbox 610 2270 727 2325; x_wconf 80' lang='lat' dir='ltr'>eiusdem</span> <span class='ocrx_word' id='word_1_164' title='bbox 751 2270 905 2344; x_wconf 85' lang='lat' dir='ltr'>disciplinae</span> <span class='ocrx_word' id='word_1_165' title='bbox 927 2275 961 2327; x_wconf 90' lang='lat' dir='ltr'>ad</span> <span class='ocrx_word' id='word_1_166' title='bbox 984 2275 1084 2327; x_wconf 82' lang='lat' dir='ltr'>clerum</span> <span class='ocrx_word' id='word_1_167' title='bbox 1108 2275 1194 2345; x_wconf 88' lang='lat' dir='ltr'>pertin</span> 
     </span>
     <span class='ocr_line' id='line_1_23' title="bbox 108 2356 1176 2433; baseline -0.007 -17"><span class='ocrx_word' id='word_1_168' title='bbox 108 2358 253 2433; x_wconf 69' lang='lat' dir='ltr'>explicatu</span> <span class='ocrx_word' id='word_1_169' title='bbox 269 2379 285 2414; x_wconf 93' lang='lat' dir='ltr'>a</span> <span class='ocrx_word' id='word_1_170' title='bbox 302 2370 364 2413; x_wconf 82' lang='lat' dir='ltr'>acet.</span> <span class='ocrx_word' id='word_1_171' title='bbox 379 2358 422 2411; x_wconf 59' lang='grc' dir='ltr'>ᾗ.</span> <span class='ocrx_word' id='word_1_172' title='bbox 439 2374 523 2425; x_wconf 84' lang='lat' dir='ltr'>usque</span> <span class='ocrx_word' id='word_1_173' title='bbox 539 2356 574 2408; x_wconf 87' lang='lat' dir='ltr'>ad</span> <span class='ocrx_word' id='word_1_174' title='bbox 591 2356 636 2408; x_wconf 76' lang='lat' dir='ltr'>lin.</span> <span class='ocrx_word' id='word_1_175' title='bbox 653 2375 708 2427; x_wconf 88' lang='lat' dir='ltr'>cap.</span> <span class='ocrx_word' id='word_1_176' title='bbox 1172 2392 1176 2397; x_wconf 95' lang='lat'>-</span> 
     </span>
    </p>
   </div>
   <div class='ocr_carea' id='block_1_12' title="bbox 106 2522 1251 2920">
    <p class='ocr_par' dir='ltr' id='par_1_12' title="bbox 106 2522 1251 2920">
     <span class='ocr_line' id='line_1_24' title="bbox 185 2522 1249 2610; baseline 0.005 -24"><span class='ocrx_word' id='word_1_177' title='bbox 185 2534 220 2594; x_wconf 60' lang='lat'>1..</span> <span class='ocrx_word' id='word_1_178' title='bbox 252 2523 415 2606; x_wconf 80' lang='lat' dir='ltr'>Disciplina</span> <span class='ocrx_word' id='word_1_179' title='bbox 436 2522 588 2602; x_wconf 87' lang='lat' dir='ltr'>ecclesiae,</span> <span class='ocrx_word' id='word_1_180' title='bbox 608 2524 689 2586; x_wconf 87' lang='lat' dir='ltr'>cuius</span> <span class='ocrx_word' id='word_1_181' title='bbox 707 2525 914 2585; x_wconf 82' lang='lat' dir='ltr'>tractationem</span> <span class='ocrx_word' id='word_1_182' title='bbox 940 2525 971 2584; x_wconf 89' lang='lat' dir='ltr'>iu</span> <span class='ocrx_word' id='word_1_183' title='bbox 990 2524 1070 2587; x_wconf 86' lang='lat' dir='ltr'>bunc</span> <span class='ocrx_word' id='word_1_184' title='bbox 1089 2548 1183 2610; x_wconf 87' lang='lat' dir='ltr'>usque</span> <span class='ocrx_word' id='word_1_185' title='bbox 1202 2528 1249 2591; x_wconf 93' lang='lat' dir='ltr'>lo-</span> 
     </span>
     <span class='ocr_line' id='line_1_25' title="bbox 107 2600 1248 2686; baseline 0 -20"><span class='ocrx_word' id='word_1_186' title='bbox 107 2628 176 2667; x_wconf 90' lang='lat' dir='ltr'>cum</span> <span class='ocrx_word' id='word_1_187' title='bbox 191 2603 380 2675; x_wconf 71' lang='lat' dir='ltr'>distulimus,</span> <span class='ocrx_word' id='word_1_188' title='bbox 408 2600 506 2682; x_wconf 70' lang='lat' dir='ltr'>paucis</span> <span class='ocrx_word' id='word_1_189' title='bbox 533 2600 713 2683; x_wconf 82' lang='lat' dir='ltr'>expedienda</span> <span class='ocrx_word' id='word_1_190' title='bbox 738 2612 795 2662; x_wconf 84' lang='lat' dir='ltr'>est:</span> <span class='ocrx_word' id='word_1_191' title='bbox 826 2612 860 2660; x_wconf 88' lang='lat' dir='ltr'>ut</span> <span class='ocrx_word' id='word_1_192' title='bbox 885 2601 1041 2682; x_wconf 89' lang='lat' dir='ltr'>aliquando</span> <span class='ocrx_word' id='word_1_193' title='bbox 1069 2606 1105 2667; x_wconf 89' lang='lat' dir='ltr'>ad</span> <span class='ocrx_word' id='word_1_194' title='bbox 1135 2605 1248 2686; x_wconf 86' lang='lat' dir='ltr'>reliqua</span> 
     </span>
     <span class='ocr_line' id='line_1_26' title="bbox 106 2678 1251 2758; baseline -0.003 -13"><span class='ocrx_word' id='word_1_195' title='bbox 106 2697 298 2745; x_wconf 84' lang='lat' dir='ltr'>transeamus.</span> <span class='ocrx_word' id='word_1_196' title='bbox 351 2678 390 2738; x_wconf 86' lang='lat' dir='ltr'>Ea</span> <span class='ocrx_word' id='word_1_197' title='bbox 422 2689 519 2737; x_wconf 91' lang='lat' dir='ltr'>autern</span> <span class='ocrx_word' id='word_1_198' title='bbox 544 2680 664 2738; x_wconf 82' lang='lat' dir='ltr'>maxima</span> <span class='ocrx_word' id='word_1_199' title='bbox 698 2698 732 2737; x_wconf 83' lang='lat' dir='ltr'>ea</span> <span class='ocrx_word' id='word_1_200' title='bbox 757 2690 840 2758; x_wconf 84' lang='lat' dir='ltr'>parte</span> <span class='ocrx_word' id='word_1_201' title='bbox 864 2699 880 2737; x_wconf 92' lang='lat' dir='ltr'>a</span> <span class='ocrx_word' id='word_1_202' title='bbox 900 2689 1048 2758; x_wconf 76' lang='lat' dir='ltr'>potestate</span> <span class='ocrx_word' id='word_1_203' title='bbox 1074 2681 1198 2742; x_wconf 83' lang='lat' dir='ltr'>clavium</span> <span class='ocrx_word' id='word_1_204' title='bbox 1220 2694 1251 2743; x_wconf 89' lang='lat' dir='ltr'>et</span> 
     </span>
     <span class='ocr_line' id='line_1_27' title="bbox 107 2753 1250 2851; baseline -0.003 -29"><span class='ocrx_word' id='word_1_205' title='bbox 107 2758 252 2839; x_wconf 82' lang='lat' dir='ltr'>spirituali</span> <span class='ocrx_word' id='word_1_206' title='bbox 272 2754 472 2817; x_wconf 88' lang='lat' dir='ltr'>iurisdictione</span> <span class='ocrx_word' id='word_1_207' title='bbox 492 2755 625 2834; x_wconf 62' lang='lat' dir='ltr'>pendet</span> <span class='ocrx_word' id='word_1_208' title='bbox 652 2753 743 2828; x_wconf 87' lang='lat' dir='ltr'>Quod</span> <span class='ocrx_word' id='word_1_209' title='bbox 764 2765 797 2843; x_wconf 74' lang='lat' dir='ltr'>ut</span> <span class='ocrx_word' id='word_1_210' title='bbox 816 2754 928 2828; x_wconf 76' lang='lat' dir='ltr'>facilius</span> <span class='ocrx_word' id='word_1_211' title='bbox 949 2754 1145 2851; x_wconf 65' lang='lat' dir='ltr'>intelligatur,</span> <span class='ocrx_word' id='word_1_212' title='bbox 1175 2758 1250 2818; x_wconf 83' lang='lat' dir='ltr'>divi·</span> 
     </span>
     <span class='ocr_line' id='line_1_28' title="bbox 109 2829 1250 2920; baseline -0.002 -24"><span class='ocrx_word' id='word_1_213' title='bbox 109 2838 211 2897; x_wconf 88' lang='lat' dir='ltr'>damus</span> <span class='ocrx_word' id='word_1_214' title='bbox 231 2832 381 2895; x_wconf 86' lang='lat' dir='ltr'>ecclesiam</span> <span class='ocrx_word' id='word_1_215' title='bbox 403 2831 432 2889; x_wconf 93' lang='lat' dir='ltr'>in</span> <span class='ocrx_word' id='word_1_216' title='bbox 454 2830 527 2890; x_wconf 87' lang='lat' dir='ltr'>duos</span> <span class='ocrx_word' id='word_1_217' title='bbox 548 2830 666 2890; x_wconf 83' lang='lat' dir='ltr'>ordines</span> <span class='ocrx_word' id='word_1_218' title='bbox 686 2849 872 2920; x_wconf 74' lang='lat' dir='ltr'>praecipuos:</span> <span class='ocrx_word' id='word_1_219' title='bbox 895 2829 1005 2889; x_wconf 89' lang='lat' dir='ltr'>clcrum</span> <span class='ocrx_word' id='word_1_220' title='bbox 1016 2833 1127 2894; x_wconf 86' lang='lat' dir='ltr'>sedicet</span> <span class='ocrx_word' id='word_1_221' title='bbox 1145 2847 1174 2893; x_wconf 88' lang='lat' dir='ltr'>ct</span> <span class='ocrx_word' id='word_1_222' title='bbox 1185 2835 1250 2914; x_wconf 86' lang='lat' dir='ltr'>ple-</span> 
     </span>
    </p>
   </div>
   <div class='ocr_carea' id='block_1_13' title="bbox 106 2904 1349 2987">
    <p class='ocr_par' dir='ltr' id='par_1_13' title="bbox 106 2904 1349 2987">
     <span class='ocr_line' id='line_1_29' title="bbox 106 2904 1349 2987; baseline -0.002 -14"><span class='ocrx_word' id='word_1_223' title='bbox 106 2912 196 2973; x_wconf 54' lang='lat' dir='ltr'>bem(</span> <span class='ocrx_word' id='word_1_224' title='bbox 237 2908 371 2973; x_wconf 79' lang='lat' dir='ltr'>Clericus</span> <span class='ocrx_word' id='word_1_225' title='bbox 391 2905 508 2987; x_wconf 88' lang='lat' dir='ltr'>appello</span> <span class='ocrx_word' id='word_1_226' title='bbox 530 2907 641 2966; x_wconf 86' lang='lat' dir='ltr'>usitato</span> <span class='ocrx_word' id='word_1_227' title='bbox 658 2924 795 2981; x_wconf 74' lang='lat' dir='ltr'>nomine,</span> <span class='ocrx_word' id='word_1_228' title='bbox 822 2905 873 2986; x_wconf 86' lang='lat' dir='ltr'>qui</span> <span class='ocrx_word' id='word_1_229' title='bbox 893 2904 1012 2985; x_wconf 86' lang='lat' dir='ltr'>publico</span> <span class='ocrx_word' id='word_1_230' title='bbox 1033 2910 1196 2970; x_wconf 88' lang='lat' dir='ltr'>ministerio</span> <span class='ocrx_word' id='word_1_231' title='bbox 1216 2912 1249 2971; x_wconf 87' lang='lat' dir='ltr'>in</span> <span class='ocrx_word' id='word_1_232' title='bbox 1344 2930 1349 2941; x_wconf 91' lang='grc'>·</span> 
     </span>
    </p>
   </div>
   <div class='ocr_carea' id='block_1_14' title="bbox 104 2980 1333 4139">
    <p class='ocr_par' dir='ltr' id='par_1_14' title="bbox 104 2980 1333 4139">
     <span class='ocr_line' id='line_1_30' title="bbox 108 2980 1248 3069; baseline -0.002 -18"><span class='ocrx_word' id='word_1_233' title='bbox 108 2987 231 3051; x_wconf 86' lang='lat' dir='ltr'>ccclesia</span> <span class='ocrx_word' id='word_1_234' title='bbox 263 2988 434 3069; x_wconf 79' lang='lat' dir='ltr'>funguntur.</span> <span class='ocrx_word' id='word_1_235' title='bbox 485 2983 658 3062; x_wconf 86' lang='lat' dir='ltr'>Loquemur</span> <span class='ocrx_word' id='word_1_236' title='bbox 686 2980 811 3061; x_wconf 88' lang='lat' dir='ltr'>primurn</span> <span class='ocrx_word' id='word_1_237' title='bbox 845 2980 881 3041; x_wconf 89' lang='lat' dir='ltr'>dc</span> <span class='ocrx_word' id='word_1_238' title='bbox 907 2984 1058 3044; x_wconf 87' lang='lat' dir='ltr'>cummuni</span> <span class='ocrx_word' id='word_1_239' title='bbox 1083 2986 1248 3067; x_wconf 88' lang='lat' dir='ltr'>disciplina,</span> 
     </span>
     <span class='ocr_line' id='line_1_31' title="bbox 107 3045 1248 3144; baseline -0.003 -18"><span class='ocrx_word' id='word_1_240' title='bbox 107 3067 156 3128; x_wconf 89' lang='lat' dir='ltr'>eui</span> <span class='ocrx_word' id='word_1_241' title='bbox 175 3064 293 3125; x_wconf 85' lang='lat' dir='ltr'>subesse</span> <span class='ocrx_word' id='word_1_242' title='bbox 314 3082 417 3123; x_wconf 89' lang='lat' dir='ltr'>omncs</span> <span class='ocrx_word' id='word_1_243' title='bbox 438 3059 561 3120; x_wconf 89' lang='lat' dir='ltr'>debent:</span> <span class='ocrx_word' id='word_1_244' title='bbox 592 3058 698 3119; x_wconf 88' lang='lat' dir='ltr'>deinde</span> <span class='ocrx_word' id='word_1_245' title='bbox 718 3058 870 3119; x_wconf 82' lang='lat' dir='ltr'>veniemus</span> <span class='ocrx_word' id='word_1_246' title='bbox 889 3058 924 3118; x_wconf 89' lang='lat' dir='ltr'>ad</span> <span class='ocrx_word' id='word_1_247' title='bbox 945 3045 1142 3142; x_wconf 78' lang='lat' dir='ltr'>clerum,¹qui</span> <span class='ocrx_word' id='word_1_248' title='bbox 1162 3083 1248 3144; x_wconf 88' lang='lat' dir='ltr'>prae·</span> 
     </span>
     <span class='ocr_line' id='line_1_32' title="bbox 104 3134 1248 3218; baseline -0.003 -14"><span class='ocrx_word' id='word_1_249' title='bbox 104 3155 154 3204; x_wconf 90' lang='lat' dir='ltr'>ter</span> <span class='ocrx_word' id='word_1_250' title='bbox 172 3143 251 3202; x_wconf 87' lang='lat' dir='ltr'>illam</span> <span class='ocrx_word' id='word_1_251' title='bbox 272 3154 475 3212; x_wconf 84' lang='lat' dir='ltr'>communem,</span> <span class='ocrx_word' id='word_1_252' title='bbox 503 3156 584 3196; x_wconf 90' lang='lat' dir='ltr'>suam</span> <span class='ocrx_word' id='word_1_253' title='bbox 612 3136 761 3216; x_wconf 76' lang='lat' dir='ltr'>propriam</span> <span class='ocrx_word' id='word_1_254' title='bbox 792 3135 891 3196; x_wconf 83' lang='lat' dir='ltr'>babet.</span> <span class='ocrx_word' id='word_1_255' title='bbox 932 3134 992 3196; x_wconf 84' lang='lat' dir='ltr'>sed</span> <span class='ocrx_word' id='word_1_256' title='bbox 1013 3138 1079 3218; x_wconf 88' lang='lat' dir='ltr'>quia</span> <span class='ocrx_word' id='word_1_257' title='bbox 1101 3139 1248 3217; x_wconf 87' lang='lat' dir='ltr'>nonnulli,</span> 
     </span>
     <span class='ocr_line' id='line_1_33' title="bbox 105 3212 1247 3297; baseline -0.002 -17"><span class='ocrx_word' id='word_1_258' title='bbox 105 3222 138 3281; x_wconf 90' lang='lat' dir='ltr'>in</span> <span class='ocrx_word' id='word_1_259' title='bbox 159 3219 259 3279; x_wconf 90' lang='lat' dir='ltr'>odium</span> <span class='ocrx_word' id='word_1_260' title='bbox 280 3216 462 3297; x_wconf 88' lang='lat' dir='ltr'>disciplinae,</span> <span class='ocrx_word' id='word_1_261' title='bbox 483 3212 519 3272; x_wconf 91' lang='lat' dir='ltr'>ab</span> <span class='ocrx_word' id='word_1_262' title='bbox 541 3215 604 3291; x_wconf 90' lang='lat' dir='ltr'>ipsu</span> <span class='ocrx_word' id='word_1_263' title='bbox 626 3231 746 3294; x_wconf 89' lang='lat' dir='ltr'>quoque</span> <span class='ocrx_word' id='word_1_264' title='bbox 765 3213 886 3272; x_wconf 88' lang='lat' dir='ltr'>nominc</span> <span class='ocrx_word' id='word_1_265' title='bbox 906 3212 1079 3287; x_wconf 85' lang='lat' dir='ltr'>abhorrent,</span> <span class='ocrx_word' id='word_1_266' title='bbox 1100 3215 1130 3275; x_wconf 90' lang='lat' dir='ltr'>bi</span> <span class='ocrx_word' id='word_1_267' title='bbox 1143 3216 1247 3278; x_wconf 84' lang='lat' dir='ltr'>sicba-</span> 
     </span>
     <span class='ocr_line' id='line_1_34' title="bbox 105 3288 1246 3370; baseline -0.003 -14"><span class='ocrx_word' id='word_1_268' title='bbox 105 3297 211 3356; x_wconf 86' lang='lat' dir='ltr'>bcant:</span> <span class='ocrx_word' id='word_1_269' title='bbox 232 3295 265 3353; x_wconf 93' lang='lat' dir='ltr'>Si</span> <span class='ocrx_word' id='word_1_270' title='bbox 287 3293 365 3354; x_wconf 88' lang='lat' dir='ltr'>nulla</span> <span class='ocrx_word' id='word_1_271' title='bbox 387 3292 522 3364; x_wconf 89' lang='lat' dir='ltr'>societas,</span> <span class='ocrx_word' id='word_1_272' title='bbox 541 3288 601 3349; x_wconf 86' lang='lat' dir='ltr'>imo</span> <span class='ocrx_word' id='word_1_273' title='bbox 622 3289 700 3349; x_wconf 87' lang='lat' dir='ltr'>uuila</span> <span class='ocrx_word' id='word_1_274' title='bbox 714 3289 828 3363; x_wconf 88' lang='lat' dir='ltr'>domus,</span> <span class='ocrx_word' id='word_1_275' title='bbox 849 3288 981 3370; x_wconf 83' lang='lat' dir='ltr'>quaevel</span> <span class='ocrx_word' id='word_1_276' title='bbox 1002 3292 1147 3353; x_wconf 86' lang='lat' dir='ltr'>modicam</span> <span class='ocrx_word' id='word_1_277' title='bbox 1162 3293 1246 3353; x_wconf 88' lang='lat' dir='ltr'>lami-</span> 
     </span>
     <span class='ocr_line' id='line_1_35' title="bbox 106 3364 1247 3448; baseline -0.001 -17"><span class='ocrx_word' id='word_1_278' title='bbox 106 3373 175 3431; x_wconf 89' lang='lat' dir='ltr'>liam</span> <span class='ocrx_word' id='word_1_279' title='bbox 195 3370 317 3446; x_wconf 87' lang='lat' dir='ltr'>habeat,</span> <span class='ocrx_word' id='word_1_280' title='bbox 349 3366 496 3429; x_wconf 86' lang='lat' dir='ltr'>contineri</span> <span class='ocrx_word' id='word_1_281' title='bbox 522 3366 551 3425; x_wconf 90' lang='lat' dir='ltr'>in</span> <span class='ocrx_word' id='word_1_282' title='bbox 578 3368 661 3426; x_wconf 84' lang='lat' dir='ltr'>recto</span> <span class='ocrx_word' id='word_1_283' title='bbox 687 3377 763 3426; x_wconf 88' lang='lat' dir='ltr'>statu</span> <span class='ocrx_word' id='word_1_284' title='bbox 782 3364 846 3426; x_wconf 88' lang='lat' dir='ltr'>sinc</span> <span class='ocrx_word' id='word_1_285' title='bbox 866 3364 1017 3446; x_wconf 86' lang='lat' dir='ltr'>disciplina</span> <span class='ocrx_word' id='word_1_286' title='bbox 1038 3381 1152 3448; x_wconf 88' lang='lat' dir='ltr'>potest:</span> <span class='ocrx_word' id='word_1_287' title='bbox 1183 3390 1247 3430; x_wconf 89' lang='lat' dir='ltr'>eam</span> 
     </span>
     <span class='ocr_line' id='line_1_36' title="bbox 108 3441 1247 3529; baseline -0.001 -22"><span class='ocrx_word' id='word_1_288' title='bbox 108 3467 171 3507; x_wconf 89' lang='lat' dir='ltr'>esse</span> <span class='ocrx_word' id='word_1_289' title='bbox 192 3447 285 3506; x_wconf 88' lang='lat' dir='ltr'>multo</span> <span class='ocrx_word' id='word_1_290' title='bbox 306 3446 397 3529; x_wconf 84' lang='lat' dir='ltr'>magis</span> <span class='ocrx_word' id='word_1_291' title='bbox 417 3442 608 3504; x_wconf 87' lang='lat' dir='ltr'>necessariam</span> <span class='ocrx_word' id='word_1_292' title='bbox 629 3444 660 3503; x_wconf 92' lang='lat' dir='ltr'>in</span> <span class='ocrx_word' id='word_1_293' title='bbox 681 3441 818 3515; x_wconf 87' lang='lat' dir='ltr'>ecclesia,</span> <span class='ocrx_word' id='word_1_294' title='bbox 837 3442 918 3502; x_wconf 87' lang='lat' dir='ltr'>cuius</span> <span class='ocrx_word' id='word_1_295' title='bbox 937 3454 1043 3503; x_wconf 89' lang='lat' dir='ltr'>statum</span> <span class='ocrx_word' id='word_1_296' title='bbox 1058 3466 1144 3525; x_wconf 83' lang='lat' dir='ltr'>quam</span> <span class='ocrx_word' id='word_1_297' title='bbox 1165 3448 1247 3507; x_wconf 90' lang='lat' dir='ltr'>urdi-</span> 
     </span>
     <span class='ocr_line' id='line_1_37' title="bbox 108 3518 1249 3599; baseline -0.002 -15"><span class='ocrx_word' id='word_1_298' title='bbox 108 3525 288 3584; x_wconf 87' lang='lat' dir='ltr'>natissimum</span> <span class='ocrx_word' id='word_1_299' title='bbox 310 3543 372 3583; x_wconf 88' lang='lat' dir='ltr'>esse</span> <span class='ocrx_word' id='word_1_300' title='bbox 398 3523 491 3582; x_wconf 87' lang='lat' dir='ltr'>decet.</span> <span class='ocrx_word' id='word_1_301' title='bbox 541 3518 672 3578; x_wconf 88' lang='lat' dir='ltr'>Proinde</span> <span class='ocrx_word' id='word_1_302' title='bbox 704 3519 950 3599; x_wconf 80' lang='lat' dir='ltr'>quemadmodum</span> <span class='ocrx_word' id='word_1_303' title='bbox 980 3521 1106 3582; x_wconf 85' lang='lat' dir='ltr'>salvifica</span> <span class='ocrx_word' id='word_1_304' title='bbox 1137 3520 1249 3583; x_wconf 86' lang='lat' dir='ltr'>Christi</span> 
     </span>
     <span class='ocr_line' id='line_1_38' title="bbox 107 3594 1246 3678; baseline 0.002 -20"><span class='ocrx_word' id='word_1_305' title='bbox 107 3600 240 3660; x_wconf 87' lang='lat' dir='ltr'>doctrina</span> <span class='ocrx_word' id='word_1_306' title='bbox 261 3600 353 3658; x_wconf 89' lang='lat' dir='ltr'>anima</span> <span class='ocrx_word' id='word_1_307' title='bbox 374 3610 417 3658; x_wconf 88' lang='lat' dir='ltr'>est</span> <span class='ocrx_word' id='word_1_308' title='bbox 437 3596 593 3669; x_wconf 84' lang='lat' dir='ltr'>ecclesiae,</span> <span class='ocrx_word' id='word_1_309' title='bbox 613 3594 653 3654; x_wconf 89' lang='lat' dir='ltr'>ita</span> <span class='ocrx_word' id='word_1_310' title='bbox 673 3594 713 3655; x_wconf 90' lang='lat' dir='ltr'>illi</span> <span class='ocrx_word' id='word_1_311' title='bbox 735 3596 804 3656; x_wconf 89' lang='lat' dir='ltr'>disci</span> <span class='ocrx_word' id='word_1_312' title='bbox 828 3595 884 3655; x_wconf 89' lang='lat' dir='ltr'>lina</span> <span class='ocrx_word' id='word_1_313' title='bbox 905 3616 960 3676; x_wconf 91' lang='lat' dir='ltr'>pro</span> <span class='ocrx_word' id='word_1_314' title='bbox 982 3598 1078 3659; x_wconf 87' lang='lat' dir='ltr'>nervis</span> <span class='ocrx_word' id='word_1_315' title='bbox 1103 3610 1160 3659; x_wconf 87' lang='lat' dir='ltr'>est:</span> <span class='ocrx_word' id='word_1_316' title='bbox 1189 3619 1246 3678; x_wconf 89' lang='lat' dir='ltr'>qua</span> 
     </span>
     <span class='ocr_line' id='line_1_39' title="bbox 108 3616 1248 3753; baseline 0.001 -19"><span class='ocrx_word' id='word_1_317' title='bbox 108 3676 141 3734; x_wconf 88' lang='lat' dir='ltr'>fit</span> <span class='ocrx_word' id='word_1_318' title='bbox 160 3687 195 3735; x_wconf 84' lang='lat' dir='ltr'>ut</span> <span class='ocrx_word' id='word_1_319' title='bbox 217 3673 349 3733; x_wconf 88' lang='lat' dir='ltr'>membra</span> <span class='ocrx_word' id='word_1_320' title='bbox 370 3675 521 3753; x_wconf 89' lang='lat' dir='ltr'>corporis,</span> <span class='ocrx_word' id='word_1_321' title='bbox 553 3692 607 3732; x_wconf 88' lang='lat' dir='ltr'>suu</span> <span class='ocrx_word' id='word_1_322' title='bbox 660 3672 780 3752; x_wconf 87' lang='lat' dir='ltr'>uodque</span> <span class='ocrx_word' id='word_1_323' title='bbox 805 3616 880 3732; x_wconf 71' lang='lat' dir='ltr'>ioco</span> <span class='ocrx_word' id='word_1_324' title='bbox 906 3677 984 3734; x_wconf 85' lang='lat' dir='ltr'>inter</span> <span class='ocrx_word' id='word_1_325' title='bbox 1007 3694 1038 3734; x_wconf 89' lang='lat' dir='ltr'>se</span> <span class='ocrx_word' id='word_1_326' title='bbox 1059 3675 1248 3736; x_wconf 76' lang='lat' dir='ltr'>cohaereant.</span> 
     </span>
     <span class='ocr_line' id='line_1_40' title="bbox 108 3693 1246 3830; baseline 0.003 -20"><span class='ocrx_word' id='word_1_327' title='bbox 108 3751 313 3826; x_wconf 82' lang='lat' dir='ltr'>Quamobrem</span> <span class='ocrx_word' id='word_1_328' title='bbox 334 3750 500 3829; x_wconf 89' lang='lat' dir='ltr'>quicunque</span> <span class='ocrx_word' id='word_1_329' title='bbox 521 3747 565 3809; x_wconf 84' lang='lat' dir='ltr'>vel</span> <span class='ocrx_word' id='word_1_330' title='bbox 586 3693 727 3810; x_wconf 69' lang='lat' dir='ltr'>subieram</span> <span class='ocrx_word' id='word_1_331' title='bbox 750 3746 931 3827; x_wconf 80' lang='lat' dir='ltr'>disciplinam</span> <span class='ocrx_word' id='word_1_332' title='bbox 952 3751 1085 3830; x_wconf 88' lang='lat' dir='ltr'>cupiunt,</span> <span class='ocrx_word' id='word_1_333' title='bbox 1116 3752 1162 3812; x_wconf 86' lang='lat' dir='ltr'>vel</span> <span class='ocrx_word' id='word_1_334' title='bbox 1183 3752 1246 3813; x_wconf 87' lang='lat' dir='ltr'>eius</span> 
     </span>
     <span class='ocr_line' id='line_1_41' title="bbox 105 3824 1246 3910; baseline -0.002 -20"><span class='ocrx_word' id='word_1_335' title='bbox 105 3829 273 3908; x_wconf 84' lang='lat' dir='ltr'>impediunt</span> <span class='ocrx_word' id='word_1_336' title='bbox 291 3825 524 3898; x_wconf 82' lang='lat' dir='ltr'>restitutionem,</span> <span class='ocrx_word' id='word_1_337' title='bbox 543 3824 604 3886; x_wconf 85' lang='lat' dir='ltr'>sive</span> <span class='ocrx_word' id='word_1_338' title='bbox 625 3825 682 3885; x_wconf 91' lang='lat' dir='ltr'>boc</span> <span class='ocrx_word' id='word_1_339' title='bbox 702 3824 811 3885; x_wconf 82' lang='lat' dir='ltr'>iaciant</span> <span class='ocrx_word' id='word_1_340' title='bbox 831 3824 896 3885; x_wconf 87' lang='lat' dir='ltr'>data</span> <span class='ocrx_word' id='word_1_341' title='bbox 917 3846 1020 3908; x_wconf 89' lang='lat' dir='ltr'>apera,</span> <span class='ocrx_word' id='word_1_342' title='bbox 1045 3827 1180 3910; x_wconf 83' lang='lat' dir='ltr'>siucper</span> <span class='ocrx_word' id='word_1_343' title='bbox 1199 3829 1246 3889; x_wconf 89' lang='lat' dir='ltr'>in-</span> 
     </span>
     <span class='ocr_line' id='line_1_42' title="bbox 106 3900 1333 3994; baseline -0.003 -26"><span class='ocrx_word' id='word_1_344' title='bbox 106 3907 311 3987; x_wconf 78' lang='lat' dir='ltr'>cogitantism,</span> <span class='ocrx_word' id='word_1_345' title='bbox 349 3900 489 3963; x_wconf 87' lang='lat' dir='ltr'>ecclesiae</span> <span class='ocrx_word' id='word_1_346' title='bbox 525 3913 605 3962; x_wconf 89' lang='lat' dir='ltr'>certe</span> <span class='ocrx_word' id='word_1_347' title='bbox 642 3912 798 3961; x_wconf 83' lang='lat' dir='ltr'>extremam</span> <span class='ocrx_word' id='word_1_348' title='bbox 835 3900 1053 3982; x_wconf 72' lang='lat' dir='ltr'>dissipationem</span> <span class='ocrx_word' id='word_1_349' title='bbox 1090 3917 1245 3994; x_wconf 85' lang='lat' dir='ltr'>quaerunt.</span> <span class='ocrx_word' id='word_1_350' title='bbox 1328 3940 1333 3947; x_wconf 90' lang='lat'><em>-</em></span> 
     </span>
     <span class='ocr_line' id='line_1_43' title="bbox 107 3977 1322 4062; baseline -0.001 -21"><span class='ocrx_word' id='word_1_351' title='bbox 107 3983 190 4057; x_wconf 87' lang='lat' dir='ltr'>Quid</span> <span class='ocrx_word' id='word_1_352' title='bbox 212 3982 288 4041; x_wconf 89' lang='lat' dir='ltr'>euim</span> <span class='ocrx_word' id='word_1_353' title='bbox 309 3981 440 4039; x_wconf 81' lang='lat' dir='ltr'>futurum</span> <span class='ocrx_word' id='word_1_354' title='bbox 462 3989 520 4053; x_wconf 90' lang='lat' dir='ltr'>cst,</span> <span class='ocrx_word' id='word_1_355' title='bbox 545 3979 569 4039; x_wconf 87' lang='lat' dir='ltr'>si</span> <span class='ocrx_word' id='word_1_356' title='bbox 589 3978 746 4058; x_wconf 77' lang='lat' dir='ltr'>unicuique</span> <span class='ocrx_word' id='word_1_357' title='bbox 772 3977 857 4059; x_wconf 77' lang='lat' dir='ltr'>liceat</span> <span class='ocrx_word' id='word_1_358' title='bbox 876 3979 956 4059; x_wconf 90' lang='lat' dir='ltr'>quod</span> <span class='ocrx_word' id='word_1_359' title='bbox 977 3979 1117 4042; x_wconf 72' lang='lat' dir='ltr'>libuerit?</span> <span class='ocrx_word' id='word_1_360' title='bbox 1154 3980 1246 4062; x_wconf 76' lang='lat' dir='ltr'>Atqui</span> <span class='ocrx_word' id='word_1_361' title='bbox 1318 4000 1322 4011; x_wconf 77' lang='lat'><strong><em>¹</em></strong></span> 
     </span>
     <span class='ocr_line' id='line_1_44' title="bbox 104 4054 1246 4139; baseline -0.001 -20"><span class='ocrx_word' id='word_1_362' title='bbox 104 4059 136 4119; x_wconf 90' lang='lat' dir='ltr'>id</span> <span class='ocrx_word' id='word_1_363' title='bbox 156 4060 249 4135; x_wconf 87' lang='lat' dir='ltr'>lieret,</span> <span class='ocrx_word' id='word_1_364' title='bbox 269 4057 326 4118; x_wconf 88' lang='lat' dir='ltr'>nisi</span> <span class='ocrx_word' id='word_1_365' title='bbox 345 4057 381 4117; x_wconf 88' lang='lat' dir='ltr'>ad</span> <span class='ocrx_word' id='word_1_366' title='bbox 402 4055 554 4117; x_wconf 87' lang='lat' dir='ltr'>doctrinae</span> <span class='ocrx_word' id='word_1_367' title='bbox 573 4054 825 4136; x_wconf 83' lang='lat' dir='ltr'>praedicationem</span> <span class='ocrx_word' id='word_1_368' title='bbox 844 4055 1020 4116; x_wconf 85' lang='lat' dir='ltr'>accederent</span> <span class='ocrx_word' id='word_1_369' title='bbox 1038 4059 1246 4139; x_wconf 83' lang='lat' dir='ltr'>privatacmo-</span> 
     </span>
    </p>
   </div>
   <div class='ocr_carea' id='block_1_15' title="bbox 110 4240 383 4249">
    <p class='ocr_par' dir='ltr' id='par_1_15' title="bbox 110 4240 383 4249">
     <span class='ocr_line' id='line_1_45' title="bbox 110 4240 383 4249; baseline 0 -1"><span class='ocrx_word' id='word_1_370' title='bbox 110 4240 383 4249; x_wconf 75' lang='lat'>----——---—--</span> 
     </span>
    </p>
   </div>
   <div class='ocr_carea' id='block_1_16' title="bbox 175 4345 1069 4422">
    <p class='ocr_par' dir='ltr' id='par_1_16' title="bbox 175 4345 1069 4422">
     <span class='ocr_line' id='line_1_46' title="bbox 175 4345 1069 4422; baseline 0.009 -23"><span class='ocrx_word' id='word_1_371' title='bbox 175 4345 1069 4422; x_wconf 53' lang='lat' dir='ltr'>⁸)Litstentaluaespuaesutssqnetibtucnm</span> 
     </span>
    </p>
   </div>
   <div class='ocr_carea' id='block_1_17' title="bbox 0 0 1354 4732">
    <p class='ocr_par' dir='ltr' id='par_1_17' title="bbox 0 0 1354 4732">
     <span class='ocr_line' id='line_1_47' title="bbox 0 0 1354 4732; baseline 0 0"><span class='ocrx_word' id='word_1_372' title='bbox 0 0 1354 4732; x_wconf 95' lang='lat' dir='ltr'> </span> 
     </span>
    </p>
   </div>
  </div>
 </body>
</html>
