2700 4732
510 234 585 299 ΗΒ.
605 232 645 295 11.
685 233 774 296 ChP.
794 231 875 294 XVI.
956 264 961 269 ·
1200 233 1259 299 W

122 383 235 465 quendi
255 380 374 459 lomna).
395 381 531 442 Christus
549 397 622 463 ergo
643 401 708 441 cum
728 379 861 462 lacrymis
881 375 1259 456 etclamoreualidoorans,

119 482 137 521 a
158 470 240 519 metu
259 480 313 519 suo
335 459 504 518 exauditurt
524 478 586 518 non
605 468 674 518 uta
693 469 790 519 morte
809 458 848 516 sit
866 455 1015 532 immunis,
1033 455 1085 515 sed
1104 453 1259 516 neabsor·

118 537 227 598 beatur
244 548 279 595 nt
297 547 452 616 peccator,
472 535 539 613 quia
559 533 624 594 illie
632 554 794 670 personam
814 545 945 595 nocuum
964 531 1097 615 gerebat.
1125 531 1164 591 Et
1175 543 1257 607 certe

118 613 202 674 nulla
221 612 295 695 fingi
314 623 412 692 potest
431 611 522 705 magis
543 610 631 671 sormi
652 611 734 671 abilis
757 612 893 690 abyssus,
926 630 1014 688 quam
1043 608 1154 668 sentire
1183 620 1215 668 te
1239 627 1258 670 a

117 690 189 749 Deo
210 688 384 749 derelictum
404 701 435 747 et
454 688 626 761 alienatum,
658 699 688 747 et
707 709 795 767 quum
816 686 1006 760 invocaveris,
1031 704 1092 744 non
1113 684 1256 747 exaudiri:

118 767 246 845 perinde
277 767 335 825 acsi
359 766 389 824 in
413 776 492 825 tuam
518 765 677 844 perniciem
697 765 760 843 ipse
779 762 982 844 conspirasset.
1039 762 1085 821 Eo
1107 761 1257 822 Christum

116 842 251 903 videmus
271 841 359 901 fuisse
380 841 535 914 deiectum,
567 853 600 900 ut
620 852 738 901 coactus
760 840 857 914 fuecit,
887 851 1013 976 urgente
1032 837 1175 919 angustia,
1206 857 1257 897 ex-

115 918 260 979 clamare:
279 918 482 992 „flammeum
500 917 582 978 Deus
595 937 687 990 meus,
706 928 740 978 ut
759 917 829 997 quid
850 936 897 976 me
937 915 1137 994 erefiquisti?“
1158 914 1254 989 Quod

117 996 201 1055 enim
221 995 357 1055 nonnulli
379 994 498 1068 volunt,
530 1013 563 1052 ex
582 995 705 1054 afiorum
726 995 823 1072 potius
844 994 1004 1071 opinione,
1033 1012 1120 1071 quarn
1146 1013 1179 1051 er
1201 1012 1257 1054 suo

119 1090 209 1131 senen
227 1072 270 1131 sic
291 1070 445 1149 loquutum
466 1071 570 1144 fuisse,
591 1091 771 1150 nequaquam
790 1069 947 1151 probabile
967 1079 1025 1128 est:
1050 1089 1139 1146 quum
1160 1087 1194 1127 ex
1208 1069 1257 1129 in·

119 1147 187 1208 timi
207 1148 293 1208 aminsi
313 1166 426 1227 angore
446 1147 600 1206 deductam
621 1147 709 1207 fuisse
727 1167 830 1206 uocem
851 1157 976 1215 constet.
1033 1146 1139 1225 Neque
1158 1156 1257 1205 tamen

117 1224 268 1283 innuimus
287 1223 333 1301 *),
364 1223 460 1282 lleum
481 1221 569 1281 fnisse
587 1244 716 1317 uuquam
736 1224 779 1283 illi
798 1224 843 1284 rel
863 1222 1056 1284 adversarium
1076 1222 1123 1283 vel
1141 1222 1257 1282 iratum.

118 1300 285 1375 Quomodo
306 1299 383 1358 enim
404 1299 511 1359 dilecto
532 1299 620 1374 Pilio,
639 1323 670 1359 ιιι
690 1322 749 1379 quo
770 1302 880 1361 animus
900 1302 962 1360 eius
975 1299 1130 1378 acquievit,
1149 1298 1258 1359 irasce-

118 1376 221 1437 retur?
240 1389 291 1436 aut
311 1377 462 1456 quomodo
484 1376 619 1436 Christus
639 1377 756 1436 Patrem
776 1377 837 1445 aliis
856 1398 907 1437 sua
927 1376 1141 1435 intercessione
1159 1375 1256 1456 pinea·

117 1465 184 1527 ret,
213 1473 301 1532 quem
327 1454 474 1512 infensum
495 1453 618 1513 haberet
637 1454 698 1533 ipse
717 1454 793 1514 sihi?
824 1455 885 1513 Sed
906 1455 962 1513 hoc
982 1472 1036 1511 nos
1055 1452 1189 1526 dicimus,
1209 1451 1257 1512 di·

115 1531 205 1593 vinae
229 1530 393 1590 severitatis
417 1530 589 1609 gravitatem
616 1549 682 1589 eum
706 1531 889 1591 sustinuisse:
920 1529 1060 1610 quoniam
1085 1550 1174 1589 mauu
1197 1529 1257 1590 Dei

117 1626 273 1688 percussus
293 1617 324 1666 et
343 1606 484 1676 afflictus,
514 1607 612 1666 omnia
637 1607 703 1666 irati
723 1620 754 1667 et
773 1607 921 1686 punientis
940 1606 997 1664 Dei
1018 1606 1101 1687 signa
1120 1617 1256 1686 expertus

115 1695 173 1743 est.
229 1683 360 1743 Proinde
381 1681 511 1742 Hilarius
537 1702 574 1742 eo
595 1684 737 1744 descensu
756 1683 812 1745 hoc
832 1705 888 1744 nos
908 1703 971 1744 esse
990 1694 1190 1762 consequutus
1209 1703 1256 1742 ra·

115 1759 287 1832 tiocinatnr‚
306 1770 340 1818 ut
358 1780 438 1819 mors
458 1771 609 1839 perempta
630 1760 675 1820 sit.
722 1760 786 1820 Nec
806 1760 869 1821 aliis
890 1760 960 1821 focis
981 1780 997 1819 a
1017 1770 1117 1819 nostra
1135 1769 1256 1818 seuten-

114 1837 159 1897 tia
177 1834 304 1912 abludit,
324 1847 355 1894 ut
397 1857 462 1895 uam
481 1837 537 1895 ait:
577 1838 693 1911 „Crur‚
712 1859 808 1913 mors,
833 1837 936 1911 inferi,
961 1847 1060 1896 nostra
1079 1838 1256 1896 vitasunt.“

114 1912 195 1972 Item
215 1911 301 1972 alibi:
321 1857 434 1988 „Fifius
455 1912 511 1971 Dei
532 1913 561 1971 in
581 1913 703 1972 infernis
724 1925 782 1973 est:
807 1913 859 1973 sed
879 1913 968 1973 homo
989 1912 1117 1971 refertur
1135 1912 1171 1972 ad
1183 1932 1256 1972 coe·

114 1989 231 2064 „lnm.“
268 1988 308 2048 Et
327 1989 394 2068 quid
416 1989 520 2068 privati
539 1988 665 2049 hominis
683 1991 965 2062 testimoniumcito‚
983 1989 1162 2068 qunnridem
1172 1987 1258 2067 fhpo·¹

114 2065 210 2127 stolus
233 2077 342 2126 asserat
372 2065 622 2144 (Hehr.2‚15.)‚
653 2065 731 2127 hunc
754 2068 898 2127 victoriae
921 2067 1047 2126 fructum
1072 2084 1254 2128 commemo·

113 2162 202 2216 rans,
222 2143 302 2222 quod
322 2141 437 2202 liberati
459 2143 585 2217 fuerint,
605 2143 655 2222 qui
675 2156 755 2203 metu
775 2144 879 2204 mortis
899 2164 953 2224 per
971 2155 1064 2203 totam
1083 2143 1175 2203 vitam
1196 2140 1254 2200 ob-

114 2220 197 2279 noxii
216 2231 302 2279 erant
320 2219 472 2279 servituti?
503 2221 631 2278 Vincere
650 2240 723 2301 ergo
743 2233 853 2280 metum
874 2221 1026 2300 oportuit,
1044 2220 1094 2311 qui
1114 2217 1254 2280 naturali·

112 2309 165 2357 ter
183 2308 307 2357 cunctos
327 2296 466 2355 mortales
487 2297 599 2356 assidue
619 2300 701 2377 angit
720 2319 754 2357 ae
774 2309 873 2379 urget:
895 2297 976 2376 quod
995 2296 1059 2356 fieri
1080 2316 1141 2356 non
1153 2293 1253 2376 potuit

114 2372 172 2434 nisi
192 2372 363 2454 pugnando.
402 2373 500 2432 Porro
522 2374 608 2432 fuisse
629 2395 689 2433 non
710 2375 859 2456 vulgarem
879 2385 930 2434 aut
949 2372 1005 2433 levi
1026 2373 1064 2432 de
1082 2392 1253 2433 eausacon-

113 2460 234 2529 ceptum
255 2468 433 2524 moerorem,
453 2470 520 2508 mox
539 2449 642 2509 clarius
662 2451 784 2530 patebit.
823 2451 868 2510 Ita
889 2472 954 2511 cum
976 2449 1085 2510 diaboli
1095 2459 1254 2530 potestate,

113 2548 181 2586 eum
201 2527 306 2586 mortis
326 2527 462 2600 horrore,
484 2547 548 2584 cunr
569 2527 731 2586 inferorum
753 2527 904 2588 doloribus
924 2548 1042 2587 manum
1055 2525 1252 2601 conserendo,

113 2603 224 2663 factum
244 2613 343 2662 estut
368 2613 397 2661 et
422 2602 549 2660 referret
574 2603 609 2661 de
636 2604 691 2662 illis
717 2605 883 2678 victoriam,
917 2617 947 2663 et
976 2603 1157 2683 triumphum
1181 2621 1251 2738 age-

115 2690 191 2812 rih'·
209 2681 323 2797 pe'igm
344 2679 374 2737 in
395 2690 492 2737 morte
517 2699 551 2738 ea
578 2680 783 2757 formidemus,
813 2702 888 2760 quae
907 2681 1049 2759 Princeps
1072 2691 1174 2739 noster
1220 2698 1251 2737 e·

148 2766 236 2813 utrrst
309 2798 317 2813 .

116 2775 137 2835 g
195 2834 242 2893 12
279 2760 335 2891 liic
355 2829 518 2890 nebulones
539 2832 654 2909 quidam
682 2833 751 2893 licet
776 2833 902 2907 indocti,
932 2830 1040 2893 malitia
1064 2843 1162 2891 tamen
1188 2851 1251 2891 ma-

119 2906 165 2998 gis
185 2925 269 2998 quam
289 2909 404 2967 inscitia
434 2908 566 2987 impulsi,
598 2909 747 2968 clamitant
771 2930 817 2968 me
846 2923 977 2969 atrocem
1008 2910 1105 2969 facere
1129 2909 1250 2970 Christo

116 2983 264 3042 iniuriam:
285 2985 351 3063 quia
373 2985 491 3042 minime
512 2998 741 3044 consentaneum
763 2987 865 3059 fuerit,
884 3007 949 3045 eum
972 2986 1008 3045 de
1028 2987 1142 3046 animae
1156 2986 1250 3045 salute

115 3060 228 3120 timere.
267 3061 384 3120 Deinde
405 3061 576 3119 calumniam
597 3062 696 3122 durius
716 3064 871 3145 exagitant,
891 3083 938 3121 me
948 3061 1185 3141 desperationem
1198 3063 1249 3122 ad-

112 3137 244 3197 scribere
263 3136 340 3196 Pilio
360 3137 430 3212 Dei,
450 3158 524 3216 quae
545 3138 611 3195 fidei
632 3141 778 3198 contraria
798 3141 844 3198 sit.
884 3140 1014 3198 Primum
1040 3140 1077 3198 de
1097 3151 1177 3199 metu
1197 3161 1250 3219 pa·

112 3233 245 3292 roreque
267 3214 387 3287 Christi,
407 3235 494 3292 quem
514 3227 571 3273 tarn
593 3228 692 3294 aperte
713 3216 883 3293 praedicant
894 3216 1108 3296 Evangelistae‚
1126 3229 1249 3277 contro·

111 3290 207 3349 versia
228 3290 265 3350 ab
287 3289 331 3350 his
351 3290 487 3370 improbe
512 3303 654 3350 movetur.
704 3293 779 3351 Nam
806 3304 961 3372 antequam
987 3295 1109 3353 instaret
1133 3304 1249 3371 tempus

111 3367 228 3440 mortis,
245 3365 379 3427 turbatus
400 3379 443 3425 cst
463 3367 576 3445 spiritu,
591 3380 625 3437 ,et
645 3368 768 3429 affectus
787 3389 938 3429 moerore:
961 3369 991 3429 in
1005 3370 1075 3450 ipso
1089 3389 1161 3431 vero
1175 3390 1248 3430 con·

111 3461 214 3524 gressu
234 3444 333 3523 coepit
353 3463 385 3501 ex
408 3464 541 3502 avesccre
561 3444 769 3505 vehementius,
807 3445 1032 3506 simulationem
1052 3447 1077 3508 si
1098 3445 1184 3507 fuisse
1202 3446 1247 3505 di-

111 3529 192 3590 eant‚
212 3519 296 3579 nimis
317 3466 450 3598 putidum
472 3531 515 3578 est
535 3520 686 3599 effugium.
727 3522 922 3582 Confidenter
941 3543 1012 3605 ergo
1033 3525 1083 3614 (ut
1101 3544 1169 3584 vere
1192 3523 1247 3583 do·

111 3606 160 3655 cet
179 3594 368 3672 Ambrosius)
390 3596 522 3676 profiteri
543 3597 653 3656 Christi
675 3599 819 3657 tristitiam
841 3601 995 3674 convenit,
1023 3600 1079 3658 nisi
1105 3621 1159 3659 nos
1179 3623 1246 3660 cru-

111 3675 152 3731 cis
172 3673 289 3751 pudeat.
328 3674 367 3730 Et
386 3693 455 3732 sane
476 3673 528 3731 nisi
549 3694 664 3751 poenae
683 3675 785 3733 fuisset
804 3677 948 3758 particeps
974 3677 1084 3751 anima,
1111 3678 1245 3754 corpori-

110 3747 166 3808 bus
184 3759 298 3809 tantum
320 3748 421 3809 fuisset
440 3749 630 3828 Redemptor.
650 3752 768 3810 Luctari
789 3766 885 3811 autem
905 3754 1050 3833 oportuit,
1069 3764 1102 3810 ut
1118 3753 1246 3833 erigeret

110 3827 162 3903 qui
182 3827 320 3905 prostrati
340 3825 488 3884 iacebant:
515 3827 648 3905 adeoque
669 3828 739 3885 nihil
760 3829 827 3887 inde
848 3828 970 3889 coelesti
981 3831 1041 3889 eius
1062 3827 1173 3908 gloriae
1193 3829 1245 3887 de·

109 3902 206 3975 cedit,
237 3915 269 3959 nt
300 3903 353 3960 hac
385 3904 414 3960 in
444 3915 526 3982 parte
552 3903 694 3983 refulgeat
720 3902 835 3964 bonitas
861 3927 1008 3984 nunquam
1032 3905 1100 3964 satis
1119 3905 1245 3980 lasadeta,

109 3978 193 4056 quod
217 3978 399 4037 infirmitates
426 3990 536 4037 nostras
557 3979 585 4037 in
606 3999 637 4038 se
657 3982 805 4061 suscipere
823 3992 957 4062 gravatus
983 4001 1043 4041 non
1064 3993 1117 4042 est.
1156 3981 1244 4042 Unde

176 4233 204 4302 ⁴)
221 4233 281 4288 vid.
299 4233 388 4307 cyritt.
413 4233 458 4286 lib.
478 4233 502 4287 2.
522 4234 554 4286 de
579 4249 648 4288 recta
666 4237 718 4288 fide
747 4238 780 4288 ad
806 4237 923 4304 Reginae.
941 4268 974 4280 -
1008 4238 1073 4291 Item
1099 4237 1180 4293 Hilar.
1209 4242 1242 4293 de

107 4300 200 4352 Tristis.
215 4301 259 4352 lib.
277 4303 301 4355 4.
318 4322 340 4353 c.
356 4304 380 4355 ‘b
399 4316 422 4353 et
439 4303 463 4354 3.

158 4368 202 4435 aa)
220 4369 277 4420 vid
295 4369 437 4422 botherum
455 4368 534 4420 Tom.
552 4373 575 4424 1.
593 4370 620 4421 in
640 4371 770 4423 concione
786 4372 819 4424 de
836 4386 921 4424 morte
938 4374 985 4426 tot.
1002 4373 1048 4430 87.
