2700 4732
103 204 146 273 aa
278 164 310 239 ⁰-
484 170 839 267 1111111111

105 344 159 407 sed
185 356 217 407 et
244 344 362 407 Patrem
392 364 477 405 suum
505 342 624 405 dicebat
652 344 761 419 Deum,
790 342 941 424 aequalem
965 362 998 403 se
1023 342 1135 405 iaciens
1160 342 1251 407 Deos.

24 432 27 437 '
106 420 213 497 Qualis
231 442 305 505 ergo
330 421 387 482 erit
411 433 516 503 stupor
538 434 648 497 noster,
678 422 734 481 nisi
761 422 829 481 hinc
857 420 920 481 eius
945 420 1127 481 divinitatem
1151 420 1256 501 plane·

104 499 197 560 asum
214 496 392 559 sentiamus?
413 498 454 557 Et
476 518 547 558 sane
565 498 751 577 providentia
777 508 807 557 et
824 496 932 557 virtute
951 496 1094 557 mundum
1112 495 1244 557 admisi·

105 588 210 649 strare,
233 587 366 653 nutuque
394 574 531 653 propriae
555 573 671 634 virtutis
697 574 794 634 omnia
813 573 969 647 moderari,
1000 572 1097 653 (quod
1121 572 1165 632 illi
1190 574 1251 639 dat:

105 650 269 732 Apostolus
288 649 365 712 lleb.
379 656 407 722 1,
426 656 469 726 3.)
489 670 551 709 non
571 662 615 709 est
633 648 690 709 nisi
712 649 872 709 Creatoris.
907 649 1015 728 Neque
1024 647 1118 711 solam
1129 648 1244 731 guber·

106 727 197 789 nandi
217 724 298 787 orbis
316 726 495 807 provinciam
516 748 581 785 curn
601 727 690 785 Patre
708 726 874 805 participat,
893 726 943 785 sed
964 724 1020 785 alia
1061 745 1160 804 uoque
1177 724 1251 785 sin--

106 803 175 886 gula
195 803 311 877 officia,
337 821 412 883 quae
431 802 570 862 creaturis
591 802 800 862 communicari
822 812 979 880 nequeant.
1039 746 1155 863 {lamet
1173 800 1252 862 Do··

106 880 202 940 miuus
223 900 276 958 per
294 878 469 959 proplietam
490 880 560 956 (les.
578 884 627 955 13,
646 885 715 954 151,
743 878 808 958 Ego
828 899 902 953 sum,
922 897 979 960 ego
998 898 1062 937 sum
1081 877 1133 957 qui
1151 876 1251 939 deleo·

105 956 274 1036 iniquitates
303 968 367 1015 tuas
396 967 520 1034 propter
547 976 603 1014 me.
643 954 810 1014 Secundum
835 954 911 1014 hanc
929 955 1116 1027 seutentiam,
1168 974 1238 1013 uum

35 1078 39 1083 -
105 1033 243 1093 iniuriam
263 1030 386 1112 irrogari
406 1032 474 1089 Deo
494 1030 594 1090 ludaei
614 1032 820 1105 existimarent,
846 1049 882 1090 eo
908 1030 988 1110 quod
1007 1040 1128 1110 peccata
1167 1030 1241 1089 ’ri-
1273 1038 1275 1043 '

105 1121 169 1171 stus
179 1106 360 1183 remittebat,
371 1106 445 1167 hane
454 1118 629 1199 potestatem
642 1106 699 1166 sibi
713 1119 882 1185 competere
890 1127 952 1165 non
965 1118 1076 1166 tantum
1088 1104 1240 1167 verbices·

105 1184 266 1258 seruit‚sed
275 1184 415 1243 miraculo
423 1182 720 1262 etramcomprolsasit
730 1181 942 1260 (itatenus).
959 1183 1238 1264 Ergopeccato'run

105 1260 286 1321 remissionis
306 1280 368 1319 non
387 1261 591 1333 ministerium,
609 1260 659 1319 sed
680 1271 854 1339 potestatem
867 1261 1061 1339 penesipsuru
1081 1278 1146 1319 esse
1165 1278 1239 1319 con·

105 1335 254 1417 spicimus,
274 1358 362 1414 quarn
381 1358 396 1395 a
415 1356 446 1395 se
466 1336 502 1395 ad
522 1335 610 1395 alium
628 1337 813 1395 transituram
833 1336 977 1395 Dominus
996 1346 1095 1417 neget.
1134 1332 1239 1409 Quid?

106 1412 208 1472 tacitas
228 1414 360 1472 cordium
380 1412 572 1493 cogitationes
613 1412 758 1471 ercontari
779 1424 809 1469 et
828 1423 993 1491 penetrare,
1022 1430 1124 1471 annon
1148 1408 1238 1472 solius
1270 1422 1275 1439 ¹

106 1486 167 1625 (litei
187 1488 261 1578 ,11ῑῖ
291 1490 334 1549 At
362 1508 424 1549 eam
449 1509 568 1568 quoque
592 1434 697 1547 11111111
723 1488 867 1549 Christus:
901 1488 980 1548 unde
1004 1485 1153 1569 colligitur
1177 1486 1238 1547 eius
1272 1570 1275 1577 Ι

127 1576 248 1705 inniti?
268 1638 306 1700 Iu
331 1639 477 1702 miraculis
501 1653 598 1701 autern
624 1662 709 1719 quam
735 1661 801 1720 pers
826 1640 889 1699 icue
915 1637 1121 1719 luculenteque
1146 1659 1237 1777 eppa·

106 1716 175 1778 ret?
203 1716 320 1790 Quibus
347 1719 400 1777 etsi
425 1719 506 1797 paria
531 1730 562 1777 et
585 1716 689 1777 similia
713 1729 774 1776 taem
798 1663 961 1796 drophetas
991 1729 1053 1775 tum
1075 1718 1238 1796 Apostoos

107 1794 231 1853 edidisse
252 1793 365 1868 laesor,
393 1795 425 1853 in
453 1794 509 1855 hoe
533 1806 631 1853 tamen
651 1793 806 1873 plurimum
832 1806 876 1853 est
895 1794 1078 1866 discriminis,
1108 1790 1239 1885 quodffi

107 1871 187 1931 dona
207 1870 264 1929 Dei
279 1892 336 1933 ¹suu
357 1870 519 1931 ministerio
548 1870 762 1949 dispensarunt,
794 1869 841 1929 ille
871 1890 951 1929 suam
982 1870 1072 1948 ipsius
1099 1880 1236 1931 virtutm

106 1946 242 2007 exseruit.
279 1946 357 2007 Usus
378 1960 421 2006 est
462 1948 559 2007 uidem
580 1947 726 2007 interdum
750 1948 928 2027 precatione,
961 1968 1020 2024 quo
1052 1946 1177 2026 gloriam
1200 1944 1236 2005 ad
1268 1964 1275 2023 ,j

106 2024 225 2083 Patrem
245 2022 385 2082 referret:
411 1970 461 2083 sed
481 2024 612 2084 videmus
630 2023 819 2102 utplurimum
839 2022 987 2103 propriam
1014 2021 1074 2082 eius
1099 2022 1242 2083 virtutem«
1270 2048 1275 2065 ¹

105 2098 194 2159 nobis
214 2109 370 2159 ostensam.
408 2100 448 2158 Et
467 2099 618 2178 quomodo
638 2120 699 2158 sion
720 2111 796 2160 esset
808 2120 892 2158 verus
904 2110 1008 2157 auctor
1020 2098 1237 2175 miraculorum,
1256 2100 1275 2111 ''

128 2175 158 2234 ui
191 2174 438 2266 dispensationem
471 2175 533 2235 aliis
552 2196 603 2235 sua
623 2178 796 2235 auctoritate
817 2175 993 2235 committit?
1024 2174 1133 2235 Narrat
1157 2174 1242 2235 enin·
1269 2220 1275 2245 ,-

104 2197 301 2331 1111311111
320 2251 401 2310 illum
422 2250 534 2311 dedisse
552 2251 705 2331 Apostolis
724 2264 898 2331 potestatem
918 2263 1050 2311 mortuos
1069 2250 1237 2325 suscitandi,
1272 2265 1275 2295 ἲ

106 2328 241 2406 leprosos
262 2328 392 2401 curandi,
412 2328 547 2387 eliciendi
566 2328 722 2388 daemones
742 2339 797 2387 ete.
835 2327 883 2386 llli
902 2339 999 2386 autem
1019 2328 1060 2387 sic
1075 2324 1241 2389 ministerio.
1273 2398 1275 2403 ¹

107 2403 253 2465 eiusmodi
274 2403 404 2462 defuncti
424 2416 502 2479 sunt,
522 2415 555 2462 ut
572 2405 641 2463 satis
660 2405 851 2463 ostenderent
869 2406 1008 2461 virtutem
1034 2424 1095 2462 nou
1121 2402 1241 2463 aliunde·
1261 2414 1273 2471 ,“

108 2500 171 2541 esse
191 2499 276 2557 quam
296 2501 313 2538 a
334 2480 460 2539 Christo.
498 2480 555 2555 „lu
576 2480 696 2539 nomine
716 2481 783 2541 Iesu
796 2481 904 2541 Christi
925 2480 1032 2558 (inquit
1043 2482 1148 2540 Petrus
1167 2482 1234 2541 net.
1267 2490 1275 2533 .’“

32 2614 36 2625 ,
106 2563 138 2629 3,
155 2558 197 2627 6.)
217 2576 303 2637 surge
323 2569 354 2615 et
374 2554 518 2616 amlmla“.
555 2556 624 2615 Non
644 2557 750 2615 mirum
762 2579 834 2638 ergo
849 2558 872 2616 si
890 2555 1026 2616 miracula
1046 2577 1096 2616 sua
1117 2556 1242 2617 obieee··

106 2632 146 2692 rit
158 2632 301 2707 Christus,
318 2633 354 2691 ad
365 2634 569 2693 revincendam
582 2632 757 2692 ludaeorum
774 2632 1021 2693 incredulitatem:
1042 2646 1145 2711 utpote
1163 2650 1263 2712 quate.

107 2711 218 2769 virtute
240 2709 302 2767 eius
320 2709 414 2779 edita,
442 2710 648 2789 amplissimum
669 2710 823 2770 divinitatis
844 2710 1041 2769 testimonium
1064 2708 1275 2777 reddebant.·,.¹

106 2786 264 2845 Praeterea
275 2786 299 2845 si
311 2797 391 2844 extra
402 2786 499 2845 Deum
511 2785 590 2845 nulla
601 2797 645 2845 est
658 2784 744 2863 salus,
757 2786 836 2845 usella
849 2786 968 2859 iustitia,
979 2786 1058 2845 nulla
1070 2786 1138 2859 vita,
1149 2784 1237 2847 curi·
1269 2796 1275 2861 ξ

107 2871 275 2922 stusautem
288 2849 318 2920 iu
338 2879 370 2921 se
389 2862 461 2921 haee
480 2863 579 2921 omnia
599 2863 743 2938 continet,
763 2864 842 2923 Deus
863 2874 942 2922 certe
963 2862 1137 2922 ostenditur.
1176 2862 1244 2923 Ne·-
1266 2866 1275 2924 ,ἲ

107 2956 167 3017 que
186 2936 258 2996 mihi
278 2937 418 3019 quispiam
438 2938 576 3012 obiiciat,
598 2938 732 2998 dillusam
759 2961 775 2999 a
802 2941 868 3000 lieo
899 2942 929 2999 in
955 2940 964 2997 i
987 2960 1051 2998 sum
1075 2938 1163 2998 vitam
1187 2948 1237 2999 ant
1268 2956 1272 2963 ’

107 3014 246 3073 salutem:
278 3034 341 3074 nou
365 3015 443 3073 enirn
467 3015 588 3076 salutem
609 3017 763 3096 accepisse,
793 3016 843 3075 sed
864 3017 925 3095 ipse
944 2961 1018 3075 sadus
1038 3034 1101 3074 esse
1122 3014 1272 3085 dicitur.,'

106 3090 165 3165 Et,
192 3089 324 3150 sinemo
345 3089 440 3151 honsu
460 3092 514 3152 nisi
538 3090 617 3151 solus
637 3092 733 3164 Deus,
765 3093 915 3171 quomodo
936 3104 1011 3151 esset
1025 3112 1114 3171 purus
1135 3090 1203 3151 hom

106 3186 169 3225 non
191 3166 258 3226 dico
279 3167 375 3227 bonus
394 3189 428 3226 ac
446 3168 548 3242 iustus,
568 3168 619 3227 sed
639 3169 700 3247 ipsa
721 3169 837 3228 bouitas
857 3182 886 3228 et
898 3168 1022 3228 iustitia?
1043 3169 1135 3243 Quid,
1155 3188 1215 3249 quo
1266 3182 1275 3191 '

107 3241 239 3323 aprimo
258 3243 415 3304 creationis
435 3244 565 3317 exordio,
584 3256 658 3304 teste
678 3245 873 3325 l‘lvangelista,
894 3246 922 3303 iu
944 3247 1008 3326 ipso
1028 3246 1085 3304 vita
1106 3258 1185 3305 erat:
1205 3252 1244 3305 et·

107 3318 170 3397 ipse
189 3319 247 3377 vita
267 3319 323 3377 iam
335 3332 396 3379 tum
410 3321 558 3393 exsistens,
578 3332 640 3379 erat
659 3319 706 3379 lux
726 3321 894 3381 hominum?
912 3322 1043 3380 Proinde
1062 3320 1169 3381 talibus
1182 3319 1242 3381 do··.-

108 3395 252 3455 eumentis
283 3394 351 3453 lreti
376 3396 513 3455 iidem-in
533 3398 543 3455 i
565 3417 598 3457 so
618 3410 747 3457 nostram
768 3411 798 3458 et
818 3418 899 3478 spem
919 3417 1063 3476 reponere
1083 3398 1246 3457 auderunt:-

108 3492 200 3550 quum
218 3470 341 3530 sciamus
360 3483 457 3531 tamen
477 3418 646 3555 sacrdegam
667 3494 728 3534 esse
748 3475 934 3554 impietatem,
954 3476 977 3533 si
998 3475 1078 3535 cuius
1089 3474 1194 3536 fiducia
1206 3475 1234 3533 in

108 3549 249 3608 creaturis
262 3548 390 3606 haereat.
428 3548 580 3624 „Creditis
599 3552 629 3610 in
642 3550 757 3610 Deum?
776 3552 872 3631 iuquit
891 3552 950 3629 (lo.
971 3558 1019 3623 11,
1038 3554 1083 3627 1.)
1102 3564 1133 3610 et
1147 3550 1177 3610 in
1190 3567 1254 3611 me·

109 3623 252 3684 credite“.
292 3627 390 3702 Atque
409 3624 449 3683 ita
468 3624 576 3685 Paulus
595 3626 759 3704 (11011110,
778 3635 824 3692 11.
845 3640 874 3687 et
893 3635 942 3703 15,
962 3629 1023 3704 12.)
1043 3628 1116 3688 duos
1128 3626 1236 3691 lesaiae

106 3696 191 3760 locos
209 3699 420 3778 interpretatur
438 3702 566 3780 (11128,
586 3703 659 3778 tu),
680 3704 859 3795 Quicunque
878 3716 976 3783 sperat
996 3706 1026 3763 in
1038 3724 1086 3778 eo,
1106 3725 1166 3764 uon
1180 3724 1249 3785 pu··

12 3822 20 3837 .
108 3775 208 3836 defiet.
246 3775 323 3834 Item
347 3776 577 3909 qles.11‚10.),
606 3779 672 3837 Erit
695 3802 729 3839 ex
754 3782 850 3840 radice
872 3780 928 3840 lsai
954 3782 1003 3861 qui
1023 3792 1184 3862 consurget
1201 3780 1246 3841 ad.

108 3850 256 3934 regendos
275 3871 356 3943 popu
368 3874 417 3913 os:
437 3853 550 3934 inipso
572 3854 687 3915 Gentes
705 3857 875 3936 sperabunt.
925 3856 967 3917 Et
997 3858 1067 3937 quid
1087 3856 1125 3916 de
1144 3877 1180 3919 ea
1204 3876 1237 3919 re

129 3927 192 3987 lura
222 3928 394 4007 Scripturae
423 3932 590 3991 testimonia
620 3951 839 4011 persequamur,
868 3954 958 4012 quum
989 3934 1076 3993 toties
1100 3944 1238 3994 occurrat

107 3948 181 4064 1111
198 4005 353 4079 sententia,
374 4005 437 4080 Qui
456 4007 550 4066 eredit
569 4009 599 4067 in
618 4027 676 4082 me,
695 4009 785 4069 habet
803 4011 890 4069 sitam
902 4008 1069 4070 aeternam?
1088 3994 1149 4070 iam
1162 4030 1236 4090 quae

30 4112 51 4121 ··
108 4098 144 4139 ex
157 4079 220 4170 lide
238 4081 348 4171 pendet
367 4083 527 4158 invocatio,
550 4083 594 4142 illi
615 4086 702 4145 etiam
723 4087 876 4165 competit,
928 4107 982 4146 uae
1001 4099 1099 4147 tamen
1120 4088 1238 4147 «livinae

107 4166 264 4217 maiestatis
285 4178 338 4237 pro
360 4161 402 4221 ria
421 4172 482 4231 est,
511 4161 535 4220 si
574 4161 624 4219 uid
644 4162 721 4221 aliud
740 4163 891 4243 proprium
907 4108 1011 4226 1debet.
1051 4163 1132 4222 Dicit
1157 4164 1238 4224 enirn

26 4292 31 4299 ,
106 4228 257 4323 Propheta
275 4180 365 4311 (1011.
383 4242 413 4311 2,
436 4236 512 4311 31),
554 4182 734 4317 Quicunque
759 4240 937 4299 invocaverit
961 4260 1071 4300 nomen
1095 4239 1238 4319 lehorae,

4 4360 7 4377 .
107 4306 277 4371 salsuserrt.
296 4312 382 4375 Alter
392 4332 464 4376 vero
476 4314 581 4394 (Pron.
593 4320 642 4390 18,
653 4317 727 4395 tn),
746 4317 1249 4381 Τ11111101111111111011111111·Ι
