<?xml version="1.0" encoding="UTF-8"?>
<!DOCTYPE html PUBLIC "-//W3C//DTD XHTML 1.0 Transitional//EN"
    "http://www.w3.org/TR/xhtml1/DTD/xhtml1-transitional.dtd">
<html xmlns="http://www.w3.org/1999/xhtml" xml:lang="en" lang="en">
 <head>
  <title>
</title>
<meta http-equiv="Content-Type" content="text/html;charset=utf-8" />
  <meta name='ocr-system' content='tesseract 3.04.00' />
  <meta name='ocr-capabilities' content='ocr_page ocr_carea ocr_par ocr_line ocrx_word'/>
</head>
<body>
  <div class='ocr_page' id='page_1' title='image "./ioanniscalvinii02tholgoog/ioanniscalvinii02tholgoog_0532.png"; bbox 0 0 2700 4732; ppageno 0'>
   <div class='ocr_carea' id='block_1_1' title="bbox 526 90 1287 180">
    <p class='ocr_par' dir='ltr' id='par_1_1' title="bbox 526 90 1287 180">
     <span class='ocr_line' id='line_1_1' title="bbox 526 90 1287 180; baseline 0.014 -11"><span class='ocrx_word' id='word_1_1' title='bbox 526 108 600 169; x_wconf 83' lang='lat' dir='ltr'><strong>urs.</strong></span> <span class='ocrx_word' id='word_1_2' title='bbox 623 107 680 167; x_wconf 78' lang='grc' dir='ltr'><strong>ιιι.</strong></span> <span class='ocrx_word' id='word_1_3' title='bbox 708 90 808 170; x_wconf 78' lang='lat' dir='ltr'><strong>&#39;cau</strong></span> <span class='ocrx_word' id='word_1_4' title='bbox 829 108 910 170; x_wconf 83' lang='lat' dir='ltr'><strong>rvr.</strong></span> <span class='ocrx_word' id='word_1_5' title='bbox 1147 102 1150 107; x_wconf 84' lang='grc'><strong>’</strong></span> <span class='ocrx_word' id='word_1_6' title='bbox 1250 120 1287 180; x_wconf 81' lang='lat'><strong>51</strong></span> 
     </span>
    </p>
   </div>
   <div class='ocr_carea' id='block_1_2' title="bbox 93 253 1287 3418">
    <p class='ocr_par' dir='ltr' id='par_1_2' title="bbox 93 253 1287 3418">
     <span class='ocr_line' id='line_1_2' title="bbox 138 253 1285 337; baseline 0 -17"><span class='ocrx_word' id='word_1_7' title='bbox 138 264 222 321; x_wconf 85' lang='lat' dir='ltr'><strong>inter</strong></span> <span class='ocrx_word' id='word_1_8' title='bbox 241 276 273 320; x_wconf 81' lang='lat' dir='ltr'><strong>se</strong></span> <span class='ocrx_word' id='word_1_9' title='bbox 292 254 454 317; x_wconf 85' lang='lat' dir='ltr'><strong>cohaerere</strong></span> <span class='ocrx_word' id='word_1_10' title='bbox 472 254 625 329; x_wconf 78' lang='lat' dir='ltr'>fateamur,</span> <span class='ocrx_word' id='word_1_11' title='bbox 646 255 676 313; x_wconf 90' lang='lat' dir='ltr'><strong>in</strong></span> <span class='ocrx_word' id='word_1_12' title='bbox 694 253 752 315; x_wconf 85' lang='lat' dir='ltr'><strong>fide</strong></span> <span class='ocrx_word' id='word_1_13' title='bbox 771 264 882 331; x_wconf 85' lang='lat' dir='ltr'><strong>tumen,</strong></span> <span class='ocrx_word' id='word_1_14' title='bbox 901 254 965 316; x_wconf 81' lang='lat' dir='ltr'><strong>hon</strong></span> <span class='ocrx_word' id='word_1_15' title='bbox 984 254 1125 337; x_wconf 84' lang='lat' dir='ltr'><strong>operibus</strong></span> <span class='ocrx_word' id='word_1_16' title='bbox 1144 256 1285 320; x_wconf 84' lang='lat' dir='ltr'><strong>iustihca-</strong></span> 
     </span>
     <span class='ocr_line' id='line_1_3' title="bbox 137 330 1285 415; baseline -0.002 -16"><span class='ocrx_word' id='word_1_17' title='bbox 137 338 255 399; x_wconf 89' lang='lat' dir='ltr'><strong>tionem</strong></span> <span class='ocrx_word' id='word_1_18' title='bbox 275 334 423 414; x_wconf 89' lang='lat' dir='ltr'><strong>ponimus.</strong></span> <span class='ocrx_word' id='word_1_19' title='bbox 462 330 498 392; x_wconf 88' lang='lat' dir='ltr'><strong>Id</strong></span> <span class='ocrx_word' id='word_1_20' title='bbox 522 351 580 411; x_wconf 89' lang='lat' dir='ltr'><strong>qua</strong></span> <span class='ocrx_word' id='word_1_21' title='bbox 600 332 717 391; x_wconf 87' lang='lat' dir='ltr'><strong>ratione</strong></span> <span class='ocrx_word' id='word_1_22' title='bbox 743 331 809 407; x_wconf 86' lang='lat' dir='ltr'><strong>fiat,</strong></span> <span class='ocrx_word' id='word_1_23' title='bbox 834 330 979 415; x_wconf 82' lang='lat' dir='ltr'><strong>explicare</strong></span> <span class='ocrx_word' id='word_1_24' title='bbox 1001 345 1171 414; x_wconf 90' lang='lat' dir='ltr'><strong>promptum</strong></span> <span class='ocrx_word' id='word_1_25' title='bbox 1192 347 1237 396; x_wconf 90' lang='lat' dir='ltr'><strong>est</strong></span> <span class='ocrx_word' id='word_1_26' title='bbox 1260 337 1285 397; x_wconf 89' lang='lat' dir='ltr'><strong>si</strong></span> 
     </span>
     <span class='ocr_line' id='line_1_4' title="bbox 138 408 1284 492; baseline -0.003 -17"><span class='ocrx_word' id='word_1_27' title='bbox 138 414 178 475; x_wconf 84' lang='lat' dir='ltr'><strong>ad</strong></span> <span class='ocrx_word' id='word_1_28' title='bbox 199 411 354 474; x_wconf 77' lang='lat' dir='ltr'><strong>Christum</strong></span> <span class='ocrx_word' id='word_1_29' title='bbox 375 408 466 469; x_wconf 89' lang='lat' dir='ltr'><strong>modo</strong></span> <span class='ocrx_word' id='word_1_30' title='bbox 487 421 710 481; x_wconf 79' lang='lat' dir='ltr'><strong>convertamur,</strong></span> <span class='ocrx_word' id='word_1_31' title='bbox 731 409 761 467; x_wconf 93' lang='lat' dir='ltr'><strong>in</strong></span> <span class='ocrx_word' id='word_1_32' title='bbox 784 429 871 487; x_wconf 90' lang='lat' dir='ltr'><strong>quem</strong></span> <span class='ocrx_word' id='word_1_33' title='bbox 892 410 1028 492; x_wconf 81' lang='lat' dir='ltr'><strong>dirigitur</strong></span> <span class='ocrx_word' id='word_1_34' title='bbox 1047 409 1135 486; x_wconf 87' lang='lat' dir='ltr'><strong>fides,</strong></span> <span class='ocrx_word' id='word_1_35' title='bbox 1155 424 1185 472; x_wconf 89' lang='lat' dir='ltr'><strong>ct</strong></span> <span class='ocrx_word' id='word_1_36' title='bbox 1205 412 1284 473; x_wconf 87' lang='lat' dir='ltr'><strong>unde</strong></span> 
     </span>
     <span class='ocr_line' id='line_1_5' title="bbox 137 485 1284 567; baseline -0.003 -15"><span class='ocrx_word' id='word_1_37' title='bbox 137 502 236 551; x_wconf 86' lang='lat' dir='ltr'><strong>totam</strong></span> <span class='ocrx_word' id='word_1_38' title='bbox 255 488 314 548; x_wconf 83' lang='lat' dir='ltr'><strong>vim</strong></span> <span class='ocrx_word' id='word_1_39' title='bbox 335 487 449 565; x_wconf 87' lang='lat' dir='ltr'><strong>accipit.</strong></span> <span class='ocrx_word' id='word_1_40' title='bbox 490 486 591 559; x_wconf 82' lang='lat' dir='ltr'><strong>Quare</strong></span> <span class='ocrx_word' id='word_1_41' title='bbox 612 505 685 567; x_wconf 76' lang='lat' dir='ltr'><strong>ergo</strong></span> <span class='ocrx_word' id='word_1_42' title='bbox 707 486 763 544; x_wconf 91' lang='lat' dir='ltr'><strong>lide</strong></span> <span class='ocrx_word' id='word_1_43' title='bbox 784 485 992 546; x_wconf 84' lang='lat' dir='ltr'><strong>iustificamur?</strong></span> <span class='ocrx_word' id='word_1_44' title='bbox 1011 486 1080 567; x_wconf 90' lang='lat' dir='ltr'><strong>quia</strong></span> <span class='ocrx_word' id='word_1_45' title='bbox 1099 487 1158 551; x_wconf 85' lang='lat' dir='ltr'><strong>fide</strong></span> <span class='ocrx_word' id='word_1_46' title='bbox 1178 510 1193 548; x_wconf 94' lang='lat' dir='ltr'><strong>a</strong></span> <span class='ocrx_word' id='word_1_47' title='bbox 1238 510 1284 549; x_wconf 90' lang='lat' dir='ltr'><strong>re·</strong></span> 
     </span>
     <span class='ocr_line' id='line_1_6' title="bbox 138 511 1284 641; baseline -0.002 -13"><span class='ocrx_word' id='word_1_48' title='bbox 138 566 297 628; x_wconf 84' lang='lat' dir='ltr'><strong>hendimus</strong></span> <span class='ocrx_word' id='word_1_49' title='bbox 320 562 430 623; x_wconf 83' lang='lat' dir='ltr'><strong>Christi</strong></span> <span class='ocrx_word' id='word_1_50' title='bbox 463 563 620 635; x_wconf 89' lang='lat' dir='ltr'><strong>iustitiam,</strong></span> <span class='ocrx_word' id='word_1_51' title='bbox 651 583 707 641; x_wconf 87' lang='lat' dir='ltr'><strong>qua</strong></span> <span class='ocrx_word' id='word_1_52' title='bbox 739 585 797 623; x_wconf 90' lang='lat' dir='ltr'><strong>una</strong></span> <span class='ocrx_word' id='word_1_53' title='bbox 823 563 891 623; x_wconf 90' lang='lat' dir='ltr'><strong>Deo</strong></span> <span class='ocrx_word' id='word_1_54' title='bbox 924 564 1158 625; x_wconf 80' lang='lat' dir='ltr'><strong>reconciliamur.</strong></span> <span class='ocrx_word' id='word_1_55' title='bbox 1196 511 1284 627; x_wconf 81' lang='lat' dir='ltr'><strong>lianc</strong></span> 
     </span>
     <span class='ocr_line' id='line_1_7' title="bbox 139 639 1283 723; baseline -0.003 -18"><span class='ocrx_word' id='word_1_56' title='bbox 139 664 214 705; x_wconf 81' lang='lat' dir='ltr'><strong>vero</strong></span> <span class='ocrx_word' id='word_1_57' title='bbox 235 639 459 723; x_wconf 87' lang='lat' dir='ltr'><strong>apprehendere</strong></span> <span class='ocrx_word' id='word_1_58' title='bbox 480 662 542 697; x_wconf 89' lang='lat' dir='ltr'><strong>non</strong></span> <span class='ocrx_word' id='word_1_59' title='bbox 569 640 677 717; x_wconf 89' lang='lat' dir='ltr'><strong>possis,</strong></span> <span class='ocrx_word' id='word_1_60' title='bbox 708 640 777 719; x_wconf 91' lang='lat' dir='ltr'><strong>quin</strong></span> <span class='ocrx_word' id='word_1_61' title='bbox 799 650 829 699; x_wconf 91' lang='lat' dir='ltr'><strong>et</strong></span> <span class='ocrx_word' id='word_1_62' title='bbox 847 640 1106 701; x_wconf 84' lang='lat' dir='ltr'><strong>sanctificationem</strong></span> <span class='ocrx_word' id='word_1_63' title='bbox 1125 642 1211 703; x_wconf 87' lang='lat' dir='ltr'><strong>simul</strong></span> <span class='ocrx_word' id='word_1_64' title='bbox 1231 664 1283 722; x_wconf 92' lang='lat' dir='ltr'><strong>ap·</strong></span> 
     </span>
     <span class='ocr_line' id='line_1_8' title="bbox 160 716 1284 795; baseline -0.003 -14"><span class='ocrx_word' id='word_1_65' title='bbox 160 720 317 781; x_wconf 84' lang='lat' dir='ltr'><strong>rehendas.</strong></span> <span class='ocrx_word' id='word_1_66' title='bbox 356 717 528 789; x_wconf 88' lang='lat' dir='ltr'><strong>„Datusest</strong></span> <span class='ocrx_word' id='word_1_67' title='bbox 546 717 623 775; x_wconf 88' lang='lat' dir='ltr'><strong>enim</strong></span> <span class='ocrx_word' id='word_1_68' title='bbox 646 716 732 776; x_wconf 89' lang='lat' dir='ltr'><strong>nohis</strong></span> <span class='ocrx_word' id='word_1_69' title='bbox 752 717 781 775; x_wconf 91' lang='lat' dir='ltr'><strong>in</strong></span> <span class='ocrx_word' id='word_1_70' title='bbox 802 716 953 795; x_wconf 82' lang='lat' dir='ltr'><strong>iustitiam,</strong></span> <span class='ocrx_word' id='word_1_71' title='bbox 973 738 1003 777; x_wconf 93' lang='lat' dir='ltr'><strong>sa</strong></span> <span class='ocrx_word' id='word_1_72' title='bbox 1026 717 1156 794; x_wconf 67' lang='lat' dir='ltr'><strong>entiam,</strong></span> <span class='ocrx_word' id='word_1_73' title='bbox 1175 721 1284 780; x_wconf 87' lang='lat' dir='ltr'><strong>sancti-</strong></span> 
     </span>
     <span class='ocr_line' id='line_1_9' title="bbox 137 738 1284 879; baseline -0.003 -20"><span class='ocrx_word' id='word_1_74' title='bbox 137 744 328 867; x_wconf 70' lang='lat' dir='ltr'><strong>hcationem,</strong></span> <span class='ocrx_word' id='word_1_75' title='bbox 353 794 611 873; x_wconf 85' lang='lat' dir='ltr'><strong>redemptiorrem“</strong></span> <span class='ocrx_word' id='word_1_76' title='bbox 631 792 672 871; x_wconf 90' lang='lat' dir='ltr'><strong>(l.</strong></span> <span class='ocrx_word' id='word_1_77' title='bbox 693 792 766 854; x_wconf 87' lang='lat' dir='ltr'><strong>Cor.</strong></span> <span class='ocrx_word' id='word_1_78' title='bbox 786 799 820 868; x_wconf 86' lang='lat'><strong>1,</strong></span> <span class='ocrx_word' id='word_1_79' title='bbox 838 796 913 871; x_wconf 79' lang='lat'><strong>30.).</strong></span> <span class='ocrx_word' id='word_1_80' title='bbox 962 738 1081 854; x_wconf 81' lang='lat' dir='ltr'><strong>Nullum</strong></span> <span class='ocrx_word' id='word_1_81' title='bbox 1103 816 1174 879; x_wconf 85' lang='lat' dir='ltr'><strong>crgo</strong></span> <span class='ocrx_word' id='word_1_82' title='bbox 1197 795 1284 859; x_wconf 89' lang='lat' dir='ltr'><strong>Chri·</strong></span> 
     </span>
     <span class='ocr_line' id='line_1_10' title="bbox 138 869 1287 954; baseline -0.003 -17"><span class='ocrx_word' id='word_1_83' title='bbox 138 888 203 937; x_wconf 84' lang='lat' dir='ltr'><strong>stus</strong></span> <span class='ocrx_word' id='word_1_84' title='bbox 224 870 371 943; x_wconf 84' lang='lat' dir='ltr'><strong>iustificat,</strong></span> <span class='ocrx_word' id='word_1_85' title='bbox 391 890 478 949; x_wconf 88' lang='lat' dir='ltr'><strong>quem</strong></span> <span class='ocrx_word' id='word_1_86' title='bbox 499 891 561 929; x_wconf 89' lang='lat' dir='ltr'><strong>non</strong></span> <span class='ocrx_word' id='word_1_87' title='bbox 580 869 667 930; x_wconf 89' lang='lat' dir='ltr'><strong>simul</strong></span> <span class='ocrx_word' id='word_1_88' title='bbox 687 869 857 929; x_wconf 83' lang='lat' dir='ltr'><strong>sanctificet.</strong></span> <span class='ocrx_word' id='word_1_89' title='bbox 897 870 975 930; x_wconf 88' lang='lat' dir='ltr'><strong>Sunt</strong></span> <span class='ocrx_word' id='word_1_90' title='bbox 992 873 1069 931; x_wconf 88' lang='lat' dir='ltr'><strong>enim</strong></span> <span class='ocrx_word' id='word_1_91' title='bbox 1090 884 1235 954; x_wconf 89' lang='lat' dir='ltr'><strong>perpetuo</strong></span> <span class='ocrx_word' id='word_1_92' title='bbox 1256 884 1287 933; x_wconf 87' lang='lat' dir='ltr'><strong>et</strong></span> 
     </span>
     <span class='ocr_line' id='line_1_11' title="bbox 137 946 1284 1029; baseline -0.003 -16"><span class='ocrx_word' id='word_1_93' title='bbox 137 948 297 1013; x_wconf 83' lang='lat' dir='ltr'><strong>individuo</strong></span> <span class='ocrx_word' id='word_1_94' title='bbox 317 968 392 1006; x_wconf 83' lang='lat' dir='ltr'><strong>nexu</strong></span> <span class='ocrx_word' id='word_1_95' title='bbox 413 947 572 1007; x_wconf 91' lang='lat' dir='ltr'><strong>coniuncta</strong></span> <span class='ocrx_word' id='word_1_96' title='bbox 594 948 665 1007; x_wconf 89' lang='lat' dir='ltr'><strong>haec</strong></span> <span class='ocrx_word' id='word_1_97' title='bbox 686 946 846 1022; x_wconf 87' lang='lat' dir='ltr'><strong>beneficia,</strong></span> <span class='ocrx_word' id='word_1_98' title='bbox 865 958 899 1006; x_wconf 92' lang='lat' dir='ltr'><strong>ut</strong></span> <span class='ocrx_word' id='word_1_99' title='bbox 940 968 993 1008; x_wconf 92' lang='lat' dir='ltr'><strong>uos</strong></span> <span class='ocrx_word' id='word_1_100' title='bbox 1012 949 1156 1029; x_wconf 85' lang='lat' dir='ltr'><strong>sapientia</strong></span> <span class='ocrx_word' id='word_1_101' title='bbox 1176 972 1226 1010; x_wconf 86' lang='lat' dir='ltr'><strong>sua</strong></span> <span class='ocrx_word' id='word_1_102' title='bbox 1247 950 1284 1009; x_wconf 89' lang='lat' dir='ltr'><strong>il·</strong></span> 
     </span>
     <span class='ocr_line' id='line_1_12' title="bbox 138 969 1284 1104; baseline -0.002 -15"><span class='ocrx_word' id='word_1_103' title='bbox 138 1027 286 1099; x_wconf 88' lang='lat' dir='ltr'><strong>luminat,</strong></span> <span class='ocrx_word' id='word_1_104' title='bbox 318 1044 369 1083; x_wconf 90' lang='lat' dir='ltr'><strong>eos</strong></span> <span class='ocrx_word' id='word_1_105' title='bbox 402 1024 540 1083; x_wconf 89' lang='lat' dir='ltr'><strong>redimat:</strong></span> <span class='ocrx_word' id='word_1_106' title='bbox 574 1044 648 1101; x_wconf 89' lang='lat' dir='ltr'><strong>quos</strong></span> <span class='ocrx_word' id='word_1_107' title='bbox 679 1023 814 1097; x_wconf 81' lang='lat' dir='ltr'><strong>redimit,</strong></span> <span class='ocrx_word' id='word_1_108' title='bbox 851 969 1001 1084; x_wconf 79' lang='lat' dir='ltr'><strong>irrstiicet:</strong></span> <span class='ocrx_word' id='word_1_109' title='bbox 1031 1047 1105 1104; x_wconf 91' lang='lat' dir='ltr'><strong>quos</strong></span> <span class='ocrx_word' id='word_1_110' title='bbox 1135 1026 1284 1101; x_wconf 86' lang='lat' dir='ltr'><strong>iustificat,</strong></span> 
     </span>
     <span class='ocr_line' id='line_1_13' title="bbox 138 1099 1282 1183; baseline -0.003 -16"><span class='ocrx_word' id='word_1_111' title='bbox 138 1102 314 1167; x_wconf 78' lang='lat' dir='ltr'><strong>sanctificet</strong></span> <span class='ocrx_word' id='word_1_112' title='bbox 362 1099 422 1159; x_wconf 86' lang='lat' dir='ltr'><strong>Sed</strong></span> <span class='ocrx_word' id='word_1_113' title='bbox 443 1101 567 1179; x_wconf 89' lang='lat' dir='ltr'><strong>quiade</strong></span> <span class='ocrx_word' id='word_1_114' title='bbox 589 1103 694 1161; x_wconf 89' lang='lat' dir='ltr'><strong>iustitia</strong></span> <span class='ocrx_word' id='word_1_115' title='bbox 716 1112 745 1158; x_wconf 92' lang='lat' dir='ltr'><strong>et</strong></span> <span class='ocrx_word' id='word_1_116' title='bbox 765 1101 996 1160; x_wconf 86' lang='lat' dir='ltr'><strong>sanctificatione</strong></span> <span class='ocrx_word' id='word_1_117' title='bbox 1016 1113 1129 1162; x_wconf 90' lang='lat' dir='ltr'><strong>tantum</strong></span> <span class='ocrx_word' id='word_1_118' title='bbox 1149 1102 1282 1183; x_wconf 79' lang='lat' dir='ltr'><strong>quaestio</strong></span> 
     </span>
     <span class='ocr_line' id='line_1_14' title="bbox 139 1176 1283 1260; baseline -0.003 -18"><span class='ocrx_word' id='word_1_119' title='bbox 139 1192 201 1254; x_wconf 85' lang='lat' dir='ltr'><strong>est,</strong></span> <span class='ocrx_word' id='word_1_120' title='bbox 221 1181 253 1239; x_wconf 92' lang='lat' dir='ltr'><strong>in</strong></span> <span class='ocrx_word' id='word_1_121' title='bbox 274 1179 309 1237; x_wconf 91' lang='lat' dir='ltr'><strong>iis</strong></span> <span class='ocrx_word' id='word_1_122' title='bbox 335 1176 509 1237; x_wconf 84' lang='lat' dir='ltr'><strong>insistamus.</strong></span> <span class='ocrx_word' id='word_1_123' title='bbox 550 1178 634 1236; x_wconf 89' lang='lat' dir='ltr'><strong>Inter</strong></span> <span class='ocrx_word' id='word_1_124' title='bbox 651 1198 682 1238; x_wconf 91' lang='lat' dir='ltr'><strong>se</strong></span> <span class='ocrx_word' id='word_1_125' title='bbox 703 1177 914 1257; x_wconf 78' lang='lat' dir='ltr'><strong>distinguamus</strong></span> <span class='ocrx_word' id='word_1_126' title='bbox 934 1178 1018 1255; x_wconf 89' lang='lat' dir='ltr'><strong>licet,</strong></span> <span class='ocrx_word' id='word_1_127' title='bbox 1048 1179 1283 1260; x_wconf 83' lang='lat' dir='ltr'><strong>inseparabiliter</strong></span> 
     </span>
     <span class='ocr_line' id='line_1_15' title="bbox 103 1253 1284 1337; baseline 0.002 -24"><span class='ocrx_word' id='word_1_128' title='bbox 103 1280 120 1315; x_wconf 87' lang='lat' dir='ltr'><strong>.r</strong></span> <span class='ocrx_word' id='word_1_129' title='bbox 138 1270 245 1319; x_wconf 77' lang='lat' dir='ltr'><strong>umen</strong></span> <span class='ocrx_word' id='word_1_130' title='bbox 269 1266 424 1335; x_wconf 89' lang='lat' dir='ltr'><strong>utramque</strong></span> <span class='ocrx_word' id='word_1_131' title='bbox 446 1253 580 1315; x_wconf 88' lang='lat' dir='ltr'><strong>Christus</strong></span> <span class='ocrx_word' id='word_1_132' title='bbox 605 1254 635 1313; x_wconf 91' lang='lat' dir='ltr'><strong>in</strong></span> <span class='ocrx_word' id='word_1_133' title='bbox 661 1274 692 1315; x_wconf 92' lang='lat' dir='ltr'><strong>se</strong></span> <span class='ocrx_word' id='word_1_134' title='bbox 718 1256 860 1314; x_wconf 88' lang='lat' dir='ltr'><strong>continet.</strong></span> <span class='ocrx_word' id='word_1_135' title='bbox 908 1254 961 1314; x_wconf 89' lang='lat' dir='ltr'><strong>Vis</strong></span> <span class='ocrx_word' id='word_1_136' title='bbox 988 1275 1061 1337; x_wconf 82' lang='lat' dir='ltr'><strong>ergo</strong></span> <span class='ocrx_word' id='word_1_137' title='bbox 1088 1256 1227 1321; x_wconf 85' lang='lat' dir='ltr'><strong>iustitiam</strong></span> <span class='ocrx_word' id='word_1_138' title='bbox 1252 1254 1284 1316; x_wconf 93' lang='lat' dir='ltr'><strong>in</strong></span> 
     </span>
     <span class='ocr_line' id='line_1_16' title="bbox 138 1330 1284 1412; baseline -0.003 -15"><span class='ocrx_word' id='word_1_139' title='bbox 138 1330 265 1397; x_wconf 86' lang='lat' dir='ltr'><strong>Christo</strong></span> <span class='ocrx_word' id='word_1_140' title='bbox 286 1331 424 1411; x_wconf 75' lang='lat' dir='ltr'><strong>adipisci?</strong></span> <span class='ocrx_word' id='word_1_141' title='bbox 464 1331 614 1391; x_wconf 82' lang='lat' dir='ltr'><strong>Christum</strong></span> <span class='ocrx_word' id='word_1_142' title='bbox 635 1343 704 1389; x_wconf 89' lang='lat' dir='ltr'><strong>ante</strong></span> <span class='ocrx_word' id='word_1_143' title='bbox 723 1331 871 1409; x_wconf 87' lang='lat' dir='ltr'><strong>possideas</strong></span> <span class='ocrx_word' id='word_1_144' title='bbox 892 1342 1027 1411; x_wconf 87' lang='lat' dir='ltr'><strong>oportet:</strong></span> <span class='ocrx_word' id='word_1_145' title='bbox 1059 1332 1211 1412; x_wconf 90' lang='lat' dir='ltr'><strong>possidere</strong></span> <span class='ocrx_word' id='word_1_146' title='bbox 1231 1353 1284 1393; x_wconf 90' lang='lat' dir='ltr'><strong>au-</strong></span> 
     </span>
     <span class='ocr_line' id='line_1_17' title="bbox 138 1407 1283 1490; baseline 0 -21"><span class='ocrx_word' id='word_1_147' title='bbox 138 1424 202 1473; x_wconf 84' lang='lat' dir='ltr'><strong>tem</strong></span> <span class='ocrx_word' id='word_1_148' title='bbox 223 1428 286 1471; x_wconf 87' lang='lat' dir='ltr'><strong>non</strong></span> <span class='ocrx_word' id='word_1_149' title='bbox 312 1419 413 1487; x_wconf 87' lang='lat' dir='ltr'><strong>potes,</strong></span> <span class='ocrx_word' id='word_1_150' title='bbox 444 1408 515 1485; x_wconf 86' lang='lat' dir='ltr'><strong>quin</strong></span> <span class='ocrx_word' id='word_1_151' title='bbox 542 1407 593 1466; x_wconf 82' lang='lat' dir='ltr'><strong>lias</strong></span> <span class='ocrx_word' id='word_1_152' title='bbox 617 1407 853 1467; x_wconf 85' lang='lat' dir='ltr'><strong>sanctificationis</strong></span> <span class='ocrx_word' id='word_1_153' title='bbox 879 1408 939 1467; x_wconf 88' lang='lat' dir='ltr'><strong>eius</strong></span> <span class='ocrx_word' id='word_1_154' title='bbox 971 1407 1131 1490; x_wconf 88' lang='lat' dir='ltr'><strong>particeps:</strong></span> <span class='ocrx_word' id='word_1_155' title='bbox 1164 1410 1232 1490; x_wconf 89' lang='lat' dir='ltr'><strong>quia</strong></span> <span class='ocrx_word' id='word_1_156' title='bbox 1252 1410 1283 1470; x_wconf 92' lang='lat' dir='ltr'><strong>in</strong></span> 
     </span>
     <span class='ocr_line' id='line_1_18' title="bbox 140 1483 1283 1566; baseline -0.003 -16"><span class='ocrx_word' id='word_1_157' title='bbox 140 1490 233 1549; x_wconf 84' lang='lat' dir='ltr'><strong>irusta</strong></span> <span class='ocrx_word' id='word_1_158' title='bbox 255 1485 380 1563; x_wconf 89' lang='lat' dir='ltr'><strong>discerpi</strong></span> <span class='ocrx_word' id='word_1_159' title='bbox 401 1504 462 1542; x_wconf 91' lang='lat' dir='ltr'><strong>non</strong></span> <span class='ocrx_word' id='word_1_160' title='bbox 484 1495 591 1561; x_wconf 84' lang='lat' dir='ltr'><strong>potest.</strong></span> <span class='ocrx_word' id='word_1_161' title='bbox 631 1485 732 1558; x_wconf 88' lang='lat' dir='ltr'><strong>Quum</strong></span> <span class='ocrx_word' id='word_1_162' title='bbox 753 1506 826 1566; x_wconf 79' lang='lat' dir='ltr'><strong>ergo</strong></span> <span class='ocrx_word' id='word_1_163' title='bbox 853 1483 922 1544; x_wconf 88' lang='lat' dir='ltr'><strong>haec</strong></span> <span class='ocrx_word' id='word_1_164' title='bbox 949 1484 1092 1545; x_wconf 85' lang='lat' dir='ltr'><strong>beneficia</strong></span> <span class='ocrx_word' id='word_1_165' title='bbox 1112 1486 1232 1545; x_wconf 90' lang='lat' dir='ltr'><strong>nonnisi</strong></span> <span class='ocrx_word' id='word_1_166' title='bbox 1251 1506 1283 1546; x_wconf 88' lang='lat' dir='ltr'><strong>se</strong></span> 
     </span>
     <span class='ocr_line' id='line_1_19' title="bbox 141 1560 1284 1697; baseline -0.003 -72"><span class='ocrx_word' id='word_1_167' title='bbox 141 1566 235 1646; x_wconf 84' lang='lat' dir='ltr'><strong>ipsum</strong></span> <span class='ocrx_word' id='word_1_168' title='bbox 258 1560 410 1697; x_wconf 68' lang='lat' dir='ltr'><strong>scopando</strong></span> <span class='ocrx_word' id='word_1_169' title='bbox 433 1560 553 1619; x_wconf 76' lang='lat' dir='ltr'><strong>fruenda</strong></span> <span class='ocrx_word' id='word_1_170' title='bbox 574 1560 660 1619; x_wconf 82' lang='lat' dir='ltr'><strong>nohis</strong></span> <span class='ocrx_word' id='word_1_171' title='bbox 679 1562 826 1621; x_wconf 85' lang='lat' dir='ltr'><strong>Dominus</strong></span> <span class='ocrx_word' id='word_1_172' title='bbox 846 1562 1001 1637; x_wconf 89' lang='lat' dir='ltr'><strong>concedat,</strong></span> <span class='ocrx_word' id='word_1_173' title='bbox 1021 1573 1180 1642; x_wconf 87' lang='lat' dir='ltr'><strong>utrumqne</strong></span> <span class='ocrx_word' id='word_1_174' title='bbox 1199 1562 1284 1623; x_wconf 89' lang='lat' dir='ltr'><strong>simul</strong></span> 
     </span>
     <span class='ocr_line' id='line_1_20' title="bbox 141 1636 1284 1729; baseline -0.002 -30"><span class='ocrx_word' id='word_1_175' title='bbox 141 1640 279 1723; x_wconf 74' lang='lat' dir='ltr'><strong>largitur:</strong></span> <span class='ocrx_word' id='word_1_176' title='bbox 300 1649 425 1697; x_wconf 88' lang='lat' dir='ltr'><strong>aterum</strong></span> <span class='ocrx_word' id='word_1_177' title='bbox 446 1658 595 1716; x_wconf 89' lang='lat' dir='ltr'><strong>nunquam</strong></span> <span class='ocrx_word' id='word_1_178' title='bbox 615 1641 678 1696; x_wconf 88' lang='lat' dir='ltr'><strong>sine</strong></span> <span class='ocrx_word' id='word_1_179' title='bbox 698 1637 801 1697; x_wconf 86' lang='lat' dir='ltr'><strong>altero.</strong></span> <span class='ocrx_word' id='word_1_180' title='bbox 841 1638 884 1696; x_wconf 90' lang='lat' dir='ltr'><strong>Ita</strong></span> <span class='ocrx_word' id='word_1_181' title='bbox 906 1636 998 1717; x_wconf 91' lang='lat' dir='ltr'><strong>liquet</strong></span> <span class='ocrx_word' id='word_1_182' title='bbox 1009 1659 1094 1729; x_wconf 91' lang='lat' dir='ltr'><strong>quam</strong></span> <span class='ocrx_word' id='word_1_183' title='bbox 1114 1658 1215 1698; x_wconf 83' lang='lat' dir='ltr'><strong>verum</strong></span> <span class='ocrx_word' id='word_1_184' title='bbox 1235 1640 1284 1717; x_wconf 90' lang='lat' dir='ltr'><strong>sit,</strong></span> 
     </span>
     <span class='ocr_line' id='line_1_21' title="bbox 140 1714 1285 1805; baseline -0.003 -26"><span class='ocrx_word' id='word_1_185' title='bbox 140 1740 197 1781; x_wconf 86' lang='lat' dir='ltr'><strong>nos</strong></span> <span class='ocrx_word' id='word_1_186' title='bbox 216 1738 278 1776; x_wconf 88' lang='lat' dir='ltr'><strong>non</strong></span> <span class='ocrx_word' id='word_1_187' title='bbox 295 1717 360 1774; x_wconf 89' lang='lat' dir='ltr'><strong>sine</strong></span> <span class='ocrx_word' id='word_1_188' title='bbox 377 1714 526 1805; x_wconf 88' lang='lat' dir='ltr'><strong>operibus,</strong></span> <span class='ocrx_word' id='word_1_189' title='bbox 548 1734 645 1793; x_wconf 87' lang='lat' dir='ltr'><strong>neque</strong></span> <span class='ocrx_word' id='word_1_190' title='bbox 664 1726 762 1772; x_wconf 87' lang='lat' dir='ltr'><strong>tamen</strong></span> <span class='ocrx_word' id='word_1_191' title='bbox 785 1735 838 1794; x_wconf 91' lang='lat' dir='ltr'><strong>per</strong></span> <span class='ocrx_word' id='word_1_192' title='bbox 851 1734 941 1793; x_wconf 89' lang='lat' dir='ltr'><strong>opera</strong></span> <span class='ocrx_word' id='word_1_193' title='bbox 961 1714 1123 1775; x_wconf 85' lang='lat' dir='ltr'><strong>iustrficari:</strong></span> <span class='ocrx_word' id='word_1_194' title='bbox 1145 1717 1285 1795; x_wconf 91' lang='lat' dir='ltr'><strong>quoniam</strong></span> 
     </span>
     <span class='ocr_line' id='line_1_22' title="bbox 139 1790 1285 1870; baseline -0.003 -13"><span class='ocrx_word' id='word_1_195' title='bbox 139 1796 171 1857; x_wconf 88' lang='lat' dir='ltr'><strong>in</strong></span> <span class='ocrx_word' id='word_1_196' title='bbox 193 1792 307 1855; x_wconf 84' lang='lat' dir='ltr'><strong>Christi</strong></span> <span class='ocrx_word' id='word_1_197' title='bbox 327 1792 572 1870; x_wconf 81' lang='lat' dir='ltr'><strong>participatione,</strong></span> <span class='ocrx_word' id='word_1_198' title='bbox 594 1812 650 1869; x_wconf 94' lang='lat' dir='ltr'><strong>qua</strong></span> <span class='ocrx_word' id='word_1_199' title='bbox 670 1792 876 1867; x_wconf 85' lang='lat' dir='ltr'><strong>iustificamur,</strong></span> <span class='ocrx_word' id='word_1_200' title='bbox 896 1812 957 1852; x_wconf 93' lang='lat' dir='ltr'><strong>non</strong></span> <span class='ocrx_word' id='word_1_201' title='bbox 977 1790 1074 1853; x_wconf 88' lang='lat' dir='ltr'><strong>minus</strong></span> <span class='ocrx_word' id='word_1_202' title='bbox 1093 1792 1285 1855; x_wconf 88' lang='lat' dir='ltr'><strong>sanctificatio</strong></span> 
     </span>
     <span class='ocr_line' id='line_1_23' title="bbox 140 1867 827 1948; baseline -0.013 -14"><span class='ocrx_word' id='word_1_203' title='bbox 140 1870 315 1947; x_wconf 83' lang='lat' dir='ltr'><strong>continetur</strong></span> <span class='ocrx_word' id='word_1_204' title='bbox 335 1889 422 1948; x_wconf 88' lang='lat' dir='ltr'><strong>quarn</strong></span> <span class='ocrx_word' id='word_1_205' title='bbox 443 1867 560 1925; x_wconf 83' lang='lat' dir='ltr'><strong>iustitia.</strong></span> <span class='ocrx_word' id='word_1_206' title='bbox 800 1892 827 1909; x_wconf 36' lang='grc' dir='ltr'><em>κ</em></span> 
     </span>
     <span class='ocr_line' id='line_1_24' title="bbox 218 1943 1285 2035; baseline 0.003 -31"><span class='ocrx_word' id='word_1_207' title='bbox 218 1952 248 2011; x_wconf 77' lang='lat'><strong>2.</strong></span> <span class='ocrx_word' id='word_1_208' title='bbox 288 1943 366 2005; x_wconf 89' lang='lat' dir='ltr'><strong>Illud</strong></span> <span class='ocrx_word' id='word_1_209' title='bbox 386 1965 506 2035; x_wconf 90' lang='lat' dir='ltr'><strong>quoque</strong></span> <span class='ocrx_word' id='word_1_210' title='bbox 533 1944 716 2004; x_wconf 82' lang='lat' dir='ltr'><strong>salsissimum</strong></span> <span class='ocrx_word' id='word_1_211' title='bbox 737 1957 795 2017; x_wconf 91' lang='lat' dir='ltr'><strong>est,</strong></span> <span class='ocrx_word' id='word_1_212' title='bbox 816 1944 921 2005; x_wconf 89' lang='lat' dir='ltr'><strong>abduci</strong></span> <span class='ocrx_word' id='word_1_213' title='bbox 940 1943 1094 2007; x_wconf 90' lang='lat' dir='ltr'><strong>hominum</strong></span> <span class='ocrx_word' id='word_1_214' title='bbox 1114 1947 1227 2006; x_wconf 90' lang='lat' dir='ltr'><strong>animos</strong></span> <span class='ocrx_word' id='word_1_215' title='bbox 1247 1945 1285 2007; x_wconf 90' lang='lat' dir='ltr'><strong>ab</strong></span> 
     </span>
     <span class='ocr_line' id='line_1_25' title="bbox 139 2021 1285 2103; baseline -0.003 -17"><span class='ocrx_word' id='word_1_216' title='bbox 139 2024 254 2087; x_wconf 78' lang='lat' dir='ltr'><strong>aiiectu</strong></span> <span class='ocrx_word' id='word_1_217' title='bbox 272 2021 479 2103; x_wconf 79' lang='lat' dir='ltr'><strong>berreagendr,</strong></span> <span class='ocrx_word' id='word_1_218' title='bbox 500 2043 588 2100; x_wconf 89' lang='lat' dir='ltr'><strong>quum</strong></span> <span class='ocrx_word' id='word_1_219' title='bbox 610 2021 666 2081; x_wconf 88' lang='lat' dir='ltr'><strong>illis</strong></span> <span class='ocrx_word' id='word_1_220' title='bbox 688 2022 820 2081; x_wconf 89' lang='lat' dir='ltr'><strong>merendi</strong></span> <span class='ocrx_word' id='word_1_221' title='bbox 835 2024 1010 2101; x_wconf 88' lang='lat' dir='ltr'><strong>opinionem</strong></span> <span class='ocrx_word' id='word_1_222' title='bbox 1029 2021 1168 2083; x_wconf 89' lang='lat' dir='ltr'><strong>tollimus.</strong></span> <span class='ocrx_word' id='word_1_223' title='bbox 1207 2022 1285 2083; x_wconf 89' lang='lat' dir='ltr'><strong>Obi-</strong></span> 
     </span>
     <span class='ocr_line' id='line_1_26' title="bbox 138 2097 1284 2170; baseline -0.003 -8"><span class='ocrx_word' id='word_1_224' title='bbox 138 2116 189 2165; x_wconf 91' lang='lat' dir='ltr'><strong>ter</strong></span> <span class='ocrx_word' id='word_1_225' title='bbox 208 2100 257 2161; x_wconf 92' lang='lat' dir='ltr'><strong>hic</strong></span> <span class='ocrx_word' id='word_1_226' title='bbox 276 2098 418 2160; x_wconf 91' lang='lat' dir='ltr'><strong>monendi</strong></span> <span class='ocrx_word' id='word_1_227' title='bbox 437 2111 506 2157; x_wconf 91' lang='lat' dir='ltr'><strong>sunt</strong></span> <span class='ocrx_word' id='word_1_228' title='bbox 525 2097 661 2170; x_wconf 86' lang='lat' dir='ltr'><strong>lectores,</strong></span> <span class='ocrx_word' id='word_1_229' title='bbox 683 2099 791 2157; x_wconf 89' lang='lat' dir='ltr'><strong>insulse</strong></span> <span class='ocrx_word' id='word_1_230' title='bbox 802 2119 854 2159; x_wconf 89' lang='lat' dir='ltr'><strong>eos</strong></span> <span class='ocrx_word' id='word_1_231' title='bbox 874 2099 1044 2159; x_wconf 89' lang='lat' dir='ltr'><strong>ratiocinari</strong></span> <span class='ocrx_word' id='word_1_232' title='bbox 1063 2120 1079 2159; x_wconf 88' lang='lat' dir='ltr'><strong>a</strong></span> <span class='ocrx_word' id='word_1_233' title='bbox 1099 2099 1235 2159; x_wconf 88' lang='lat' dir='ltr'><strong>mercede</strong></span> <span class='ocrx_word' id='word_1_234' title='bbox 1247 2100 1284 2160; x_wconf 90' lang='lat' dir='ltr'><strong>ad</strong></span> 
     </span>
     <span class='ocr_line' id='line_1_27' title="bbox 138 2172 1284 2257; baseline -0.002 -18"><span class='ocrx_word' id='word_1_235' title='bbox 138 2178 291 2249; x_wconf 87' lang='lat' dir='ltr'><strong>meritum,</strong></span> <span class='ocrx_word' id='word_1_236' title='bbox 312 2188 346 2235; x_wconf 91' lang='lat' dir='ltr'><strong>ut</strong></span> <span class='ocrx_word' id='word_1_237' title='bbox 365 2187 467 2256; x_wconf 90' lang='lat' dir='ltr'><strong>postea</strong></span> <span class='ocrx_word' id='word_1_238' title='bbox 480 2172 585 2234; x_wconf 89' lang='lat' dir='ltr'><strong>clarius</strong></span> <span class='ocrx_word' id='word_1_239' title='bbox 607 2174 773 2254; x_wconf 82' lang='lat' dir='ltr'><strong>explicabo:</strong></span> <span class='ocrx_word' id='word_1_240' title='bbox 793 2175 861 2255; x_wconf 88' lang='lat' dir='ltr'><strong>quia</strong></span> <span class='ocrx_word' id='word_1_241' title='bbox 880 2176 993 2236; x_wconf 89' lang='lat' dir='ltr'><strong>scilicet</strong></span> <span class='ocrx_word' id='word_1_242' title='bbox 1012 2176 1192 2257; x_wconf 88' lang='lat' dir='ltr'><strong>principium</strong></span> <span class='ocrx_word' id='word_1_243' title='bbox 1211 2175 1284 2237; x_wconf 91' lang='lat' dir='ltr'><strong>illud</strong></span> 
     </span>
     <span class='ocr_line' id='line_1_28' title="bbox 138 2252 1285 2339; baseline -0.001 -23"><span class='ocrx_word' id='word_1_244' title='bbox 138 2258 294 2339; x_wconf 81' lang='lat' dir='ltr'><strong>ignorant,</strong></span> <span class='ocrx_word' id='word_1_245' title='bbox 315 2273 376 2312; x_wconf 92' lang='lat' dir='ltr'><strong>non</strong></span> <span class='ocrx_word' id='word_1_246' title='bbox 397 2253 493 2311; x_wconf 88' lang='lat' dir='ltr'><strong>minus</strong></span> <span class='ocrx_word' id='word_1_247' title='bbox 515 2252 665 2311; x_wconf 89' lang='lat' dir='ltr'><strong>liberalem</strong></span> <span class='ocrx_word' id='word_1_248' title='bbox 683 2252 866 2328; x_wconf 89' lang='lat' dir='ltr'><strong>esseDeum,</strong></span> <span class='ocrx_word' id='word_1_249' title='bbox 887 2252 939 2312; x_wconf 92' lang='lat' dir='ltr'><strong>ubi</strong></span> <span class='ocrx_word' id='word_1_250' title='bbox 957 2254 1124 2313; x_wconf 86' lang='lat' dir='ltr'><strong>mercedem</strong></span> <span class='ocrx_word' id='word_1_251' title='bbox 1144 2253 1285 2333; x_wconf 90' lang='lat' dir='ltr'><strong>operibus</strong></span> 
     </span>
     <span class='ocr_line' id='line_1_29' title="bbox 139 2328 1282 2415; baseline -0.003 -20"><span class='ocrx_word' id='word_1_252' title='bbox 139 2332 285 2415; x_wconf 82' lang='lat' dir='ltr'><strong>assignat,</strong></span> <span class='ocrx_word' id='word_1_253' title='bbox 310 2350 397 2409; x_wconf 91' lang='lat' dir='ltr'><strong>quam</strong></span> <span class='ocrx_word' id='word_1_254' title='bbox 418 2329 485 2387; x_wconf 91' lang='lat' dir='ltr'><strong>dum</strong></span> <span class='ocrx_word' id='word_1_255' title='bbox 506 2341 586 2387; x_wconf 89' lang='lat' dir='ltr'><strong>recte</strong></span> <span class='ocrx_word' id='word_1_256' title='bbox 607 2329 713 2409; x_wconf 75' lang='lat' dir='ltr'><strong>agendi</strong></span> <span class='ocrx_word' id='word_1_257' title='bbox 733 2328 901 2390; x_wconf 85' lang='lat' dir='ltr'><strong>facultatem</strong></span> <span class='ocrx_word' id='word_1_258' title='bbox 922 2329 1054 2411; x_wconf 83' lang='lat' dir='ltr'><strong>largitur.</strong></span> <span class='ocrx_word' id='word_1_259' title='bbox 1094 2330 1162 2391; x_wconf 86' lang='lat' dir='ltr'><strong>Iloc</strong></span> <span class='ocrx_word' id='word_1_260' title='bbox 1182 2343 1282 2391; x_wconf 84' lang='lat' dir='ltr'><strong>tamen</strong></span> 
     </span>
     <span class='ocr_line' id='line_1_30' title="bbox 138 2404 1285 2486; baseline -0.002 -15"><span class='ocrx_word' id='word_1_261' title='bbox 138 2412 173 2471; x_wconf 90' lang='lat' dir='ltr'><strong>in</strong></span> <span class='ocrx_word' id='word_1_262' title='bbox 192 2428 280 2469; x_wconf 87' lang='lat' dir='ltr'><strong>suum</strong></span> <span class='ocrx_word' id='word_1_263' title='bbox 298 2406 397 2467; x_wconf 90' lang='lat' dir='ltr'><strong>locum</strong></span> <span class='ocrx_word' id='word_1_264' title='bbox 417 2404 539 2464; x_wconf 82' lang='lat' dir='ltr'><strong>riislerre</strong></span> <span class='ocrx_word' id='word_1_265' title='bbox 560 2406 647 2465; x_wconf 89' lang='lat' dir='ltr'><strong>malo.</strong></span> <span class='ocrx_word' id='word_1_266' title='bbox 698 2407 784 2466; x_wconf 91' lang='lat' dir='ltr'><strong>Nunc</strong></span> <span class='ocrx_word' id='word_1_267' title='bbox 805 2428 896 2486; x_wconf 84' lang='lat' dir='ltr'><strong>quam</strong></span> <span class='ocrx_word' id='word_1_268' title='bbox 912 2406 1027 2467; x_wconf 83' lang='lat' dir='ltr'><strong>infirma</strong></span> <span class='ocrx_word' id='word_1_269' title='bbox 1046 2408 1085 2468; x_wconf 88' lang='lat' dir='ltr'><strong>sit</strong></span> <span class='ocrx_word' id='word_1_270' title='bbox 1103 2427 1207 2468; x_wconf 90' lang='lat' dir='ltr'><strong>eorum</strong></span> <span class='ocrx_word' id='word_1_271' title='bbox 1228 2407 1285 2469; x_wconf 92' lang='lat' dir='ltr'><strong>ob-</strong></span> 
     </span>
     <span class='ocr_line' id='line_1_31' title="bbox 141 2482 1284 2565; baseline -0.001 -19"><span class='ocrx_word' id='word_1_272' title='bbox 141 2485 235 2547; x_wconf 88' lang='lat' dir='ltr'><strong>iectio</strong></span> <span class='ocrx_word' id='word_1_273' title='bbox 256 2485 402 2565; x_wconf 81' lang='lat' dir='ltr'><strong>attingere</strong></span> <span class='ocrx_word' id='word_1_274' title='bbox 422 2484 491 2542; x_wconf 85' lang='lat' dir='ltr'><strong>satis</strong></span> <span class='ocrx_word' id='word_1_275' title='bbox 512 2483 583 2541; x_wconf 90' lang='lat' dir='ltr'><strong>erit:</strong></span> <span class='ocrx_word' id='word_1_276' title='bbox 615 2482 693 2561; x_wconf 92' lang='lat' dir='ltr'><strong>quod</strong></span> <span class='ocrx_word' id='word_1_277' title='bbox 721 2482 835 2543; x_wconf 89' lang='lat' dir='ltr'><strong>duobus</strong></span> <span class='ocrx_word' id='word_1_278' title='bbox 863 2484 956 2543; x_wconf 91' lang='lat' dir='ltr'><strong>modis</strong></span> <span class='ocrx_word' id='word_1_279' title='bbox 977 2485 1037 2544; x_wconf 84' lang='lat' dir='ltr'><strong>fiet.</strong></span> <span class='ocrx_word' id='word_1_280' title='bbox 1075 2486 1152 2544; x_wconf 91' lang='lat' dir='ltr'><strong>Nam</strong></span> <span class='ocrx_word' id='word_1_281' title='bbox 1176 2485 1284 2565; x_wconf 86' lang='lat' dir='ltr'><strong>primo,</strong></span> 
     </span>
     <span class='ocr_line' id='line_1_32' title="bbox 141 2558 1285 2644; baseline 0.001 -22"><span class='ocrx_word' id='word_1_282' title='bbox 141 2562 225 2644; x_wconf 93' lang='lat' dir='ltr'><strong>quod</strong></span> <span class='ocrx_word' id='word_1_283' title='bbox 251 2561 334 2621; x_wconf 89' lang='lat' dir='ltr'><strong>aiunt</strong></span> <span class='ocrx_word' id='word_1_284' title='bbox 353 2558 463 2617; x_wconf 88' lang='lat' dir='ltr'><strong>nullam</strong></span> <span class='ocrx_word' id='word_1_285' title='bbox 488 2561 553 2618; x_wconf 87' lang='lat' dir='ltr'><strong>sore</strong></span> <span class='ocrx_word' id='word_1_286' title='bbox 573 2581 672 2620; x_wconf 86' lang='lat' dir='ltr'><strong>curam</strong></span> <span class='ocrx_word' id='word_1_287' title='bbox 703 2558 781 2621; x_wconf 88' lang='lat' dir='ltr'><strong>bene</strong></span> <span class='ocrx_word' id='word_1_288' title='bbox 812 2562 1010 2622; x_wconf 89' lang='lat' dir='ltr'><strong>instituendae</strong></span> <span class='ocrx_word' id='word_1_289' title='bbox 1041 2560 1117 2620; x_wconf 90' lang='lat' dir='ltr'><strong>vitae</strong></span> <span class='ocrx_word' id='word_1_290' title='bbox 1146 2561 1200 2621; x_wconf 92' lang='lat' dir='ltr'><strong>nisi</strong></span> <span class='ocrx_word' id='word_1_291' title='bbox 1232 2582 1285 2643; x_wconf 87' lang='lat' dir='ltr'><strong>spe</strong></span> 
     </span>
     <span class='ocr_line' id='line_1_33' title="bbox 141 2636 1285 2720; baseline 0 -22"><span class='ocrx_word' id='word_1_292' title='bbox 141 2638 288 2699; x_wconf 87' lang='lat' dir='ltr'><strong>mercedis</strong></span> <span class='ocrx_word' id='word_1_293' title='bbox 312 2636 478 2717; x_wconf 89' lang='lat' dir='ltr'><strong>proposita,</strong></span> <span class='ocrx_word' id='word_1_294' title='bbox 509 2649 571 2696; x_wconf 88' lang='lat' dir='ltr'><strong>tota</strong></span> <span class='ocrx_word' id='word_1_295' title='bbox 591 2637 634 2696; x_wconf 88' lang='lat' dir='ltr'><strong>via</strong></span> <span class='ocrx_word' id='word_1_296' title='bbox 656 2648 765 2696; x_wconf 85' lang='lat' dir='ltr'><strong>errant.</strong></span> <span class='ocrx_word' id='word_1_297' title='bbox 805 2637 839 2697; x_wconf 90' lang='lat' dir='ltr'><strong>Si</strong></span> <span class='ocrx_word' id='word_1_298' title='bbox 860 2639 937 2697; x_wconf 89' lang='lat' dir='ltr'><strong>enirn</strong></span> <span class='ocrx_word' id='word_1_299' title='bbox 964 2637 1022 2697; x_wconf 89' lang='lat' dir='ltr'><strong>hoc</strong></span> <span class='ocrx_word' id='word_1_300' title='bbox 1040 2649 1154 2697; x_wconf 89' lang='lat' dir='ltr'><strong>tantum</strong></span> <span class='ocrx_word' id='word_1_301' title='bbox 1176 2638 1285 2720; x_wconf 83' lang='lat' dir='ltr'><strong>agitur,</strong></span> 
     </span>
     <span class='ocr_line' id='line_1_34' title="bbox 143 2713 1283 2793; baseline -0.001 -17"><span class='ocrx_word' id='word_1_302' title='bbox 143 2728 180 2776; x_wconf 90' lang='lat' dir='ltr'><strong>ut</strong></span> <span class='ocrx_word' id='word_1_303' title='bbox 212 2714 343 2774; x_wconf 88' lang='lat' dir='ltr'><strong>homines</strong></span> <span class='ocrx_word' id='word_1_304' title='bbox 373 2713 539 2772; x_wconf 87' lang='lat' dir='ltr'><strong>mercedem</strong></span> <span class='ocrx_word' id='word_1_305' title='bbox 565 2725 701 2793; x_wconf 88' lang='lat' dir='ltr'><strong>spectent</strong></span> <span class='ocrx_word' id='word_1_306' title='bbox 727 2736 816 2792; x_wconf 90' lang='lat' dir='ltr'><strong>quum</strong></span> <span class='ocrx_word' id='word_1_307' title='bbox 835 2714 904 2774; x_wconf 90' lang='lat' dir='ltr'><strong>Deo</strong></span> <span class='ocrx_word' id='word_1_308' title='bbox 927 2714 1076 2787; x_wconf 83' lang='lat' dir='ltr'><strong>serviunt,</strong></span> <span class='ocrx_word' id='word_1_309' title='bbox 1105 2726 1136 2773; x_wconf 91' lang='lat' dir='ltr'><strong>et</strong></span> <span class='ocrx_word' id='word_1_310' title='bbox 1156 2714 1199 2773; x_wconf 92' lang='lat' dir='ltr'><strong>illi</strong></span> <span class='ocrx_word' id='word_1_311' title='bbox 1218 2736 1283 2776; x_wconf 85' lang='lat' dir='ltr'><strong>suas</strong></span> 
     </span>
     <span class='ocr_line' id='line_1_35' title="bbox 144 2790 1285 2872; baseline -0.004 -18"><span class='ocrx_word' id='word_1_312' title='bbox 144 2810 255 2872; x_wconf 87' lang='lat' dir='ltr'><strong>operas</strong></span> <span class='ocrx_word' id='word_1_313' title='bbox 287 2790 388 2851; x_wconf 91' lang='lat' dir='ltr'><strong>locent</strong></span> <span class='ocrx_word' id='word_1_314' title='bbox 420 2802 470 2848; x_wconf 92' lang='lat' dir='ltr'><strong>aut</strong></span> <span class='ocrx_word' id='word_1_315' title='bbox 494 2791 638 2862; x_wconf 85' lang='lat' dir='ltr'><strong>vendant,</strong></span> <span class='ocrx_word' id='word_1_316' title='bbox 670 2812 772 2869; x_wconf 90' lang='lat' dir='ltr'><strong>parum</strong></span> <span class='ocrx_word' id='word_1_317' title='bbox 804 2791 972 2871; x_wconf 83' lang='lat' dir='ltr'><strong>proficitur:</strong></span> <span class='ocrx_word' id='word_1_318' title='bbox 1009 2790 1101 2871; x_wconf 82' lang='lat' dir='ltr'><strong>gratis</strong></span> <span class='ocrx_word' id='word_1_319' title='bbox 1126 2791 1185 2850; x_wconf 89' lang='lat' dir='ltr'><strong>coli</strong></span> <span class='ocrx_word' id='word_1_320' title='bbox 1211 2791 1285 2867; x_wconf 88' lang='lat' dir='ltr'><strong>vult,</strong></span> 
     </span>
     <span class='ocr_line' id='line_1_36' title="bbox 144 2865 1286 2953; baseline 0 -25"><span class='ocrx_word' id='word_1_321' title='bbox 144 2868 237 2953; x_wconf 83' lang='lat' dir='ltr'><strong>gratis</strong></span> <span class='ocrx_word' id='word_1_322' title='bbox 256 2869 359 2928; x_wconf 91' lang='lat' dir='ltr'><strong>amari:</strong></span> <span class='ocrx_word' id='word_1_323' title='bbox 394 2866 487 2941; x_wconf 89' lang='lat' dir='ltr'><strong>hunc,</strong></span> <span class='ocrx_word' id='word_1_324' title='bbox 514 2869 649 2946; x_wconf 90' lang='lat' dir='ltr'><strong>inquam,</strong></span> <span class='ocrx_word' id='word_1_325' title='bbox 676 2865 819 2927; x_wconf 88' lang='lat' dir='ltr'><strong>cultorem</strong></span> <span class='ocrx_word' id='word_1_326' title='bbox 839 2867 962 2948; x_wconf 89' lang='lat' dir='ltr'><strong>probat,</strong></span> <span class='ocrx_word' id='word_1_327' title='bbox 983 2869 1032 2946; x_wconf 91' lang='lat' dir='ltr'><strong>qui</strong></span> <span class='ocrx_word' id='word_1_328' title='bbox 1052 2869 1181 2945; x_wconf 87' lang='lat' dir='ltr'><strong>praecisa</strong></span> <span class='ocrx_word' id='word_1_329' title='bbox 1202 2869 1286 2929; x_wconf 92' lang='lat' dir='ltr'><strong>omni</strong></span> 
     </span>
     <span class='ocr_line' id='line_1_37' title="bbox 144 2943 1284 3039; baseline 0 -33"><span class='ocrx_word' id='word_1_330' title='bbox 144 2964 196 3039; x_wconf 88' lang='lat' dir='ltr'><strong>spe</strong></span> <span class='ocrx_word' id='word_1_331' title='bbox 217 2944 404 3025; x_wconf 87' lang='lat' dir='ltr'><strong>recipiendae</strong></span> <span class='ocrx_word' id='word_1_332' title='bbox 425 2944 582 3018; x_wconf 88' lang='lat' dir='ltr'><strong>mercedis,</strong></span> <span class='ocrx_word' id='word_1_333' title='bbox 613 2944 712 3003; x_wconf 91' lang='lat' dir='ltr'><strong>colere</strong></span> <span class='ocrx_word' id='word_1_334' title='bbox 737 2957 923 3004; x_wconf 83' lang='lat' dir='ltr'><strong>tamencum</strong></span> <span class='ocrx_word' id='word_1_335' title='bbox 944 2964 1004 3003; x_wconf 90' lang='lat' dir='ltr'><strong>non</strong></span> <span class='ocrx_word' id='word_1_336' title='bbox 1026 2943 1147 3003; x_wconf 88' lang='lat' dir='ltr'><strong>desinat.</strong></span> <span class='ocrx_word' id='word_1_337' title='bbox 1185 2944 1284 3007; x_wconf 86' lang='lat' dir='ltr'><strong>Porro</strong></span> 
     </span>
     <span class='ocr_line' id='line_1_38' title="bbox 145 3020 1286 3100; baseline 0 -17"><span class='ocrx_word' id='word_1_338' title='bbox 145 3046 168 3083; x_wconf 85' lang='lat' dir='ltr'><strong>ss</strong></span> <span class='ocrx_word' id='word_1_339' title='bbox 188 3021 329 3081; x_wconf 87' lang='lat' dir='ltr'><strong>incitandi</strong></span> <span class='ocrx_word' id='word_1_340' title='bbox 349 3032 418 3081; x_wconf 91' lang='lat' dir='ltr'><strong>sunt</strong></span> <span class='ocrx_word' id='word_1_341' title='bbox 438 3020 587 3094; x_wconf 88' lang='lat' dir='ltr'><strong>homines,</strong></span> <span class='ocrx_word' id='word_1_342' title='bbox 609 3041 696 3080; x_wconf 86' lang='lat' dir='ltr'><strong>nemo</strong></span> <span class='ocrx_word' id='word_1_343' title='bbox 717 3023 807 3100; x_wconf 89' lang='lat' dir='ltr'><strong>possit</strong></span> <span class='ocrx_word' id='word_1_344' title='bbox 825 3023 953 3081; x_wconf 88' lang='lat' dir='ltr'><strong>acriores</strong></span> <span class='ocrx_word' id='word_1_345' title='bbox 973 3021 1132 3081; x_wconf 87' lang='lat' dir='ltr'><strong>admovere</strong></span> <span class='ocrx_word' id='word_1_346' title='bbox 1150 3021 1286 3083; x_wconf 86' lang='lat' dir='ltr'><strong>stimulos</strong></span> 
     </span>
     <span class='ocr_line' id='line_1_39' title="bbox 145 3096 1285 3180; baseline 0.001 -22"><span class='ocrx_word' id='word_1_347' title='bbox 145 3121 234 3180; x_wconf 88' lang='lat' dir='ltr'><strong>qnam</strong></span> <span class='ocrx_word' id='word_1_348' title='bbox 260 3120 275 3158; x_wconf 91' lang='lat' dir='ltr'><strong>a</strong></span> <span class='ocrx_word' id='word_1_349' title='bbox 300 3098 511 3177; x_wconf 88' lang='lat' dir='ltr'><strong>redemptionis</strong></span> <span class='ocrx_word' id='word_1_350' title='bbox 538 3119 571 3156; x_wconf 91' lang='lat' dir='ltr'><strong>ac</strong></span> <span class='ocrx_word' id='word_1_351' title='bbox 597 3098 758 3157; x_wconf 84' lang='lat' dir='ltr'><strong>vocationis</strong></span> <span class='ocrx_word' id='word_1_352' title='bbox 783 3111 903 3157; x_wconf 88' lang='lat' dir='ltr'><strong>nostrae</strong></span> <span class='ocrx_word' id='word_1_353' title='bbox 934 3098 1007 3157; x_wconf 87' lang='lat' dir='ltr'><strong>fine:</strong></span> <span class='ocrx_word' id='word_1_354' title='bbox 1038 3096 1139 3175; x_wconf 91' lang='lat' dir='ltr'><strong>quales</strong></span> <span class='ocrx_word' id='word_1_355' title='bbox 1164 3097 1285 3159; x_wconf 86' lang='lat' dir='ltr'><strong>adhibet</strong></span> 
     </span>
     <span class='ocr_line' id='line_1_40' title="bbox 93 3174 1285 3265; baseline -0.003 -28"><span class='ocrx_word' id='word_1_356' title='bbox 93 3200 96 3205; x_wconf 92' lang='lat'>·</span> <span class='ocrx_word' id='word_1_357' title='bbox 144 3176 269 3237; x_wconf 89' lang='lat' dir='ltr'><strong>verbum</strong></span> <span class='ocrx_word' id='word_1_358' title='bbox 282 3174 414 3248; x_wconf 89' lang='lat' dir='ltr'><strong>Domini,</strong></span> <span class='ocrx_word' id='word_1_359' title='bbox 437 3196 525 3253; x_wconf 91' lang='lat' dir='ltr'><strong>quum</strong></span> <span class='ocrx_word' id='word_1_360' title='bbox 546 3174 635 3233; x_wconf 89' lang='lat' dir='ltr'><strong>tradit</strong></span> <span class='ocrx_word' id='word_1_361' title='bbox 646 3175 699 3251; x_wconf 69' lang='lat' dir='ltr'><strong>l),</strong></span> <span class='ocrx_word' id='word_1_362' title='bbox 720 3175 806 3234; x_wconf 92' lang='lat' dir='ltr'><strong>nimis</strong></span> <span class='ocrx_word' id='word_1_363' title='bbox 825 3176 941 3265; x_wconf 84' lang='lat' dir='ltr'><strong>impiam</strong></span> <span class='ocrx_word' id='word_1_364' title='bbox 963 3195 1025 3234; x_wconf 89' lang='lat' dir='ltr'><strong>esse</strong></span> <span class='ocrx_word' id='word_1_365' title='bbox 1044 3174 1285 3256; x_wconf 77' lang='lat' dir='ltr'><strong>ingratitudinem</strong></span> 
     </span>
     <span class='ocr_line' id='line_1_41' title="bbox 143 3250 1286 3330; baseline -0.001 -19"><span class='ocrx_word' id='word_1_366' title='bbox 143 3274 208 3314; x_wconf 91' lang='lat' dir='ltr'><strong>non</strong></span> <span class='ocrx_word' id='word_1_367' title='bbox 228 3263 353 3327; x_wconf 91' lang='lat' dir='ltr'><strong>„mutuo</strong></span> <span class='ocrx_word' id='word_1_368' title='bbox 367 3253 525 3315; x_wconf 75' lang='lat' dir='ltr'><strong>redamare</strong></span> <span class='ocrx_word' id='word_1_369' title='bbox 539 3272 604 3311; x_wconf 91' lang='lat' dir='ltr'><strong>eum</strong></span> <span class='ocrx_word' id='word_1_370' title='bbox 618 3251 667 3329; x_wconf 92' lang='lat' dir='ltr'><strong>qui</strong></span> <span class='ocrx_word' id='word_1_371' title='bbox 687 3272 741 3310; x_wconf 87' lang='lat' dir='ltr'><strong>nos</strong></span> <span class='ocrx_word' id='word_1_372' title='bbox 759 3252 841 3330; x_wconf 90' lang='lat' dir='ltr'><strong>prior</strong></span> <span class='ocrx_word' id='word_1_373' title='bbox 853 3250 999 3310; x_wconf 81' lang='lat' dir='ltr'><strong>dilexerit:</strong></span> <span class='ocrx_word' id='word_1_374' title='bbox 1019 3273 1068 3312; x_wconf 80' lang='lat' dir='ltr'><strong>san</strong></span> <span class='ocrx_word' id='word_1_375' title='bbox 1093 3252 1160 3311; x_wconf 90' lang='lat' dir='ltr'><strong>uine</strong></span> <span class='ocrx_word' id='word_1_376' title='bbox 1174 3251 1286 3313; x_wconf 88' lang='lat' dir='ltr'><strong>Christi</strong></span> 
     </span>
     <span class='ocr_line' id='line_1_42' title="bbox 144 3328 1285 3418; baseline -0.003 -28"><span class='ocrx_word' id='word_1_377' title='bbox 144 3330 300 3390; x_wconf 86' lang='lat' dir='ltr'><strong>emundari</strong></span> <span class='ocrx_word' id='word_1_378' title='bbox 321 3329 357 3386; x_wconf 89' lang='lat' dir='ltr'><strong>ab</strong></span> <span class='ocrx_word' id='word_1_379' title='bbox 379 3328 519 3418; x_wconf 89' lang='lat' dir='ltr'><strong>operibus</strong></span> <span class='ocrx_word' id='word_1_380' title='bbox 539 3329 662 3387; x_wconf 88' lang='lat' dir='ltr'><strong>mortuis</strong></span> <span class='ocrx_word' id='word_1_381' title='bbox 682 3328 876 3387; x_wconf 89' lang='lat' dir='ltr'><strong>conscientias</strong></span> <span class='ocrx_word' id='word_1_382' title='bbox 898 3340 1022 3401; x_wconf 89' lang='lat' dir='ltr'><strong>nostras,</strong></span> <span class='ocrx_word' id='word_1_383' title='bbox 1043 3349 1058 3388; x_wconf 88' lang='lat' dir='ltr'><strong>a</strong></span> <span class='ocrx_word' id='word_1_384' title='bbox 1099 3328 1285 3389; x_wconf 83' lang='lat' dir='ltr'><strong>serviendum</strong></span> 
     </span>
    </p>
   </div>
   <div class='ocr_carea' id='block_1_3' title="bbox 143 3404 1287 3792">
    <p class='ocr_par' dir='ltr' id='par_1_3' title="bbox 143 3404 1287 3792">
     <span class='ocr_line' id='line_1_43' title="bbox 143 3404 1287 3484; baseline -0.002 -17"><span class='ocrx_word' id='word_1_385' title='bbox 143 3407 214 3467; x_wconf 87' lang='lat' dir='ltr'><strong>Deo</strong></span> <span class='ocrx_word' id='word_1_386' title='bbox 234 3405 382 3467; x_wconf 82' lang='lat' dir='ltr'><strong>visenti:“</strong></span> <span class='ocrx_word' id='word_1_387' title='bbox 403 3405 556 3484; x_wconf 77' lang='lat' dir='ltr'><strong>indignum</strong></span> <span class='ocrx_word' id='word_1_388' title='bbox 577 3425 639 3464; x_wconf 89' lang='lat' dir='ltr'><strong>esse</strong></span> <span class='ocrx_word' id='word_1_389' title='bbox 657 3405 762 3465; x_wconf 89' lang='lat' dir='ltr'><strong>sacrilc</strong></span> <span class='ocrx_word' id='word_1_390' title='bbox 785 3404 844 3465; x_wconf 90' lang='lat' dir='ltr'><strong>ium</strong></span> <span class='ocrx_word' id='word_1_391' title='bbox 863 3404 888 3464; x_wconf 89' lang='lat' dir='ltr'><strong>si</strong></span> <span class='ocrx_word' id='word_1_392' title='bbox 908 3406 1019 3477; x_wconf 90' lang='lat' dir='ltr'><strong>„semel</strong></span> <span class='ocrx_word' id='word_1_393' title='bbox 1039 3405 1182 3480; x_wconf 89' lang='lat' dir='ltr'><strong>mundati,</strong></span> <span class='ocrx_word' id='word_1_394' title='bbox 1202 3405 1287 3465; x_wconf 84' lang='lat' dir='ltr'><strong>novis</strong></span> 
     </span>
     <span class='ocr_line' id='line_1_44' title="bbox 144 3423 1287 3563; baseline -0.003 -18"><span class='ocrx_word' id='word_1_395' title='bbox 144 3483 284 3545; x_wconf 88' lang='lat' dir='ltr'><strong>sordibus</strong></span> <span class='ocrx_word' id='word_1_396' title='bbox 309 3503 365 3542; x_wconf 88' lang='lat' dir='ltr'><strong>nos</strong></span> <span class='ocrx_word' id='word_1_397' title='bbox 391 3481 595 3560; x_wconf 87' lang='lat' dir='ltr'><strong>inquinantes,</strong></span> <span class='ocrx_word' id='word_1_398' title='bbox 627 3503 739 3541; x_wconf 89' lang='lat' dir='ltr'><strong>sacrum</strong></span> <span class='ocrx_word' id='word_1_399' title='bbox 763 3423 844 3541; x_wconf 65' lang='lat' dir='ltr'><strong>silum</strong></span> <span class='ocrx_word' id='word_1_400' title='bbox 868 3482 1041 3561; x_wconf 77' lang='lat' dir='ltr'><strong>sauguinem</strong></span> <span class='ocrx_word' id='word_1_401' title='bbox 1065 3482 1287 3563; x_wconf 80' lang='lat' dir='ltr'><strong>profanamus.“</strong></span> 
     </span>
     <span class='ocr_line' id='line_1_45' title="bbox 146 3556 1286 3636; baseline 0 -19"><span class='ocrx_word' id='word_1_402' title='bbox 146 3559 325 3636; x_wconf 85' lang='lat' dir='ltr'><strong>„Liberatus</strong></span> <span class='ocrx_word' id='word_1_403' title='bbox 345 3579 407 3617; x_wconf 89' lang='lat' dir='ltr'><strong>esse</strong></span> <span class='ocrx_word' id='word_1_404' title='bbox 428 3579 483 3617; x_wconf 93' lang='lat' dir='ltr'><strong>nos</strong></span> <span class='ocrx_word' id='word_1_405' title='bbox 504 3577 519 3615; x_wconf 94' lang='lat' dir='ltr'><strong>e</strong></span> <span class='ocrx_word' id='word_1_406' title='bbox 546 3580 634 3617; x_wconf 88' lang='lat' dir='ltr'><strong>manu</strong></span> <span class='ocrx_word' id='word_1_407' title='bbox 658 3556 787 3618; x_wconf 91' lang='lat' dir='ltr'><strong>hostium</strong></span> <span class='ocrx_word' id='word_1_408' title='bbox 811 3569 998 3635; x_wconf 91' lang='lat' dir='ltr'><strong>nostrorum,</strong></span> <span class='ocrx_word' id='word_1_409' title='bbox 1029 3570 1063 3618; x_wconf 92' lang='lat' dir='ltr'><strong>ut</strong></span> <span class='ocrx_word' id='word_1_410' title='bbox 1085 3559 1149 3618; x_wconf 87' lang='lat' dir='ltr'><strong>sine</strong></span> <span class='ocrx_word' id='word_1_411' title='bbox 1176 3559 1286 3617; x_wconf 91' lang='lat' dir='ltr'><strong>timore</strong></span> 
     </span>
     <span class='ocr_line' id='line_1_46' title="bbox 145 3632 1286 3716; baseline 0 -20"><span class='ocrx_word' id='word_1_412' title='bbox 145 3637 305 3697; x_wconf 81' lang='lat' dir='ltr'><strong>serviamus</strong></span> <span class='ocrx_word' id='word_1_413' title='bbox 336 3634 379 3693; x_wconf 95' lang='lat' dir='ltr'><strong>illi</strong></span> <span class='ocrx_word' id='word_1_414' title='bbox 409 3635 438 3695; x_wconf 91' lang='lat' dir='ltr'><strong>in</strong></span> <span class='ocrx_word' id='word_1_415' title='bbox 462 3635 617 3695; x_wconf 89' lang='lat' dir='ltr'><strong>sanctitate</strong></span> <span class='ocrx_word' id='word_1_416' title='bbox 637 3646 667 3693; x_wconf 91' lang='lat' dir='ltr'><strong>et</strong></span> <span class='ocrx_word' id='word_1_417' title='bbox 686 3635 794 3695; x_wconf 85' lang='lat' dir='ltr'><strong>iustitia</strong></span> <span class='ocrx_word' id='word_1_418' title='bbox 815 3654 912 3694; x_wconf 89' lang='lat' dir='ltr'><strong>coram</strong></span> <span class='ocrx_word' id='word_1_419' title='bbox 934 3635 998 3716; x_wconf 90' lang='lat' dir='ltr'><strong>ipso</strong></span> <span class='ocrx_word' id='word_1_420' title='bbox 1025 3632 1162 3696; x_wconf 91' lang='lat' dir='ltr'><strong>omnibus</strong></span> <span class='ocrx_word' id='word_1_421' title='bbox 1183 3634 1286 3696; x_wconf 86' lang='lat' dir='ltr'><strong>diebus</strong></span> 
     </span>
     <span class='ocr_line' id='line_1_47' title="bbox 146 3710 1285 3792; baseline -0.004 -17"><span class='ocrx_word' id='word_1_422' title='bbox 146 3714 227 3775; x_wconf 82' lang='lat' dir='ltr'><strong>vitae</strong></span> <span class='ocrx_word' id='word_1_423' title='bbox 245 3716 404 3774; x_wconf 83' lang='lat' dir='ltr'><strong>nostrae:“</strong></span> <span class='ocrx_word' id='word_1_424' title='bbox 434 3733 510 3788; x_wconf 93' lang='lat' dir='ltr'><strong>„nos</strong></span> <span class='ocrx_word' id='word_1_425' title='bbox 530 3733 546 3771; x_wconf 94' lang='lat' dir='ltr'><strong>a</strong></span> <span class='ocrx_word' id='word_1_426' title='bbox 567 3722 688 3792; x_wconf 91' lang='lat' dir='ltr'><strong>peccato</strong></span> <span class='ocrx_word' id='word_1_427' title='bbox 709 3712 906 3791; x_wconf 85' lang='lat' dir='ltr'><strong>emancipatos</strong></span> <span class='ocrx_word' id='word_1_428' title='bbox 927 3717 1027 3787; x_wconf 87' lang='lat' dir='ltr'><strong>esse,“</strong></span> <span class='ocrx_word' id='word_1_429' title='bbox 1050 3722 1085 3772; x_wconf 88' lang='lat' dir='ltr'><strong>ut</strong></span> <span class='ocrx_word' id='word_1_430' title='bbox 1108 3710 1204 3771; x_wconf 88' lang='lat' dir='ltr'><strong>libero</strong></span> <span class='ocrx_word' id='word_1_431' title='bbox 1225 3711 1285 3792; x_wconf 91' lang='lat' dir='ltr'><strong>spi·</strong></span> 
     </span>
    </p>
   </div>
   <div class='ocr_carea' id='block_1_4' title="bbox 636 3878 987 3887">
    <p class='ocr_par' dir='ltr' id='par_1_4' title="bbox 636 3878 987 3887">
     <span class='ocr_line' id='line_1_48' title="bbox 636 3878 987 3887; baseline 0 -2"><span class='ocrx_word' id='word_1_432' title='bbox 636 3878 750 3886; x_wconf 80' lang='grc'>-.-...</span> <span class='ocrx_word' id='word_1_433' title='bbox 760 3879 795 3885; x_wconf 86' lang='grc'>-...</span> <span class='ocrx_word' id='word_1_434' title='bbox 803 3880 878 3886; x_wconf 84' lang='lat'><strong>---....</strong></span> <span class='ocrx_word' id='word_1_435' title='bbox 892 3878 987 3887; x_wconf 78' lang='grc'><strong><em>..-..-.</em></strong></span> 
     </span>
    </p>
   </div>
   <div class='ocr_carea' id='block_1_5' title="bbox 150 3984 1290 4326">
    <p class='ocr_par' dir='ltr' id='par_1_5' title="bbox 150 3984 1290 4326">
     <span class='ocr_line' id='line_1_49' title="bbox 219 3984 1287 4054; baseline 0.004 -18"><span class='ocrx_word' id='word_1_436' title='bbox 219 3986 604 4054; x_wconf 64' lang='lat' dir='ltr'><strong>⁴)1.10snn.t‚10.ut9.</strong></span> <span class='ocrx_word' id='word_1_437' title='bbox 651 3985 718 4039; x_wconf 80' lang='lat' dir='ltr'><strong>llub.</strong></span> <span class='ocrx_word' id='word_1_438' title='bbox 735 3988 766 4048; x_wconf 87' lang='lat'><strong>9,</strong></span> <span class='ocrx_word' id='word_1_439' title='bbox 784 3987 824 4040; x_wconf 81' lang='grc'><strong>11.</strong></span> <span class='ocrx_word' id='word_1_440' title='bbox 843 4001 868 4039; x_wconf 92' lang='lat' dir='ltr'><strong>et</strong></span> <span class='ocrx_word' id='word_1_441' title='bbox 885 3987 931 4048; x_wconf 90' lang='grc'><strong>10,</strong></span> <span class='ocrx_word' id='word_1_442' title='bbox 946 3985 989 4040; x_wconf 71' lang='lat'><strong>29.</strong></span> <span class='ocrx_word' id='word_1_443' title='bbox 1023 3984 1085 4039; x_wconf 82' lang='lat' dir='ltr'><strong>Luc.</strong></span> <span class='ocrx_word' id='word_1_444' title='bbox 1104 3986 1128 4048; x_wconf 88' lang='lat'><strong>1,</strong></span> <span class='ocrx_word' id='word_1_445' title='bbox 1144 3984 1185 4038; x_wconf 68' lang='lat' dir='ltr'><strong>il.</strong></span> <span class='ocrx_word' id='word_1_446' title='bbox 1205 3998 1230 4036; x_wconf 88' lang='lat' dir='ltr'><strong>et</strong></span> <span class='ocrx_word' id='word_1_447' title='bbox 1247 3985 1287 4041; x_wconf 80' lang='grc'><strong>75.</strong></span> 
     </span>
     <span class='ocr_line' id='line_1_50' title="bbox 150 4050 1289 4116; baseline 0.003 -12"><span class='ocrx_word' id='word_1_448' title='bbox 150 4054 231 4107; x_wconf 83' lang='lat' dir='ltr'><strong>Rom.</strong></span> <span class='ocrx_word' id='word_1_449' title='bbox 249 4056 274 4115; x_wconf 85' lang='grc'>6,</span> <span class='ocrx_word' id='word_1_450' title='bbox 292 4055 332 4108; x_wconf 85' lang='grc'><strong>18.</strong></span> <span class='ocrx_word' id='word_1_451' title='bbox 367 4058 436 4109; x_wconf 91' lang='lat' dir='ltr'><strong>lhid.</strong></span> <span class='ocrx_word' id='word_1_452' title='bbox 455 4076 477 4109; x_wconf 81' lang='lat' dir='ltr'><strong>v.</strong></span> <span class='ocrx_word' id='word_1_453' title='bbox 494 4057 517 4109; x_wconf 87' lang='grc'><strong>6,</strong></span> <span class='ocrx_word' id='word_1_454' title='bbox 553 4053 695 4115; x_wconf 64' lang='lat' dir='ltr'><strong>coloss&amp;</strong></span> <span class='ocrx_word' id='word_1_455' title='bbox 713 4060 735 4109; x_wconf 92' lang='lat'><strong>1.</strong></span> <span class='ocrx_word' id='word_1_456' title='bbox 771 4054 821 4108; x_wconf 87' lang='lat' dir='ltr'><strong>Tit.</strong></span> <span class='ocrx_word' id='word_1_457' title='bbox 837 4057 863 4116; x_wconf 77' lang='lat'><strong>2,</strong></span> <span class='ocrx_word' id='word_1_458' title='bbox 880 4058 921 4108; x_wconf 86' lang='lat'><strong>11.</strong></span> <span class='ocrx_word' id='word_1_459' title='bbox 954 4054 973 4105; x_wconf 91' lang='lat' dir='ltr'><strong>l.</strong></span> <span class='ocrx_word' id='word_1_460' title='bbox 991 4053 1081 4107; x_wconf 83' lang='lat' dir='ltr'><strong>Thess.</strong></span> <span class='ocrx_word' id='word_1_461' title='bbox 1098 4056 1124 4115; x_wconf 80' lang='lat'><strong>5,</strong></span> <span class='ocrx_word' id='word_1_462' title='bbox 1140 4055 1165 4109; x_wconf 87' lang='grc'><strong>9.</strong></span> <span class='ocrx_word' id='word_1_463' title='bbox 1193 4050 1289 4108; x_wconf 81' lang='lat' dir='ltr'><strong>tcor.</strong></span> 
     </span>
     <span class='ocr_line' id='line_1_51' title="bbox 150 4118 1290 4192; baseline -0.003 -14"><span class='ocrx_word' id='word_1_464' title='bbox 150 4126 237 4186; x_wconf 82' lang='lat'><strong>3,16.</strong></span> <span class='ocrx_word' id='word_1_465' title='bbox 273 4123 370 4192; x_wconf 83' lang='lat' dir='ltr'><strong>Ephcs.</strong></span> <span class='ocrx_word' id='word_1_466' title='bbox 386 4131 411 4188; x_wconf 77' lang='lat'><strong>⁶2,</strong></span> <span class='ocrx_word' id='word_1_467' title='bbox 428 4127 469 4181; x_wconf 77' lang='lat'><strong>21·</strong></span> <span class='ocrx_word' id='word_1_468' title='bbox 488 4138 513 4177; x_wconf 89' lang='lat' dir='ltr'><strong>et</strong></span> <span class='ocrx_word' id='word_1_469' title='bbox 528 4129 554 4186; x_wconf 85' lang='lat'><strong>5,</strong></span> <span class='ocrx_word' id='word_1_470' title='bbox 570 4126 594 4179; x_wconf 88' lang='grc'><strong>8.</strong></span> <span class='ocrx_word' id='word_1_471' title='bbox 630 4126 662 4178; x_wconf 91' lang='lat' dir='ltr'><strong>ll.</strong></span> <span class='ocrx_word' id='word_1_472' title='bbox 681 4122 828 4186; x_wconf 82' lang='lat' dir='ltr'><strong>Cor.o,16.</strong></span> <span class='ocrx_word' id='word_1_473' title='bbox 861 4120 980 4176; x_wconf 66' lang='lat' dir='ltr'><strong>[Thess.</strong></span> <span class='ocrx_word' id='word_1_474' title='bbox 997 4124 1023 4185; x_wconf 79' lang='grc'>4,</span> <span class='ocrx_word' id='word_1_475' title='bbox 1038 4124 1064 4177; x_wconf 81' lang='grc'><strong>3-</strong></span> <span class='ocrx_word' id='word_1_476' title='bbox 1079 4136 1104 4175; x_wconf 87' lang='lat' dir='ltr'><strong>et</strong></span> <span class='ocrx_word' id='word_1_477' title='bbox 1120 4123 1144 4176; x_wconf 90' lang='lat'><strong>7.</strong></span> <span class='ocrx_word' id='word_1_478' title='bbox 1178 4122 1210 4173; x_wconf 89' lang='lat' dir='ltr'><strong>ll.</strong></span> <span class='ocrx_word' id='word_1_479' title='bbox 1220 4118 1290 4175; x_wconf 87' lang='lat' dir='ltr'><strong>Tim.</strong></span> 
     </span>
     <span class='ocr_line' id='line_1_52' title="bbox 152 4189 1289 4257; baseline -0.003 -14"><span class='ocrx_word' id='word_1_480' title='bbox 152 4194 225 4252; x_wconf 85' lang='grc'>1,9.</span> <span class='ocrx_word' id='word_1_481' title='bbox 259 4192 338 4245; x_wconf 82' lang='lat' dir='ltr'><strong>Rom.</strong></span> <span class='ocrx_word' id='word_1_482' title='bbox 359 4196 431 4257; x_wconf 78' lang='lat'><strong>6,8.</strong></span> <span class='ocrx_word' id='word_1_483' title='bbox 474 4193 493 4245; x_wconf 84' lang='lat' dir='ltr'><strong>l.</strong></span> <span class='ocrx_word' id='word_1_484' title='bbox 511 4194 713 4257; x_wconf 82' lang='lat' dir='ltr'><strong>loann.4,10.</strong></span> <span class='ocrx_word' id='word_1_485' title='bbox 732 4208 756 4246; x_wconf 89' lang='lat' dir='ltr'><strong>et</strong></span> <span class='ocrx_word' id='word_1_486' title='bbox 772 4194 803 4252; x_wconf 87' lang='lat'><strong>3,</strong></span> <span class='ocrx_word' id='word_1_487' title='bbox 820 4192 862 4245; x_wconf 85' lang='grc'><strong>11).</strong></span> <span class='ocrx_word' id='word_1_488' title='bbox 905 4192 924 4242; x_wconf 95' lang='lat' dir='ltr'><strong>l.</strong></span> <span class='ocrx_word' id='word_1_489' title='bbox 941 4191 1051 4254; x_wconf 70' lang='lat' dir='ltr'><strong>Confi,</strong></span> <span class='ocrx_word' id='word_1_490' title='bbox 1069 4194 1109 4246; x_wconf 82' lang='grc'><strong>15.</strong></span> <span class='ocrx_word' id='word_1_491' title='bbox 1125 4204 1151 4243; x_wconf 87' lang='lat' dir='ltr'><strong>ct</strong></span> <span class='ocrx_word' id='word_1_492' title='bbox 1167 4191 1207 4247; x_wconf 83' lang='lat'><strong>17.</strong></span> <span class='ocrx_word' id='word_1_493' title='bbox 1225 4189 1289 4243; x_wconf 85' lang='lat' dir='ltr'><strong>ibid.</strong></span> 
     </span>
     <span class='ocr_line' id='line_1_53' title="bbox 151 4260 981 4326; baseline 0.004 -13"><span class='ocrx_word' id='word_1_494' title='bbox 151 4260 255 4323; x_wconf 64' lang='lat'><strong>1212.</strong></span> <span class='ocrx_word' id='word_1_495' title='bbox 289 4260 309 4311; x_wconf 86' lang='lat' dir='ltr'><strong>l.</strong></span> <span class='ocrx_word' id='word_1_496' title='bbox 327 4260 418 4315; x_wconf 81' lang='lat' dir='ltr'><strong>loann.</strong></span> <span class='ocrx_word' id='word_1_497' title='bbox 435 4264 461 4326; x_wconf 83' lang='lat'><strong>3,</strong></span> <span class='ocrx_word' id='word_1_498' title='bbox 478 4263 502 4315; x_wconf 83' lang='lat'><strong>3.</strong></span> <span class='ocrx_word' id='word_1_499' title='bbox 536 4261 568 4312; x_wconf 81' lang='lat' dir='ltr'><strong>lh</strong></span> <span class='ocrx_word' id='word_1_500' title='bbox 588 4261 649 4315; x_wconf 87' lang='lat' dir='ltr'><strong>Cor.</strong></span> <span class='ocrx_word' id='word_1_501' title='bbox 670 4264 694 4325; x_wconf 73' lang='grc'>7,</span> <span class='ocrx_word' id='word_1_502' title='bbox 712 4266 736 4318; x_wconf 72' lang='grc'><strong>1.</strong></span> <span class='ocrx_word' id='word_1_503' title='bbox 770 4261 862 4314; x_wconf 86' lang='lat' dir='ltr'><strong>loann.</strong></span> <span class='ocrx_word' id='word_1_504' title='bbox 880 4260 921 4321; x_wconf 71' lang='grc'><strong>16,</strong></span> <span class='ocrx_word' id='word_1_505' title='bbox 940 4262 981 4312; x_wconf 83' lang='grc'><strong>10-</strong></span> 
     </span>
    </p>
   </div>
   <div class='ocr_carea' id='block_1_6' title="bbox 940 4326 992 4390">
    <p class='ocr_par' dir='ltr' id='par_1_6' title="bbox 940 4326 992 4390">
     <span class='ocr_line' id='line_1_54' title="bbox 940 4326 992 4390; baseline 0 -21"><span class='ocrx_word' id='word_1_506' title='bbox 940 4326 992 4390; x_wconf 66' lang='grc' dir='ltr'>,μ</span> 
     </span>
    </p>
   </div>
   <div class='ocr_carea' id='block_1_7' title="bbox 0 0 1356 4732">
    <p class='ocr_par' dir='ltr' id='par_1_7' title="bbox 0 0 1356 4732">
     <span class='ocr_line' id='line_1_55' title="bbox 0 0 1356 4732; baseline 0 0"><span class='ocrx_word' id='word_1_507' title='bbox 0 0 1356 4732; x_wconf 95' lang='lat' dir='ltr'><strong> </strong></span> 
     </span>
    </p>
   </div>
  </div>
 </body>
</html>
