2700 4732
471 192 549 255 flii.
567 192 623 256 111.
662 193 752 257 CAP.
770 192 882 257 xxm
1185 198 1244 263 149

117 353 207 418 opera
219 356 274 417 sup
294 334 414 412 simunt,
432 355 519 416 quarn
537 336 568 396 in
586 355 618 396 se
636 357 796 420 agnoscere
808 346 955 432 coguntur
969 335 1161 402 damnationis
1171 357 1241 399 cau·

116 433 196 489 ran,
222 424 256 472 ut
305 412 332 471 ei
372 423 516 473 raetextus
535 431 587 473 eos
606 412 720 475 liberet
767 414 860 495 Atqui
877 425 911 474 ut
933 415 1042 474 centies
1061 414 1158 473 Deum
1177 433 1241 475 esse

113 499 267 624 modim
286 433 441 562 condtear,
460 488 540 568 quod
558 488 815 584 verissimumnest,
834 510 894 550 nou
914 491 1051 582 protinus
1065 501 1161 550 tamen
1182 491 1239 551 cri-

114 583 211 705 tto.
229 563 431 721 illidii
444 564 1111 732 ttttafttttft''t.¹ttttt¹t.⁸.t¹‘.ti⁶
1135 584 1237 627 ‘⁰¹⁰⁰'

192 721 220 779 t.
256 714 382 776 Rursum
403 727 565 796 excipiunt,
583 717 691 777 Nonne
710 717 747 777 nd
767 737 842 791 cam,
862 738 935 798 quae
954 738 1033 778 nnnc
1052 736 1106 797 pro
1120 714 1238 775 damna-

113 792 206 883 tionis
230 811 315 851 caum
334 791 519 909 obtepditur,
548 793 768 884 corruptionem
787 793 846 854 Dei
871 792 1057 884 ordinatione
1081 791 1240 924 praedestii

112 867 428 1034 liifa‘i'i‘aiii'ili.
446 866 1238 1033 ritttattttmttst?tttt‘ttt'ttatt.

113 1030 237 1079 matrone
256 1019 351 1098 lapsus
371 1031 415 1079 est
425 1018 529 1098 Adam,
549 1040 583 1079 ac
601 1031 814 1101 posterossuos
834 1020 1005 1102 praecipites
1025 1040 1121 1080 secum
1140 1028 1236 1080 traxit.

114 1095 226 1156 Annon
244 1095 343 1175 itrque
361 1094 499 1170 iniustus,
529 1096 580 1175 qui
609 1095 748 1156 creaturis
777 1096 836 1158 suis
860 1107 918 1157 tam
941 1095 1100 1157 crudeliter
1122 1091 1238 1154 ittudiet

112 1160 225 1231 Fateor
242 1190 313 1233 sane
332 1170 363 1229 in
381 1168 465 1242 banc,
485 1191 542 1251 qua
562 1193 640 1231 nunc
658 1170 699 1231 illi
720 1172 760 1231 ati
779 1184 862 1248 sunt,
887 1172 1064 1233 conditionis
1081 1171 1195 1231 miseria

112 1246 173 1338 Dei
191 1244 341 1338 uoluntate
365 1246 506 1306 decidisse
530 1249 680 1308 universos
700 1193 781 1309 blios
800 1248 908 1308 Adamc
936 1261 1024 1328 atque
1043 1247 1073 1306 id
1092 1257 1136 1307 est
1155 1265 1219 1338 quo.
1309 1296 1315 1305 .

111 1321 1235 1480 titt?tttdtti‘tnttttfttt.tttttt²tttttt.t.ttttmsla

109 1494 176 1535 mon
195 1474 334 1554 protinus·
347 1475 487 1553 sequitur,
506 1475 572 1535 huic
592 1474 801 1537 obtrectationi
819 1476 917 1537 Deum
935 1475 1094 1538 subiacere.
1121 1473 1236 1535 Occur-

110 1570 211 1612 remus
231 1551 308 1610 enim
328 1571 393 1611 curn
412 1549 503 1610 Paulo
524 1551 624 1629 (Rom.
640 1557 669 1627 9,
687 1552 750 1631 2⁰.)
770 1552 800 1611 in
821 1552 898 1614 bunc
917 1551 1052 1612 modum:
1070 1548 1121 1625 „0
1134 1549 1236 1642 homo,

110 1626 237 1760 „tupui
257 1646 287 1687 cs
306 1627 356 1705 qui
375 1625 518 1706 disceptes
536 1648 602 1688 cum
621 1624 708 1689 Deci
744 1629 822 1688 Num
842 1628 1012 1710 figmentum
1032 1626 1103 1687 dicit
1121 1625 1164 1701 ei,
1184 1645 1235 1705 qur

152 1721 168 1762 c

70 1820 75 1826 -
112 1724 169 1857 {iit
187 1797 220 1837 ex
240 1778 340 1838 eadem
364 1798 455 1838 massa
479 1778 564 1838 iaciat
585 1800 633 1859 vas
652 1778 728 1839 aliud
749 1780 777 1838 in
798 1779 959 1853 bonorem,
983 1777 1061 1839 aliud
1079 1779 1109 1837 in
1129 1787 1234 1838 contu·

110 1853 284 1933 „metiamts‘
305 1888 341 1900 -
377 1854 534 1936 Negabunt
553 1856 592 1914 ita
612 1875 680 1915 vere
700 1854 817 1915 delendi
836 1855 895 1916 Dei
914 1855 1066 1946 iustitiam,
1095 1853 1146 1914 sed
1165 1851 1235 1913 sub·
1273 1896 1278 1903 -

110 1930 272 2012 teriugium
293 1931 416 2010 captari,
435 1930 518 2008 quale
538 1929 645 1992 babere
663 1930 761 1992 solent
779 1932 829 2011 qui
848 1934 920 1992 iusta
941 1942 1124 1991 excusetuouc
1144 1927 1234 1989 desti·

109 2017 244 2067 tunntur.
283 2006 363 2081 Quid
384 2005 460 2065 euim
480 2006 527 2066 bic
545 2006 622 2066 aliud
642 2007 698 2068 dici
715 2007 843 2085 videtur,
882 2028 948 2068 uam
959 2007 1026 2067 Deo
1046 2025 1111 2081 esse
1127 2015 1235 2086 poten-

109 2083 266 2163 tiemquae
285 2082 418 2161 impediri
437 2095 572 2161 nequeat,
591 2083 747 2161 quominus
768 2029 989 2162 proutlibitum
1014 2082 1103 2142 fuerit
1122 2079 1234 2174 quidvis

110 2157 198 2241 egat?
235 2158 344 2218 Verum
364 2158 454 2236 longe
472 2179 554 2218 secus
574 2170 631 2218 est:
662 2179 736 2238 quae
762 2161 839 2219 enim
885 2159 1016 2219 utentior
1040 2157 1139 2218 aiserrr
1159 2167 1233 2216 rutro

107 2245 323 2326 potest-quam
335 2232 401 2293 dum
415 2233 550 2294 iubemur
568 2236 710 2316 cogitare,
728 2234 792 2370 puis
811 2181 886 2296 sitss

890 2237 958 2297 eus?
982 2233 1144 2309 Quomodo
1156 2231 1236 2291 euim

109 2310 199 2371 ullam
218 2320 399 2390 rnrqurtatcm
419 2309 600 2385 admitteret,
628 2311 677 2391 qui
700 2312 730 2370 iu
752 2331 784 2370 ex
810 2322 854 2372 est
872 2309 971 2373 orbis?
1007 2310 1053 2369 Ad
1073 2309 1131 2369 Dei
1151 2317 1236 2367 natu·

108 2406 173 2447 ram
192 2387 216 2446 si
236 2387 355 2466 proprie
373 2386 512 2464 pertinet,
529 2386 665 2451 iudicium
687 2386 793 2462 iacere,
813 2387 948 2448 iustitiam
964 2385 1052 2465 igitur
1063 2383 1244 2445 naturaliter-

110 2473 203 2536 amat,
222 2461 388 2521 iniustitiam
408 2474 562 2521 aversatur.
611 2462 740 2521 Proinde
760 2485 819 2523 non
840 2463 920 2555 quasi
939 2463 975 2521 de
997 2461 1134 2522 relaeusus
1154 2459 1234 2520 iuret

109 2537 282 2629 Apostolus,
303 2537 339 2596 ad
358 2536 505 2598 cuniculos
525 2539 709 2618 respectavit:
730 2540 780 2598 sed
800 2539 936 2601 indicavit
955 2484 1088 2597 uiliorem
1101 2555 1163 2597 esse
1182 2535 1229 2592 in-

108 2615 208 2676 stitiae
228 2614 342 2674 divinae
362 2615 522 2688 rationem,
542 2635 627 2693 quom
651 2627 684 2673 ut
703 2616 747 2675 vei
768 2615 893 2675 humano
913 2614 1003 2675 modo
1024 2611 1167 2672 metienda
1185 2609 1233 2684 sit,

108 2688 160 2751 vel
179 2688 290 2770 ingenii
311 2688 427 2749 burnani
445 2690 588 2749 tenuitate
608 2691 700 2770 possit
719 2691 936 2771 comprehendi.
973 2690 1094 2749 Fatetur
1112 2686 1231 2765 quidem

111 2765 282 2844 Apostolus,
303 2786 364 2825 eam
383 2765 500 2825 subesse
520 2766 623 2826 divinis
643 2767 755 2826 iudiciis
775 2767 1015 2847 profunditatem,
1035 2783 1126 2842 aqua
1146 2781 1230 2821 rnen-

109 2854 158 2902 tes
177 2859 277 2902 omnes
296 2841 444 2901 bominum
471 2841 672 2901 absorbendae
690 2843 807 2916 sint,'si
838 2853 982 2902 conentur
1002 2861 1038 2899 eo
1085 2849 1229 2898 enetrare.

109 2915 174 2978 Sed
193 2917 280 2977 docet
298 2919 383 2978 etiam
410 2939 494 2998 quam
516 2918 666 3001 indignum
691 2920 744 2990 sit,
764 2919 798 2976 ad
819 2938 880 2976 earn
905 2916 1000 2995 legem
1019 2861 1152 2994 redgere
1171 2910 1231 2971 Dei

109 3012 217 3075 opera,
244 3004 278 3053 ut
306 2993 423 3056 simulac
448 3013 548 3053 corum
570 2995 643 3055 ratio
664 2993 750 3053 nobis
770 3015 828 3053 non
860 2991 1034 3064 constiterit,
1063 2988 1232 3068 improbare

107 3068 275 3131 audeamus.
301 3071 432 3129 ἱΝοῑιιιιι
452 3081 496 3129 est
521 3068 627 3130 dictum
648 3069 813 3130 Salomonis
832 3071 934 3149 (Prov.
952 3075 1000 3139 26,
1021 3072 1065 3131 tt.
1087 3066 1165 3145 quod
1183 3075 1230 3124 ἱᾶ-

108 3166 178 3206 men
199 3146 283 3225 pauci
295 3146 393 3204 dextre
412 3144 504 3204 intelli
527 3148 607 3223 unt):
627 3147 769 3227 „Magnus
783 3151 898 3206 creator
916 3147 1044 3207 omnium
1063 3140 1230 3201 mercedem

108 3220 209 3282 reddit
225 3221 332 3298 stulto,
353 3234 383 3281 et
401 3166 563 3280 mercedem
590 3222 880 3303 transgressoribus.“
925 3221 1072 3282 Exclamat
1094 3216 1171 3277 euim
1190 3216 1229 3275 de

109 3297 311 3378 magnitudine
330 3297 402 3373 Dei,
435 3299 465 3355 iu
491 3299 571 3358 cuius
596 3299 717 3360 arbitrio
738 3312 781 3359 est
800 3319 925 3379 poenam
946 3315 1059 3358 sternere
1078 3295 1114 3353 de
1132 3292 1228 3356 stultis

110 3384 145 3432 et
167 3374 441 3454 transgressoribus,
471 3375 600 3452 quamvis
625 3395 675 3434 cos
699 3377 812 3468 Spiritu
841 3395 893 3435 suo
918 3395 979 3434 uon
1000 3373 1144 3454 dignetur.
1182 3368 1228 3428 Ae

108 3448 294 3530 prodigiosus
314 3461 358 3508 est
376 3449 525 3508 hominum
541 3449 710 3524 turos-,ctum
721 3463 759 3512 sta
780 3452 900 3511 rationis
917 3469 986 3511 suae
996 3447 1115 3508 modulo
1135 3444 1228 3506 subii-

108 3545 179 3587 cere
198 3536 349 3604 appetunt,
369 3525 448 3602 quod
468 3524 639 3586 immensum
659 3539 711 3586 est.
748 3526 879 3607 Angelos
899 3527 948 3604 qui
965 3535 1109 3585 steterunt
1126 3522 1158 3581 in
1176 3538 1231 3581 sue

107 3601 293 3682 integritate,
323 3601 429 3660 Paulus
447 3602 547 3661 electos
570 3613 654 3661 vocat
678 3603 716 3680 (l.
735 3603 812 3662 Tim.
831 3609 864 3675 5,
881 3604 958 3677 21.):
989 3601 1012 3660 si
1032 3618 1134 3658 eorum
1153 3614 1229 3656 con·

107 3677 214 3738 stantia
233 3679 262 3736 in
284 3677 341 3735 Dei
366 3676 442 3737 bene
464 3679 550 3739 lacito
576 3677 694 3738 lundata
722 3679 792 3754 suit,
820 3678 942 3738 aliorum
974 3674 1101 3734 delectio
1132 3669 1229 3752 arguit

107 3752 199 3814 fuisse
219 3752 382 3814 derelictos.
459 3755 520 3815 uius
550 3756 592 3813 rei
617 3775 700 3814 causo
725 3774 785 3814 non
833 3765 909 3814 otest
932 3753 985 3812 alia
1011 3748 1115 3811 adduci
1140 3766 1228 3828 quam

106 3828 292 3908 reprobatio,
312 3850 385 3908 quae
405 3829 435 3888 in
455 3850 563 3890 arcano
583 3830 640 3888 Dei
658 3831 781 3891 consilio
802 3776 1041 3890 abscondita'⁴'esb

186 3910 215 3969 ὅ.
254 3904 328 3985 Age,
347 3905 415 3966 assit
435 3907 705 3967 nunclllanicbaeus
726 3901 1094 3987 aliquisautCoelestionm
1113 3900 1228 3988 divinae
1307 3920 1309 3925 ⁴

106 3979 311 4063 providentiae
330 3981 521 4043 calumniator
531 3983 583 4061 (cl.
594 3983 675 4058 s.8.),
694 3983 759 4042 dico
779 4005 843 4042 cum
857 3979 984 4054 Paulo,
1003 3978 1145 4037 rationem
1166 3994 1227 4033 crus

107 4077 171 4116 non
192 4075 254 4117 esse
273 4057 466 4128 reddendam,
490 4061 555 4139 quia
575 4059 771 4139 magnitudino
789 4079 840 4120 sun
859 4055 1079 4137 intelligentiam
1098 4061 1228 4111 nostram

108 4132 202 4223 louge
219 4145 346 4213 superet.
385 4134 465 4208 Quid
483 4137 607 4195 mirum?
626 4147 676 4195 aut
695 4134 764 4214 quid
782 4133 955 4194 absurdum?
973 4131 1084 4190 velitne
1095 4127 1153 4186 nei
1169 4144 1228 4261 po-

110 4219 232 4267 tentiam
258 4210 298 4269 sic
330 4210 478 4270 limitatam
507 4231 583 4282 esse,
615 4224 648 4271 ut
672 4209 799 4289 nequid
824 4209 888 4290 plus
913 4207 950 4268 ad
969 4205 1113 4288 agendum
1131 4211 1227 4264 raest

110 4303 197 4364 quem
216 4304 371 4348 mousson
396 4278 509 4367 cipiat'i
555 4286 633 4350 Dico
660 4309 725 4350 eum
743 4286 950 4369 Augustino
973 4302 1037 4349 esse
1058 4276 1228 4347 snouino
1326 4366 1329 4375 Ι

209 1702 284 1775 orit,
316 1702 379 1763 Cur
396 1721 443 1760 me
463 1702 569 1763 finxisti
586 1702 647 1764 sie?
684 1706 794 1764 Annon
818 1703 908 1765 babet
927 1713 1099 1784 potestatem
1119 1701 1236 1782 figulus,
1328 1726 1333 1738 ·
