2700 4732
92 186 96 195 '
131 191 172 260 at
300 155 307 167 “
351 154 356 159 ’
465 176 728 256 'amaranto
748 192 921 255 aarum

68 350 71 355 ’
135 348 227 407 corto
247 340 365 406 rescivi
385 339 565 424 Augustae,
591 339 650 407 ubi
676 351 856 408 conventus
877 339 1028 408 ordinum
1050 340 1179 428 imperii
1202 364 1276 429 age-

135 423 247 504 batur,
270 445 413 512 sparsum
434 423 533 490 luisse
556 425 598 491 de
620 448 691 491 mea
712 425 754 491 ad
774 427 931 511 Papatum
959 424 1144 493 delectione
1169 449 1275 494 rumo-

25 502 33 519 ‘
136 530 215 587 rem,
237 519 275 600 et=
290 509 441 595 cupidius
452 532 546 597 quarn
566 533 625 597 par
647 521 716 576 erat
736 514 771 575 in
794 510 876 576 aulis
896 513 1078 596 principum
1100 521 1275 597 exceptum.

135 593 230 658 llaec
251 605 299 659 est
319 592 443 658 seilicet
464 616 576 660 eorum
588 593 759 679 gratitudo,
782 615 864 681 quos
886 606 974 658 certe
994 615 1061 663 nou
1083 592 1185 661 latent
1203 594 1275 681 plu-

134 680 216 743 rima
238 680 437 743 constantiae
457 700 549 744 meae
569 683 795 767 experimenta,
815 700 900 763 quae
923 688 958 744 ut
976 676 1167 743 calumniam
1189 678 1273 745 adeo

134 761 267 827 foedam
288 772 462 848 respuunt,
486 767 529 827 ita
556 761 598 827 ab
628 785 667 827 ca
694 785 746 834 rue
774 761 862 909 apud
883 783 996 829 omnes
1016 783 1140 848 aequos
1163 774 1195 827 et
1216 764 1274 828 hu·

134 867 250 913 manos
270 845 394 911 iudices
414 848 499 912 tueri
520 845 711 912 debuerant.
751 847 798 912 Fa
814 845 890 911 litus
908 856 1014 911 autem
1036 869 1108 912 cum
1128 857 1194 912 tota
1215 869 1274 912 sua

135 940 266 996 caterva
286 928 454 1008 diabolus,
474 935 501 996 si
522 953 574 998 me
594 931 716 1019 putidis
736 930 915 997 mendaciis
935 928 1127 1009 obruendo,
1147 931 1207 995 hac
1226 935 1275 996 in·

35 1021 41 1031 ’
137 1014 294 1100 dignitate
318 1015 501 1081 fractiorem
514 1015 569 1080 vel
589 1039 640 1081 ma
663 1017 688 1080 is
710 1015 832 1080 lentum
855 1014 926 1079 iore
947 1025 1052 1100 putat:
1073 1017 1149 1102 quia
1165 1014 1272 1080 Deum

135 1121 198 1186 pro
218 1102 372 1164 immensa
393 1121 451 1164 sua
471 1099 618 1166 bonitate
640 1038 786 1167 daturum
805 1098 883 1165 mihi
903 1097 1046 1177 conlido,
1067 1101 1157 1164 utin
1178 1121 1274 1164 eursu

136 1194 269 1249 sanctae
281 1203 359 1249 suae
370 1187 551 1250 vocationis
564 1183 729 1272 aequabili
747 1182 919 1249 tolerantia
932 1203 1147 1268 perseverem.
1169 1182 1274 1250 Cuius

135 1270 187 1332 rei
206 1288 327 1333 uovuru
355 1269 389 1332 in
417 1268 479 1333 bac
506 1267 651 1333 editione
680 1267 907 1334 documentum
934 1269 996 1352 piis
1022 1265 1200 1334 lectoribus
1222 1288 1273 1332 ex-

16 1420 18 1437 ,
135 1349 245 1417 bibeo.
286 1353 391 1417 Porro
413 1352 476 1418 boc
496 1353 574 1417 mihi
594 1355 628 1417 iu
649 1356 711 1418 isto
732 1351 848 1418 labore
860 1355 1061 1437 propositum
1072 1351 1142 1429 fuit,
1162 1372 1273 1416 sacrae

93 1453 97 1461 ‘
137 1435 343 1522 ‘l'beologiae
363 1435 554 1502 candidatos
576 1436 618 1503 ad
639 1436 742 1506 divini
761 1434 856 1500 verbi
876 1434 1050 1523 lectionem
1071 1438 1115 1500 ita
1137 1456 1273 1523 praepa·-

132 1528 210 1585 rare
232 1531 265 1585 et
285 1524 463 1598 instruere,
493 1531 528 1585 ut
557 1531 590 1586 et
617 1519 744 1585 facilem
770 1519 912 1587 adeam
940 1519 1060 1585 aditum
1081 1517 1224 1606 habere,
1241 1531 1273 1584 et

134 1601 301 1669 inoffenso
329 1607 365 1669 iu
391 1625 431 1668 ea
460 1602 563 1691 gradu
590 1626 726 1691 pergere
755 1613 889 1690 queant:
918 1602 1078 1689 siquidem
1105 1603 1273 1688 religionis

134 1708 289 1753 maumam
306 1686 457 1753 omnibus
476 1686 622 1776 partibus
641 1694 688 1754 sic
707 1687 786 1754 mibi
805 1685 992 1774 complexus
1011 1687 1219 1767 esserideor,
1239 1698 1273 1752 et

135 1792 178 1838 so
199 1776 332 1860 quoque
353 1772 470 1837 ordine
491 1773 677 1858 digessisse,
703 1783 739 1838 ut
766 1772 887 1859 siquis
909 1794 979 1839 eam
1005 1782 1095 1837 recte
1123 1773 1272 1848 tenuerit,

137 1858 170 1921 ei
190 1852 260 1921 uo‘u
281 1858 323 1922 sit
344 1854 481 1923 dilficilc
508 1866 649 1922 statuere
672 1864 710 1922 'et
730 1854 811 1943 quid
838 1859 1037 1941 potissimum
1057 1876 1216 1943 quaerere
1233 1858 1272 1920 in

24 1988 27 1993 ,
136 1939 312 2026 Scriptura,
332 1951 365 2005 et
386 1940 537 2028 quentin
558 1960 692 2028 scopum
714 1938 869 2028 quicquid
891 1942 923 2005 iu
946 1962 985 2005 ca
1006 1943 1200 2019 continetur,
1220 1960 1272 2007 re-

134 2023 224 2090 ferre
243 2023 374 2104 debeat.
415 2026 528 2111 ltaque
555 2022 616 2089 hac
638 2023 741 2089 veluti
764 2035 862 2090 strata
888 2025 956 2102 via,
982 2026 1010 2089 si
1031 2045 1111 2110 quas
1161 2024 1272 2089 osthac

134 2104 322 2195 Scripturae
352 2112 573 2197 enarrationes
601 2107 755 2184 edidero,
782 2111 858 2195 quia
885 2129 953 2173 nou
980 2130 1113 2174 necesse
1137 2047 1271 2175 lababo

136 2188 180 2257 de
206 2190 408 2276 dogmatibus
433 2190 548 2292 longas
575 2191 811 2278 disputationes
837 2195 1021 2269 instituere,
1057 2203 1091 2258 et
1116 2193 1150 2257 iu
1178 2191 1272 2258 lucos

16 2308 19 2315 J
135 2294 323 2342 communes
336 2295 473 2361 evagari,
495 2297 549 2340 eas
563 2274 759 2360 compendio
781 2297 909 2362 semper
930 2272 1109 2362 astringam.
1150 2276 1199 2340 Ea
1221 2299 1272 2341 ra·

134 2361 241 2438 tione,
266 2380 381 2444 magua
408 2357 556 2425 molestia
586 2370 618 2425 ct
644 2359 774 2425 fastidio
801 2361 874 2447 pius
901 2357 1005 2425 lector
1032 2359 1271 2426 sublevabiturz

133 2443 235 2510 ruodo
257 2445 437 2530 praesentis
465 2447 575 2532 operis
596 2446 800 2529 cognitione,
827 2445 919 2531 quasi
943 2446 1127 2509 necessario
1155 2448 1272 2509 instru-

132 2539 244 2595 mento
265 2529 486 2614 praemunitus
514 2526 655 2594 accedat·
706 2527 773 2592 Sed
799 2530 875 2613 quia
903 2526 998 2592 buius
1025 2530 1161 2594 instituti
1187 2531 1270 2593 ratio

126 2613 239 2677 'iu'tot
258 2614 338 2677 meis
359 2614 595 2677 commentariis
619 2614 710 2700 quasi
730 2614 764 2677 in
786 2610 928 2698 speculis
950 2610 1037 2676 clare
1058 2621 1208 2697 apparet,
1232 2632 1270 2676 re

131 2696 204 2782 ipsa
224 2695 310 2761 malo
332 2693 497 2765 declarare
520 2695 617 2784 quale
639 2700 679 2762 sit
694 2693 917 2782 quamlv'crbis
937 2694 1135 2782 praedicare.
1180 2694 1271 2772 Vale,

40 2784 44 2789 '
133 2782 235 2845 amice
249 2781 376 2860 Lector,
397 2789 429 2844 et
450 2781 477 2844 si
495 2802 590 2868 quem
614 2801 651 2845 ex
671 2783 752 2849 meis
771 2776 941 2845 laboribus
962 2779 1099 2845 fructum
1120 2783 1271 2871 percipis,

132 2883 185 2929 rna
230 2863 359 2929 reoibus
378 2867 442 2928 tuis
463 2864 552 2951 apud
572 2863 680 2930 Deum
702 2864 828 2929 Patrem
846 2874 990 2929 nostrum
1013 2864 1138 2931 adiuva.

232 2969 365 3026 euerae,
387 2947 526 3016 Caleud.
547 2948 680 3037 August.
722 2949 821 3013 Auno
840 2948 992 3014 Muttx.

209 3128 295 3204 Quot
315 3129 428 3191 animus
448 3130 545 3190 iuerat
563 3130 646 3190 tenui
666 3149 803 3190 excusare
822 3127 936 3202 libello,

207 3204 348 3268 Disceudi
367 3207 466 3268 studio
486 3216 629 3291 maguum
646 3207 744 3268 iecere
764 3205 912 3268 volumen.
1007 3211 1010 3216 '

513 3384 712 3472 Augustinus
734 3387 837 3473 Epist.
860 3387 890 3452 7.

204 3469 276 3556 Ego
299 3492 337 3538 cx
360 3491 471 3535 eorum
493 3490 629 3536 numero
647 3491 699 3535 me
720 3491 792 3537 esse
814 3470 984 3557 profiteor,
1005 3471 1061 3558 qui
1082 3469 1226 3539 scribunt

180 3550 422 3641 proficiendo,
443 3566 476 3622 et
494 3551 670 3621 scribendo
692 3554 875 3642 proficiunt.
