2700 4732
526 110 601 171 ΗΒ.
622 108 678 170 111.
718 106 807 171 CAP.
828 108 881 169 vl.
1217 116 1279 179 ua

134 250 176 313 in
183 250 243 315 vlta
253 263 354 316 nostra
366 255 566 334 exprimamus.
587 254 669 329 Quid
680 254 736 314 hoc
744 274 805 314 uno
817 250 963 315 ollicaelus
974 252 1124 333 requiras?
1134 250 1195 313 tuo
1204 253 1277 333 quid

135 326 223 391 ultra
233 326 291 389 bne
300 350 390 389 unum
402 330 550 410 requiras?
561 332 626 389 Hae
638 330 715 390 enim
730 328 901 390 conditione
912 328 936 387 si
945 328 1119 408 adoptamur
1130 329 1159 389 io
1171 329 1278 392 liliosa

136 402 491 480 Dominothlrristum,
503 418 621 466 nostrae
630 405 796 487 adoptionis
806 404 964 479 vinculum,
974 405 1031 465 vita
1045 418 1144 466 nostra
1157 426 1279 487 reprae-

138 492 257 541 sentet:
272 481 327 543 nisi
339 502 393 541 nos
406 482 533 544 iustitiae
544 482 701 543 addicimus
714 505 746 541 ae
758 482 944 556 devovemus,
956 482 1117 543 nonmodn
1127 482 1278 545 aCretto·

140 575 179 617 re
186 569 288 619 nostro
301 558 450 619 deficimus
460 559 583 639 pessima
611 559 721 633 cridia,
731 559 782 619 sed
794 559 884 649 ipsum
894 572 1201 648 quoque-servatorem
1214 560 1279 623 eiu·

138 654 250 693 ramus.
268 633 386 695 Deinde
396 634 433 695 ab
447 635 582 696 omnibns
626 635 652 695 ei
672 634 833 708 beneficiis,
851 654 926 713 quae
946 633 1034 695 nobis
1053 649 1279 709 commemorat,

139 728 181 771 ac
199 708 319 793 singulis
337 710 435 772 salutis
455 724 572 773 nostrae
592 712 723 791 partibus
739 712 831 772 'sumit
847 710 1021 770 exhortandi
1045 712 1205 771 materiam.
1233 715 1278 773 Ex

141 806 209 867 quo
228 806 260 848 se
279 786 365 848 nobis
385 786 503 879 Patrem
521 786 603 881 ileos
623 788 769 880 ‘illul'
800 798 945 879 extremae
973 786 1191 879 ingratitudinis
1222 811 1291 851 noer

139 862 1279 1078 {tatttttlgat'tlt'ti'a't'llllttttllftttmttrgt‘ttt

141 1034 202 1095 pec
220 1014 395 1095 baptismum
414 1016 656 1093 communicavit,
686 1038 746 1077 non
768 1016 890 1088 decere,
920 1027 952 1075 ut
972 1036 1058 1077 novus
1076 1036 1127 1078 sor
1149 1016 1213 1078 ibus
1231 1018 1280 1079 in·

139 1092 311 1169 quiuemur.
347 1092 390 1151 Ex
410 1113 470 1172 quo
490 1113 544 1153 nos
563 1115 617 1154 sno
638 1092 757 1173 corpori
776 1092 910 1165 inscruit,
928 1090 1053 1153 sollicite
1063 1094 1223 1157 cavendum
1241 1114 1280 1155 ne

139 1165 244 1243 nobis,
284 1168 313 1228 ui
332 1190 430 1229 sumns
450 1168 510 1227 eius
530 1170 671 1245 membra,
691 1169 833 1229 maculam
853 1181 904 1228 ant
923 1168 1017 1228 labem
1038 1168 1125 1231 ullam
1145 1191 1281 1252 asperga-

138 1262 220 1305 mus.
257 1188 379 1325 linquo
397 1246 461 1326 ipse
480 1244 570 1317 idem,
589 1247 639 1327 qni
658 1258 747 1325 eaput
766 1257 810 1304 est
829 1257 972 1320 nostrum,
991 1246 1020 1304 in
1041 1246 1157 1308 eoelum
1177 1268 1281 1308 aseen-

139 1320 208 1397 dit,
232 1322 394 1382 convenire
420 1333 453 1380 nt
471 1321 507 1381 dc
529 1323 607 1383 osito
628 1334 723 1382 terrae
743 1321 866 1395 affeetu,
885 1320 954 1381 illue
973 1332 1040 1382 toto
1083 1336 1183 1385 ectore
1202 1324 1281 1404 aspi-

138 1414 253 1455 remus.
290 1398 412 1477 Exque
432 1418 488 1455 nos
507 1342 632 1476 bpiritus
652 1398 777 1457 Sanctus
797 1397 904 1476 templa
925 1396 993 1459 Deo
1018 1345 1176 1475 dedicavit,
1206 1400 1281 1461 dan-

138 1470 213 1531 dam
232 1490 350 1552 operam
371 1483 403 1530 ut
422 1472 480 1532 Dei
500 1472 592 1555 gloria
612 1492 667 1562 per
686 1493 740 1531 nos
760 1472 935 1533 illustretur:
955 1493 1012 1533 nee
1030 1492 1101 1533 vero
1123 1493 1282 1535 essecom-

138 1545 322 1607 rnittendum
342 1558 375 1607 ut
393 1552 507 1628 peceati
525 1550 664 1628 spurcitia
684 1546 881 1626 profanemur.
919 1550 963 1607 Ex
982 1568 1043 1639 qno
1064 1561 1095 1609 et
1111 1549 1208 1611 anima
1223 1572 1281 1611 no·

137 1632 207 1685 stra
219 1634 250 1685 et
259 1644 365 1703 eorpus
379 1623 499 1685 coelesti
518 1624 735 1704 incorruptioni
750 1635 780 1683 et
791 1623 1020 1685 immarcessibili
1040 1646 1171 1685 coronae
1191 1626 1282 1688 desti-

137 1710 301 1777 nataaunt,
311 1701 606 1761 strenueenitendnm
622 1714 809 1779 esse,utpura
821 1711 851 1758 et
860 1700 1029 1779 incorrupta
1037 1703 1065 1760 in
1073 1702 1150 1762 diem
1157 1703 1283 1765 Domini

138 1788 368 1839 conterventur.
406 1776 500 1852 llaec,
519 1780 652 1857 inquam,
672 1775 894 1857 auspicatissima
914 1787 982 1835 sunt
1001 1775 1078 1838 bene
1098 1780 1283 1842 constituen-

142 1852 205 1913 dae
223 1852 305 1913 vitae'
320 1852 519 1927 fundamenta,
540 1854 644 1933 quibus
664 1874 847 1932 nequaquam
867 1852 969 1919 similia
989 1852 1191 1932 deprehendas
1203 1856 1281 1937 apud

136 1928 431 2011 ,Pbilosophnsrqui
453 1932 481 1989 in
503 1929 758 1990 commendatione
778 1930 891 1989 virtutis
909 1950 1058 2010 nunquam
1077 1953 1165 2012 supra
1184 1934 1283 1995 homi-

139 2003 192 2069 mit
213 2004 374 2067 naturalem
395 2005 566 2101 dignitatern
591 2005 801 2067 conscendunt.

224 2088 253 2147 4.
289 2082 388 2162 Atque
407 2080 453 2142 bre
473 2082 554 2143 loeus
575 2095 619 2143 est
644 2105 708 2142 eom
733 2081 840 2141 ellandi
867 2101 934 2156 eos,
966 2082 1016 2163 qni
1042 2082 1113 2145 nibil
1138 2083 1283 2151 babentes

142 2158 261 2221 christi
279 2171 396 2239 praeter
414 2158 530 2219 titulum
551 2180 585 2219 ae
604 2104 729 2241 symbol

140 2234 263 2297 volunt.
304 2232 373 2308 Qua
393 2236 511 2295 tandem
533 2235 631 2297 leonte
651 2257 734 2296 sacro
756 2236 816 2295 eius
836 2236 956 2295 nomine
975 2235 1158 2327 gloriantur?
1182 2240 1283 2321 Siqui-

140 2312 215 2375 dem
235 2310 309 2372 nibil
329 2323 373 2370 est
392 2312 560 2372 commercii
580 2334 645 2371 eum
658 2312 788 2387 Christo,
807 2311 863 2371 nisi
884 2312 926 2371 bis
946 2334 996 2392 qur
1015 2326 1126 2373 rectam
1147 2315 1209 2376 eius
1228 2338 1282 2378 co-

140 2386 313 2475 guitionem
334 2409 367 2447 ex
386 2388 477 2448 verbo
498 2388 648 2470 Evangelii
667 2400 872 2469 perceperunt.
909 2388 1001 2468 Atqui
1014 2410 1180 2453 eosomues
1193 2392 1282 2455 Cbri-

141 2476 225 2527 etntn
243 2476 325 2525 reete
345 2463 476 2524 didicisse
497 2478 585 2545 negat
603 2464 773 2544 Apostolus,
815 2465 843 2524 ni
863 2485 923 2524 non
945 2466 1042 2525 edocti
1062 2478 1145 2541 sunt,
1164 2468 1281 2533 abiecto

142 2540 240 2603 veteri
259 2539 394 2614 bomine,
414 2542 463 2620 qni
484 2542 680 2621 corrumpitur
699 2486 857 2602 seeundum
879 2541 1019 2601 desideria
1040 2544 1164 2618 erroris,
1187 2544 1283 2625 ipsum

145 2638 212 2679 esre
229 2617 411 2677 induendum
432 2618 522 2697 (pr.
542 2624 573 2689 d,
592 2624 665 2686 Tb).
722 2619 808 2678 Pulso
840 2619 931 2698 igitur
954 2630 1043 2697 atque
1068 2619 1154 2678 etiam
1175 2622 1283 2685 iniuria

150 2692 259 2757 Christi
279 2694 481 2775 cognitionem
500 2693 664 2753 obtendere
683 2707 857 2774 arguuntur,
877 2694 1036 2773 quamlibet
1045 2695 1153 2755 diserte
1163 2697 1282 2760 interim

149 2788 186 2833 te
202 2769 371 2831 volubiliter
390 2770 427 2828 de
446 2770 605 2861 Evangelio
625 2774 764 2851 garriant.
822 2772 891 2829 Non
917 2770 995 2828 enirn
1021 2770 1137 2851 linguae
1164 2785 1208 2833 est
1228 2774 1282 2834 do-

149 2846 255 2922 ctrina,
274 2848 325 2907 sed
346 2847 436 2905 vitae:
463 2867 517 2906 nec
538 2846 687 2905 intellectu
708 2848 909 2937 memoriaque
930 2845 1066 2907 duntaxat
1085 2868 1100 2905 a
1125 2848 1282 2939 prebendi-

144 2934 210 2999 tnr,
226 2936 261 2983 ut
280 2922 411 3000 reliquae
430 2922 609 3002 disciplinae,
629 2924 680 2981 sed
700 2935 761 2982 tnm
782 2923 922 3002 recipitur
941 2922 1069 2997 demum,
1086 2869 1136 2983 ubi
1156 2927 1282 2987 animam

146 3010 243 3061 totam
265 3001 412 3079 possidet,
444 3000 541 3058 sedem
565 3020 601 3057 ue
622 3012 652 3058 et
672 3000 886 3079 receptaculum
908 2999 1019 3058 invenit
1037 2999 1066 3057 in
1087 3000 1194 3061 intimo
1215 3024 1284 3063 cor·

146 3076 194 3137 dis
215 3074 334 3136 aflectu.
373 3076 435 3136 Ant
455 3096 525 3156 ergo
545 3021 678 3135 llesinant
697 3098 761 3133 enm
782 3075 839 3135 Dei
855 3073 1031 3135 contumelia
1043 3076 1149 3136 iactare
1161 3077 1191 3137 id
1201 3080 1284 3158 quod

144 3172 212 3212 nnn
233 3164 311 3223 sunt,
330 3166 380 3211 ant
400 3173 431 3211 se
451 3174 511 3210 ιιοιι
537 3149 674 3243 indignos
695 3152 814 3213 Christo
840 3152 978 3233 magistro
1010 3152 1167 3232 discipulos
1218 3176 1284 3217 rae-

143 3240 240 3289 stent.
280 3229 457 3300 Doctrinae,
483 3250 538 3306 qua
559 3228 663 3307 religio
685 3241 784 3289 nostra
805 3229 991 3301 continetur,
1016 3228 1130 3308 priores
1150 3177 1283 3295 dedimus

144 3316 262 3386 partes:
292 3307 409 3385 quando
434 3305 528 3363 uidem
553 3305 588 3363 ad
615 3325 648 3363 ea
668 3305 742 3364 salus
764 3318 865 3364 nostra
889 3303 1057 3379 inchoatur,
1076 3326 1177 3377 verum
1199 3329 1231 3368 ea
1251 3310 1284 3371 in

144 3326 493 3475 pertustranslundatnr
512 3394 600 3461 atque
620 3381 648 3438 in
670 3402 765 3441 mores
785 3393 1057 3460 transeatopnrtet,
1076 3382 1212 3463 adeoque
1228 3407 1284 3449 nos

143 3480 177 3517 ιιι
199 3478 233 3518 ae
251 3460 457 3530 transformet,
478 3469 510 3516 nt
529 3460 566 3517 sit
585 3456 671 3517 nobis
692 3479 752 3518 non
774 3458 965 3518 infructuosa.
1022 3458 1056 3518 Si
1087 3458 1151 3519 iure
1180 3461 1212 3521 in
1232 3481 1286 3523 eos

145 3534 324 3613 Philosophi
343 3535 565 3609 excandescunt,
585 3554 694 3612 eosque
707 3535 852 3614 probrose
865 3555 880 3592 a
893 3553 985 3615 grege
1004 3556 1059 3594 suo
1080 3534 1213 3617 abigunt,
1233 3539 1285 3618 qui

145 3632 241 3691 quum
262 3623 352 3671 artem
372 3611 578 3690 profiteantur,
597 3632 671 3691 quae
691 3612 826 3693 magistra
846 3611 921 3670 vitan
940 3630 1002 3670 esse
1023 3609 1139 3685 debeat,
1171 3616 1289 3676 camin

145 3686 338 3769 sophisticam
359 3686 565 3766 loquacitatem
591 3700 783 3747 convertunt:
814 3699 925 3767 quanto
956 3686 1071 3747 meliori
1096 3690 1211 3749 ratione
1231 3713 1287 3751 nu-

169 3764 237 3824 acei
259 3765 328 3824 istos
348 3764 489 3843 sophistas
511 3763 735 3837 detestabimnr,
765 3764 814 3842 qui
834 3762 1026 3844 Evangelium
1052 3765 1081 3823 in
1105 3766 1225 3827 srammis
1246 3768 1287 3827 la·

143 3784 211 3903 bris
230 3839 363 3901 volutare
385 3841 518 3899 contenti
540 3853 622 3914 sunt,
652 3841 734 3901 cuius
766 3842 892 3901 efficacia
917 3840 1057 3920 centuplo
1082 3843 1173 3933 magis
1199 3865 1286 3922 quam

96 3936 102 3985 j:
144 3916 276 3999 srIgidae
297 3916 539 3997 pbilosophorum
560 3938 750 3997 paraeneses,
775 3918 803 3975 in
829 3916 953 3976 assectus
979 3916 1075 3977 cordis
1095 3918 1215 3980 intimos
1235 3942 1288 4001 pe·

145 4008 280 4069 netrave,
301 3993 416 4052 animae
436 3993 571 4067 insidere,
592 4016 625 4052 ae
645 4004 738 4052 toturn
759 3993 908 4053 bominem
928 3992 1045 4053 afficere
1065 3993 1216 4057 debuerat

226 4076 254 4136 5.
293 4069 397 4149 Neque
418 4070 548 4148 requiro,
570 4081 601 4128 ut
622 4068 692 4128 nihil
713 4092 800 4149 quam
814 4069 981 4130 absolutum
991 4070 1186 4151 Evangelium
1201 4073 1289 4133 Clari·

148 4146 237 4211 etiam
257 4144 383 4217 bominis
403 4166 500 4206 mores
519 4146 647 4227 spirent,
676 4147 756 4226 quod
781 4159 878 4207 tamen
898 4146 992 4227 ipsum
1013 4158 1044 4213 et
1062 4148 1225 4228 optandum
1245 4163 1291 4213 est

151 4234 184 4285 et
202 4224 305 4287 conari
325 4241 444 4285 neccsse
471 4234 524 4283 est.
564 4223 624 4283 Sed
655 4245 717 4285 nou
746 4223 786 4283 ita
816 4242 917 4284 severe
941 4222 1064 4304 requiro
1088 4226 1290 4311 upngeiicaru

721 2181 787 2231 um,
816 2158 973 2219 Christiani
1006 2172 1101 2221 tamen
1135 2164 1283 2227 nominari
