2700 4732
158 86 168 123 b

105 172 171 246 m
472 148 872 241 xemmeram:

110 338 159 384 res
177 337 212 381 ae
230 334 344 378 servos.
389 311 465 376 Nam
488 315 540 394 (nt
556 313 654 377 verbis
673 314 873 411 Augustini
897 329 965 378 utar
986 300 1246 399 (constantem

110 420 138 461 a.
155 400 203 463 11.
224 393 336 468 timo.)
354 390 407 466 „in
425 389 539 451 nullum
559 411 669 453 nomeu
688 392 852 476 religionis,
870 414 923 455 seu
935 414 1051 470 serum,
1067 394 1247 474 semideum,

108 470 279 554 „codguiari
299 467 434 559 homines
453 480 586 559 possuot,
604 466 660 529 uisi
679 468 777 551 aliquo
793 469 1012 552 signaculorum
1023 470 1247 535 reisaceameu·

108 562 229 630 „torum
249 544 405 609 visibincm
426 557 578 607 consortio
599 543 811 629 colligentur.“¹
846 548 932 610 Hanc
952 569 1024 629 crgo
1041 549 1246 611 necessitatem

150 648 200 690 um
219 623 349 705 optimus
368 622 457 683 Pater
474 621 655 701 provideret,
673 635 754 685 certa
772 624 889 705 pietatis
907 625 1045 695 mestitia
1060 626 1194 695 ¹institnit
1209 626 1245 689 ab

48 706 54 721 ’
107 698 1246 843 Ἢ’ἑὶῗῖιέῗέἱὶιέῗὲιἕξῖῗξιξίῗ“ιεῖῗιιὶ“ἷῖ”ἕεὲἒι’ξ’ἷἭῗῗὲῒ

108 802 156 919 iana
174 854 330 939 gentilium
354 816 535 912 initia’tiones
554 850 586 911 iia
605 873 656 911 sua
675 797 773 927 sacia,
793 865 823 914 et
842 855 950 915 caeteri
971 801 1258 950 degeneres'ritrae.

107 934 160 1017 qui
178 930 294 995 tametsi
313 928 423 991 erroris
443 939 527 987 erant
544 947 578 988 ac
596 928 811 1009 superstitionis
830 930 921 1011 pieni,
939 931 1051 994 indicio
1069 944 1174 995 umen
1192 930 1244 1015 ipsi

109 1030 229 1093 quoque
248 1003 334 1069 simui
353 1014 451 1077 erant,
483 1023 543 1063 non
570 1024 655 1083 posse
680 1004 711 1065 in
731 1006 916 1086 professione
936 1008 990 1068 reti
1012 1008 1091 1072 ionis
1110 1008 1243 1079 bomiues

33 1082 40 1095 ¹
104 1085 236 1151 externis
253 1080 396 1147 eiusmodi
413 1079 504 1162 signis
523 1099 632 1171 carere.
670 1081 780 1143 Verum
800 1083 868 1164 quia
882 1103 938 1147 nee
951 1028 1245 1173 resbofleisubniaa

17 1234 20 1239 ,
108 1175 203 1238 erant,
240 1181 296 1225 nec
328 1157 365 1220 ad
393 1176 457 1218 eam
487 1166 640 1221 ueritatem
662 1158 881 1236 reserebantur,
900 1180 975 1242 quae
994 1162 1138 1225 omnibus
1154 1163 1245 1246 signia

99 1239 261 1380 iiiiii}
278 1234 379 1375 5:121?
381 1232 650 1392 barbita?
652 1238 1246 1378 titt‘ttt't⁰2:12¹”‘s.t¹’⁵.”.‘t

26 1384 33 1407 '
107 1390 302 1455 fundamento
332 1388 527 1449 deflexerunt:
558 1406 666 1469 nempe
690 1401 725 1450 nt
748 1389 806 1451 sint
824 1409 911 1452 verae
929 1358 1047 1472 pietatis
1067 1392 1245 1455 adiumenta.

107 1470 257 1535 canuam
274 1476 371 1528 autem
390 1483 452 1525 non
471 1463 650 1543 simplicibus
667 1466 768 1548 signis,
788 1466 884 1546 qualia
903 1480 989 1528 erant
999 1489 1086 1549 arcus
1099 1479 1132 1529 et
1142 1469 1244 1543 arbor,

106 1547 160 1610 aed
178 1541 367 1609 ceremoniis:
387 1552 437 1601 aut
456 1539 494 1618 (si
514 1540 619 1618 mavis)
637 1541 729 1624 signa,
750 1562 825 1634 quae
845 1543 892 1604 bic
912 1544 1028 1621 dautur,
1052 1545 1244 1607 ceremoniae

105 1634 185 1686 suot.
202 1658 242 1673 -
280 1616 539 1697 Quemadmodum
558 1629 654 1677 autem
674 1638 808 1698 superruo
833 1620 942 1683 dictum
968 1634 1027 1695 est,
1058 1641 1124 1683 ease
1142 1644 1161 1683 a
1180 1620 1245 1683 Do·

100 1700 189 1761 mino
207 1695 377 1759 testimonia
397 1693 507 1776 gratiae
527 1715 560 1754 ac
583 1691 710 1755 salutisz-
731 1697 772 1757 ita
795 1718 811 1757 a
831 1695 919 1757 nobis
938 1697 1062 1759 vicissim
1081 1710 1154 1761 sunt
1174 1718 1244 1791 pro-

105 1775 241 1838 fessionis
260 1786 361 1847 notae,
398 1771 486 1831 uibus
505 1768 599 1850 palam
618 1769 650 1830 in
662 1770 720 1833 Dei
739 1791 851 1833 nomen
869 1772 1008 1849 iuramus,
1026 1774 1117 1837 fidem
1138 1774 1184 1836 iiis
1201 1777 1244 1835 ri-

104 1852 201 1917 rissim
220 1862 351 1913 nostram
371 1869 389 1908 o
412 1848 599 1929 stringentes.
641 1846 725 1909 Seite
749 1867 823 1931 ergo
843 1847 1075 1941 Cbrpsostomus
1099 1852 1178 1933 ipsa.
1191 1851 1245 1913 aii·

105 1929 175 1993 cnbi
194 1929 347 2010 pactiones
366 1935 530 2002 nuncupat,
549 1922 655 2002 quibus
675 1924 806 1993 etlieus
825 1946 880 1986 nos
899 1926 954 1987 sabi
973 1928 1191 2003 confoederet,
1213 1941 1244 1989 et

104 2026 161 2069 uos
185 2007 217 2067 in
241 2005 316 2068 vitae
346 2003 506 2082 puritatem
534 2021 568 2061 ac
596 1994 818 2065 sanctimo‘oiam
843 2001 1078 2085 obstringimus:
1105 2005 1177 2098 quia
1197 2006 1244 2067 bie

104 2094 207 2145 mutua
227 2083 307 2143 inter
322 2079 422 2140 Deum
442 2088 473 2137 et
491 2096 545 2139 uos
564 2075 765 2157 interponitur
787 2077 950 2158 stipulatio.
1002 2080 1045 2142 Ut
1076 2102 1160 2143 enam
1182 2082 1242 2144 itiic

106 2180 139 2222 se
163 2159 323 2240 pollicetur
340 2153 488 2215 Dominus
517 2152 658 2214 inducere
686 2174 720 2215 ac
745 2152 860 2232 delere,
889 2155 1007 2236 siquid
1028 2156 1242 2239 delinquendo

104 2256 199 2297 norae
218 2257 252 2297 ac
271 2252 386 2315 poenae
396 2241 578 2293 contractum
597 2249 614 2288 a
635 2228 721 2291 nobis
742 2230 840 2306 fuerit,
858 2251 974 2312 nosque
991 2232 1051 2295 sibi
1068 2235 1243 2297 reconciliat

103 2313 134 2374 in
146 2312 223 2373 Filio
241 2310 414 2392 unigenito:
434 2309 474 2368 ita
493 2307 530 2369 ad
570 2306 666 2367 ietatis
686 2328 719 2367 ac
737 2308 925 2368 innocentiae
943 2310 1075 2373 studium
1094 2309 1151 2373 bac
1171 2333 1242 2392 pso·

104 2389 233 2451 sessione
253 2387 296 2449 ilii
318 2406 370 2447 nos
390 2383 514 2446 vicissim
534 2326 715 2475 obiigamus:
735 2395 778 2475 ut·
787 2384 886 2445 dicere
905 2386 1012 2449 merito
1031 2390 1125 2468 poss'm
1133 2387 1241 2451 Sacra·

103 2478 204 2528 menta
222 2462 405 2535 huiusmodi,
435 2479 618 2522 ceremonras
642 2479 705 2521 esse
728 2459 834 2540 quibus
858 2481 995 2523 exercere
1013 2464 1079 2525 ruit
1093 2484 1135 2545 pp
1156 2464 1237 2527 aiam

103 2562 187 2604 auum
208 2539 346 2608 Deus—ad
366 2538 384 2598 b
406 2539 550 2604 eninm·
591 2535 694 2596 simum
716 2535 886 2613 fovendam,
910 2541 1121 2601 excitandam·
1166 2540 1259 2601 'de'

103 2618 264 2681 testandam
286 2616 362 2696 apud
404 2615 517 2704 omines
535 2557 720 2707 reiigionem.
1139 2652 1142 2657 -

180 2701 227 2762 20.
267 2695 349 2754 Haec
380 2693 467 2752 etiam
499 2709 560 2770 apsa
580 2692 692 2751 diversa
714 2690 833 2751 suerunt
852 2712 907 2782 pro
927 2693 1007 2755 varia
1025 2692 1167 2775 temporis
1184 2716 1238 2756 ra·

103 2772 203 2846 tione,
234 2768 394 2832 secundum
420 2767 679 2847 dispensationem,
699 2789 755 2848 qua
774 2768 907 2829 Domino
927 2771 1020 2831 risum
1039 2782 1098 2843 est,
1122 2768 1169 2831 bis
1189 2782 1240 2832 aut

58 2893 64 2919 ,
106 2848 163 2909 iilis
183 2848 278 2908 modis
302 2865 366 2907 sese
386 2843 552 2906 bominibus
573 2843 718 2903 exbibete.
758 2845 895 2905 Abrabae
916 2847 993 2905 enim
1015 2858 1046 2906 et
1059 2847 1122 2907 eius
1138 2860 1240 2928 poste·

103 2926 185 2986 ritati
204 2923 339 2984 mandatu
365 2933 409 2981 est
428 2921 637 2982 circumcisio:
670 2921 716 2980 cui
759 2934 839 2981 ostea
861 2923 1078 3000 purificationes
1098 2936 1129 2984 et
1148 2928 1239 2989 sacri·

104 3000 170 3062 ficia
190 3001 298 3080 aliique
323 3000 394 3058 ritus
420 3018 453 3056 ex
478 2994 544 3076 iege
564 2996 728 3059 Mosaicaa
770 2999 809 3058 ita
829 3010 905 3057 suut.
950 3000 1031 3060 Haec
1058 2999 1238 3063 Iudaeorum

103 3078 225 3139 fuerunt
256 3077 444 3136 Sacramenta
478 3075 515 3133 ad
549 3073 657 3136 Christi
687 3096 776 3156 usque
806 3073 978 3138 adventum:
1017 3075 1173 3157 abrogatis
1204 3079 1240 3138 ii-

104 3155 151 3229 lis,
171 3154 358 3213 Sacramenta
378 3149 436 3209 duo
457 3149 604 3222 instituta,
628 3150 733 3229 quibus
752 3174 831 3212 nunc
852 3151 1018 3213 Christiana
1037 3155 1163 3215 ecelesia
1181 3155 1240 3215 uti·

54 3302 56 3306 Ι
103 3244 163 3304 tur,
182 3230 346 3307 Baptismus
366 3238 397 3286 et
417 3227 520 3288 Coena
540 3227 673 3288 Domini.
722 3229 846 3307 Loquor
864 3241 961 3289 autem
988 3229 1025 3289 dc
1043 3231 1090 3305 iis,
1110 3252 1189 3311 quae
1206 3232 1237 3290 in

103 3328 188 3369 usum
207 3306 300 3366 totius
320 3302 460 3364 ecclesiae
479 3315 548 3363 sunt
566 3305 708 3365 instituta.
747 3307 821 3365 Nam
846 3305 1063 3386 impositionem
1089 3328 1238 3384 manuum,

104 3404 161 3465 qua
180 3381 320 3443 ecciesiae
340 3379 464 3440 ministri
482 3380 513 3439 in
531 3402 616 3441 suum
642 3403 746 3441 munus
776 3381 946 3455 initiantur,
976 3395 1010 3442 ut
1038 3404 1102 3443 non
1131 3384 1237 3446 invitus

38 3456 40 3463 ’
104 3460 203 3542 patior
232 3457 342 3551 vocari·
359 3457 594 3532 Sacramentum,
625 3458 663 3517 ita
687 3459 767 3518 iuter
792 3456 940 3518 ordinaria
961 3458 1153 3521 Sacramenta
1177 3480 1237 3521 non

34 3688 36 3692 t
104 3533 401 3702 assentiet:
419 3534 1237 3702 secutisemerinus,¹2:202:

103 3710 184 3750 nune
203 3699 302 3749 nostra
322 3687 491 3762 intendunt,
509 3708 631 3766 scopum
652 3699 682 3748 et
701 3698 797 3746 vetera
818 3687 866 3747 rlla
885 3699 1066 3766 spectarunt,
1086 3708 1194 3769 nempe
1206 3700 1238 3749 ut

4 3794 7 3799 ·
103 3767 141 3826 ad
161 3765 312 3827 Christum
333 3764 505 3844 dirigerent,
525 3775 554 3823 et
573 3784 667 3843 paene
687 3766 932 3824 manuducerent:
953 3777 1002 3824 aut
1021 3765 1237 3844 ipsumpotius,

104 3861 160 3905 ceu
179 3843 320 3923 imagines
338 3852 605 3977 repraesentarent,
625 3862 659 3901 ac
679 3839 917 3922 cognoscendum
929 3841 1107 3920 proferrent.
1136 3841 1236 3916 Quum

104 3919 182 3980 enim
202 3917 260 4009 iam
280 3929 349 4008 aute
390 3918 567 4008 ocuerimus,
587 3937 649 3978 csse
669 3916 809 4008 quaedam
829 3915 922 3999 sigilla
941 3917 1046 4053 puibus
1067 3919 1237 4010 promissio:

104 4016 157 4058 nes
175 3994 234 4055 Der
253 3993 459 4075 obsignantur:
488 4005 528 4053 srt
546 4005 643 4054 autem
668 4006 870 4066 certissimum,
898 3993 948 4052 nul
962 4016 1008 4053 um
1029 4015 1159 4074 unquam
1181 3996 1238 4054 Dea

104 4071 330 4163 promissionem
349 4069 516 4131 bominibus
536 4069 665 4163 oblatam
686 4071 740 4131 nisi
759 4070 789 4129 in
811 4069 942 4142 Christo,
960 4083 994 4131 ut
1013 4071 1051 4130 de
1072 4072 1169 4150 aliqua
1180 4071 1237 4131 Dei

105 4145 725 4286 ‘t‘ttttb‘stt{bitatizttb
743 4147 1134 4365 t}itt¹²bti⁰{⁸.⁵a;b,
1156 4147 1238 4306 ,iii

140 4299 186 4365 usi
204 4299 355 4365 obiectum
371 4299 429 4366 tuit
445 4300 478 4381 in
497 4311 609 4364 monte·
647 4301 749 4366 Unum
785 4300 1069 4383 uutsxatdiscrimeu
1080 4311 1137 4381 est,
1156 4301 1238 4385 quod
