2596 4726
116 198 159 261 ιι)
344 197 348 209 “
487 188 565 250 tlt.
584 188 641 249 ΙΙΙ.
680 189 771 251 Chl’.
791 188 844 250 Xl.

117 333 230 399 scilieet
249 332 405 407 „Abrahae
416 345 560 413 reputata
578 333 669 394 luerit
687 333 758 395 fides
778 334 808 395 in
829 333 1000 409 iustitiam,“
1019 344 1174 426 postquam
1187 353 1242 395 arn·

117 413 217 494 plexus
239 411 387 473 Christum
412 413 478 544 (qqi
498 410 556 470 Dei
576 412 683 473 institia
703 422 794 472 estet
815 412 895 471 Deus
914 412 992 491 ipse)
1023 410 1133 470 esimris
1155 409 1242 471 virtu-

118 489 196 549 tihus
216 487 400 548 excelluerat.
471 488 527 547 nde
545 499 667 568 apparet
686 509 718 547 ex
739 487 854 548 duobus
872 487 994 569 integris
1013 488 1049 546 ah
1069 487 1078 545 i
1100 485 1243 547 suvitiose

118 566 183 624 heri
203 586 295 624 unum
315 576 501 642 corruptum:
531 585 628 644 neque
648 565 724 624 enim
743 564 865 638 iustitia,
889 565 970 625 cuius
993 563 1054 623 illic
1074 508 1108 623 it
1125 562 1244 636 mentio,

119 642 156 702 ad
176 652 271 702 totum
290 640 453 700 vocationis
474 662 587 701 cursum
608 640 753 720 pertinet:
774 642 843 719 quin
864 643 962 777 potius
976 652 1100 702 testatur
1112 638 1245 720 Spiritus,

119 717 247 798 quamvis
266 717 369 776 eximia
393 728 468 776 esset
487 718 664 808 praestantia
680 717 864 777 virtutumA
887 717 989 810 rahae,
1014 717 1124 807 diuqqe
1149 734 1244 796 perse·

117 792 679 962 till}dgitltl‘ttttttt.
697 792 1246 949 iiiiiiiii'iiiipli‘ffliii‘ri'ii’

119 947 219 1027 quitur
238 968 269 1006 rn
288 946 492 1007 iustificatione
512 946 624 1006 nullum
645 945 784 1026 operibus
808 966 870 1007 esse
894 946 1007 1025 locum,
1036 946 1123 1008 sicuti
1141 944 1246 1006 Paulus
1268 978 1273 987 ·

117 1024 192 1085 scite
210 1023 374 1084 contendit.

195 1107 224 1167 7.
264 1099 357 1174 Quod
376 1098 494 1173 obiicit,
517 1100 575 1158 vim
595 1098 768 1159 iustificandi
788 1120 849 1159 non
869 1100 963 1161 inesse
982 1099 1050 1159 fidei
1070 1118 1105 1159 ex
1123 1118 1157 1160 se
1177 1098 1248 1180 ipsa,

118 1176 169 1240 sed
182 1187 325 1257 qnatenus
339 1174 488 1235 Christum
508 1175 628 1254 recipit,
647 1175 775 1235 libenter
785 1177 917 1236 admitto.
937 1179 1012 1236 Nam
1022 1176 1047 1234 si
1067 1197 1184 1257 perse,
1203 1174 1247 1233 vel

118 1255 291 1327 intrinseca,
323 1262 356 1311 ut
375 1250 553 1329 loquuntur,
584 1251 691 1311 virtute
710 1253 879 1312 iustificaret
899 1253 987 1327 fides,
1016 1265 1049 1313 ut
1069 1265 1114 1313 est
1131 1272 1249 1332 semper

119 1330 222 1392 debilis
243 1339 273 1388 ει
292 1328 482 1407 imperfecta,
504 1349 566 1388 non
594 1327 725 1389 efficeret
743 1328 801 1390 hoc
823 1329 876 1389 nisi
896 1350 930 1389 ex
954 1341 1053 1409 parte:
1077 1329 1121 1391 sic
1146 1349 1249 1389 manca

118 1418 195 1468 esset
214 1404 335 1478 institia,
354 1424 430 1495 quae
450 1402 604 1465 frustulum
624 1403 723 1465 salutis
742 1405 828 1466 nohis
848 1407 1008 1466 conferret.
1046 1409 1110 1467 Nos
1129 1406 1250 1485 quidem

116 1483 191 1544 nihil
210 1481 268 1542 tale
287 1481 342 1540 ima
366 1500 489 1553 ruamur,
508 1480 558 1540 sed
578 1481 697 1562 proprie
710 1481 859 1561 loquendo
871 1484 967 1542 Deum
980 1505 1069 1542 unum
1090 1483 1252 1544 iustificare

117 1560 254 1631 dicimus:
276 1501 382 1617 deinde
404 1557 459 1617 hoc
479 1557 556 1617 idem
575 1558 776 1619 transferimus
792 1559 827 1617 ad
839 1559 997 1633 Christum,
1017 1561 1082 1639 quia
1102 1560 1188 1620 datus
1207 1569 1252 1618 est

117 1636 206 1701 nohis
226 1636 255 1695 in
276 1635 428 1695 iustitiam:
449 1633 536 1693 iidem
556 1654 626 1694 vero
647 1637 728 1713 quasi
749 1635 806 1695 vasi
827 1636 1015 1711 conserimus,
1034 1636 1101 1717 quia
1122 1637 1181 1697 nisi
1202 1656 1252 1695 es·

118 1712 222 1774 inaniti
242 1712 278 1772 ad
304 1709 495 1792 expetendam
515 1709 627 1771 Christi
644 1712 767 1793 gratiam
792 1724 895 1792 aperto
919 1712 1032 1773 animae
1056 1734 1109 1773 ore
1133 1712 1253 1773 accedi·

117 1812 199 1864 mus,
218 1809 279 1848 non
298 1810 396 1848 sumus
417 1786 527 1847 Christi
546 1807 675 1878 capaces.
718 1787 805 1848 Unde
825 1788 990 1870 colligitur,
1010 1810 1070 1848 non
1092 1789 1252 1849 detrahere

117 1887 174 1928 nos
195 1864 316 1927 Christo
336 1865 393 1924 uim
418 1862 607 1937 iustificandr,
631 1862 699 1923 dum
725 1866 803 1945 prius
828 1884 897 1924 eum
921 1865 977 1925 fide
997 1865 1088 1944 recipi
1109 1865 1253 1926 docemus

118 1965 203 2024 quarn
223 1941 299 2001 illius
319 1940 463 2001 iustitiam.
483 1974 521 2015 ,-
552 1940 656 2019 Neque
675 1953 773 2001 tamen
794 1941 905 2001 interea
925 1953 1072 2002 tortuosas
1092 1941 1181 2001 huius
1201 1961 1252 2001 so·

118 2020 232 2100 phistac
252 2018 358 2109 figuras
369 2017 502 2090 admitto,
522 2037 611 2095 quum
631 2017 701 2076 dicit
720 2017 806 2077 fidem
827 2038 889 2078 erse
902 2017 1065 2079 Christum:
1086 2020 1251 2097 quasivero

118 2096 178 2157 olla
197 2094 293 2154 fictilrs
312 2095 350 2154 sit
368 2094 531 2167 thesaurus,
552 2092 630 2170 quod
650 2093 679 2151 in
694 2112 727 2153 ea
740 2094 923 2153 reconditum
942 2096 979 2154 sit
991 2100 1103 2154 atreum.
1142 2096 1253 2174 Neque

117 2172 198 2233 enim
218 2171 330 2231 diversa
349 2169 425 2229 ratio
446 2179 490 2228 est
508 2168 578 2247 quin
598 2168 684 2244 fides,
707 2170 819 2230 etiamsi
839 2170 945 2231 nullius
970 2190 1072 2251 perse
1095 2170 1253 2251 dignitatis

116 2249 154 2309 sit
173 2245 219 2308 vel
261 2246 336 2319 retii,
355 2266 409 2305 nos
429 2243 574 2316 iustificet‚
596 2244 744 2306 Christum
762 2246 925 2320 asserendo,
943 2247 1019 2307 sicut
1038 2245 1097 2306 olla
1116 2248 1254 2327 pecuniis

115 2269 396 2384 relertahomirrem
417 2318 586 2411 locupletat.
632 2322 739 2382 Inscite
759 2341 830 2404 ergo
851 2322 954 2396 fidem,
977 2344 1052 2403 quae
1070 2323 1255 2383 instrumen-

115 2412 179 2461 tum
200 2411 244 2459 est
265 2398 402 2458 duntaxat
422 2397 624 2476 percipiendae
643 2399 783 2471 iustitiae,
809 2399 876 2457 dico
897 2401 1010 2459 misceri
1029 2422 1096 2459 cum
1117 2400 1256 2475 Christo,

140 2477 169 2536 ui
188 2474 343 2535 materialis
362 2486 406 2532 est
425 2493 518 2545 causa,
537 2475 669 2552 tantique
680 2474 816 2533 beneficii
829 2488 932 2535 auctor
949 2475 1034 2536 simul
1055 2489 1085 2535 ct
1104 2477 1254 2537 minister.

117 2499 180 2614 iam
202 2551 351 2632 expeditus
371 2562 415 2608 est
433 2548 484 2607 ille
497 2569 615 2682 quoque
636 2551 741 2625 nodus,
762 2552 912 2629 quomodo
932 2553 1056 2634 intelligi
1076 2554 1253 2615 debeatco-

118 2631 253 2693 cahulnm
297 2626 352 2700 dci,
371 2626 421 2686 ubi
442 2627 478 2684 de
496 2627 563 2684 iusti
587 2626 702 2701 catione
722 2627 825 2708 agitur.

194 2711 224 2771 8.
281 2727 299 2764 n
322 2703 432 2763 Christi
450 2702 620 2781 receptione
639 2702 755 2784 longius
775 2703 957 2782 provehitur:
977 2725 1083 2784 nempe
1102 2705 1192 2765 verbi
1205 2726 1254 2765 ex·

117 2785 196 2844 terni
216 2782 380 2842 ministerio
404 2779 525 2838 verbum
551 2781 699 2838 internum
731 2780 837 2859 recipi,
867 2803 925 2873 quo
956 2803 1009 2840 nos
1039 2804 1056 2840 a
1080 2784 1253 2843 sacerdotio

119 2861 229 2921 Christi
246 2872 276 2919 et
295 2858 465 2918 hlediatoris
485 2876 610 2935 persona
630 2857 665 2916 ad
685 2868 833 2916 aeternam
854 2879 915 2918 erus
941 2859 1119 2918 divinitatem
1145 2860 1254 2918 tradu-

118 2951 174 2997 cat.
222 2938 284 2995 Nos
304 2935 422 3014 quidem
443 2933 592 2994 Christum
613 2954 673 2992 non
698 2933 863 3008 dividimus,
894 2935 942 2994 sed
969 2936 1110 3007 eundem,
1139 2938 1192 3014 qui
1220 2938 1253 2995 in

117 3034 208 3073 carne
227 3034 277 3072 sua
302 3034 356 3071 nos
381 3011 462 3069 l'atri
486 3009 678 3069 reconcilians
701 3010 809 3069 institia
834 3011 969 3086 donavit,
1002 3031 1062 3071 esse
1094 3023 1253 3072 aeternnm

119 3091 294 3149 Sermonem
315 3088 388 3146 Dei:
413 3107 468 3145 nec
486 3106 557 3144 vero
578 3086 614 3144 ab
636 3106 672 3144 eo
694 3086 820 3166 potuisse
840 3086 922 3147 aliter
942 3086 1054 3166 impleri
1076 3088 1253 3150 hlediatoris

66 3208 69 3215 -
138 3179 214 3225 artes
234 3168 369 3237 fatemur,
389 3175 419 3222 et
437 3150 575 3222 iustitiam
595 3163 680 3222 nohis
700 3164 820 3240 acquiri,
840 3163 894 3222 nisi
914 3177 988 3222 esset
1001 3164 1079 3223 Deus
1099 3177 1251 3226 aeternus.

116 3188 178 3303 hed
200 3243 256 3302 hoc
277 3241 417 3300 Osiandri
436 3238 574 3318 placitum
596 3250 653 3310 est,
677 3261 766 3317 quum
785 3240 865 3299 Deus
886 3252 915 3298 ct
936 3241 1023 3299 homo
1044 3241 1081 3299 sit
1101 3241 1252 3318 Christus,

115 3330 252 3396 respectu
272 3319 386 3376 divinae
404 3328 537 3389 naturae,
557 3334 618 3373 non
640 3316 780 3374 humanae
800 3316 906 3374 lactum
926 3317 1012 3377 nohis
1024 3337 1085 3376 esse
1100 3320 1253 3379 iustitiam.

115 3394 207 3474 Atqui
228 3395 252 3453 si
272 3393 392 3473 proprie
412 3393 468 3451 hoc
488 3392 517 3450 in
539 3391 717 3450 divinitatem
737 3393 894 3469 competit,
924 3393 1069 3472 peculiare
1101 3415 1162 3452 nnn
1193 3399 1254 3456 erit

118 3471 248 3544 Christo,
268 3471 318 3530 sed
339 3488 495 3528 commune
515 3489 580 3526 cunr
599 3467 687 3526 Patre
708 3479 737 3525 ει
757 3468 882 3546 Spiritu:
907 3470 1023 3547 quaudo
1046 3470 1184 3547 nonalia
1205 3485 1253 3533 est

116 3550 202 3609 unius
223 3568 308 3626 quam
329 3546 446 3604 alterius
465 3546 581 3604 iustitia.
630 3543 745 3602 Deinde
769 3545 848 3622 quod
874 3545 1040 3605 naturaliter
1066 3546 1102 3605 ab
1123 3560 1252 3610 aeterno

116 3625 184 3698 suit,
215 3646 275 3683 non
297 3633 476 3702 congrueret
495 3621 552 3680 dici
573 3620 658 3679 nohis
679 3639 739 3679 esse
761 3620 877 3679 lactum.
925 3622 983 3680 Sed
1004 3635 1037 3681 ιιι
1057 3622 1113 3682 hoc
1134 3626 1252 3699 demus,

116 3701 213 3760 Deum
236 3700 320 3760 nohis
341 3700 448 3758 lactum
470 3717 532 3757 esse
550 3697 695 3768 iustitiam,
717 3697 765 3775 qui
788 3696 856 3755 illud
878 3699 957 3775 quod
979 3699 1186 3779 interpositum
1205 3715 1252 3762 est

117 3778 277 3839 conveniet
297 3777 404 3835 lactum
425 3794 489 3833 esse
506 3795 522 3833 a
542 3773 629 3834 Deo?
658 3774 725 3832 Hoc
750 3787 829 3832 certe
849 3774 993 3853 peculiare
1013 3788 1056 3835 est
1075 3776 1252 3839 lllediatoris

115 3873 277 3937 personne:
298 3871 372 3931 quae
392 3851 445 3911 etsi
464 3852 495 3909 in
515 3870 546 3910 se
566 3851 699 3909 continet
719 3849 841 3909 divinam
863 3862 1004 3922 naturam,
1023 3852 1070 3911 hic
1089 3863 1189 3912 tamen
1202 3855 1250 3914 in-

115 3931 241 4012 signitur
259 3929 381 4062 proprio
403 3926 516 4009 elogio,
546 3947 606 4005 quo
631 3948 761 3986 seorsum
782 3947 797 3985 a
817 3928 903 3986 Patre
924 3939 952 3985 et
973 3928 1086 4007 Spiritu
1106 3930 1252 3990 discerni-

117 4019 175 4067 tur.
195 4044 234 4056 -
272 4005 404 4064 Riricrrle
434 4025 505 4062 vern
537 4003 566 4062 in
599 4003 691 4063 verbo
723 4023 783 4061 uno
815 4003 956 4062 Ieremiac
987 4004 1162 4083 triumphat,
1197 4008 1251 4067 uhi

117 4082 265 4165 promittit
284 4080 422 4141 lehovam
442 4079 507 4139 lore
527 4092 655 4142 nostram
674 4080 809 4138 iustitiam
836 4081 907 4158 (ier.
934 4087 987 4155 2⁸3,
1013 4088 1040 4144 6.
1067 4093 1096 4140 ει
1115 4088 1164 4146 :tt
1183 4087 1252 4162 16.)

119 4163 212 4241 Atqui
231 4159 305 4219 nihil
329 4159 400 4219 inde
419 4157 497 4218 aliud
517 4157 614 4218 eliciet
632 4156 688 4217 nisi
710 4155 873 4228 Christum,
898 4159 947 4235 qui
973 4169 1072 4216 nostra
1097 4170 1140 4219 est
1164 4159 1252 4219 iusti·

117 4238 170 4313 tia,
189 4256 251 4299 esse
269 4237 367 4296 Deum
386 4235 600 4296 manifestatum
619 4234 649 4293 in
670 4253 768 4293 carne.
826 4233 906 4292 Alibi
935 4234 1085 4292 retulimus
1114 4255 1148 4294 ex
1173 4256 1252 4296 con-

119 4315 208 4378 cione
237 4311 338 4393 Pauli,
368 4315 466 4377 Deum
490 4311 548 4375 sihi
572 4310 738 4392 acquisiisse
763 4310 913 4373 ecclesiam
933 4330 986 4372 suo
1006 4311 1148 4392 sanguine
1167 4314 1251 4386 (Act.
