2700 4732
477 252 556 318 am.
575 253 630 319 lv.
671 255 760 319 CAP.
780 254 865 323 xm.
1031 203 1036 216 Ι
1186 254 1248 326 839

106 402 265 468 ostendere
284 399 417 464 sufficiet
457 399 491 462 Si
512 400 576 480 quis
596 401 627 460 ln
647 399 767 485 aliquod
787 400 946 483 flagitium,
976 399 1063 484 gulae
1080 400 1154 465 ultio
1173 424 1247 485 pro·
1268 378 1272 399 ¹

107 481 203 563 lapsus
223 478 277 555 sit,
308 479 382 538 nibil
403 477 548 551 obstabit,
580 468 736 613 quominus
763 477 798 538 ad
826 477 1020 560 castigandam
1039 480 1246 561 intemperiem

107 556 228 618 lautitiis
248 555 383 616 omnibus
404 555 497 636 possit
516 554 552 614 ad
573 550 691 635 aiquod
710 566 826 635 tempus
846 556 1026 632 renuntiare,
1045 556 1134 635 idque
1150 556 1246 620 lacere

107 646 182 696 voto
206 633 355 706 adhibito,
405 653 443 692 uo
470 631 598 691 arctiore
618 631 793 691 vinculosse
823 630 970 713 astringat.
1021 632 1126 713 Neque
1146 644 1245 695 tamen

106 710 149 772 sic
178 721 351 790 perpetuam
384 653 484 789 legem
517 707 550 767 iis
575 719 691 783 statuo,
723 709 773 786 qui
802 706 937 767 similiter
967 706 1162 788 deliquerint:
1194 709 1247 772 sed

108 785 235 848 ostendo
256 784 324 865 quid
346 785 443 844 lacere
463 784 518 844 illis
540 783 637 858 liceat,
655 784 706 863 qui
727 784 784 844 talc
800 796 903 843 votum
924 783 979 844 sibi
999 785 1072 844 utile
1093 806 1155 847 esse
1175 807 1247 848 ccu-

108 863 230 925 suerint
280 861 330 921 Sic
356 860 444 942 igitur
470 860 612 921 eiusmodi
630 872 735 921 votum
760 859 873 921 licitum
893 861 980 937 lacio,
1000 873 1033 923 ut
1053 860 1180 924 liberum
1200 862 1250 925 in·

107 941 196 1001 terim
215 939 388 1017 relinquam.
1284 994 1291 1002 .

185 1023 214 1081 5.
254 1013 340 1088 Quae
361 1015 390 1072 in
411 1012 541 1074 futurum
562 1027 677 1095 tempus
688 1011 883 1076 conseruntur
897 1024 980 1090 vota,
1000 1014 1119 1095 partim,
1129 1024 1163 1075 ut
1177 1014 1249 1076 dixi·
1335 1077 1339 1083 ,

106 1112 191 1166 mus,
222 1107 259 1152 eo
283 1090 425 1167 tendunt,
454 1102 487 1149 ut
511 1093 669 1152 reddamur
692 1092 855 1151 cautiores:
888 1091 994 1171 partim
1019 1103 1051 1152 ut
1076 1090 1250 1172 quibusdam

108 1168 201 1231 veluti
213 1166 358 1242 stimulis,
377 1167 412 1228 ad
433 1166 564 1229 officium
585 1166 752 1229 excitemur.
797 1167 887 1226 Videt
906 1166 1010 1247 aliquis
1029 1189 1061 1229 se
1081 1169 1156 1230 adeo
1178 1189 1249 1248 pro·

110 1244 215 1307 clinem
236 1262 298 1305 esse
325 1244 355 1303 in
376 1256 489 1304 certum
508 1246 626 1319 vitium,
650 1256 683 1304 ut
708 1245 739 1303 in
759 1263 791 1303 re
816 1244 884 1303 alias
909 1264 970 1303 non
995 1244 1071 1305 mala
1096 1244 1151 1304 sibi
1171 1257 1248 1307 tem·

133 1341 215 1383 erare
235 1332 374 1400 nequeat,
394 1320 465 1399 quin
484 1322 619 1402 protinus
638 1323 669 1380 in
688 1320 797 1379 malum'
812 1319 976 1389 delabatur:
997 1321 1070 1381 nibil
1088 1321 1250 1383 absurdum

108 1342 219 1470 iaciat,
247 1396 272 1457 si
297 1399 357 1457 eius
382 1397 426 1456 rei
451 1419 533 1457 usum
559 1398 594 1457 ad
615 1396 735 1476 aliquod
760 1408 876 1477 tempus
901 1396 958 1456 sibi
983 1408 1056 1459 voto
1109 1398 1248 1459 raeeidat.

111 1472 370 1551 Quemadmodum
390 1473 414 1534 si
434 1475 497 1553 quis
516 1473 714 1555 periculosum
740 1472 796 1534 sibi
816 1492 878 1533 esse
905 1472 984 1533 hunc
1002 1473 1049 1534 vel
1073 1420 1155 1533 illum
1180 1495 1250 1535 cor-

109 1552 194 1632 poris
214 1560 351 1611 ornatum
371 1562 526 1632 agnoscat,
559 1563 589 1610 et
613 1563 710 1610 tamen
731 1572 765 1611 cu
790 1549 890 1610 iditate
918 1549 1031 1610 illectus
1057 1549 1249 1613 vehementer

110 1636 249 1709 appetat,
279 1625 350 1705 qnid
374 1626 477 1686 melius
503 1626 589 1687 iaciat
608 1648 693 1707 quam
713 1638 747 1685 ut
765 1570 882 1687 irenum
902 1623 958 1688 eibi
984 1626 1159 1700 inliciendo,
1190 1626 1249 1689 boe

111 1714 159 1765 est
177 1704 378 1763 necessitatem
399 1702 565 1762 abstinendi
591 1702 630 1762 im
655 1703 791 1777 onendo,
821 1722 883 1764 sese
905 1703 986 1763 omni
1006 1701 1191 1763 dubitatione
1211 1703 1250 1763 li·

109 1779 219 1841 beret?
255 1778 397 1839 Similiter
415 1780 439 1840 si
460 1780 524 1860 quis
544 1778 590 1839 vel
610 1725 770 1840 obliviosus
789 1778 842 1854 sit,
860 1779 907 1859 vel
927 1778 1011 1861 piger
1030 1779 1067 1840 ad
1086 1781 1251 1842 necessaria

109 1856 228 1938 pietatis
248 1854 355 1932 oflicia,
375 1878 427 1916 cur
447 1878 508 1915 non
528 1866 665 1935 suscepto
680 1866 761 1928 voto,
782 1867 812 1914 et
832 1855 1003 1916 memoriam
1024 1855 1251 1938 expergefaciat,

111 1946 146 1994 et
174 1932 322 2016 pigritiam
348 1932 490 1993 excutiat?
529 1934 566 1992 ln
591 1944 657 1992 utro
681 1952 717 1991 ue
743 1931 873 2012 speciem
893 1951 955 1992 esse
981 1933 1113 2016 paedago
1137 1932 1182 1991 iae
1208 1931 1252 1993 l'a·

111 2023 194 2071 teor:
221 2008 271 2069 sed
293 2028 329 2069 eo
350 2008 414 2089 ipso
435 2009 514 2089 quod
535 2021 604 2068 sunt
626 1954 802 2068 inirmitatis
827 2007 1024 2082 adminicula,¹
1043 2031 1060 2070 a
1079 1953 1201 2070 rudibus
1222 2020 1253 2070 et

109 2085 293 2166 imperfectis
313 2105 374 2145 non
395 2085 458 2145 sine
479 2085 603 2146 utilitate
629 2097 814 2163 usurpantur.
857 2084 990 2145 Proinde
1009 2104 1085 2165 quae
1104 2086 1141 2147 ad
1161 2106 1252 2155 unum

113 2183 149 2223 ex
168 2163 211 2224 bis
232 2160 338 2221 linibus
357 2161 605 2240 respicientem,
625 2161 794 2241 praesertin:
814 2160 843 2220 in
865 2161 953 2223 rebus
966 2162 1103 2236 externis,
1122 2161 1253 2247 legitima

114 2257 179 2300 ease
200 2237 343 2313 dicemus,
363 2241 385 2299 si
407 2239 496 2299 modo
518 2250 548 2298 et
568 2238 624 2296 Dei
646 2259 660 2297 a
685 2236 861 2318 probatione
881 2237 940 2299 sint
959 2237 1092 2313 suffulta,
1114 2252 1145 2299 et
1163 2259 1253 2300 voca·

113 2315 193 2376 tioni
218 2326 338 2375 nostrae
363 2316 555 2392 conveniant,
587 2325 617 2374 et
641 2259 681 2374 ad
703 2314 1008 2398 facultatem'gratiae
1032 2314 1122 2379 nobis
1147 2314 1253 2379 olleo

115 2392 200 2454 datae
219 2391 277 2452 sint
295 2391 426 2451 limitata.
1042 2408 1047 2429 ¹

192 2473 220 2533 6.
258 2468 320 2527 Iam
341 2489 396 2530 nec
417 2467 534 2529 difficile
554 2478 598 2529 est
617 2466 771 2552 colligere,
790 2468 861 2552 quid
882 2469 919 2531 de
938 2468 1014 2532 votis
1033 2468 1065 2532 in
1085 2470 1255 2533 universum

115 2543 301 2608 sentiendum
321 2546 367 2605 sit.
406 2545 505 2605 Unum
527 2558 679 2607 estvotum
701 2547 830 2608 fidelium
851 2545 982 2608 omnium
1003 2533 1254 2628 c’ommunequod

115 2624 149 2684 in
169 2621 319 2702 baptismo
339 2636 555 2704 nuncupatum,
588 2623 772 2685 Catechismo
799 2647 833 2684 ac
854 2622 976 2685 Coenac
994 2624 1162 2705 sumptione
1183 2646 1256 2686 con·

117 2701 280 2775 firmamus,
301 2711 332 2758 et
351 2701 432 2777 quasi
452 2701 612 2760 sancimus:
632 2713 700 2760 sunt
721 2703 799 2760 enim
819 2701 1008 2760 Sacramenta
1028 2712 1165 2780 tanquam
1185 2723 1256 2783 syn-

117 2774 263 2858 graphae,
293 2775 397 2855 quibus
417 2777 563 2836 Dominus
590 2777 819 2850 misericordiam
849 2777 935 2836 nobis
960 2797 1042 2837 suam
1061 2789 1148 2856 atque
1170 2798 1202 2836 ex
1223 2797 1257 2839 ea

117 2853 211 2911 vitam
230 2863 377 2912 aeternam
399 2853 511 2912 desert:
542 2874 597 2912 nos
622 2852 745 2912 vicissim
776 2852 819 2912 illi
843 2852 1043 2913 obedientiam
1069 2853 1257 2932 pollicemur.

117 2929 202 2988 Haec
220 2938 316 2987 tamen
338 2931 399 2989 voti
420 2927 543 2989 formula
561 2928 609 2987 set
630 2941 710 2989 certe
734 2950 860 2989 summa:
882 2927 974 3005 Quod
996 2930 1121 2989 Satanae
1146 2950 1258 2990 renun-

117 3006 241 3081 tiantes,
259 3005 327 3067 Deo
348 3026 402 3065 nos
423 3006 452 3064 in
473 3006 642 3064 servitutem
662 3006 835 3081 addicimus,
854 3018 887 3066 ut
906 3005 1012 3066 sanctis
1033 3005 1093 3066 eius
1114 2996 1258 3068 maridatia

119 3080 302 3155 obediamus,
322 3102 382 3141 non
404 3093 500 3141 autern
521 3080 718 3161 obsequamur
737 3082 831 3163 pravis
852 3081 946 3144 carnis
968 3094 1087 3143 nostrae
1098 3081 1259 3144 desideriis.

118 3160 189 3219 lloc
208 3171 309 3218 votum
323 3166 419 3237 'quum
440 3179 456 3218 a
478 3157 629 3238 Scriptura
648 3159 849 3219 testimonium
870 3156 986 3233 babeat,
1007 3159 1066 3218 imo
1086 3178 1104 3221 a
1123 3159 1188 3220 filiis
1200 3158 1259 3221 Dei

119 3234 259 3296 omnibus
280 3235 418 3317 exigatur,
439 3236 510 3314 quin
530 3246 661 3294 sanctum
680 3235 719 3294 sit
738 3248 768 3295 et
787 3236 911 3296 salutare
932 3236 1058 3296 dubitari
1079 3257 1141 3296 nou
1155 3236 1257 3298 debet.

116 3315 184 3373 Nec
205 3311 303 3377 obstat
323 3312 402 3391 quod
444 3311 581 3371 erfectaru
593 3310 682 3393 Legis
703 3312 911 3388 obedientiam,
931 3320 1026 3391 quam'
1039 3312 1128 3394 exigit
1140 3314 1222 3373 Deus
1241 3333 1261 3373 a

120 3386 225 3462 nobis,
257 3408 346 3448 nemo
370 3388 400 3447 in
421 3333 480 3447 bac
500 3388 555 3447 vita
578 3398 713 3466 praestat.
766 3387 895 3462 Quando
915 3390 993 3448 enim
1014 3388 1085 3449 baec
1105 3388 1259 3469 stipulatio

121 3464 153 3533 in
175 3463 296 3524 foedere
315 3465 426 3547 gratiae
447 3476 491 3523 est
510 3462 635 3537 inclusa,
650 3463 702 3523 sub
725 3484 784 3544 quo
806 3476 836 3523 et
855 3464 986 3525 remissio
1007 3478 1207 3543 peccatorum,
1228 3477 1260 3527 et

122 3539 251 3619 Spiritus
270 3541 509 3601 sanctificationis
530 3539 713 3599 continetur:
746 3537 920 3620 pollicitatio
948 3561 1032 3619 quam
1058 3540 1119 3601 illic
1140 3538 1262 3603 iacimus

122 3629 154 3676 et
174 3636 240 3673 eum
260 3618 362 3676 veniae
383 3616 593 3707 deprecatione
615 3628 645 3675 et
665 3638 731 3676 cum
757 3616 855 3676 auxilii
881 3615 1082 3696 postulatione
1103 3619 1262 3679 coniuncta

123 3703 178 3752 est.
217 3691 254 3750 ln
281 3692 441 3752 iudicandis
462 3692 683 3773 particularibus
698 3693 777 3762 ,votis
798 3705 857 3754 tres
877 3691 1043 3773 superiores
1063 3691 1178 3775 regulas
1198 3713 1263 3754 me-

122 3767 218 3829 moria
240 3778 341 3827 tenere
361 3789 480 3830 necesse
501 3780 559 3829 est:
585 3769 664 3828 unde
688 3781 754 3830 tuto
775 3767 893 3844 licebit,
913 3767 998 3848 quale
1017 3769 1056 3828 ait
1074 3770 1263 3851 unumquod-

124 3856 306 3925 querutum,
326 3845 489 3905 aestimare.
528 3846 633 3925 Neque
652 3857 751 3905 tameo
767 3867 801 3906 ea
820 3848 882 3927 ipsa
894 3858 973 3920 vota,
992 3864 1067 3925 quae
1085 3858 1184 3907 sancta
1200 3862 1264 3907 esse

123 3940 233 3995 assero,
253 3921 293 3980 sic
314 3922 522 3982 commendare
541 3941 588 3981 me
609 3935 705 4002 putes,
724 3934 757 3983 ut
777 3922 948 4002 quotidiana
969 3940 1032 3982 esse
1050 3920 1147 3983 uelim.
1184 3920 1262 3984 Nam

124 3998 179 4059 etsi
200 3996 272 4056 nihil
292 3995 463 4078 praecipere
484 3998 520 4058 de
539 4016 664 4060 numero
682 4011 734 4059 'aut
752 4009 888 4092 tempore
906 3998 1013 4073 audeo,
1033 3998 1057 4057 s'i
1078 3990 1142 4079 quia
1162 4010 1262 4059 tamen

124 4073 251 4134 consilio
272 4095 338 4134 meo
366 4075 568 4155 obtemperet,
599 4076 718 4135 nonnisi
740 4076 838 4136 sobria
859 4087 890 4135 et
913 4075 1092 4154 temporaria
1115 4076 1190 4137 susci
1215 4076 1264 4135 iet.

125 4152 159 4209 Si
180 4153 257 4210 enim
278 4151 313 4210 ad
335 4151 425 4210 multa
446 4164 518 4212 vota
537 4153 732 4232 nuncupanda
751 4152 877 4213 subinde
896 4171 1045 4231 erumpas,
1069 4161 1133 4211 tota
1157 4097 1264 4233 religio

125 4227 136 4284 i
157 4247 188 4286 sa
207 4228 374 4288 assiduitate
394 4226 528 4301 vilescet,
560 4240 591 4287 et
608 4227 745 4306 proclivis
766 4231 822 4289 erit
846 4229 878 4287 in
898 4228 1137 4306 superstitionem
1157 4227 1264 4309 lapsus.

153 4303 161 4359 i
180 4316 325 4383 perpetuo
346 4315 418 4365 roto
439 4316 470 4364 te
490 4303 603 4364 obstriu
626 4326 665 4378 as,
683 4313 735 4367 aut
751 4325 857 4386 magna
876 4303 1009 4365 molestia
1028 4304 1188 4384 taedioque
1207 4304 1268 4368 sol·

126 4398 189 4455 ves,
208 4392 259 4440 aut
278 4380 366 4443 etiam
387 4379 579 4452 diuturnitate
597 4324 748 4465 litigatus,
764 4382 877 4445 violare
895 4379 1055 4501 aliquando
1073 4381 1206 4444 audebis.

883 4463 932 4527 ‚22

1008 4582 1014 4609 l
