<?xml version="1.0" encoding="UTF-8"?>
<!DOCTYPE html PUBLIC "-//W3C//DTD XHTML 1.0 Transitional//EN"
    "http://www.w3.org/TR/xhtml1/DTD/xhtml1-transitional.dtd">
<html xmlns="http://www.w3.org/1999/xhtml" xml:lang="en" lang="en">
 <head>
  <title>
</title>
<meta http-equiv="Content-Type" content="text/html;charset=utf-8" />
  <meta name='ocr-system' content='tesseract 3.04.00' />
  <meta name='ocr-capabilities' content='ocr_page ocr_carea ocr_par ocr_line ocrx_word'/>
</head>
<body>
  <div class='ocr_page' id='page_1' title='image "./ioanniscalvinii02tholgoog/ioanniscalvinii02tholgoog_0308.png"; bbox 0 0 2700 4732; ppageno 0'>
   <div class='ocr_carea' id='block_1_1' title="bbox 523 195 1250 269">
    <p class='ocr_par' dir='ltr' id='par_1_1' title="bbox 523 195 1250 269">
     <span class='ocr_line' id='line_1_1' title="bbox 523 195 1250 269; baseline 0.003 -12"><span class='ocrx_word' id='word_1_1' title='bbox 523 195 600 257; x_wconf 76' lang='grc' dir='ltr'>ΠΒ.</span> <span class='ocrx_word' id='word_1_2' title='bbox 619 195 661 259; x_wconf 85' lang='lat'>11.</span> <span class='ocrx_word' id='word_1_3' title='bbox 700 195 788 264; x_wconf 73' lang='lat' dir='ltr'><strong>CAP.</strong></span> <span class='ocrx_word' id='word_1_4' title='bbox 807 197 860 260; x_wconf 77' lang='lat' dir='ltr'>Xl.</span> <span class='ocrx_word' id='word_1_5' title='bbox 1190 204 1250 269; x_wconf 59' lang='grc' dir='ltr'>Ἦ</span> 
     </span>
    </p>
   </div>
   <div class='ocr_carea' id='block_1_2' title="bbox 109 332 1337 727">
    <p class='ocr_par' dir='ltr' id='par_1_2' title="bbox 109 332 1337 727">
     <span class='ocr_line' id='line_1_2' title="bbox 109 332 1248 423; baseline 0.008 -26"><span class='ocrx_word' id='word_1_6' title='bbox 109 336 173 398; x_wconf 89' lang='lat' dir='ltr'>tiae</span> <span class='ocrx_word' id='word_1_7' title='bbox 191 334 372 419; x_wconf 79' lang='lat' dir='ltr'>symbolum,</span> <span class='ocrx_word' id='word_1_8' title='bbox 390 355 425 398; x_wconf 87' lang='lat' dir='ltr'>ae</span> <span class='ocrx_word' id='word_1_9' title='bbox 444 332 580 401; x_wconf 83' lang='lat' dir='ltr'>coeles&#39;tis</span> <span class='ocrx_word' id='word_1_10' title='bbox 602 340 788 403; x_wconf 83' lang='lat' dir='ltr'>baereditatis</span> <span class='ocrx_word' id='word_1_11' title='bbox 807 354 909 423; x_wconf 82' lang='lat' dir='ltr'>typus,</span> <span class='ocrx_word' id='word_1_12' title='bbox 927 362 1015 423; x_wconf 86' lang='lat' dir='ltr'>quem</span> <span class='ocrx_word' id='word_1_13' title='bbox 1033 343 1140 405; x_wconf 86' lang='lat' dir='ltr'>sanctis</span> <span class='ocrx_word' id='word_1_14' title='bbox 1159 342 1248 406; x_wconf 85' lang='lat' dir='ltr'>luisse</span> 
     </span>
     <span class='ocr_line' id='line_1_3' title="bbox 113 416 1248 490; baseline 0.006 -15"><span class='ocrx_word' id='word_1_15' title='bbox 113 432 248 490; x_wconf 79' lang='lat' dir='ltr'>sensum,</span> <span class='ocrx_word' id='word_1_16' title='bbox 266 433 370 473; x_wconf 89' lang='lat' dir='ltr'>eorum</span> <span class='ocrx_word' id='word_1_17' title='bbox 381 435 470 474; x_wconf 84' lang='lat' dir='ltr'>voees</span> <span class='ocrx_word' id='word_1_18' title='bbox 489 416 645 477; x_wconf 86' lang='lat' dir='ltr'>declarant.</span> <span class='ocrx_word' id='word_1_19' title='bbox 683 421 733 479; x_wconf 88' lang='lat' dir='ltr'>Sic</span> <span class='ocrx_word' id='word_1_20' title='bbox 745 421 841 479; x_wconf 84' lang='lat' dir='ltr'>David</span> <span class='ocrx_word' id='word_1_21' title='bbox 862 441 878 480; x_wconf 93' lang='lat' dir='ltr'>a</span> <span class='ocrx_word' id='word_1_22' title='bbox 898 420 1153 481; x_wconf 71' lang='lat' dir='ltr'>benedictionibus</span> <span class='ocrx_word' id='word_1_23' title='bbox 1171 433 1248 481; x_wconf 90' lang='lat' dir='ltr'>tem-</span> 
     </span>
     <span class='ocr_line' id='line_1_4' title="bbox 110 490 1337 591; baseline 0.009 -43"><span class='ocrx_word' id='word_1_24' title='bbox 110 491 240 581; x_wconf 64' lang='lat' dir='ltr'>porqriis</span> <span class='ocrx_word' id='word_1_25' title='bbox 260 490 296 549; x_wconf 86' lang='lat' dir='ltr'>ad</span> <span class='ocrx_word' id='word_1_26' title='bbox 312 512 453 550; x_wconf 85' lang='lat' dir='ltr'>summam</span> <span class='ocrx_word' id='word_1_27' title='bbox 472 492 552 552; x_wconf 89' lang='lat' dir='ltr'>illam</span> <span class='ocrx_word' id='word_1_28' title='bbox 572 506 661 588; x_wconf 75' lang='lat' dir='ltr'>atque</span> <span class='ocrx_word' id='word_1_29' title='bbox 679 495 807 588; x_wconf 79' lang='lat' dir='ltr'>ultimam</span> <span class='ocrx_word' id='word_1_30' title='bbox 827 496 958 576; x_wconf 75' lang='lat' dir='ltr'>assurgit.</span> <span class='ocrx_word' id='word_1_31' title='bbox 999 497 1173 578; x_wconf 86' lang='lat' dir='ltr'>„Languet,</span> <span class='ocrx_word' id='word_1_32' title='bbox 1198 499 1248 558; x_wconf 89' lang='lat' dir='ltr'>in·</span> <span class='ocrx_word' id='word_1_33' title='bbox 1331 578 1337 591; x_wconf 33' lang='grc' dir='ltr'>ι</span> 
     </span>
     <span class='ocr_line' id='line_1_5' title="bbox 109 564 1247 727; baseline 0.006 -24"><span class='ocrx_word' id='word_1_34' title='bbox 109 564 351 722; x_wconf 66' lang='lat' dir='ltr'>:ttt‘ltdt</span> <span class='ocrx_word' id='word_1_35' title='bbox 366 572 1018 727; x_wconf 58' lang='lat' dir='ltr'>it„‘ttatlttdfd‘ttffut‘tt</span> <span class='ocrx_word' id='word_1_36' title='bbox 1036 586 1247 724; x_wconf 59' lang='lat' dir='ltr'>{ttsstttt</span> 
     </span>
    </p>
   </div>
   <div class='ocr_carea' id='block_1_3' title="bbox 104 718 1328 4398">
    <p class='ocr_par' dir='ltr' id='par_1_3' title="bbox 104 718 1328 4398">
     <span class='ocr_line' id='line_1_6' title="bbox 110 718 1247 799; baseline 0.007 -20"><span class='ocrx_word' id='word_1_37' title='bbox 110 740 190 795; x_wconf 79' lang='lat' dir='ltr'>„nus</span> <span class='ocrx_word' id='word_1_38' title='bbox 210 740 276 799; x_wconf 89' lang='lat' dir='ltr'>pars</span> <span class='ocrx_word' id='word_1_39' title='bbox 296 718 479 780; x_wconf 87' lang='lat' dir='ltr'>baereditatis</span> <span class='ocrx_word' id='word_1_40' title='bbox 499 744 563 781; x_wconf 91' lang='lat' dir='ltr'>mea</span> <span class='ocrx_word' id='word_1_41' title='bbox 584 736 615 782; x_wconf 91' lang='lat' dir='ltr'>et</span> <span class='ocrx_word' id='word_1_42' title='bbox 628 725 723 785; x_wconf 83' lang='lat' dir='ltr'>calicis</span> <span class='ocrx_word' id='word_1_43' title='bbox 742 726 814 785; x_wconf 86' lang='lat' dir='ltr'>mei:</span> <span class='ocrx_word' id='word_1_44' title='bbox 836 738 868 784; x_wconf 91' lang='lat' dir='ltr'>tu</span> <span class='ocrx_word' id='word_1_45' title='bbox 888 745 918 784; x_wconf 86' lang='lat' dir='ltr'>es</span> <span class='ocrx_word' id='word_1_46' title='bbox 953 747 981 783; x_wconf 90' lang='grc' dir='ltr'>ιιι</span> <span class='ocrx_word' id='word_1_47' title='bbox 1001 745 1157 785; x_wconf 81' lang='lat' dir='ltr'>conservas</span> <span class='ocrx_word' id='word_1_48' title='bbox 1178 726 1247 787; x_wconf 88' lang='lat' dir='ltr'>bae·</span> 
     </span>
     <span class='ocr_line' id='line_1_7' title="bbox 109 748 1246 877; baseline 0.006 -22"><span class='ocrx_word' id='word_1_49' title='bbox 109 795 287 871; x_wconf 85' lang='lat' dir='ltr'>„reditatem</span> <span class='ocrx_word' id='word_1_50' title='bbox 307 816 401 856; x_wconf 85' lang='lat' dir='ltr'>meam</span> <span class='ocrx_word' id='word_1_51' title='bbox 421 798 522 856; x_wconf 65' lang='lat' dir='ltr'>mitrie‘</span> <span class='ocrx_word' id='word_1_52' title='bbox 562 800 635 859; x_wconf 89' lang='lat' dir='ltr'>Item</span> <span class='ocrx_word' id='word_1_53' title='bbox 656 802 881 877; x_wconf 75' lang='lat' dir='ltr'>(Ps.1t‘t,6.):</span> <span class='ocrx_word' id='word_1_54' title='bbox 901 748 1053 874; x_wconf 59' lang='lat' dir='ltr'>„diamari</span> <span class='ocrx_word' id='word_1_55' title='bbox 1073 801 1110 860; x_wconf 91' lang='lat' dir='ltr'>ad</span> <span class='ocrx_word' id='word_1_56' title='bbox 1130 813 1160 862; x_wconf 89' lang='lat' dir='ltr'>te</span> <span class='ocrx_word' id='word_1_57' title='bbox 1179 802 1246 862; x_wconf 91' lang='lat' dir='ltr'>Do-</span> 
     </span>
     <span class='ocr_line' id='line_1_8' title="bbox 110 871 1245 957; baseline 0.008 -27"><span class='ocrx_word' id='word_1_58' title='bbox 110 872 223 949; x_wconf 80' lang='lat' dir='ltr'>„mine,</span> <span class='ocrx_word' id='word_1_59' title='bbox 242 871 310 945; x_wconf 81' lang='lat' dir='ltr'>diri,</span> <span class='ocrx_word' id='word_1_60' title='bbox 329 872 377 931; x_wconf 83' lang='lat' dir='ltr'>‘l&#39;u</span> <span class='ocrx_word' id='word_1_61' title='bbox 397 893 512 952; x_wconf 85' lang='lat' dir='ltr'>cespes</span> <span class='ocrx_word' id='word_1_62' title='bbox 531 896 612 947; x_wconf 85' lang='lat' dir='ltr'>mea,</span> <span class='ocrx_word' id='word_1_63' title='bbox 630 881 729 957; x_wconf 90' lang='lat' dir='ltr'>portio</span> <span class='ocrx_word' id='word_1_64' title='bbox 748 898 813 938; x_wconf 89' lang='lat' dir='ltr'>mea</span> <span class='ocrx_word' id='word_1_65' title='bbox 833 878 863 938; x_wconf 93' lang='lat' dir='ltr'>iu</span> <span class='ocrx_word' id='word_1_66' title='bbox 883 889 961 937; x_wconf 89' lang='lat' dir='ltr'>terra</span> <span class='ocrx_word' id='word_1_67' title='bbox 981 879 1143 938; x_wconf 67' lang='lat' dir='ltr'>vivorumr‘</span> <span class='ocrx_word' id='word_1_68' title='bbox 1183 879 1245 953; x_wconf 89' lang='lat' dir='ltr'>Qui</span> 
     </span>
     <span class='ocr_line' id='line_1_9' title="bbox 110 946 1245 1032; baseline 0.005 -23"><span class='ocrx_word' id='word_1_69' title='bbox 110 950 155 1009; x_wconf 83' lang='lat' dir='ltr'>sie</span> <span class='ocrx_word' id='word_1_70' title='bbox 171 946 256 1028; x_wconf 89' lang='lat' dir='ltr'>loqui</span> <span class='ocrx_word' id='word_1_71' title='bbox 275 949 398 1024; x_wconf 87' lang='lat' dir='ltr'>audent,</span> <span class='ocrx_word' id='word_1_72' title='bbox 428 971 460 1010; x_wconf 86' lang='lat' dir='ltr'>ae</span> <span class='ocrx_word' id='word_1_73' title='bbox 485 953 621 1030; x_wconf 87' lang='lat' dir='ltr'>prolecto</span> <span class='ocrx_word' id='word_1_74' title='bbox 648 953 785 1013; x_wconf 90' lang='lat' dir='ltr'>mundum</span> <span class='ocrx_word' id='word_1_75' title='bbox 813 967 843 1013; x_wconf 86' lang='lat' dir='ltr'>et</span> <span class='ocrx_word' id='word_1_76' title='bbox 863 956 930 1032; x_wconf 89' lang='lat' dir='ltr'>quic</span> <span class='ocrx_word' id='word_1_77' title='bbox 952 953 1000 1012; x_wconf 91' lang='lat' dir='ltr'>uid</span> <span class='ocrx_word' id='word_1_78' title='bbox 1027 964 1072 1013; x_wconf 89' lang='lat' dir='ltr'>est</span> <span class='ocrx_word' id='word_1_79' title='bbox 1096 953 1245 1015; x_wconf 87' lang='lat' dir='ltr'>bonorum</span> 
     </span>
     <span class='ocr_line' id='line_1_10' title="bbox 108 1028 1245 1110; baseline 0.009 -28"><span class='ocrx_word' id='word_1_80' title='bbox 108 1028 308 1106; x_wconf 82' lang='lat' dir='ltr'>praesentium</span> <span class='ocrx_word' id='word_1_81' title='bbox 327 1046 380 1105; x_wconf 85' lang='lat' dir='ltr'>spe</span> <span class='ocrx_word' id='word_1_82' title='bbox 399 1047 450 1085; x_wconf 83' lang='lat' dir='ltr'>sua</span> <span class='ocrx_word' id='word_1_83' title='bbox 469 1029 676 1087; x_wconf 76' lang='lat' dir='ltr'>transcendere</span> <span class='ocrx_word' id='word_1_84' title='bbox 696 1030 881 1110; x_wconf 84' lang='lat' dir='ltr'>profitentur.</span> <span class='ocrx_word' id='word_1_85' title='bbox 960 1051 1014 1090; x_wconf 89' lang='lat' dir='ltr'>ane</span> <span class='ocrx_word' id='word_1_86' title='bbox 1034 1043 1131 1090; x_wconf 83' lang='lat' dir='ltr'>tamen</span> <span class='ocrx_word' id='word_1_87' title='bbox 1153 1031 1245 1091; x_wconf 85' lang='lat' dir='ltr'>luturi</span> 
     </span>
     <span class='ocr_line' id='line_1_11' title="bbox 108 1100 1328 1198; baseline 0.006 -36"><span class='ocrx_word' id='word_1_88' title='bbox 108 1101 219 1162; x_wconf 78' lang='lat' dir='ltr'>saeculi</span> <span class='ocrx_word' id='word_1_89' title='bbox 239 1100 448 1161; x_wconf 76' lang='lat' dir='ltr'>beatitudinem</span> <span class='ocrx_word' id='word_1_90' title='bbox 467 1104 635 1184; x_wconf 70' lang='lat' dir='ltr'><strong>Prophetae</strong></span> <span class='ocrx_word' id='word_1_91' title='bbox 654 1107 768 1186; x_wconf 91' lang='lat' dir='ltr'>saepius</span> <span class='ocrx_word' id='word_1_92' title='bbox 787 1106 840 1166; x_wconf 90' lang='lat' dir='ltr'>sub</span> <span class='ocrx_word' id='word_1_93' title='bbox 862 1119 945 1186; x_wconf 82' lang='lat' dir='ltr'>typo,</span> <span class='ocrx_word' id='word_1_94' title='bbox 966 1127 1052 1198; x_wconf 90' lang='lat' dir='ltr'>quem</span> <span class='ocrx_word' id='word_1_95' title='bbox 1073 1127 1089 1167; x_wconf 89' lang='lat' dir='ltr'>a</span> <span class='ocrx_word' id='word_1_96' title='bbox 1111 1107 1244 1168; x_wconf 85' lang='lat' dir='ltr'>Domino</span> <span class='ocrx_word' id='word_1_97' title='bbox 1314 1104 1328 1117; x_wconf 79' lang='lat'><strong><em>‘</em></strong></span> 
     </span>
     <span class='ocr_line' id='line_1_12' title="bbox 108 1179 1245 1264; baseline 0.004 -26"><span class='ocrx_word' id='word_1_98' title='bbox 108 1196 179 1238; x_wconf 85' lang='lat' dir='ltr'>aeee</span> <span class='ocrx_word' id='word_1_99' title='bbox 201 1189 300 1252; x_wconf 90' lang='lat' dir='ltr'>erant,</span> <span class='ocrx_word' id='word_1_100' title='bbox 320 1179 502 1239; x_wconf 85' lang='lat' dir='ltr'>describunt:</span> <span class='ocrx_word' id='word_1_101' title='bbox 524 1182 648 1260; x_wconf 78' lang='lat' dir='ltr'>qualiter</span> <span class='ocrx_word' id='word_1_102' title='bbox 667 1184 874 1264; x_wconf 86' lang='lat' dir='ltr'>intelligendae</span> <span class='ocrx_word' id='word_1_103' title='bbox 892 1196 960 1242; x_wconf 86' lang='lat' dir='ltr'>sunt</span> <span class='ocrx_word' id='word_1_104' title='bbox 979 1197 1051 1244; x_wconf 79' lang='lat' dir='ltr'>istae</span> <span class='ocrx_word' id='word_1_105' title='bbox 1069 1184 1245 1260; x_wconf 79' lang='lat' dir='ltr'>sententiae,</span> 
     </span>
     <span class='ocr_line' id='line_1_13' title="bbox 109 1254 1246 1343; baseline 0.006 -28"><span class='ocrx_word' id='word_1_106' title='bbox 109 1274 168 1335; x_wconf 83' lang='lat' dir='ltr'>apu</span> <span class='ocrx_word' id='word_1_107' title='bbox 208 1254 415 1330; x_wconf 79' lang='lat' dir='ltr'>lob.18,17.</span> <span class='ocrx_word' id='word_1_108' title='bbox 436 1268 467 1315; x_wconf 91' lang='lat' dir='ltr'>et</span> <span class='ocrx_word' id='word_1_109' title='bbox 487 1258 730 1343; x_wconf 34' lang='lat' dir='ltr'>lesaiampmultis</span> <span class='ocrx_word' id='word_1_110' title='bbox 755 1261 842 1321; x_wconf 83' lang='lat' dir='ltr'>locis:</span> <span class='ocrx_word' id='word_1_111' title='bbox 875 1259 967 1336; x_wconf 86' lang='lat' dir='ltr'>Quod</span> <span class='ocrx_word' id='word_1_112' title='bbox 999 1261 1039 1340; x_wconf 92' lang='lat' dir='ltr'>pii</span> <span class='ocrx_word' id='word_1_113' title='bbox 1067 1261 1246 1322; x_wconf 82' lang='lat' dir='ltr'>haereditate</span> 
     </span>
     <span class='ocr_line' id='line_1_14' title="bbox 150 1331 1244 1418; baseline 0.005 -26"><span class='ocrx_word' id='word_1_114' title='bbox 150 1331 305 1392; x_wconf 89' lang='lat' dir='ltr'>ssidebunt</span> <span class='ocrx_word' id='word_1_115' title='bbox 336 1345 458 1393; x_wconf 89' lang='lat' dir='ltr'>terram:</span> <span class='ocrx_word' id='word_1_116' title='bbox 490 1336 624 1395; x_wconf 76' lang='lat' dir='ltr'>scelerati</span> <span class='ocrx_word' id='word_1_117' title='bbox 651 1351 748 1397; x_wconf 88' lang='lat' dir='ltr'>autem</span> <span class='ocrx_word' id='word_1_118' title='bbox 774 1358 808 1398; x_wconf 80' lang='lat' dir='ltr'>ex</span> <span class='ocrx_word' id='word_1_119' title='bbox 838 1358 871 1397; x_wconf 86' lang='lat' dir='ltr'>ea</span> <span class='ocrx_word' id='word_1_120' title='bbox 899 1339 1118 1418; x_wconf 86' lang='lat' dir='ltr'>disperdentur:</span> <span class='ocrx_word' id='word_1_121' title='bbox 1150 1337 1244 1412; x_wconf 84' lang='lat' dir='ltr'>Quod</span> 
     </span>
     <span class='ocr_line' id='line_1_15' title="bbox 127 1409 1243 1489; baseline 0.006 -21"><span class='ocrx_word' id='word_1_122' title='bbox 127 1409 271 1469; x_wconf 87' lang='lat' dir='ltr'>erusalem</span> <span class='ocrx_word' id='word_1_123' title='bbox 292 1430 381 1469; x_wconf 91' lang='lat' dir='ltr'>omne</span> <span class='ocrx_word' id='word_1_124' title='bbox 426 1432 496 1472; x_wconf 89' lang='lat' dir='ltr'>enus</span> <span class='ocrx_word' id='word_1_125' title='bbox 517 1414 624 1473; x_wconf 89' lang='lat' dir='ltr'>divitiis</span> <span class='ocrx_word' id='word_1_126' title='bbox 644 1414 817 1489; x_wconf 80' lang='lat' dir='ltr'>abundabit,</span> <span class='ocrx_word' id='word_1_127' title='bbox 842 1428 872 1475; x_wconf 91' lang='lat' dir='ltr'>et</span> <span class='ocrx_word' id='word_1_128' title='bbox 891 1415 965 1474; x_wconf 89' lang='lat' dir='ltr'>Sion</span> <span class='ocrx_word' id='word_1_129' title='bbox 991 1435 1088 1474; x_wconf 91' lang='lat' dir='ltr'>rerum</span> <span class='ocrx_word' id='word_1_130' title='bbox 1110 1415 1243 1475; x_wconf 84' lang='lat' dir='ltr'>omnium</span> 
     </span>
     <span class='ocr_line' id='line_1_16' title="bbox 109 1431 1245 1573; baseline 0.003 -26"><span class='ocrx_word' id='word_1_131' title='bbox 109 1488 201 1568; x_wconf 87' lang='lat' dir='ltr'>eopia</span> <span class='ocrx_word' id='word_1_132' title='bbox 220 1486 345 1547; x_wconf 83' lang='lat' dir='ltr'>dillluet</span> <span class='ocrx_word' id='word_1_133' title='bbox 393 1431 479 1561; x_wconf 50' lang='lat' dir='ltr'>{uae</span> <span class='ocrx_word' id='word_1_134' title='bbox 499 1491 596 1549; x_wconf 90' lang='lat' dir='ltr'>omnia</span> <span class='ocrx_word' id='word_1_135' title='bbox 616 1491 746 1551; x_wconf 85' lang='lat' dir='ltr'>videmus</span> <span class='ocrx_word' id='word_1_136' title='bbox 767 1513 828 1551; x_wconf 90' lang='lat' dir='ltr'>nou</span> <span class='ocrx_word' id='word_1_137' title='bbox 848 1493 877 1551; x_wconf 92' lang='lat' dir='ltr'>in</span> <span class='ocrx_word' id='word_1_138' title='bbox 899 1503 1006 1551; x_wconf 85' lang='lat' dir='ltr'>terram</span> <span class='ocrx_word' id='word_1_139' title='bbox 1027 1490 1245 1573; x_wconf 87' lang='lat' dir='ltr'>peregrinatio-</span> 
     </span>
     <span class='ocr_line' id='line_1_17' title="bbox 107 1565 1244 1648; baseline 0.004 -25"><span class='ocrx_word' id='word_1_140' title='bbox 107 1565 153 1624; x_wconf 85' lang='lat' dir='ltr'>nis</span> <span class='ocrx_word' id='word_1_141' title='bbox 173 1574 304 1637; x_wconf 87' lang='lat' dir='ltr'>nostrae,</span> <span class='ocrx_word' id='word_1_142' title='bbox 325 1566 422 1624; x_wconf 82' lang='lat' dir='ltr'>autin</span> <span class='ocrx_word' id='word_1_143' title='bbox 445 1578 611 1626; x_wconf 83' lang='lat' dir='ltr'>terrestrem</span> <span class='ocrx_word' id='word_1_144' title='bbox 626 1568 781 1629; x_wconf 86' lang='lat' dir='ltr'>Ierusalem</span> <span class='ocrx_word' id='word_1_145' title='bbox 803 1571 923 1648; x_wconf 81' lang='lat' dir='ltr'>proprie</span> <span class='ocrx_word' id='word_1_146' title='bbox 943 1581 1124 1648; x_wconf 82' lang='lat' dir='ltr'>competere,</span> <span class='ocrx_word' id='word_1_147' title='bbox 1142 1567 1193 1627; x_wconf 88' lang='lat' dir='ltr'>sed</span> <span class='ocrx_word' id='word_1_148' title='bbox 1213 1569 1244 1627; x_wconf 90' lang='lat' dir='ltr'>iu</span> 
     </span>
     <span class='ocr_line' id='line_1_18' title="bbox 106 1641 1283 1723; baseline 0.003 -23"><span class='ocrx_word' id='word_1_149' title='bbox 106 1660 209 1700; x_wconf 78' lang='lat' dir='ltr'>veram</span> <span class='ocrx_word' id='word_1_150' title='bbox 251 1641 352 1700; x_wconf 90' lang='lat' dir='ltr'>atriam</span> <span class='ocrx_word' id='word_1_151' title='bbox 372 1641 499 1700; x_wconf 83' lang='lat' dir='ltr'>fidelium</span> <span class='ocrx_word' id='word_1_152' title='bbox 519 1664 554 1702; x_wconf 91' lang='lat' dir='ltr'>ac</span> <span class='ocrx_word' id='word_1_153' title='bbox 574 1644 731 1703; x_wconf 88' lang='lat' dir='ltr'>coelestem</span> <span class='ocrx_word' id='word_1_154' title='bbox 757 1644 834 1703; x_wconf 89' lang='lat' dir='ltr'>illam</span> <span class='ocrx_word' id='word_1_155' title='bbox 857 1646 1020 1718; x_wconf 87' lang='lat' dir='ltr'>civitatem,</span> <span class='ocrx_word' id='word_1_156' title='bbox 1052 1644 1082 1702; x_wconf 93' lang='lat' dir='ltr'>in</span> <span class='ocrx_word' id='word_1_157' title='bbox 1104 1664 1160 1723; x_wconf 92' lang='lat' dir='ltr'>qua</span> <span class='ocrx_word' id='word_1_158' title='bbox 1180 1644 1245 1704; x_wconf 89' lang='lat' dir='ltr'>Do·</span> <span class='ocrx_word' id='word_1_159' title='bbox 1279 1696 1283 1711; x_wconf 90' lang='grc'>,</span> 
     </span>
     <span class='ocr_line' id='line_1_19' title="bbox 106 1662 1243 1801; baseline 0.002 -24"><span class='ocrx_word' id='word_1_160' title='bbox 106 1717 205 1777; x_wconf 77' lang='lat' dir='ltr'>ninus</span> <span class='ocrx_word' id='word_1_161' title='bbox 224 1662 460 1778; x_wconf 62' lang='lat' dir='ltr'>benedictionem</span> <span class='ocrx_word' id='word_1_162' title='bbox 482 1731 512 1778; x_wconf 90' lang='lat' dir='ltr'>et</span> <span class='ocrx_word' id='word_1_163' title='bbox 531 1721 618 1779; x_wconf 83' lang='lat' dir='ltr'>vitam</span> <span class='ocrx_word' id='word_1_164' title='bbox 638 1722 787 1780; x_wconf 83' lang='lat' dir='ltr'>mandauit</span> <span class='ocrx_word' id='word_1_165' title='bbox 806 1723 835 1779; x_wconf 91' lang='lat' dir='ltr'>iu</span> <span class='ocrx_word' id='word_1_166' title='bbox 858 1733 1031 1801; x_wconf 86' lang='lat' dir='ltr'>perpetuum</span> <span class='ocrx_word' id='word_1_167' title='bbox 1044 1721 1243 1800; x_wconf 59' lang='lat' dir='ltr'>(Putate).</span> 
     </span>
     <span class='ocr_line' id='line_1_20' title="bbox 185 1795 1244 1877; baseline 0.002 -24"><span class='ocrx_word' id='word_1_168' title='bbox 185 1800 214 1859; x_wconf 81' lang='grc'>3.</span> <span class='ocrx_word' id='word_1_169' title='bbox 253 1795 334 1855; x_wconf 88' lang='lat' dir='ltr'>llaec</span> <span class='ocrx_word' id='word_1_170' title='bbox 353 1795 429 1855; x_wconf 90' lang='lat' dir='ltr'>ratio</span> <span class='ocrx_word' id='word_1_171' title='bbox 449 1808 493 1855; x_wconf 91' lang='lat' dir='ltr'>est</span> <span class='ocrx_word' id='word_1_172' title='bbox 513 1817 565 1856; x_wconf 91' lang='lat' dir='ltr'>cur</span> <span class='ocrx_word' id='word_1_173' title='bbox 584 1797 710 1871; x_wconf 87' lang='lat' dir='ltr'>maioris,</span> <span class='ocrx_word' id='word_1_174' title='bbox 731 1819 816 1877; x_wconf 89' lang='lat' dir='ltr'>quam</span> <span class='ocrx_word' id='word_1_175' title='bbox 837 1819 915 1857; x_wconf 88' lang='lat' dir='ltr'>nnnc</span> <span class='ocrx_word' id='word_1_176' title='bbox 935 1798 1054 1870; x_wconf 88' lang='lat' dir='ltr'>deceat,</span> <span class='ocrx_word' id='word_1_177' title='bbox 1080 1797 1244 1855; x_wconf 86' lang='lat' dir='ltr'>aestimasse</span> 
     </span>
     <span class='ocr_line' id='line_1_21' title="bbox 105 1870 1244 1952; baseline 0 -21"><span class='ocrx_word' id='word_1_178' title='bbox 105 1870 263 1931; x_wconf 83' lang='lat' dir='ltr'>mortalem</span> <span class='ocrx_word' id='word_1_179' title='bbox 287 1871 376 1931; x_wconf 78' lang='lat' dir='ltr'>vitam</span> <span class='ocrx_word' id='word_1_180' title='bbox 397 1872 517 1950; x_wconf 85' lang='lat' dir='ltr'>eiusque</span> <span class='ocrx_word' id='word_1_181' title='bbox 548 1872 770 1933; x_wconf 85' lang='lat' dir='ltr'>benedictiones</span> <span class='ocrx_word' id='word_1_182' title='bbox 795 1873 887 1933; x_wconf 86' lang='lat' dir='ltr'>sancti</span> <span class='ocrx_word' id='word_1_183' title='bbox 909 1872 1044 1952; x_wconf 88' lang='lat' dir='ltr'>legantur</span> <span class='ocrx_word' id='word_1_184' title='bbox 1063 1872 1117 1933; x_wconf 90' lang='lat' dir='ltr'>sub</span> <span class='ocrx_word' id='word_1_185' title='bbox 1139 1871 1244 1931; x_wconf 80' lang='lat' dir='ltr'>Veteri</span> 
     </span>
     <span class='ocr_line' id='line_1_22' title="bbox 106 1947 1244 2028; baseline -0.002 -19"><span class='ocrx_word' id='word_1_186' title='bbox 106 1948 311 2009; x_wconf 79' lang='lat' dir='ltr'>Testamento.</span> <span class='ocrx_word' id='word_1_187' title='bbox 358 1947 487 2008; x_wconf 84' lang='lat' dir='ltr'>Tametsi</span> <span class='ocrx_word' id='word_1_188' title='bbox 512 1951 589 2009; x_wconf 90' lang='lat' dir='ltr'>enim</span> <span class='ocrx_word' id='word_1_189' title='bbox 614 1951 708 2028; x_wconf 91' lang='lat' dir='ltr'>probe</span> <span class='ocrx_word' id='word_1_190' title='bbox 733 1963 878 2010; x_wconf 85' lang='lat' dir='ltr'>noverant</span> <span class='ocrx_word' id='word_1_191' title='bbox 903 1971 964 2009; x_wconf 90' lang='lat' dir='ltr'>nou</span> <span class='ocrx_word' id='word_1_192' title='bbox 985 1969 1048 2010; x_wconf 87' lang='lat' dir='ltr'>esse</span> <span class='ocrx_word' id='word_1_193' title='bbox 1072 1949 1102 2007; x_wconf 91' lang='lat' dir='ltr'>iu</span> <span class='ocrx_word' id='word_1_194' title='bbox 1124 1968 1158 2008; x_wconf 90' lang='lat' dir='ltr'>ea</span> <span class='ocrx_word' id='word_1_195' title='bbox 1178 1960 1244 2008; x_wconf 91' lang='lat' dir='ltr'>tan·</span> 
     </span>
     <span class='ocr_line' id='line_1_23' title="bbox 107 2025 1243 2105; baseline 0 -21"><span class='ocrx_word' id='word_1_196' title='bbox 107 2045 197 2105; x_wconf 86' lang='lat' dir='ltr'>quam</span> <span class='ocrx_word' id='word_1_197' title='bbox 222 2025 373 2084; x_wconf 89' lang='lat' dir='ltr'>incursus</span> <span class='ocrx_word' id='word_1_198' title='bbox 397 2025 440 2084; x_wconf 93' lang='lat' dir='ltr'>sui</span> <span class='ocrx_word' id='word_1_199' title='bbox 468 2038 545 2086; x_wconf 88' lang='lat' dir='ltr'>meta</span> <span class='ocrx_word' id='word_1_200' title='bbox 570 2027 802 2086; x_wconf 87' lang='lat' dir='ltr'>consistendum:</span> <span class='ocrx_word' id='word_1_201' title='bbox 828 2027 893 2105; x_wconf 90' lang='lat' dir='ltr'>quia</span> <span class='ocrx_word' id='word_1_202' title='bbox 919 2039 1017 2086; x_wconf 90' lang='lat' dir='ltr'>tamen</span> <span class='ocrx_word' id='word_1_203' title='bbox 1044 2044 1243 2105; x_wconf 84' lang='lat' dir='ltr'>recognosce·</span> 
     </span>
     <span class='ocr_line' id='line_1_24' title="bbox 106 2101 1242 2182; baseline -0.003 -20"><span class='ocrx_word' id='word_1_204' title='bbox 106 2102 192 2176; x_wconf 89' lang='lat' dir='ltr'>bant,</span> <span class='ocrx_word' id='word_1_205' title='bbox 210 2121 286 2181; x_wconf 89' lang='lat' dir='ltr'>quae</span> <span class='ocrx_word' id='word_1_206' title='bbox 305 2102 364 2161; x_wconf 91' lang='lat' dir='ltr'>illic</span> <span class='ocrx_word' id='word_1_207' title='bbox 382 2101 418 2161; x_wconf 89' lang='lat' dir='ltr'>ad</span> <span class='ocrx_word' id='word_1_208' title='bbox 440 2122 490 2161; x_wconf 89' lang='lat' dir='ltr'>eos</span> <span class='ocrx_word' id='word_1_209' title='bbox 511 2123 564 2182; x_wconf 92' lang='lat' dir='ltr'>pro</span> <span class='ocrx_word' id='word_1_210' title='bbox 585 2103 789 2163; x_wconf 83' lang='lat' dir='ltr'>teneritudinis</span> <span class='ocrx_word' id='word_1_211' title='bbox 809 2103 939 2181; x_wconf 87' lang='lat' dir='ltr'>ipsorum</span> <span class='ocrx_word' id='word_1_212' title='bbox 959 2102 1080 2163; x_wconf 90' lang='lat' dir='ltr'>modulo</span> <span class='ocrx_word' id='word_1_213' title='bbox 1102 2121 1242 2161; x_wconf 83' lang='lat' dir='ltr'>exercen-</span> 
     </span>
     <span class='ocr_line' id='line_1_25' title="bbox 107 2177 1241 2259; baseline 0.002 -22"><span class='ocrx_word' id='word_1_214' title='bbox 107 2180 181 2255; x_wconf 73' lang='lat' dir='ltr'>dos,</span> <span class='ocrx_word' id='word_1_215' title='bbox 212 2178 323 2259; x_wconf 87' lang='lat' dir='ltr'>gratiae</span> <span class='ocrx_word' id='word_1_216' title='bbox 347 2198 415 2237; x_wconf 90' lang='lat' dir='ltr'>suae</span> <span class='ocrx_word' id='word_1_217' title='bbox 441 2178 616 2238; x_wconf 90' lang='lat' dir='ltr'>lineamenta</span> <span class='ocrx_word' id='word_1_218' title='bbox 634 2180 781 2240; x_wconf 86' lang='lat' dir='ltr'>Dominus</span> <span class='ocrx_word' id='word_1_219' title='bbox 805 2181 1005 2259; x_wconf 83' lang='lat' dir='ltr'>impresserat,</span> <span class='ocrx_word' id='word_1_220' title='bbox 1041 2179 1145 2239; x_wconf 89' lang='lat' dir='ltr'>maiori</span> <span class='ocrx_word' id='word_1_221' title='bbox 1178 2177 1241 2239; x_wconf 86' lang='lat' dir='ltr'>eiua</span> 
     </span>
     <span class='ocr_line' id='line_1_26' title="bbox 107 2255 1243 2336; baseline -0.001 -23"><span class='ocrx_word' id='word_1_222' title='bbox 107 2255 471 2329; x_wconf 82' lang='lat' dir='ltr'>suavitateafficiebantur,</span> <span class='ocrx_word' id='word_1_223' title='bbox 485 2278 570 2333; x_wconf 91' lang='lat' dir='ltr'>quam</span> <span class='ocrx_word' id='word_1_224' title='bbox 590 2258 615 2315; x_wconf 91' lang='lat' dir='ltr'>si</span> <span class='ocrx_word' id='word_1_225' title='bbox 635 2257 724 2336; x_wconf 87' lang='lat' dir='ltr'>ipsam</span> <span class='ocrx_word' id='word_1_226' title='bbox 746 2278 800 2336; x_wconf 91' lang='lat' dir='ltr'>per</span> <span class='ocrx_word' id='word_1_227' title='bbox 817 2276 848 2317; x_wconf 84' lang='lat' dir='ltr'>se</span> <span class='ocrx_word' id='word_1_228' title='bbox 860 2257 1101 2316; x_wconf 86' lang='lat' dir='ltr'>considerassent.</span> <span class='ocrx_word' id='word_1_229' title='bbox 1128 2255 1243 2329; x_wconf 89' lang='lat' dir='ltr'>Quem·</span> 
     </span>
     <span class='ocr_line' id='line_1_27' title="bbox 108 2331 1312 2414; baseline 0 -24"><span class='ocrx_word' id='word_1_230' title='bbox 108 2331 266 2390; x_wconf 84' lang='lat' dir='ltr'>admodum</span> <span class='ocrx_word' id='word_1_231' title='bbox 286 2343 382 2389; x_wconf 87' lang='lat' dir='ltr'>autem</span> <span class='ocrx_word' id='word_1_232' title='bbox 402 2332 559 2405; x_wconf 76' lang='lat' dir='ltr'>Donninus,</span> <span class='ocrx_word' id='word_1_233' title='bbox 583 2332 816 2392; x_wconf 72' lang='lat' dir='ltr'>benevolentiam</span> <span class='ocrx_word' id='word_1_234' title='bbox 836 2354 916 2392; x_wconf 90' lang='lat' dir='ltr'>suam</span> <span class='ocrx_word' id='word_1_235' title='bbox 937 2354 1004 2414; x_wconf 86' lang='lat' dir='ltr'>erga</span> <span class='ocrx_word' id='word_1_236' title='bbox 1029 2331 1128 2391; x_wconf 88' lang='lat' dir='ltr'>fldeles</span> <span class='ocrx_word' id='word_1_237' title='bbox 1155 2351 1242 2411; x_wconf 84' lang='lat' dir='ltr'>prau-</span> <span class='ocrx_word' id='word_1_238' title='bbox 1307 2336 1312 2346; x_wconf 83' lang='lat'><em>&#39;</em></span> 
     </span>
     <span class='ocr_line' id='line_1_28' title="bbox 108 2406 1241 2488; baseline 0.001 -21"><span class='ocrx_word' id='word_1_239' title='bbox 108 2406 240 2467; x_wconf 87' lang='lat' dir='ltr'>sentibus</span> <span class='ocrx_word' id='word_1_240' title='bbox 260 2407 346 2468; x_wconf 88' lang='lat' dir='ltr'>bouis</span> <span class='ocrx_word' id='word_1_241' title='bbox 371 2410 523 2482; x_wconf 88' lang='lat' dir='ltr'>testando,</span> <span class='ocrx_word' id='word_1_242' title='bbox 547 2409 726 2488; x_wconf 89' lang='lat' dir='ltr'>spiritualem</span> <span class='ocrx_word' id='word_1_243' title='bbox 751 2410 918 2469; x_wconf 84' lang='lat' dir='ltr'>felicitatem</span> <span class='ocrx_word' id='word_1_244' title='bbox 946 2410 1086 2469; x_wconf 88' lang='lat' dir='ltr'>eiusmodi</span> <span class='ocrx_word' id='word_1_245' title='bbox 1111 2409 1241 2487; x_wconf 76' lang='lat' dir='ltr'>typicae</span> 
     </span>
     <span class='ocr_line' id='line_1_29' title="bbox 108 2483 1241 2565; baseline 0.001 -23"><span class='ocrx_word' id='word_1_246' title='bbox 108 2483 248 2562; x_wconf 80' lang='lat' dir='ltr'>symbolis</span> <span class='ocrx_word' id='word_1_247' title='bbox 267 2496 338 2543; x_wconf 87' lang='lat' dir='ltr'>tunc</span> <span class='ocrx_word' id='word_1_248' title='bbox 358 2485 567 2557; x_wconf 84' lang='lat' dir='ltr'>adumbrabat,</span> <span class='ocrx_word' id='word_1_249' title='bbox 588 2488 662 2545; x_wconf 92' lang='lat' dir='ltr'>itae</span> <span class='ocrx_word' id='word_1_250' title='bbox 683 2507 828 2546; x_wconf 87' lang='lat' dir='ltr'>converso</span> <span class='ocrx_word' id='word_1_251' title='bbox 850 2485 937 2544; x_wconf 86' lang='lat' dir='ltr'>dabat</span> <span class='ocrx_word' id='word_1_252' title='bbox 956 2487 986 2544; x_wconf 90' lang='lat' dir='ltr'>in</span> <span class='ocrx_word' id='word_1_253' title='bbox 1007 2484 1110 2565; x_wconf 88' lang='lat' dir='ltr'>poeuis</span> <span class='ocrx_word' id='word_1_254' title='bbox 1131 2505 1184 2543; x_wconf 86' lang='lat' dir='ltr'>cor</span> <span class='ocrx_word' id='word_1_255' title='bbox 1205 2505 1241 2544; x_wconf 88' lang='lat' dir='ltr'>o-</span> 
     </span>
     <span class='ocr_line' id='line_1_30' title="bbox 107 2506 1240 2641; baseline 0.001 -22"><span class='ocrx_word' id='word_1_256' title='bbox 107 2560 177 2633; x_wconf 88' lang='lat' dir='ltr'>reis,</span> <span class='ocrx_word' id='word_1_257' title='bbox 195 2560 226 2619; x_wconf 93' lang='lat' dir='ltr'>in</span> <span class='ocrx_word' id='word_1_258' title='bbox 247 2560 392 2638; x_wconf 89' lang='lat' dir='ltr'>reprobos</span> <span class='ocrx_word' id='word_1_259' title='bbox 419 2562 516 2620; x_wconf 82' lang='lat' dir='ltr'>iudicii</span> <span class='ocrx_word' id='word_1_260' title='bbox 542 2565 584 2622; x_wconf 93' lang='lat' dir='ltr'>sui</span> <span class='ocrx_word' id='word_1_261' title='bbox 605 2563 789 2622; x_wconf 90' lang='lat' dir='ltr'>documenta.</span> <span class='ocrx_word' id='word_1_262' title='bbox 840 2563 945 2641; x_wconf 90' lang='lat' dir='ltr'>ltaque</span> <span class='ocrx_word' id='word_1_263' title='bbox 965 2575 998 2621; x_wconf 94' lang='lat' dir='ltr'>ut</span> <span class='ocrx_word' id='word_1_264' title='bbox 1018 2561 1075 2620; x_wconf 88' lang='lat' dir='ltr'>Dei</span> <span class='ocrx_word' id='word_1_265' title='bbox 1097 2506 1240 2620; x_wconf 72' lang='lat' dir='ltr'>benedicis</span> 
     </span>
     <span class='ocr_line' id='line_1_31' title="bbox 106 2636 1241 2718; baseline -0.001 -22"><span class='ocrx_word' id='word_1_266' title='bbox 106 2638 136 2696; x_wconf 93' lang='lat' dir='ltr'>in</span> <span class='ocrx_word' id='word_1_267' title='bbox 158 2636 247 2696; x_wconf 89' lang='lat' dir='ltr'>rebus</span> <span class='ocrx_word' id='word_1_268' title='bbox 273 2639 395 2695; x_wconf 84' lang='lat' dir='ltr'>terrenis</span> <span class='ocrx_word' id='word_1_269' title='bbox 420 2639 509 2718; x_wconf 88' lang='lat' dir='ltr'>magis</span> <span class='ocrx_word' id='word_1_270' title='bbox 530 2641 685 2718; x_wconf 85' lang='lat' dir='ltr'>conspicua</span> <span class='ocrx_word' id='word_1_271' title='bbox 708 2652 801 2711; x_wconf 89' lang='lat' dir='ltr'>erant,</span> <span class='ocrx_word' id='word_1_272' title='bbox 821 2640 861 2697; x_wconf 89' lang='lat' dir='ltr'>ita</span> <span class='ocrx_word' id='word_1_273' title='bbox 883 2659 1004 2717; x_wconf 90' lang='lat' dir='ltr'>poenae.</span> <span class='ocrx_word' id='word_1_274' title='bbox 1058 2639 1141 2696; x_wconf 87' lang='lat' dir='ltr'>Hanc</span> <span class='ocrx_word' id='word_1_275' title='bbox 1162 2638 1241 2695; x_wconf 87' lang='lat' dir='ltr'>inter</span> 
     </span>
     <span class='ocr_line' id='line_1_32' title="bbox 106 2712 1240 2804; baseline -0.001 -33"><span class='ocrx_word' id='word_1_276' title='bbox 106 2733 219 2804; x_wconf 88' lang='lat' dir='ltr'>poenas</span> <span class='ocrx_word' id='word_1_277' title='bbox 240 2724 269 2771; x_wconf 91' lang='lat' dir='ltr'>et</span> <span class='ocrx_word' id='word_1_278' title='bbox 289 2714 412 2792; x_wconf 89' lang='lat' dir='ltr'>praemia</span> <span class='ocrx_word' id='word_1_279' title='bbox 432 2715 594 2796; x_wconf 82' lang='lat' dir='ltr'>analogiam</span> <span class='ocrx_word' id='word_1_280' title='bbox 613 2738 645 2773; x_wconf 89' lang='lat' dir='ltr'>ac</span> <span class='ocrx_word' id='word_1_281' title='bbox 666 2715 898 2773; x_wconf 87' lang='lat' dir='ltr'>convenientiam</span> <span class='ocrx_word' id='word_1_282' title='bbox 919 2715 1017 2787; x_wconf 87' lang='lat' dir='ltr'>(utsic</span> <span class='ocrx_word' id='word_1_283' title='bbox 1032 2712 1151 2792; x_wconf 86' lang='lat' dir='ltr'>loquar)</span> <span class='ocrx_word' id='word_1_284' title='bbox 1171 2712 1240 2770; x_wconf 92' lang='lat' dir='ltr'>dum</span> 
     </span>
     <span class='ocr_line' id='line_1_33' title="bbox 106 2789 1240 2881; baseline -0.002 -32"><span class='ocrx_word' id='word_1_285' title='bbox 106 2789 237 2881; x_wconf 76' lang='lat' dir='ltr'>imperiti</span> <span class='ocrx_word' id='word_1_286' title='bbox 262 2811 321 2848; x_wconf 93' lang='lat' dir='ltr'>non</span> <span class='ocrx_word' id='word_1_287' title='bbox 347 2792 530 2868; x_wconf 80' lang='lat' dir='ltr'>expendunt,</span> <span class='ocrx_word' id='word_1_288' title='bbox 556 2795 698 2850; x_wconf 88' lang='lat' dir='ltr'>mirantur</span> <span class='ocrx_word' id='word_1_289' title='bbox 725 2804 835 2850; x_wconf 89' lang='lat' dir='ltr'>tantam</span> <span class='ocrx_word' id='word_1_290' title='bbox 865 2794 892 2848; x_wconf 91' lang='lat' dir='ltr'>in</span> <span class='ocrx_word' id='word_1_291' title='bbox 914 2792 981 2848; x_wconf 86' lang='lat' dir='ltr'>lleo</span> <span class='ocrx_word' id='word_1_292' title='bbox 1002 2790 1187 2861; x_wconf 86' lang='lat' dir='ltr'>varietatem,</span> <span class='ocrx_word' id='word_1_293' title='bbox 1207 2798 1240 2847; x_wconf 89' lang='lat' dir='ltr'>ut</span> 
     </span>
     <span class='ocr_line' id='line_1_34' title="bbox 128 2863 1241 2956; baseline -0.003 -33"><span class='ocrx_word' id='word_1_294' title='bbox 128 2889 157 2926; x_wconf 89' lang='grc' dir='ltr'>ιιι</span> <span class='ocrx_word' id='word_1_295' title='bbox 178 2866 214 2924; x_wconf 91' lang='lat' dir='ltr'>ad</span> <span class='ocrx_word' id='word_1_296' title='bbox 235 2867 381 2944; x_wconf 88' lang='lat' dir='ltr'>quaelibet</span> <span class='ocrx_word' id='word_1_297' title='bbox 401 2866 525 2926; x_wconf 88' lang='lat' dir='ltr'>bominis</span> <span class='ocrx_word' id='word_1_298' title='bbox 542 2869 646 2927; x_wconf 84' lang='lat' dir='ltr'>delicta</span> <span class='ocrx_word' id='word_1_299' title='bbox 665 2870 755 2926; x_wconf 86' lang='lat' dir='ltr'>saevis</span> <span class='ocrx_word' id='word_1_300' title='bbox 777 2867 987 2956; x_wconf 77' lang='lat' dir='ltr'>horrendisque</span> <span class='ocrx_word' id='word_1_301' title='bbox 1007 2864 1155 2954; x_wconf 88' lang='lat' dir='ltr'>suppliciis</span> <span class='ocrx_word' id='word_1_302' title='bbox 1176 2863 1241 2921; x_wconf 89' lang='lat' dir='ltr'>vin·</span> 
     </span>
     <span class='ocr_line' id='line_1_35' title="bbox 107 2887 1240 3023; baseline -0.003 -23"><span class='ocrx_word' id='word_1_303' title='bbox 107 2887 231 3003; x_wconf 77' lang='lat' dir='ltr'>dicanda</span> <span class='ocrx_word' id='word_1_304' title='bbox 242 2943 312 3001; x_wconf 91' lang='lat' dir='ltr'>olim</span> <span class='ocrx_word' id='word_1_305' title='bbox 333 2944 456 3012; x_wconf 83' lang='lat' dir='ltr'>subitus,</span> <span class='ocrx_word' id='word_1_306' title='bbox 478 2966 554 3002; x_wconf 91' lang='lat' dir='ltr'>nunc</span> <span class='ocrx_word' id='word_1_307' title='bbox 567 2946 644 3002; x_wconf 88' lang='lat' dir='ltr'>velut</span> <span class='ocrx_word' id='word_1_308' title='bbox 665 2946 761 3023; x_wconf 88' lang='lat' dir='ltr'>posito</span> <span class='ocrx_word' id='word_1_309' title='bbox 783 2944 920 3022; x_wconf 86' lang='lat' dir='ltr'>pristinae</span> <span class='ocrx_word' id='word_1_310' title='bbox 938 2943 1105 3001; x_wconf 77' lang='lat' dir='ltr'>tractandtae</span> <span class='ocrx_word' id='word_1_311' title='bbox 1119 2939 1240 3014; x_wconf 75' lang='lat' dir='ltr'>aflectu,</span> 
     </span>
     <span class='ocr_line' id='line_1_36' title="bbox 107 3015 1240 3099; baseline -0.005 -20"><span class='ocrx_word' id='word_1_312' title='bbox 107 3030 140 3079; x_wconf 84' lang='lat' dir='ltr'>el</span> <span class='ocrx_word' id='word_1_313' title='bbox 157 3019 256 3077; x_wconf 89' lang='lat' dir='ltr'>mitius</span> <span class='ocrx_word' id='word_1_314' title='bbox 277 3032 307 3076; x_wconf 88' lang='lat' dir='ltr'>et</span> <span class='ocrx_word' id='word_1_315' title='bbox 327 3020 416 3078; x_wconf 88' lang='lat' dir='ltr'>rarius</span> <span class='ocrx_word' id='word_1_316' title='bbox 436 3021 529 3078; x_wconf 91' lang='lat' dir='ltr'>multo</span> <span class='ocrx_word' id='word_1_317' title='bbox 550 3023 667 3098; x_wconf 86' lang='lat' dir='ltr'>puniat:</span> <span class='ocrx_word' id='word_1_318' title='bbox 688 3032 717 3079; x_wconf 89' lang='lat' dir='ltr'>et</span> <span class='ocrx_word' id='word_1_319' title='bbox 736 3019 931 3099; x_wconf 88' lang='lat' dir='ltr'>parumabest</span> <span class='ocrx_word' id='word_1_320' title='bbox 951 3018 1021 3096; x_wconf 90' lang='lat' dir='ltr'>quin</span> <span class='ocrx_word' id='word_1_321' title='bbox 1033 3017 1072 3076; x_wconf 91' lang='lat' dir='ltr'>ob</span> <span class='ocrx_word' id='word_1_322' title='bbox 1094 3017 1124 3074; x_wconf 91' lang='lat' dir='ltr'>id</span> <span class='ocrx_word' id='word_1_323' title='bbox 1143 3015 1240 3073; x_wconf 85' lang='lat' dir='ltr'>diver-</span> 
     </span>
     <span class='ocr_line' id='line_1_37' title="bbox 106 3091 1240 3175; baseline -0.006 -19"><span class='ocrx_word' id='word_1_324' title='bbox 106 3117 157 3156; x_wconf 82' lang='lat' dir='ltr'>sos</span> <span class='ocrx_word' id='word_1_325' title='bbox 174 3096 283 3154; x_wconf 83' lang='lat' dir='ltr'>veteris</span> <span class='ocrx_word' id='word_1_326' title='bbox 304 3109 333 3155; x_wconf 91' lang='lat' dir='ltr'>et</span> <span class='ocrx_word' id='word_1_327' title='bbox 354 3097 616 3156; x_wconf 79' lang='lat' dir='ltr'>novi&#39;sestameuti</span> <span class='ocrx_word' id='word_1_328' title='bbox 637 3098 708 3156; x_wconf 90' lang='lat' dir='ltr'>deos</span> <span class='ocrx_word' id='word_1_329' title='bbox 728 3097 933 3175; x_wconf 77' lang='lat' dir='ltr'>imaginentur,</span> <span class='ocrx_word' id='word_1_330' title='bbox 954 3094 1033 3172; x_wconf 92' lang='lat' dir='ltr'>quod</span> <span class='ocrx_word' id='word_1_331' title='bbox 1045 3094 1130 3152; x_wconf 90' lang='lat' dir='ltr'>eliam</span> <span class='ocrx_word' id='word_1_332' title='bbox 1142 3091 1240 3150; x_wconf 84' lang='lat' dir='ltr'>blani-</span> 
     </span>
     <span class='ocr_line' id='line_1_38' title="bbox 106 3168 1312 3252; baseline -0.003 -21"><span class='ocrx_word' id='word_1_333' title='bbox 106 3171 205 3231; x_wconf 84' lang='lat' dir='ltr'>cbaeis</span> <span class='ocrx_word' id='word_1_334' title='bbox 217 3173 328 3231; x_wconf 89' lang='lat' dir='ltr'>accidit.</span> <span class='ocrx_word' id='word_1_335' title='bbox 355 3173 464 3230; x_wconf 81' lang='lat' dir='ltr'>Verum</span> <span class='ocrx_word' id='word_1_336' title='bbox 486 3175 590 3232; x_wconf 89' lang='lat' dir='ltr'>talibus</span> <span class='ocrx_word' id='word_1_337' title='bbox 609 3173 750 3252; x_wconf 87' lang='lat' dir='ltr'>scrupulis</span> <span class='ocrx_word' id='word_1_338' title='bbox 763 3172 846 3231; x_wconf 89' lang='lat' dir='ltr'>lacile</span> <span class='ocrx_word' id='word_1_339' title='bbox 858 3172 1055 3251; x_wconf 77' lang='lat' dir='ltr'>expediemur,</span> <span class='ocrx_word' id='word_1_340' title='bbox 1074 3169 1097 3228; x_wconf 88' lang='lat' dir='ltr'>si</span> <span class='ocrx_word' id='word_1_341' title='bbox 1110 3168 1237 3227; x_wconf 87' lang='lat' dir='ltr'>animum</span> <span class='ocrx_word' id='word_1_342' title='bbox 1305 3189 1312 3208; x_wconf 91' lang='lat'><strong>·</strong></span> 
     </span>
     <span class='ocr_line' id='line_1_39' title="bbox 106 3245 1237 3327; baseline -0.002 -21"><span class='ocrx_word' id='word_1_343' title='bbox 106 3249 269 3307; x_wconf 83' lang='lat' dir='ltr'>reseremus</span> <span class='ocrx_word' id='word_1_344' title='bbox 295 3248 330 3307; x_wconf 92' lang='lat' dir='ltr'>ad</span> <span class='ocrx_word' id='word_1_345' title='bbox 357 3250 439 3308; x_wconf 87' lang='lat' dir='ltr'>istam</span> <span class='ocrx_word' id='word_1_346' title='bbox 466 3270 549 3325; x_wconf 88' lang='lat' dir='ltr'>qnam</span> <span class='ocrx_word' id='word_1_347' title='bbox 575 3251 672 3308; x_wconf 86' lang='lat' dir='ltr'>notavi</span> <span class='ocrx_word' id='word_1_348' title='bbox 699 3250 754 3307; x_wconf 90' lang='lat' dir='ltr'>Dei</span> <span class='ocrx_word' id='word_1_349' title='bbox 780 3249 1042 3327; x_wconf 85' lang='lat' dir='ltr'>dispensationem,</span> <span class='ocrx_word' id='word_1_350' title='bbox 1069 3245 1148 3324; x_wconf 93' lang='lat' dir='ltr'>quod</span> <span class='ocrx_word' id='word_1_351' title='bbox 1176 3256 1237 3304; x_wconf 92' lang='lat' dir='ltr'>tum</span> 
     </span>
     <span class='ocr_line' id='line_1_40' title="bbox 106 3322 1238 3406; baseline -0.004 -23"><span class='ocrx_word' id='word_1_352' title='bbox 106 3326 225 3383; x_wconf 80' lang='lat' dir='ltr'>futurae</span> <span class='ocrx_word' id='word_1_353' title='bbox 251 3346 284 3383; x_wconf 89' lang='lat' dir='ltr'>ac</span> <span class='ocrx_word' id='word_1_354' title='bbox 310 3337 447 3383; x_wconf 88' lang='lat' dir='ltr'>aeternae</span> <span class='ocrx_word' id='word_1_355' title='bbox 476 3327 617 3384; x_wconf 73' lang='lat' dir='ltr'>felicitatis</span> <span class='ocrx_word' id='word_1_356' title='bbox 638 3327 758 3406; x_wconf 90' lang='lat' dir='ltr'>gratiam</span> <span class='ocrx_word' id='word_1_357' title='bbox 778 3322 1152 3393; x_wconf 79' lang='lat' dir='ltr'>terrestribusbeueliciis,</span> <span class='ocrx_word' id='word_1_358' title='bbox 1175 3332 1238 3379; x_wconf 90' lang='lat' dir='ltr'>tum</span> 
     </span>
     <span class='ocr_line' id='line_1_41' title="bbox 106 3398 1238 3482; baseline -0.005 -21"><span class='ocrx_word' id='word_1_359' title='bbox 106 3401 267 3480; x_wconf 84' lang='lat' dir='ltr'>spiritualis</span> <span class='ocrx_word' id='word_1_360' title='bbox 287 3404 388 3460; x_wconf 89' lang='lat' dir='ltr'>mortis</span> <span class='ocrx_word' id='word_1_361' title='bbox 408 3404 577 3482; x_wconf 86' lang='lat' dir='ltr'>gravitatem</span> <span class='ocrx_word' id='word_1_362' title='bbox 592 3405 742 3481; x_wconf 89' lang='lat' dir='ltr'>corporeis</span> <span class='ocrx_word' id='word_1_363' title='bbox 761 3403 864 3481; x_wconf 88' lang='lat' dir='ltr'>poeuis</span> <span class='ocrx_word' id='word_1_364' title='bbox 883 3400 1046 3481; x_wconf 82' lang='lat' dir='ltr'>significare</span> <span class='ocrx_word' id='word_1_365' title='bbox 1067 3409 1096 3456; x_wconf 91' lang='lat' dir='ltr'>et</span> <span class='ocrx_word' id='word_1_366' title='bbox 1112 3398 1129 3455; x_wconf 86' lang='lat' dir='ltr'>ti</span> <span class='ocrx_word' id='word_1_367' title='bbox 1154 3415 1238 3456; x_wconf 87' lang='lat' dir='ltr'>urare</span> 
     </span>
     <span class='ocr_line' id='line_1_42' title="bbox 129 3418 1238 3557; baseline -0.003 -22"><span class='ocrx_word' id='word_1_368' title='bbox 129 3497 165 3535; x_wconf 94' lang='lat' dir='ltr'>ro</span> <span class='ocrx_word' id='word_1_369' title='bbox 186 3497 223 3536; x_wconf 88' lang='lat' dir='ltr'>eo</span> <span class='ocrx_word' id='word_1_370' title='bbox 244 3488 378 3557; x_wconf 90' lang='lat' dir='ltr'>tempore</span> <span class='ocrx_word' id='word_1_371' title='bbox 398 3479 506 3549; x_wconf 85' lang='lat' dir='ltr'>voluit,</span> <span class='ocrx_word' id='word_1_372' title='bbox 526 3499 584 3556; x_wconf 90' lang='lat' dir='ltr'>quo</span> <span class='ocrx_word' id='word_1_373' title='bbox 606 3480 826 3537; x_wconf 85' lang='lat' dir='ltr'>Testamentum</span> <span class='ocrx_word' id='word_1_374' title='bbox 847 3498 929 3536; x_wconf 89' lang='lat' dir='ltr'>suum</span> <span class='ocrx_word' id='word_1_375' title='bbox 951 3418 1166 3556; x_wconf 71' lang='lat' dir='ltr'>quodammodo</span> <span class='ocrx_word' id='word_1_376' title='bbox 1187 3473 1238 3534; x_wconf 90' lang='lat' dir='ltr'>ad-</span> 
     </span>
     <span class='ocr_line' id='line_1_43' title="bbox 105 3499 825 3633; baseline -0.006 -19"><span class='ocrx_word' id='word_1_377' title='bbox 105 3499 167 3614; x_wconf 75' lang='lat' dir='ltr'>buc</span> <span class='ocrx_word' id='word_1_378' title='bbox 185 3554 349 3613; x_wconf 87' lang='lat' dir='ltr'>involutum</span> <span class='ocrx_word' id='word_1_379' title='bbox 369 3556 531 3613; x_wconf 86' lang='lat' dir='ltr'>Israelitico</span> <span class='ocrx_word' id='word_1_380' title='bbox 553 3556 662 3633; x_wconf 91' lang='lat' dir='ltr'>populo</span> <span class='ocrx_word' id='word_1_381' title='bbox 682 3554 825 3613; x_wconf 85' lang='lat' dir='ltr'>tradebat.</span> 
     </span>
     <span class='ocr_line' id='line_1_44' title="bbox 184 3625 1236 3693; baseline -0.01 0"><span class='ocrx_word' id='word_1_382' title='bbox 184 3637 214 3693; x_wconf 80' lang='grc'>4.</span> <span class='ocrx_word' id='word_1_383' title='bbox 251 3632 385 3689; x_wconf 80' lang='lat' dir='ltr'>Alterum</span> <span class='ocrx_word' id='word_1_384' title='bbox 407 3633 511 3689; x_wconf 84' lang='lat' dir='ltr'>veteris</span> <span class='ocrx_word' id='word_1_385' title='bbox 537 3643 566 3689; x_wconf 93' lang='lat' dir='ltr'>et</span> <span class='ocrx_word' id='word_1_386' title='bbox 586 3633 653 3689; x_wconf 92' lang='lat' dir='ltr'>novi</span> <span class='ocrx_word' id='word_1_387' title='bbox 674 3629 854 3689; x_wconf 90' lang='lat' dir='ltr'>Testamenti</span> <span class='ocrx_word' id='word_1_388' title='bbox 875 3627 1028 3688; x_wconf 85' lang='lat' dir='ltr'>discrimen</span> <span class='ocrx_word' id='word_1_389' title='bbox 1048 3625 1183 3684; x_wconf 85' lang='lat' dir='ltr'>statuitur</span> <span class='ocrx_word' id='word_1_390' title='bbox 1204 3625 1236 3683; x_wconf 89' lang='lat' dir='ltr'>iu</span> 
     </span>
     <span class='ocr_line' id='line_1_45' title="bbox 105 3705 1237 3788; baseline -0.006 -23"><span class='ocrx_word' id='word_1_391' title='bbox 105 3705 227 3788; x_wconf 79' lang='lat' dir='ltr'>figuris,</span> <span class='ocrx_word' id='word_1_392' title='bbox 253 3708 332 3785; x_wconf 93' lang='lat' dir='ltr'>quod</span> <span class='ocrx_word' id='word_1_393' title='bbox 357 3706 427 3766; x_wconf 89' lang='lat' dir='ltr'>illud</span> <span class='ocrx_word' id='word_1_394' title='bbox 453 3708 573 3765; x_wconf 88' lang='lat' dir='ltr'>absente</span> <span class='ocrx_word' id='word_1_395' title='bbox 592 3709 713 3784; x_wconf 81' lang='lat' dir='ltr'>veritate</span> <span class='ocrx_word' id='word_1_396' title='bbox 738 3707 891 3786; x_wconf 87' lang='lat' dir='ltr'>imaginem</span> <span class='ocrx_word' id='word_1_397' title='bbox 911 3717 1024 3763; x_wconf 88' lang='lat' dir='ltr'>tantum</span> <span class='ocrx_word' id='word_1_398' title='bbox 1046 3715 1076 3760; x_wconf 87' lang='lat' dir='ltr'>et</span> <span class='ocrx_word' id='word_1_399' title='bbox 1096 3723 1149 3780; x_wconf 93' lang='lat' dir='ltr'>pro</span> <span class='ocrx_word' id='word_1_400' title='bbox 1170 3721 1237 3760; x_wconf 88' lang='lat' dir='ltr'>cor-</span> 
     </span>
     <span class='ocr_line' id='line_1_46' title="bbox 130 3781 1238 3862; baseline -0.007 -20"><span class='ocrx_word' id='word_1_401' title='bbox 130 3802 184 3842; x_wconf 91' lang='lat' dir='ltr'>ore</span> <span class='ocrx_word' id='word_1_402' title='bbox 201 3783 332 3842; x_wconf 89' lang='lat' dir='ltr'>umbram</span> <span class='ocrx_word' id='word_1_403' title='bbox 353 3784 531 3842; x_wconf 83' lang='lat' dir='ltr'>ostentabat:</span> <span class='ocrx_word' id='word_1_404' title='bbox 563 3786 619 3841; x_wconf 90' lang='lat' dir='ltr'>boc</span> <span class='ocrx_word' id='word_1_405' title='bbox 639 3795 821 3862; x_wconf 85' lang='lat' dir='ltr'>praesentem</span> <span class='ocrx_word' id='word_1_406' title='bbox 840 3781 992 3839; x_wconf 88' lang='lat' dir='ltr'>veritatem</span> <span class='ocrx_word' id='word_1_407' title='bbox 1013 3790 1043 3838; x_wconf 93' lang='lat' dir='ltr'>et</span> <span class='ocrx_word' id='word_1_408' title='bbox 1062 3798 1169 3856; x_wconf 87' lang='lat' dir='ltr'>eorpus</span> <span class='ocrx_word' id='word_1_409' title='bbox 1188 3796 1238 3834; x_wconf 89' lang='lat' dir='ltr'>so·</span> 
     </span>
     <span class='ocr_line' id='line_1_47' title="bbox 104 3806 1240 3937; baseline -0.008 -18"><span class='ocrx_word' id='word_1_410' title='bbox 104 3806 200 3919; x_wconf 85' lang='lat' dir='ltr'>lidum</span> <span class='ocrx_word' id='word_1_411' title='bbox 221 3861 345 3918; x_wconf 81' lang='lat' dir='ltr'>exhibet.</span> <span class='ocrx_word' id='word_1_412' title='bbox 381 3860 480 3937; x_wconf 82' lang='lat' dir='ltr'>Atque</span> <span class='ocrx_word' id='word_1_413' title='bbox 502 3860 583 3918; x_wconf 90' lang='lat' dir='ltr'>huius</span> <span class='ocrx_word' id='word_1_414' title='bbox 603 3860 664 3917; x_wconf 90' lang='lat' dir='ltr'>lere</span> <span class='ocrx_word' id='word_1_415' title='bbox 685 3859 718 3917; x_wconf 85' lang='lat' dir='ltr'>bt</span> <span class='ocrx_word' id='word_1_416' title='bbox 737 3858 859 3929; x_wconf 88' lang='lat' dir='ltr'>mentio,</span> <span class='ocrx_word' id='word_1_417' title='bbox 878 3857 1046 3935; x_wconf 87' lang='lat' dir='ltr'>ubicunque</span> <span class='ocrx_word' id='word_1_418' title='bbox 1065 3854 1157 3912; x_wconf 88' lang='lat' dir='ltr'>veteri</span> <span class='ocrx_word' id='word_1_419' title='bbox 1177 3853 1240 3911; x_wconf 74' lang='lat' dir='ltr'>Ts-</span> 
     </span>
     <span class='ocr_line' id='line_1_48' title="bbox 106 3927 1238 4016; baseline -0.01 -20"><span class='ocrx_word' id='word_1_420' title='bbox 106 3948 255 4012; x_wconf 72' lang='lat' dir='ltr'>stamento</span> <span class='ocrx_word' id='word_1_421' title='bbox 277 3937 575 4016; x_wconf 87' lang='lat' dir='ltr'>novumopponitur:</span> <span class='ocrx_word' id='word_1_422' title='bbox 598 3935 690 3994; x_wconf 83' lang='lat' dir='ltr'>fusior</span> <span class='ocrx_word' id='word_1_423' title='bbox 709 3947 805 3994; x_wconf 89' lang='lat' dir='ltr'>tamen</span> <span class='ocrx_word' id='word_1_424' title='bbox 828 3945 871 3992; x_wconf 90' lang='lat' dir='ltr'>est</span> <span class='ocrx_word' id='word_1_425' title='bbox 887 3934 948 3991; x_wconf 88' lang='lat' dir='ltr'>eius</span> <span class='ocrx_word' id='word_1_426' title='bbox 968 3931 1102 3991; x_wconf 84' lang='lat' dir='ltr'>tractatio</span> <span class='ocrx_word' id='word_1_427' title='bbox 1124 3930 1153 3987; x_wconf 91' lang='lat' dir='ltr'>in</span> <span class='ocrx_word' id='word_1_428' title='bbox 1174 3949 1190 3986; x_wconf 94' lang='lat' dir='ltr'>e</span> <span class='ocrx_word' id='word_1_429' title='bbox 1212 3927 1238 3986; x_wconf 86' lang='lat' dir='ltr'>i·</span> 
     </span>
     <span class='ocr_line' id='line_1_49' title="bbox 106 4004 1237 4090; baseline -0.001 -18"><span class='ocrx_word' id='word_1_430' title='bbox 106 4012 184 4073; x_wconf 88' lang='lat' dir='ltr'>stola</span> <span class='ocrx_word' id='word_1_431' title='bbox 210 4013 249 4087; x_wconf 80' lang='lat' dir='ltr'>ad</span> <span class='ocrx_word' id='word_1_432' title='bbox 267 4013 420 4071; x_wconf 87' lang='lat' dir='ltr'>Hebraeos</span> <span class='ocrx_word' id='word_1_433' title='bbox 442 4034 525 4089; x_wconf 91' lang='lat' dir='ltr'>quarn</span> <span class='ocrx_word' id='word_1_434' title='bbox 546 4012 615 4071; x_wconf 89' lang='lat' dir='ltr'>alibi</span> <span class='ocrx_word' id='word_1_435' title='bbox 639 4033 758 4090; x_wconf 90' lang='lat' dir='ltr'>usquam</span> <span class='ocrx_word' id='word_1_436' title='bbox 783 4015 882 4089; x_wconf 84' lang='lat' dir='ltr'>(capp.</span> <span class='ocrx_word' id='word_1_437' title='bbox 902 4009 1049 4082; x_wconf 51' lang='lat'>72-10.).</span> <span class='ocrx_word' id='word_1_438' title='bbox 1093 4004 1157 4064; x_wconf 79' lang='lat' dir='ltr'>llllc</span> <span class='ocrx_word' id='word_1_439' title='bbox 1198 4025 1237 4064; x_wconf 63' lang='grc' dir='ltr'>ιδ·</span> 
     </span>
     <span class='ocr_line' id='line_1_50' title="bbox 106 4082 1238 4168; baseline -0.006 -22"><span class='ocrx_word' id='word_1_440' title='bbox 106 4100 195 4168; x_wconf 87' lang='lat' dir='ltr'>putat</span> <span class='ocrx_word' id='word_1_441' title='bbox 219 4088 378 4167; x_wconf 72' lang='lat' dir='ltr'>Apostolus</span> <span class='ocrx_word' id='word_1_442' title='bbox 411 4089 545 4147; x_wconf 79' lang='lat' dir='ltr'>adsersus</span> <span class='ocrx_word' id='word_1_443' title='bbox 573 4110 639 4160; x_wconf 87' lang='lat' dir='ltr'>eos,</span> <span class='ocrx_word' id='word_1_444' title='bbox 664 4088 712 4165; x_wconf 89' lang='lat' dir='ltr'>qui</span> <span class='ocrx_word' id='word_1_445' title='bbox 733 4087 820 4166; x_wconf 88' lang='lat' dir='ltr'>Legis</span> <span class='ocrx_word' id='word_1_446' title='bbox 844 4085 990 4144; x_wconf 85' lang='lat' dir='ltr'>blosuirae</span> <span class='ocrx_word' id='word_1_447' title='bbox 1015 4082 1238 4142; x_wconf 84' lang='lat' dir='ltr'>observationes</span> 
     </span>
     <span class='ocr_line' id='line_1_51' title="bbox 108 4157 1240 4295; baseline -0.007 -72"><span class='ocrx_word' id='word_1_448' title='bbox 108 4163 224 4223; x_wconf 89' lang='lat' dir='ltr'>aboleri</span> <span class='ocrx_word' id='word_1_449' title='bbox 245 4186 331 4244; x_wconf 88' lang='lat' dir='ltr'>posse</span> <span class='ocrx_word' id='word_1_450' title='bbox 350 4185 411 4222; x_wconf 91' lang='lat' dir='ltr'>uon</span> <span class='ocrx_word' id='word_1_451' title='bbox 432 4165 583 4241; x_wconf 86' lang='lat' dir='ltr'>putabant,</span> <span class='ocrx_word' id='word_1_452' title='bbox 605 4165 659 4223; x_wconf 87' lang='lat' dir='ltr'>uisi</span> <span class='ocrx_word' id='word_1_453' title='bbox 679 4176 712 4221; x_wconf 92' lang='lat' dir='ltr'>ut</span> <span class='ocrx_word' id='word_1_454' title='bbox 730 4184 828 4221; x_wconf 91' lang='lat' dir='ltr'>secum</span> <span class='ocrx_word' id='word_1_455' title='bbox 847 4161 999 4220; x_wconf 84' lang='lat' dir='ltr'>traherent</span> <span class='ocrx_word' id='word_1_456' title='bbox 1017 4157 1168 4295; x_wconf 67' lang='lat' dir='ltr'>religionis</span> <span class='ocrx_word' id='word_1_457' title='bbox 1187 4168 1240 4216; x_wconf 87' lang='lat' dir='ltr'>to·</span> 
     </span>
     <span class='ocr_line' id='line_1_52' title="bbox 107 4236 1053 4315; baseline -0.004 -16"><span class='ocrx_word' id='word_1_458' title='bbox 107 4243 167 4300; x_wconf 88' lang='lat' dir='ltr'>tius</span> <span class='ocrx_word' id='word_1_459' title='bbox 187 4243 310 4300; x_wconf 87' lang='lat' dir='ltr'>ruinam.</span> <span class='ocrx_word' id='word_1_460' title='bbox 351 4242 422 4314; x_wconf 84' lang='lat' dir='ltr'>Quo</span> <span class='ocrx_word' id='word_1_461' title='bbox 444 4242 520 4301; x_wconf 87' lang='lat' dir='ltr'>hunc</span> <span class='ocrx_word' id='word_1_462' title='bbox 538 4262 667 4300; x_wconf 89' lang='lat' dir='ltr'>errorem</span> <span class='ocrx_word' id='word_1_463' title='bbox 690 4238 812 4312; x_wconf 81' lang='lat' dir='ltr'>refutet,</span> <span class='ocrx_word' id='word_1_464' title='bbox 836 4240 955 4298; x_wconf 89' lang='lat' dir='ltr'>assumit</span> <span class='ocrx_word' id='word_1_465' title='bbox 972 4236 1053 4315; x_wconf 89' lang='lat' dir='ltr'>quod</span> 
     </span>
     <span class='ocr_line' id='line_1_53' title="bbox 108 4311 1302 4398; baseline -0.008 -19"><span class='ocrx_word' id='word_1_466' title='bbox 108 4317 274 4379; x_wconf 83' lang='lat' dir='ltr'>sacerdotio</span> <span class='ocrx_word' id='word_1_467' title='bbox 295 4319 475 4397; x_wconf 88' lang='lat' dir='ltr'>praedictum</span> <span class='ocrx_word' id='word_1_468' title='bbox 501 4318 577 4398; x_wconf 89' lang='lat' dir='ltr'>apud</span> <span class='ocrx_word' id='word_1_469' title='bbox 597 4316 776 4398; x_wconf 85' lang='lat' dir='ltr'>Prophetam</span> <span class='ocrx_word' id='word_1_470' title='bbox 795 4316 857 4395; x_wconf 78' lang='lat' dir='ltr'>(Ps-</span> <span class='ocrx_word' id='word_1_471' title='bbox 877 4321 951 4391; x_wconf 83' lang='lat'>110,</span> <span class='ocrx_word' id='word_1_472' title='bbox 970 4314 1014 4389; x_wconf 70' lang='lat' dir='ltr'>d)</span> <span class='ocrx_word' id='word_1_473' title='bbox 1033 4311 1141 4373; x_wconf 84' lang='lat' dir='ltr'>iuerat:</span> <span class='ocrx_word' id='word_1_474' title='bbox 1168 4330 1240 4395; x_wconf 71' lang='lat' dir='ltr'>uam</span> <span class='ocrx_word' id='word_1_475' title='bbox 1299 4334 1302 4341; x_wconf 95' lang='lat'>·</span> 
     </span>
    </p>
   </div>
   <div class='ocr_carea' id='block_1_4' title="bbox 0 0 1354 4732">
    <p class='ocr_par' dir='ltr' id='par_1_4' title="bbox 0 0 1354 4732">
     <span class='ocr_line' id='line_1_54' title="bbox 0 0 1354 4732; baseline 0 0"><span class='ocrx_word' id='word_1_476' title='bbox 0 0 1354 4732; x_wconf 95' lang='lat' dir='ltr'> </span> 
     </span>
    </p>
   </div>
   <div class='ocr_carea' id='block_1_5' title="bbox 1094 4232 1337 4297">
    <p class='ocr_par' dir='ltr' id='par_1_5' title="bbox 1094 4232 1337 4297">
     <span class='ocr_line' id='line_1_55' title="bbox 1094 4232 1337 4297; baseline 0 -4"><span class='ocrx_word' id='word_1_477' title='bbox 1094 4232 1240 4297; x_wconf 86' lang='lat' dir='ltr'>eChristi</span> <span class='ocrx_word' id='word_1_478' title='bbox 1329 4272 1337 4287; x_wconf 45' lang='grc' dir='ltr'>ι</span> 
     </span>
    </p>
   </div>
  </div>
 </body>
</html>
