2700 4732
484 248 558 308 LlB.
580 250 632 308 lV.
673 250 760 312 CAP.
782 249 862 309 XVI.
1187 251 1247 316 389

109 392 331 476 generationem
344 392 419 468 fiet),
437 404 499 452 tum
518 395 731 472 possessionem
752 392 827 452 banc
848 394 931 474 regni
950 409 1110 453 cernemus.
1148 391 1244 451 Deui-

111 492 168 549 que
188 471 212 528 si
231 488 301 527 vere
321 468 453 547 loquitur
472 469 605 530 Christus
626 470 805 546 (10.11‚25.
820 476 908 546 etit,
922 472 976 547 6.),
997 490 1085 549 quum
1105 489 1136 528 se
1156 469 1244 528 vitam

111 567 173 604 esse
193 547 353 625 praedicat,
373 566 427 605 nos
447 545 477 603 in
498 546 591 624 ipsum
612 546 701 605 inseri
722 564 841 606 neccsse
862 558 920 618 est,
941 565 999 624 quo
1022 564 1038 605 e
1058 544 1160 604 mortis
1179 564 1242 604 ser-

110 625 201 681 vitute
220 642 387 682 asseramur.
407 657 445 665 —
470 622 510 679 At
523 623 684 711 quomode,
704 621 852 700 inquiunt,
872 632 1085 703 regenerantur
1104 620 1241 697 infantes,

110 718 165 758 nec
186 698 257 756 boni
278 717 333 756 nec
353 697 420 756 mali
447 700 618 778 cognitione
639 698 783 778 praediti?
821 699 882 757 Nos
903 711 999 757 autem
1020 697 1241 776 respondemus,

111 794 184 852 opus
205 774 276 844 Det,
302 774 413 832 etiarnsi
438 775 535 854 captui
564 786 665 833 nostro
691 794 754 832 non
774 774 935 849 subiaceat,
960 794 1021 834 non
1052 785 1150 833 tamen
1181 792 1243 834 esse

110 850 231 908 nullum.
271 851 366 909 Porro
393 850 519 909 infantes
547 852 595 927 qui
619 849 753 909 servandi
778 851 836 909 sint
862 855 910 927 (ut
936 862 1014 910 certe
1034 871 1068 910 ex
1089 869 1122 909 ea
1147 860 1242 910 aetate

110 926 232 985 omuino
254 926 343 1004 aliqui
363 927 529 1000 serrantur)
550 937 617 985 ante
630 948 646 985 a
659 926 789 987 Domino
813 927 980 1007 regenerari
1000 926 1119 986 minime
1135 925 1243 987 obseu-

109 1025 174 1061 rum
196 1015 248 1061 est.
286 1003 359 1061 Nam
380 1002 402 1062 si
428 1003 587 1083 ingenitam
612 1003 668 1061 sibi
696 1003 915 1081 corruptionem
938 1023 953 1062 e
973 1004 1073 1062 matris
1092 1013 1177 1062 utero
1198 1020 1243 1061 se·

110 1100 176 1137 cum
195 1078 333 1153 afferunt,
355 1099 387 1138 ea
408 1099 496 1158 repur
520 1091 581 1136 atos
602 1097 663 1137 esse
683 1091 814 1157 oportet,
836 1091 990 1170 antequam
1010 1079 1040 1137 in
1050 1098 1174 1160 regnum
1185 1077 1245 1138 Dei

110 1155 312 1214 admittantur:
335 1176 393 1235 quo
414 1098 681 1235 „nilrilingreditur
694 1153 837 1232 pollutum
856 1168 905 1215 aut
918 1156 1121 1235 inquinatum“
1133 1154 1244 1234 (Apoc.

108 1233 245 1306 ⁶21,27..)
295 1231 326 1290 Si
375 1243 521 1291 eccatores
543 1243 716 1306 nascuntur,
749 1232 899 1309 quomodo
921 1244 951 1290 et
970 1231 1064 1293 David
1085 1242 1116 1291 et
1134 1230 1241 1290 Paulus

110 1307 270 1366 affirmant:
292 1319 341 1366 aut
353 1254 427 1366 lteo
447 1307 554 1388 ingrati
573 1305 715 1387 invisique
733 1319 887 1381 maneant,
907 1319 958 1367 aut
976 1307 1169 1367 iustificentur
1188 1326 1241 1365 ne·

109 1402 188 1442 cesse
209 1395 261 1442 est.
307 1384 346 1442 Et
365 1384 434 1462 quid
454 1386 531 1444 ultra
551 1383 727 1461 quaerimus,
748 1404 835 1461 quum
856 1383 949 1462 palam
970 1385 1032 1463 ipse
1057 1384 1141 1443 index
1160 1382 1241 1442 attr-

108 1471 169 1517 met
189 1460 248 1534 (Io.
260 1465 290 1532 3,
302 1463 355 1536 3.)‚
375 1459 462 1518 nullis
483 1471 584 1539 patere
604 1460 633 1516 in
653 1461 740 1518 vitam
761 1459 917 1519 coelestem
936 1459 1099 1541 ingressum
1119 1459 1173 1519 nisi
1193 1477 1241 1519 re·

108 1536 202 1595 natis?
240 1535 339 1613 Atque
359 1546 392 1592 nt
413 1536 626 1613 obloquutores
653 1537 709 1594 hoc
752 1554 822 1594 enus
842 1557 906 1597 corn
932 1547 1058 1609 esceret,
1079 1535 1240 1594 documen-

108 1623 169 1669 tum
196 1611 332 1691 praebuit
358 1612 385 1669 in
412 1611 525 1671 Ioanne
551 1610 680 1690 Baptista
706 1555 791 1688 (linc.
813 1618 842 1684 1,
860 1558 940 1685 tul,
972 1630 1057 1692 quem
1082 1612 1113 1669 iu
1139 1611 1239 1673 matris

108 1698 194 1745 utero
214 1686 421 1761 sanctificavit,
452 1687 520 1765 quid
548 1687 577 1744 in
602 1686 722 1765 reliquis
747 1700 853 1767 posset.
905 1690 967 1747 Nec
987 1709 1042 1768 qua
1067 1686 1115 1746 bic
1134 1686 1240 1748 ludunt

106 1764 513 1844 tergiversationequicquam
534 1762 700 1842 proficiunt,
720 1764 747 1821 it
761 1764 850 1822 semel
863 1763 998 1823 duntaxat
1018 1764 1140 1825 sactum:
1160 1762 1240 1822 uude

83 1872 88 1883 ·
108 1860 170 1897 non
191 1841 285 1896 statim
306 1850 518 1918 consequatur,
551 1838 711 1898 Dominum
736 1841 776 1898 ita
796 1840 890 1898 solere
911 1840 1013 1931 passim
1035 1861 1099 1898 cum
1120 1838 1241 1899 infanti-

106 1915 161 1974 bus
182 1936 195 1972 a
220 1935 277 1972 ere.
304 1917 407 1993 Neque
428 1915 505 1973 enim
527 1935 581 1973 nos
602 1936 667 1972 curn
687 1916 715 1973 in
737 1915 857 1974 modum
868 1917 1085 1976 ratiocinamur.
1111 1915 1241 1976 Tantum

107 1934 264 2052 ostendere
284 1994 395 2050 animus
416 2004 475 2062 est,
494 1990 593 2069 inique
619 2011 653 2050 ac
677 1991 802 2082 maligne
827 1993 902 2051 intra
930 2012 976 2051 eas
1000 1992 1145 2073 angustias
1165 1991 1242 2052 limi·

106 2068 160 2127 tari
182 2067 216 2127 ab
238 2070 278 2126 eis
289 2068 347 2126 Dei
366 2068 515 2143 virtutem,
536 2067 641 2145 quibus
661 2067 720 2146 ipsa
741 2066 849 2127 includi
870 2087 981 2128 senon
1002 2069 1132 2128 sustinet
1159 2068 1241 2127 Tau·

105 2145 227 2205 tundem
249 2143 337 2202 babet
362 2143 500 2220 pontem
526 2153 556 2202 et
580 2144 702 2202 alterum
722 2143 890 2225 suliugium.
935 2144 1049 2205 Usitato
1070 2144 1242 2223 Scripturae

106 2241 190 2279 more
216 2219 337 2299 perinde
356 2218 455 2279 valere
474 2219 603 2300 allegant
626 2218 796 2299 particulam
822 2218 859 2278 od
876 2233 973 2297 urm,
1000 2221 1059 2280 acsi
1083 2219 1242 2298 diceretur,

106 2298 131 2354 E
153 2296 285 2375 pueritia.
325 2295 384 2354 Sed
404 2294 504 2355 videre
524 2295 677 2375 perspicue
697 2295 776 2369 licet,
796 2296 949 2377 angelum,
969 2317 1057 2376 quum
1077 2295 1107 2356 id
1128 2295 1239 2356 Zacha-

106 2375 167 2432 riae
188 2373 390 2446 denuntiaret,
418 2371 496 2432 aliud
516 2371 657 2431 voluisse:
689 2391 796 2451 nempe
821 2373 951 2432 nondum
977 2385 1096 2447 natum,
1126 2371 1240 2451 Spiritu

106 2461 208 2509 sancto
228 2449 373 2527 repletum
394 2448 438 2506 iri.
477 2448 523 2507 Ne
535 2468 606 2529 ergo
627 2446 722 2529 legem
735 2448 800 2507 Deo
820 2449 973 2527 imponere
992 2460 1148 2524 tentemus,
1168 2447 1242 2527 quin

106 2526 267 2587 sanctificet
286 2546 360 2614 quos
379 2524 470 2583 visum
491 2525 594 2599 tuerit,
614 2544 674 2604 quo
694 2525 784 2584 modo
805 2525 881 2587 bunc
901 2524 1103 2601 sanctificavit,
1123 2522 1241 2604 quando

107 2601 179 2661 nihil
201 2603 261 2661 eius
282 2602 381 2660 virtuti
403 2602 535 2660 decessit.

183 2683 229 2741 18.
268 2678 306 2735 Et
325 2698 394 2736 sane
414 2678 480 2735 ideo
502 2699 517 2736 a
543 2678 634 2755 prima
661 2677 784 2737 infantia
805 2678 998 2738 sanctificatus
1017 2677 1073 2737 fuit
1092 2675 1238 2749 christus,

107 2764 142 2812 ut
161 2772 193 2810 ex
214 2763 309 2810 aetate
329 2752 457 2830 qualibet
477 2753 716 2811 sinedisrrimine
730 2754 840 2812 electos
859 2774 926 2813 suos
946 2754 976 2811 in
996 2753 1109 2831 seipso
1129 2750 1238 2811 sancti-

107 2828 217 2887 ficaret.
258 2828 333 2885 Nam
360 2829 604 2905 quemadmodum
631 2829 665 2886 ad
692 2828 844 2886 delendam
870 2828 1088 2887 inobedientiae
1113 2825 1237 2918 culpam,

110 2924 184 2981 quae
204 2904 338 2961 incarne
358 2915 457 2963 nostra
478 2915 644 2982 perpetrata
666 2903 770 2978 luerat,
790 2924 851 2963 eam
872 2905 961 2985 ipsam
982 2920 1098 2964 carnem
1116 2904 1172 2963 aibr
1191 2903 1238 2960 in-

109 2981 186 3054 duit,
215 2980 320 3056 inqua
345 2978 504 3057 perlectam
526 3000 609 3038 causa
628 2981 751 3058 viceque
776 2992 875 3040 nostra
896 2980 1092 3040 obedientiam
1111 2984 1238 3058 praesta·

108 3068 167 3118 ret:
198 3056 238 3114 ita
260 3074 292 3112 ex
312 3055 424 3134 Spiritu
444 3067 546 3114 sancto
567 3067 726 3134 conceptus
748 3056 817 3132 init,
838 3068 870 3116 ut
890 3057 950 3116 eius
969 3056 1122 3116 sanctitate
1140 3054 1171 3114 in
1191 3074 1238 3115 aa·

107 3145 222 3210 sumpta
243 3151 328 3190 carne
349 3131 383 3190 ad
403 3130 522 3210 plenum
544 3131 687 3210 pertusus,
706 3132 796 3211 ipsam
817 3134 851 3191 ad
873 3152 928 3192 nos
946 3131 1174 3192 transfunderet.
1204 3129 1239 3189 Si

108 3209 353 3270 absolutissimum
383 3207 413 3265 iu
435 3207 553 3267 Christo
584 3205 722 3267 habemus
778 3210 900 3268 atiarum
925 3211 1054 3268 omnium
1080 3206 1238 3286 exemplar,

109 3286 214 3365 quibus
234 3284 308 3343 lilios
328 3305 394 3343 suos
414 3284 495 3342 Deus
516 3285 719 3417 prosequitur,
739 3229 792 3344 iic
812 3304 931 3365 quoque
950 3297 1033 3364 parte
1052 3285 1164 3345 seilicet
1184 3283 1239 3343 do-

110 3372 248 3420 cumento
270 3360 355 3420 nobis
380 3360 451 3436 erit,
481 3360 510 3418 in
527 3371 621 3418 antiae
646 3371 770 3419 aetatem
790 3382 852 3419 non
871 3380 962 3440 usque
982 3361 1063 3421 adeo·
1077 3382 1097 3421 a·
1112 3359 1239 3421 sanetifi-

110 3437 227 3496 catione
247 3437 415 3495 abliorrere.
460 3436 618 3515 Utcunque
645 3436 701 3495 hoc
719 3448 817 3495 tamen
838 3447 917 3495 extra
936 3437 1163 3497 controversiam
1183 3455 1239 3517 po-

110 3513 215 3583 nimus,
234 3513 380 3570 neminem
399 3512 561 3571 electorum
583 3533 598 3570 e
640 3514 766 3571 raesenti
785 3514 842 3573 rita
862 3515 987 3588 evocari,
1007 3514 1136 3592 quinon
1157 3512 1238 3592 priua

109 3588 320 3662 sanctificetur,
340 3610 371 3647 ac
391 3601 584 3669 regeneretur
633 3588 659 3647 ei
679 3587 800 3669 Spiritu.
840 3589 932 3663 Quod
953 3601 1056 3649 contra
1076 3588 1239 3661 obiectant,

111 3665 255 3743 Spiritum
276 3664 304 3722 in
328 3663 486 3745 Scripturis
506 3664 612 3723 nullam
633 3665 688 3724 nisi
707 3682 741 3724 ex
760 3665 976 3743 incorruptibili
994 3664 1121 3743 semine,
1134 3664 1163 3724 id
1183 3673 1240 3740 eat,

110 3741 169 3799 Dei
181 3739 272 3799 verbo
291 3741 546 3821 regenerationem
566 3758 740 3821 agnoscere:
759 3760 913 3821 perperam
932 3740 1009 3800 illam
1020 3741 1102 3801 Petri
1113 3751 1247 3813 senten-¹

109 3820 180 3876 tiam
201 3819 431 3895 interpretantur
450 3816 488 3891 (l.
509 3834 553 3895 ep.
567 3817 680 3893 Mb),
723 3836 758 3876 ua
777 3817 877 3877 fideles
895 3819 986 3878 modo
1007 3814 1248 3898 comprehendit,²

112 3894 163 3973 qui
182 3892 332 3971 Evangelii
351 3892 568 3971 praedicatione
588 3893 686 3952 edocti
702 3838 831 3968 inerant.
881 3893 1004 3954 Talibus
1022 3894 1140 3975 quidem
1167 3893 1242 3953 iate·

110 3990 192 4043 mur,
224 3970 344 4026 verbum
369 3968 489 4027 Domini
518 3969 673 4048 spiritualis
697 3988 759 4031 esre
789 3971 1146 4051 regenerationis-meroen
1164 3968 1242 4027 uui-

113 4067 193 4105 cum:
223 4045 274 4105 sed
301 4064 334 4101 ex
360 4064 395 4102 eo
428 4063 567 4125 negamus
597 4044 903 4127 colligendum,gnon
934 4044 1102 4125 poscebat
1132 4045 1242 4104 uirtute

112 4120 280 4255 regenerari
307 4120 448 4179 infantes:
473 4141 547 4198 quae
578 4121 707 4181 illi‘tam
737 4123 830 4185 facilis
849 4133 885 4181 ¹et
913 4143 997 4204 prom
1020 4134 1047 4182 ta
1068 4133 1152 4197 eat,··¹
1194 4138 1240 4179 am

114 4218 154 4255 no
178 4198 201 4256 is
212 4196 454 4275 incomprehensa
467 4208 501 4257 et
519 4197 705 4259 admirabilis.
725 4222 729 4227 ·
744 4198 860 4258 Deinde
872 4216 933 4260 uon
942 4210 1024 4273 uatis,
1038 4210 1136 4259 tutum
1165 4194 1243 4255 uerit

114 4275 173 4333 hoc
192 4273 321 4333 adimere
337 4273 485 4351 Domino,
504 4290 542 4334 ne
562 4272 699 4335 scieritis
718 4274 950 4359 quoquomodo
969 4270 1106 4349 exbibete
1129 4286 1246 4357 cepam

115 4348 255 4412 scendum
274 4361 371 4431 queat.
625 4364 664 4395 ⁴¹·
708 4366 767 4393 Μ·
794 4376 797 4387 ·
827 4364 871 4389 ···¹
1154 4372 1245 4395 ¹¹·····
