2700 4732
420 258 424 263 .
500 204 599 267 -ΠΒ,
617 206 659 267 11.
698 204 788 269 CAP.
807 205 849 267 ll.
1185 216 1243 279 187

104 358 191 421 ruat,
212 364 272 429 per
289 344 403 433 aegon
422 348 558 411 iudicari:
612 350 643 409 oi
660 348 725 411 aiae
743 348 826 443 Lege
845 363 1056 443 peccaverunt,
1078 355 1143 417 aiae
1160 354 1244 449 Lege

106 424 214 505 perire.
262 424 333 487 Hoc
353 425 423 505 quia
445 435 565 507 poterat
588 370 745 488 ibsurdan
764 427 874 502 videri,
902 440 936 489 ut
959 428 1022 489 siue
1046 430 1109 493 ullo
1133 431 1244 493 iudicio

108 500 432 581 praeredeateGeutea
451 512 583 583 pereant:
603 503 746 563 continuo
766 502 894 578 subiicit,
914 524 995 565 auam
1015 505 1071 567 illia
1090 508 1244 569 eonscien-

108 578 180 639 aaa
198 596 263 637 ease
282 578 348 639 vice
368 578 474 661 Legis,
495 578 623 658 ideoque
643 577 679 639 ad
702 579 806 640 iustam
827 600 927 640 earum
947 580 1163 643 damnationem
1181 584 1244 645 sul-

111 654 208 719 lieere.
245 654 329 715 riuis
348 674 423 737 ergo
442 654 517 736 legis
536 654 675 715 naturalis
696 666 755 729 cst,
774 668 806 715 ut
826 656 965 716 reddatur
984 657 1074 719 homo
1094 660 1246 723 inexcusa·

112 726 187 791 bilis.
222 730 385 795 Naturale
405 731 462 793 hoe
481 730 571 791 modo
591 731 757 806 definietur,
777 732 868 806 Quod
887 733 924 792 sit
944 735 1175 795 eonscientiaea
1199 737 1246 797 ni·

114 804 174 879 tio,
196 805 274 868 irater
297 808 458 869 instauret
480 808 619 867 iniustum
641 808 823 869 sufficienter
841 808 1049 870 discernentis:
1080 812 1116 871 ad
1136 756 1246 875 tollen·

118 880 187 943 durs
209 882 378 944 horninibus
402 884 587 965 ignorantiae
615 896 811 965 praetextum,
835 886 904 944 dum
928 907 983 947 suo
1008 886 1138 964 ipsoram
1162 890 1246 951 testi·

119 957 219 1021 monto
236 960 460 1041 redarguuntur.
510 960 553 1019 Ea
574 972 619 1020 eat
648 960 775 1021 bominis
795 980 864 1042 erga
882 982 914 1021 se
939 962 1032 1041 ipsum
1053 963 1246 1045 indulgentia,

121 1046 156 1093 ut
170 1034 200 1093 iu
216 1034 296 1097 malis
315 1035 521 1117 perpetrandis
545 1036 674 1096 libenter
692 1047 821 1095 mentem
841 1059 856 1097 a
876 1037 987 1114 pcccati
1011 1058 1116 1112 sensu,
1146 1042 1246 1119 quoad

123 1108 204 1183 liert,
218 1132 335 1191 semper
352 1114 473 1173 avertat.
517 1110 584 1185 Qua
610 1112 737 1172 ratione·
751 1112 867 1171 videtur
892 1112 1031 1192 impulsus
1053 1114 1139 1175 luisse
1158 1116 1246 1179 Plato

73 1238 75 1245 .
125 1186 364 1323 Ἦιιιιςοη),
383 1200 417 1250 ut
433 1189 609 1261 existimaret
628 1209 689 1248 noo
711 1187 825 1267 peccari
846 1188 899 1247 nisi
919 1191 1102 1270 ignorantia,
1132 1189 1167 1251 ld
1179 1194 1246 1272 qui-

201 1264 238 1323 ab
264 1284 301 1324 eo
322 1265 534 1325 convenienter
557 1264 667 1324 dictum
687 1264 779 1337 loret,
807 1264 831 1323 si
851 1263 977 1323 humana
998 1266 1159 1347 hypocrisis
1178 1282 1246 1329 tau-

126 1348 180 1399 bn
198 1338 227 1399 io
247 1340 382 1422 tegendis
399 1341 477 1401 vitiis
495 1341 671 1420 proliceret,
695 1352 729 1400 ιιι
753 1359 835 1400 ιιιιιιι
861 1361 921 1399 non
946 1340 1003 1400 sibi
1028 1342 1104 1402 male
1129 1346 1246 1407 conscia

128 1427 196 1476 ιιιιι
216 1436 315 1476 coram
336 1417 415 1475 Deo.
457 1416 517 1475 Sed
542 1438 630 1497 quum
660 1416 879 1497 subterfugiens
908 1429 1047 1495 peccator
1075 1418 1248 1499 impressum

130 1490 177 1551 tibi
192 1492 264 1553 boai
282 1504 311 1553 et
331 1493 399 1553 mali
417 1493 573 1569 iudicium,
596 1492 667 1553 illuc
687 1493 847 1551 identidem
867 1492 1046 1570 retrahatur,
1066 1515 1121 1555 nec
1140 1497 1248 1556 conni-

134 1586 190 1627 tere
206 1568 246 1629 ita
286 1570 470 1644 emittatur,
495 1569 566 1649 quin
586 1582 727 1650 cogatur,
750 1569 821 1629 velit
844 1568 936 1643 nolit,
956 1569 1114 1649 aliquando
1132 1572 1248 1653 aperire

135 1644 234 1705 tulos:
266 1645 327 1705 also
346 1646 464 1719 dieitur,
484 1645 575 1726 ipsum
594 1645 604 1703 i
627 1647 760 1705 rorantia
779 1646 842 1705 sola
862 1666 994 1723 peccare.

169 1728 241 1809 ‚2³-
279 1722 387 1783 Verius
406 1722 585 1781 'l'hcmistius
603 1664 748 1802 fparapbr.
768 1722 798 1781 in
819 1720 869 1780 lib.
878 1728 906 1787 3.
926 1722 963 1781 dc
983 1721 1078 1782 anima
1097 1722 1249 1803 capte}

192 1796 369 1859 intellectum
389 1799 419 1857 in
441 1798 611 1858 delinitione
631 1798 795 1873 universali,
814 1818 867 1858 seu
887 1800 928 1857 rei
950 1799 1085 1873 essentia,
1106 1800 1248 1861 rarissime

150 1948 153 1953 Ι
179 1870 301 1935 ’dacets
326 1873 581 1935 hallucinationem
601 1894 679 1950 esse,
703 1896 793 1951 quum
813 1874 888 1934 ultra
908 1876 1112 1955 progreditur:
1142 1896 1249 1967 nempe

141 1966 214 2027 μ
233 1952 269 2011 ad
293 1950 469 2031 hypothesin
495 1950 654 2011 deseendit
703 1950 901 2010 llomicidium
929 1972 992 2011 esse
1023 1952 1145 2025 malum,
1173 1952 1197 2012 si
1217 1974 1248 2012 ro

140 2040 232 2117 quere
248 2040 414 2107 quaeratur,
433 2047 520 2087 nemo
541 2028 597 2088 erit
610 2028 659 2105 qui
679 2048 739 2087 nan
762 2026 899 2087 allirmet:
921 2028 970 2107 qui
990 2039 1086 2087 autem
1100 2030 1250 2110 conspirat

141 2116 293 2163 ιιιιιιιιιι
314 2103 440 2179 inimici,
457 2116 595 2182 tanquam
617 2105 652 2163 de
672 2124 705 2162 re
724 2104 802 2162 hona
822 2102 973 2163 deliberat.
1013 2104 1198 2164 Adulterium
1218 2106 1249 2165 iu

145 2196 234 2259 qaaere
254 2181 402 2241 damnabit
426 2181 554 2240 adulter:
581 2181 610 2239 in
636 2202 690 2239 suo
736 2180 850 2241 rivatim
875 2181 930 2240 sibi
952 2181 1126 2240 blandietur.
1167 2183 1250 2241 llaec

147 2264 185 2313 ιιι
198 2254 361 2337 ignorantia,
380 2258 449 2316 dum
463 2256 570 2327 homo,
587 2256 640 2317 ubi
659 2256 695 2315 ad
714 2202 889 2335 hypothesin
908 2270 1026 2316 sentum
1047 2269 1100 2330 cst,
1121 2258 1181 2317 eius
1201 2279 1249 2318 rc·

148 2326 215 2409 ‘alte
233 2333 425 2407 obliviscitur,
443 2354 529 2412 quam
554 2333 583 2392 in
606 2332 682 2392 thesi
705 2354 801 2413 nuper
819 2334 1019 2393 constituerat
1068 2333 1116 2392 De
1136 2355 1193 2413 qua
1217 2354 1251 2394 re

150 2404 333 2543 qlfflstissime
367 2410 482 2469 disserit
516 2410 695 2490 Augustinus
731 2411 760 2467 ia
803 2409 985 2488 expositione
1025 2410 1112 2489 primi
1150 2430 1251 2473 versus

228 2486 297 2551 i5'l.
338 2486 514 2565 Quanquam
539 2507 577 2544 oe
598 2485 675 2545 istud
695 2486 812 2563 quidem
833 2498 877 2545 est
896 2497 1084 2565 perpetuum:
1108 2486 1150 2546 sic
1171 2488 1250 2546 enim

148 2554 269 2621 ’utendum
281 2563 383 2643 llagitii
394 2562 546 2641 turpitudo
559 2564 767 2622 conscientiam
780 2575 877 2641 urget,
896 2575 929 2622 ut
947 2563 1073 2622 nonsibi
1094 2563 1250 2641 imponens

151 2634 269 2696 cultata
288 2638 359 2698 boui
380 2640 521 2717 imagine,
551 2640 601 2697 sed
621 2640 715 2699 sciens
740 2650 771 2697 et
789 2640 891 2698 volens
911 2641 940 2697 ia
961 2639 1066 2697 malum
1088 2651 1161 2697 ruat
1208 2641 1252 2699 Ex

152 2712 312 2849 merto
338 2715 484 2794 prodeunt
510 2718 581 2774 istae
608 2735 709 2804 voces,
738 2748 778 2761 -
804 2716 899 2775 Video
919 2713 1252 2807 meliora,·pr·oboque:

157 2789 1254 2946 mattittttllllsshthl?tlh,lilithllttl‘lthllz

73 2986 76 2991 -
157 2934 278 3013 (ltttib.
296 2951 323 3010 7.
347 2965 410 3023 eap.
429 2947 484 3020 3.).
533 2944 594 3002 Ubi
620 2943 833 3003 incontinentia
859 2945 1007 3015 (ἀκρασία)
1031 2955 1151 3023 regnat,
1182 2944 1255 3005 dicit

73 3056 77 3067 ·
115 3057 120 3073 .
158 3017 341 3091 palleatum
365 3020 570 3100 perturbatum
595 3040 646 3079 seu
665 3019 758 3083 naidas
775 3021 977 3098 particularem
1004 3020 1136 3079 notitiam
1161 3022 1255 3083 menti

162 3090 193 3147 “l
207 3090 229 3165 ’,
242 3118 275 3155 ne
292 3096 400 3156 malum
420 3097 556 3155 observet
576 3097 605 3155 in
625 3117 677 3157 auo
699 3097 847 3170 lacinore,
867 3097 944 3176 quod
966 3097 1143 3177 generaliter
1161 3097 1192 3155 in
1212 3097 1253 3156 si-

207 3166 248 3230 lua
268 3175 374 3233 cernit:
400 3173 449 3231 uhi
471 3172 618 3231 delerbuit
643 3173 844 3251 perturbatio,
874 3174 1087 3252 poeaitentiam
1107 3173 1254 3253 externplo

73 3278 81 3311 s
164 3246 290 3310 medere.
324 3250 586 3327 latemperantiam
613 3250 795 3319 (ἀκολασίαν)
823 3263 919 3309 autem
950 3270 1010 3307 non
1037 3248 1179 3327 exstingui
1205 3259 1256 3310 aut

73 3380 80 3387 .
165 3310 238 3411 ‘¹²¹9'
252 3326 353 3401 peccati
364 3348 462 3399 seusu,
481 3326 531 3385 sed
542 3338 645 3385 contra
666 3326 814 3385 obstinate
834 3327 863 3385 ia
880 3338 1013 3405 suscepta
1031 3325 1098 3383 mali
1110 3326 1256 3387 electione

165 3408 289 3469 l‘ntsltce.

73 3506 80 3541 ι
217 3478 256 3537 ld
284 3478 382 3538 Porro
402 3498 491 3555 quum
519 3476 655 3536 iudicium
681 3476 845 3536 universale
870 3477 950 3537 audis
976 3478 1005 3537 in
1033 3477 1105 3538 honi
1132 3489 1162 3536 et
1187 3476 1256 3536 mali

160 3540 306 3629 litaniae,
335 3575 372 3612 ne
397 3575 499 3612 sanum
524 3553 632 3631 ubique
653 3567 682 3613 ct
707 3557 854 3688 inteqcum
875 3573 936 3612 esse
957 3568 1050 3633 putes.
1088 3556 1162 3613 Nam
1183 3554 1205 3614 si
1226 3554 1257 3613 in

73 3690 75 3695 ,
156 3616 215 3687 butt
230 3640 336 3691 lantum
358 3630 463 3703 finem,
488 3629 554 3689 iusti
575 3643 605 3689 et
624 3631 722 3690 iniusti
743 3630 779 3689 cle
793 3642 858 3689 ectu
879 3629 989 3691 imbuta
1008 3642 1076 3690 sunt
1095 3631 1183 3689 corda
1202 3628 1259 3689 ho·

154 3700 252 3779 litam,
275 3728 312 3767 oe
332 3706 515 3798 ignorantiae
535 3710 749 3767 excusationem
770 3719 955 3787 praetexant,
986 3707 1106 3765 minime
1127 3725 1259 3765 necessa-

151 3774 208 3840 tltu
229 3794 270 3843 est
296 3794 451 3842 veritatem
480 3782 509 3840 in
535 3783 656 3861 singulis
687 3803 824 3842 cernere:
855 3782 905 3843 sed
931 3786 999 3843 satis
1028 3802 1175 3861 superque
1204 3792 1260 3855 est,

73 3866 84 3923 ,“
152 3866 246 3919 maus
268 3858 453 3940 intelligere,
473 3878 510 3917 ne
534 3860 719 3939 tergiversari
741 3870 866 3937 queant,
886 3860 956 3937 qaia
978 3872 1052 3917 teste
1080 3856 1260 3918 conscientia

75 3992 81 3997 .
152 3936 341 3995 amicitiam
366 3956 445 3993 nunc
464 3934 500 3995 ad
522 3934 578 3991 Dei
598 3935 725 3995 tribunal
746 3937 866 3995 horrere
887 3936 1035 4013 incipiant.
1087 3932 1149 3992 Etsi
1169 3934 1260 4009 ratio-

152 4022 201 4091 ξω
217 4024 345 4071 nostram
364 4012 499 4070 volamus
521 4010 557 4069 ad
578 4011 634 4070 Dei
661 4013 771 4092 Legem
797 4013 928 4092 exigere,
955 4032 1028 4090 quac
1049 4010 1197 4089 perlectae
1217 4019 1262 4068 cst

73 4094 82 4140 'c
152 4084 254 4147 uanae
276 4087 441 4167 exemplar,
470 4106 534 4147 com
558 4088 682 4149 eriemus
707 4110 794 4167 quam
822 4089 920 4148 multis
951 4086 1082 4167 partibus
1106 4085 1261 4147 caecutiat.

153 4154 315 4243 Certeqaae
336 4164 366 4223 iu
408 4165 479 4221 rima
510 4109 609 4222 tabula
640 4165 795 4246 praecipua
819 4176 902 4237 sunt,
933 4164 1053 4222 minime
1083 4161 1261 4240 assequitur:

154 4237 311 4309 qualiaauot
330 4240 368 4299 de
386 4186 493 4299 bducia
512 4242 541 4298 in
562 4241 676 4313 Deum,
707 4241 876 4301 desistatis
908 4252 938 4298 et
963 4238 1088 4297 iustitiae
1115 4238 1199 4297 laude
1220 4237 1263 4296 illi

154 4310 296 4394 ffilueada,
314 4316 353 4377 de
371 4316 501 4379 nominis
520 4318 582 4377 eius
601 4317 800 4394 invocatione,
820 4318 938 4377 devera
957 4315 1144 4377 sabbatismo.
1176 4315 1265 4389 Quae
