2700 4732
115 228 152 289 14
493 226 519 241 ·'
562 219 794 282 PRAEFATIO
894 314 905 329 ‚

49 388 58 403 ‘
114 368 230 447 multis
247 367 323 443 fieri
344 384 569 469 conspectum
585 385 645 458 est,
669 367 928 445 consuetudinis
938 370 991 446 ius
1009 398 1091 445 mor
1105 367 1246 445 obtinet.

114 486 219 589 Atqui
237 486 292 564 rix
317 512 473 589 unquam
501 501 572 562 tam
587 486 677 562 bene
700 476 900 563 habuerunt
921 518 975 564 res
1002 489 1185 587 humanae,
1208 504 1249 563 ut

114 602 271 708 pluribus
294 603 472 707 placerent
496 603 650 681 meliora.
701 610 798 708 Ergo
821 635 860 681 ex
888 606 1028 709 privatis
1053 606 1245 683 multorum

114 723 202 801 vitiis
217 720 376 824 publicus
390 751 490 796 error
512 723 721 827 plerumque
741 724 853 799 lactus
867 741 929 812 cst,
953 725 1008 800 vel
1019 726 1134 828 potius
1149 752 1247 799 corn-

115 841 229 916 munis
243 840 406 921 uitiorum
432 868 647 916 consensus:¹
662 868 766 942 quern
794 868 887 916 nunc
911 840 995 918 boui
1017 844 1071 918 isti
1090 842 1154 921 riri
1178 868 1245 944 pro

112 957 190 1062 lege
212 962 287 1033 ess'e
309 957 438 1034 volunt.
488 956 617 1032 Vident
642 959 701 1060 qui
728 957 848 1034 oculos
874 959 1108 1049 liabent-uon
1134 985 1245 1034 unum

104 1090 210 1160 ‘mare
220 1073 395 1151 malorum
413 1074 609 1163 inundasse,
636 1073 760 1149 multas
785 1076 934 1150 sonticas
954 1095 1066 1181 pestes
1078 1077 1244 1154 invasisse

114 1192 249 1281 orbem,
274 1194 391 1269 omnia
408 1193 444 1267 iu
467 1220 636 1296 praeceps
661 1220 778 1268 ruere:
803 1209 841 1267 ut
864 1210 923 1269 aut
938 1223 1082 1296 prorsus
1104 1222 1159 1268 res
1177 1194 1245 1268 hu-

112 1338 238 1385 manae
251 1307 489 1413 deplorandae
503 1309 579 1398 sint,
603 1327 663 1384 aut
674 1310 776 1386 tantis
791 1311 890 1385 malis
908 1310 1090 1387 iniicienda
1109 1338 1244 1398 manus,

113 1425 168 1503 vel
190 1427 306 1530 potius
319 1428 370 1505 ris
391 1425 581 1503 afletanda.
633 1433 678 1504 Et
696 1428 845 1532 abigitur
859 1429 1053 1504 remedium
1079 1457 1151 1503 nou
1177 1425 1243 1502 alia

112 1547 256 1634 ratione,
286 1544 349 1619 nisi
367 1545 448 1646 quia
471 1544 541 1619 iam
559 1543 696 1646 pridem
720 1546 816 1620 malis
833 1549 1057 1626 assuevimus.
1094 1544 1164 1622 sed
1189 1545 1243 1619 lo-

110 1692 191 1739 cum
206 1692 289 1739 sane
303 1660 431 1736 habeat
454 1661 490 1735 in
513 1662 697 1737 hominurn
715 1664 878 1739 societate
894 1664 1053 1768 publicus
1066 1691 1180 1739 error:
1205 1663 1242 1737 in

111 1808 221 1885 regno
246 1798 364 1855 tamen
389 1778 457 1853 Dei
488 1778 561 1854 sola
592 1779 664 1854 eius
694 1797 832 1856 aeterna
860 1785 985 1857 veritas
1009 1780 1182 1857 audienda
1208 1797 1244 1856 ct

112 1899 300 2004 spectanda
327 1915 394 1988 est,
419 1896 475 1972 cui
500 1896 594 1973 nulla
617 1925 788 1972 annorum
809 1899 913 1989 serie,
940 1898 1032 1974 nulla
1056 1916 1242 1974 consuetu-

111 2017 203 2108 dine,
228 2016 321 2093 nulla
335 2016 576 2092 coniuratione
595 2016 783 2118 praescribi
804 2034 927 2120 potest.
978 2019 1035 2093 Sic
1059 2017 1240 2120 quondam

104 2135 239 2245 'electos
262 2136 329 2210 Dei
355 2133 505 2209 docebat
527 2133 663 2220 lesaias,
686 2162 730 2208 ne
754 2133 909 2209 dicerent
934 2137 1167 2239 Conspicatio,
1193 2134 1239 2209 nd

109 2254 227 2329 omnia
252 2253 288 2327 iu
314 2252 455 2357 quibus'
469 2249 619 2355 populus
632 2248 769 2325 dicebat
779 2253 999 2355 Conspiratio
1013 2255 1099 2352 (les.
1112 2258 1147 2342 8,
1162 2253 1242 2347 12):

108 2369 179 2447 hoc
208 2388 274 2459 est,
309 2399 352 2445 ne
384 2371 421 2446 in
448 2368 652 2445 sceleratum
684 2368 807 2472 populi
835 2392 1042 2445 consensum
1074 2399 1145 2445 una
1174 2370 1239 2471 ipsi

57 2564 60 2571 .
108 2490 357 2592 conspirarent,
380 2518 468 2563 neve
480 2488 643 2561 timorem
658 2486 730 2562 eius
757 2487 917 2565 timerent
935 2518 974 2564 ac
998 2486 1241 2576 formidarent,

42 2684 51 2711 ¹
108 2605 170 2684 sed
197 2608 312 2712 potius
336 2625 374 2682 ut
387 2607 580 2682 Dominum
595 2607 807 2682 exercituum
820 2608 1081 2696 sanctificarent,
1109 2624 1144 2681 et
1166 2606 1261 2719 ipse¹

108 2744 198 2800 esset
221 2725 328 2799 timor
349 2752 472 2799 eorum
499 2739 533 2798 et
548 2752 668 2826 pavor.
718 2729 824 2800 Nunc
848 2725 974 2826 itaque,
999 2741 1038 2799 ut
1053 2723 1181 2812 volent,
1207 2741 1241 2797 et

105 2844 289 2945 praeterita
312 2840 447 2916 saecula
465 2858 498 2916 et
523 2842 716 2944 praesentia
740 2841 895 2947 exempla
921 2842 1027 2916 nobis·
1048 2842 1240 2917 obiectent:

107 2960 135 3035 si
153 2960 349 3036 Dominum
375 2961 585 3035 exercituum
598 2961 938 3049 sanctificaverimus,
964 2989 1035 3034 non
1048 2959 1148 3036 valde
1171 2977 1241 3034 ter-

105 3079 271 3156 rebimur.
302 3080 385 3155 Siv'c
402 3078 495 3153 enim
521 3076 556 3152 iu
582 3076 730 3151 similem
754 3078 964 3181 impietatem
983 3079 1091 3154 multu
1104 3078 1240 3153 saecula

104 3197 352 3286 consenserint,
376 3197 474 3271 fortis
497 3213 549 3275 est
576 3198 635 3297 qui
659 3194 827 3270 ultionem
854 3196 889 3269 in
915 3197 1051 3271 tertiam
1079 3214 1113 3272 et
1136 3224 1241 3298 qnar-

105 3333 176 3390 tam
191 3312 452 3419 generiitionern
466 3314 585 3391 saciat:
610 3315 683 3388 sive
700 3329 792 3388 totus
809 3313 911 3389 simul
928 3313 1023 3389 orbis
1037 3313 1239 3388 in'candem

105 3432 293 3535 nequitiam
323 3433 516 3537 conspiret,
545 3432 781 3535 experimento
805 3420 1025 3535 docuit‘iluis
1048 3431 1090 3507 sit
1115 3454 1239 3508 eorurn

106 3553 224 3639 exitus,
249 3550 308 3652 qui
325 3576 414 3626 -cum
437 3548 658 3627 multitudine
676 3547 892 3652 delinquunt,
916 3576 1026 3652 quum
1039 3552 1240 3635 universum

105 3669 289 3747 bominum
318 3694 427 3771 genus
453 3668 585 3744 diluvio
612 3665 774 3772 perdidit,
794 3684 932 3744 serrat-o
954 3673 1037 3743 Noe‘
1055 3697 1138 3744 eum
1164 3700 1240 3744 mo-

43 3836 57 3857 ,
105 3784 337 3875 dicafarnilin',
361 3787 421 3889 qui
445 3816 509 3889 per
522 3812 621 3861 suam
648 3788 747 3862 unius
762 3786 870 3863 fidem
893 3789 1143 3864 tutumorbem
1158 3816 1243 3865 con·

106 3906 288 3983 demnaret
302 3898 433 4002 (Hebr.
451 3909 509 3993 ll,
525 3906 595 4001 7..··)
616 3905 779 4009 Denique
794 3934 902 4012 prava
925 3906 1158 3983 conuictudo·
1168 3937 1241 3984 non

104 4054 203 4121 secus
230 4054 272 4100 ao
290 4023 431 4128 publica
455 4022 640 4127 ‹puuedum
657 4045 709 4101 est
732 4030 848 4130 pestis,
868 4029 903 4101 in
928 4054 998 4128 qua
1026 4054 1099 4100 non
1126 4029 1241 4102 minus

103 4156 251 4248 percunt
274 4144 335 4247 qui
358 4136 520 4219 iti-inibe
550 4144 689 4219 cadunt.
717 4144 861 4220 Adhaec
875 4143 1071 4248 expendere
1087 4134 1240 4219 'decebat

103 4261 203 4371 quod
226 4261 352 4350 alicubi
377 4262 460 4338 dicit
475 4265 669 4368 Cyprianus
681 4260 746 4360 ²⁰),
762 4294 822 4340 eos
848 4264 912 4366 qni.
925 4263 1147 4375 ignoratione
1159 4292 1241 4366 pec-

170 4411 221 4483 uo)
237 4412 318 4485 epu.
332 4414 463 4471 unna
481 4428 506 4469 ct
523 4411 550 4471 n
568 4392 647 4483 epm
666 4413 809 4469 sertus.
827 4416 860 4467 re
872 4378 1088 4484 noadiae
1213 4384 1218 4395 “
