2700 4732
103 184 145 249 88
489 170 613 239 mhi.
654 176 745 239 CAP.
762 174 852 241 xm.

276 280 287 309 1
1236 278 1263 307 ar'

109 322 268 387 Caeterum
288 323 358 417 qnia
381 340 487 385 vocem
506 321 656 383 Personae
685 319 791 383 odiose
820 319 969 404 exagitant
991 316 1130 381 nonnulli
1158 316 1279 459 god*¹

107 398 276 461 humanitus
300 412 469 475 inventam,
498 420 556 479 qua
587 398 734 478 aequitate
759 398 790 458 id
816 398 940 474 iaciant,
992 396 1051 458 rius
1071 396 1160 459 viden
1181 416 1260 463 un.-

108 476 216 539 Filium
240 476 299 537 Dei
321 475 483 559 Apostolus
513 476 711 537 characterem
740 474 931 555 hypostaseos
987 473 1057 534 atris
1085 473 1241 537 nominans

109 553 218 633 (Hehr.
239 559 268 627 1,
287 554 348 632 a),
371 551 450 612 haud
470 550 559 614 dubie
583 551 707 631 aliquam
727 552 809 612 Patri
828 550 1043 611 subsistentiam
1063 548 1241 631 assignatio

110 650 169 710 qua
189 628 309 690 diflerat
327 650 343 691 a
363 629 449 693 Filio.
494 628 570 688 Nam
596 649 651 709 pro
677 630 803 689 essentia
827 627 961 706 accipere
984 626 1085 706 (sicuti
1105 626 1242 687 lecerunt

111 705 228 787 quidam
247 707 440 787 interpretes,
464 706 523 766 acsi
543 704 692 777 Christus,
710 704 792 765 velut
808 702 905 786 sigillo
925 703 1064 785 impressa
1083 702 1242 775 cera,1’a·

110 780 163 842 tris
182 783 214 841 in
233 802 264 843 se
283 783 472 843 substantiam
490 803 523 842 rc
546 774 752 859 raesentaret5
766 800 828 841 non
848 780 953 840 durum
977 778 1087 853 modo,
1115 778 1169 839 sed
1188 776 1242 839 ab·

109 858 229 919 surdum
249 877 370 939 quoque
389 870 475 919 esset.
542 880 587 917 am
596 879 687 937 quum
705 856 826 937 simplex
846 866 877 916 et
894 855 1040 917 individua
1059 856 1097 915 sit
1116 854 1243 917 essentia

110 934 187 1010 Dei,
211 937 261 1014 qui
279 946 375 997 totam
393 934 425 994 in
445 954 477 996 se
502 934 653 1009 continet,
682 953 779 1013 neque
798 932 939 1012 portione
957 944 1008 993 aut
1027 931 1160 1008 defluxu,
1189 930 1243 993 sed
1280 964 1285 1001 :

110 1010 226 1095 integra
245 1012 444 1092 perfectione,
472 1011 633 1102 improprie
658 1009 718 1069 imo
744 1009 844 1089 inepte
864 1008 979 1069 dicetur
1002 1008 1064 1069 eius
1083 1008 1263 1071 clraraeter.¹

111 1086 172 1147 Sed
193 1088 261 1167 quia
279 1088 382 1165 Pater,
410 1107 539 1168 quamvis
563 1107 614 1148 aua
639 1086 820 1165 proprietate
841 1085 1009 1159 distinctus,
1038 1102 1070 1146 se
1094 1096 1192 1145 totum
1210 1082 1244 1145 in

110 1162 189 1223 Filio
211 1164 366 1244 expressit,
392 1164 504 1246 optima
530 1163 644 1221 ratione
664 1162 772 1222 dicitur
791 1168 871 1222 s'uam
891 1160 1062 1241 hypostasin
1081 1159 1245 1223 reddidisse

111 1239 143 1299 in
170 1260 206 1299 eo
232 1240 430 1320 conspicuam.
481 1239 537 1299 Cui
562 1251 630 1321 apte
654 1237 797 1298 convenit
822 1237 901 1316 quod
926 1258 992 1297 mor
1017 1236 1149 1313 additur,
1180 1254 1246 1299 esse

111 1312 299 1395 splendorem
318 1315 441 1398 gloriae.
481 1316 572 1376 Certe
592 1314 663 1374 οιΑ
686 1314 774 1375 ostoli
792 1314 890 1374 verbis
910 1312 977 1374 colli
1001 1313 1073 1373 ‘mus
1092 1312 1246 1404 propriam

113 1411 176 1453 esse
196 1390 226 1450 in
237 1392 324 1451 Patre
344 1391 512 1472 hypostasin
530 1411 605 1469 quae
624 1392 654 1449 in
665 1337 747 1449 ltttio
768 1388 920 1471 refulgeat
991 1389 1047 1449 nde
1068 1400 1156 1448 etiam
1175 1408 1245 1449 rur·
1268 1404 1282 1441 Ι

111 1488 160 1528 sus
186 1467 272 1528 lacile
297 1467 411 1528 elicitur
435 1467 502 1528 Filii
531 1466 707 1548 hypostasis,
737 1486 811 1545 quae
837 1488 903 1525 euna
926 1465 1051 1525 aPatre
1075 1466 1247 1546 distinguat·

110 1542 224 1611 Eadem
243 1544 275 1604 in
294 1545 407 1623 Spiritu
425 1556 528 1605 sancto
549 1545 639 1603 ratio:
675 1543 742 1622 quia
763 1555 793 1601 et
810 1542 908 1601 Deum
928 1562 991 1602 esse
1014 1542 1111 1602 statim
1136 1541 1248 1623 proba·

112 1618 224 1693 bimus,
250 1633 280 1680 et
305 1632 403 1679 tamen
424 1621 511 1680 alium
531 1642 547 1679 a
566 1621 654 1680 Patre
674 1620 786 1679 censeri
806 1638 925 1679 necesse
946 1630 1005 1679 est'
1050 1619 1133 1679 Haec
1173 1636 1247 1681 orro

114 1695 267 1759 distinctio
293 1716 354 1758 non
377 1709 420 1757 est
439 1696 597 1770 essentiae,
626 1716 711 1775 quam
742 1696 822 1755 ursas
853 1707 897 1756 est
928 1695 1025 1755 iacere
1044 1640 1246 1785 multiplicet.
1277 1739 1281 1747 -

113 1770 197 1853 Ergo
216 1772 240 1833 si
260 1772 347 1833 fidem
367 1774 486 1834 obtinet
503 1771 639 1855 Apostoli
659 1772 875 1846 testimonium,
894 1772 1028 1850 sequitur
1046 1782 1107 1833 tres
1125 1791 1157 1831 nn
1175 1770 1247 1835 nso

115 1866 178 1909 esse
202 1848 222 1909 h
244 1861 382 1929 postases.
425 1848 509 1910 ldem
534 1871 624 1929 quum
650 1850 844 1928 expresserint
867 1849 966 1908 Latini
985 1848 1136 1908 Personae
1161 1866 1249 1941 voce,

113 1925 196 1985 nimii
219 1871 324 1986 lastidii
349 1939 437 2006 atque
463 1927 552 1987 etiam
575 1925 755 2006 pervicaciae
780 1935 824 1985 est
849 1926 885 1985 de
910 1943 942 1983 re
967 1923 1043 1985 clara
1072 1923 1169 1983 rixari.
1213 1922 1249 1985 Sr

112 2000 237 2065 verbum
263 2002 300 2062 de
323 2003 416 2065 verbo
441 2002 599 2063 transferre
630 2002 737 2077 libeat,
768 2000 955 2062 subsistentia
987 2001 1111 2061 dicetur.
1159 1998 1250 2063 Multi
1281 2030 1285 2039 ·

114 2078 221 2141 eodem
241 2099 327 2141 sensu
345 2079 536 2141 substantiam
556 2080 698 2139 dixerunt.
748 2079 811 2138 Nec
830 2099 901 2139 vero
921 2077 990 2139 solis
1010 2078 1121 2138 Latinis
1141 2076 1174 2137 iu
1192 2098 1250 2139 nen
1282 2106 1285 2139 ς

115 2153 174 2217 fuit
187 2156 336 2215 Personae
356 2176 477 2231 nomen,
496 2155 546 2215 sed
558 2154 667 2215 Graeci
685 2154 827 2230 similiter,
847 2155 925 2215 lorte
944 2154 1070 2214 testandi
1089 2172 1251 2217 consensus
1281 2146 1285 2217 ἷ

116 2252 212 2304 eausa,
232 2230 396 2291 docuerunt
416 2231 472 2290 tria
490 2230 627 2310 πρόσωπα
646 2232 676 2289 in
688 2230 755 2290 Deo
767 2251 839 2291 esse.
870 2231 932 2305 Qui
943 2244 1040 2291 tamen
1055 2230 1115 2291 sive
1128 2228 1191 2291 Gra
1228 2230 1238 2247 ⁶

116 2306 175 2369 aive
203 2308 301 2367 Latini
331 2307 425 2371 verbo
457 2307 536 2366 inter
566 2327 598 2367 se
626 2306 784 2382 dilierunt,
816 2308 910 2389 probe
931 2307 1120 2369 consentiunt
1143 2308 1177 2371 iu

116 2404 239 2445 summa.
1100 2408 1103 2413 ·

192 2466 221 2524 3.
260 2460 348 2521 Nunc
366 2471 400 2520 ut
420 2459 456 2520 de
469 2460 601 2521 Persona
621 2460 770 2521 oblatrent
789 2460 939 2536 baeretici,
958 2460 1004 2521 rel
1025 2460 1143 2554 quidem
1163 2459 1250 2525 uinta

116 2537 229 2598 morosi
248 2536 438 2618 obstrepant,
456 2557 488 2598 se
508 2558 570 2599 non
590 2538 744 2597 admittere
768 2538 918 2598 hominum
943 2538 1066 2599 arbitrio
1090 2536 1274 2615 confictum„

117 2634 244 2690 nomen,
264 2635 353 2749 (guum
373 2615 459 2675 nobis
479 2627 615 2675 excutere
635 2635 697 2674 non
717 2615 830 2695 possint
848 2626 907 2675 tres
928 2614 1003 2692 did,
1025 2635 1150 2697 quorum
1171 2614 1252 2694 quis·

117 2710 175 2768 qne
196 2690 226 2750 in
246 2711 279 2751 so
292 2691 372 2763 idum
391 2691 530 2767 sitDeus,
549 2710 604 2751 nec
623 2702 720 2750 tamen
742 2691 839 2771 plures
863 2712 925 2753 esse
944 2692 1030 2753 deos:
1051 2710 1194 2771 quaenam
1206 2700 1253 2752 ut
1281 2730 1285 2755 ι

116 2766 172 2831 ista
182 2765 365 2845 improbitas,
377 2767 546 2847 improbare
556 2767 647 2827 verba
659 2786 732 2846 quae
744 2788 805 2827 non
817 2768 893 2828 aliud
905 2769 1059 2847 explicant,
1069 2788 1159 2849 quam
1169 2764 1253 2860 guod

118 2842 279 2923 Scripturis
305 2855 442 2903 testatum
463 2844 725 2927 consignatumque
751 2844 813 2905 est?
851 2844 947 2905 Satius
972 2846 1067 2920 soret,
1099 2844 1252 2923 inquiunt,

118 2940 181 2980 non
206 2920 298 2981 modo
329 2940 413 2981 sensa
443 2932 560 2995 nostra,
589 2920 639 2981 sed
659 2922 748 2981 verba
769 2921 854 2980 etiam
886 2922 963 2985 intra
983 2923 1153 3001 Scripturae
1177 2920 1253 2989 tim

119 2996 284 3070 continere,
304 3018 391 3075 quam
411 2999 636 3057 eroticasroces
655 3017 793 3077 spargere
833 3018 885 3059 uae
905 2998 1118 3057 dissensionum
1138 3016 1173 3055 ac
1190 2996 1254 3057 iur-
1278 3012 1283 3023 ·

119 3072 237 3155 giorum
255 3074 411 3135 seminaria
432 3074 529 3132 lutura
549 3074 615 3133 sint.
655 3074 706 3133 Sic
726 3074 803 3133 enim
811 3020 977 3157 languetur
997 3075 1073 3135 circa
1092 3072 1253 3135 verborum

139 3168 246 3231 ugnas:
265 3150 307 3209 sic
326 3149 433 3209 veritas
453 3150 623 3209 attercando·
647 3150 803 3210 amittitur:
823 3152 865 3211 sic
885 3152 988 3212 caritas
1009 3150 1111 3210 odiose
1130 3149 1254 3211 rixando

116 3170 295 3289 dissolvitur.
334 3225 367 3286 Si
386 3224 508 3285 verbum
529 3228 674 3286 eroticum
694 3227 857 3307 appellant,
877 3227 956 3307 quod
984 3227 1108 3287 totidem
1133 3224 1254 3305 syllabis

118 3301 316 3393 compositum
334 3303 366 3362 in
386 3302 539 3382 Scriptura
558 3303 673 3363 ostendi
699 3325 760 3362 non
787 3304 893 3383 possit,
917 3304 1046 3383 iniquam
1067 3323 1136 3363 sane
1155 3304 1254 3385 legem

118 3376 204 3441 aubis
223 3379 392 3457 imponunt,
410 3399 467 3458 qua
487 3379 641 3439 damnatur
653 3380 747 3441 omnis
765 3379 981 3459 interpretatio,
998 3399 1071 3459 quae
1082 3378 1256 3459 Scripturas

119 3466 260 3515 contextu
280 3475 342 3515 non
363 3456 593 3527 consarcinator.
641 3456 693 3515 Sin
715 3456 861 3517 exoticum
881 3456 952 3515 illud
973 3469 1017 3517 est
1037 3456 1117 3549 guod
1137 3458 1256 3519 curiose

118 3531 318 3612 excogitatum
337 3531 538 3611 superstitiose
559 3532 745 3608 defenditur,
786 3532 845 3591 uod
863 3532 900 3593 ad
920 3545 1143 3595 contentionem
1162 3534 1259 3615 magia'

120 3628 211 3689 quam
229 3606 265 3667 ad
284 3606 519 3671 aedificationem
530 3610 620 3685 valet,
642 3609 720 3687 quod
733 3554 783 3668 vel
799 3610 967 3688 importune
987 3610 1033 3670 vel
1053 3608 1135 3671 nullo
1156 3608 1257 3681 lructu

119 3695 292 3764 usurpatur,
324 3684 404 3764 quod
423 3707 473 3747 sua
498 3690 654 3765 asperitate
679 3686 740 3763 pias
759 3706 843 3746 aures
862 3686 1004 3760 ollendit,
1035 3685 1116 3767 quod
1135 3706 1152 3747 a
1170 3682 1258 3747 uerbi

118 3758 179 3819 Dei
197 3760 381 3853 simplicitate
391 3760 545 3823 abstrahit:
566 3781 670 3823 eorum
682 3761 870 3823 sobrietatem
890 3775 956 3823 toto
970 3764 1068 3823 animo
1080 3760 1260 3843 amplector.-

90 3838 96 3847 ‘
119 3835 191 3899 Nou
212 3857 290 3897 emm
310 3838 418 3899 minori
437 3838 583 3919 religione
603 3838 640 3896 de
660 3838 728 3903 Deo
748 3838 834 3899 nobis
861 3838 1040 3918 loquendum
1061 3861 1149 3919 quam
1169 3840 1257 3921 cogi-

119 3908 242 3993 tandum
262 3914 515 3995 sentiasquando
537 3927 568 3975 et
580 3912 719 3995 quicquid
733 3914 769 3974 de
790 3936 825 3977 eo
845 3936 863 3977 a
883 3917 974 3977 nohis
989 3917 1165 3998 cogitamus,
1182 3915 1261 3976 stul-

119 3999 182 4051 tum
203 4000 262 4066 cst,
284 4002 314 4051 et
333 3990 474 4071 quicquid
495 3991 657 4071 loquimur,
681 3990 829 4053 insulsum.
874 3992 928 4053 Est
950 4006 1048 4061 autem
1072 3994 1178 4055 modus
1203 3990 1261 4053 ali«

120 4064 188 4147 qpis,
205 4066 378 4129 serrandus:
397 4068 525 4147 petenda
545 4079 624 4129 certa
636 4088 670 4127 ex
685 4068 836 4159 scripturis
854 4081 885 4128 et
895 4070 1045 4151 cogitandi
1066 4082 1097 4131 et
1116 4068 1263 4149 loquendi

120 4130 240 4223 regula,
267 4142 305 4203 ad
316 4155 463 4279 ,guamet
489 4144 595 4215 mentis
615 4144 813 4224 cogitationes
833 4165 935 4207 omncs
957 4159 989 4211 et
1008 4146 1071 4215 oria
1087 4146 1179 4211 uerba
1197 4144 1261 4211 eai-

143 4230 239 4309 antur.
259 4219 320 4312 'Se
362 4220 433 4310 quid
446 4232 537 4295 vetat,
556 4223 813 4311 qstuminusguac.
826 4223 925 4313 captui
945 4234 1049 4284 nostro
1069 4222 1209 4305 perplexa
1227 4221 1262 4291 in

140 4364 143 4369 ,
178 4306 283 4377 spturu
302 4296 500 4379 impeditaque
518 4310 599 4380 sunt,
617 4317 653 4359 ea
668 4296 768 4379 verbis
786 4298 1164 4380 planioribuscuplieemus,
1182 4314 1262 4380 quae
