2700 4732
386 230 390 236 ·
458 274 465 289 ,
510 216 589 279 ute.
608 214 667 280 ΙΙΙ.
707 216 797 281 CAP.
815 217 879 279 XX.
1201 218 1259 281 127

119 371 224 425 tentor
241 359 304 421 indi
326 379 382 422 nos
398 379 431 422 re
451 379 515 422 esre
533 361 585 442 qui
604 362 779 443 impetrent,
797 360 854 423 uisi
872 361 956 423 neus
973 377 1090 423 cauum
1108 377 1126 422 ι
1142 376 1176 420 se
1193 357 1259 438 ipso

120 450 219 548 petat,
238 459 273 498 ac
292 461 314 499 n
339 438 347 497 i
367 437 505 499 exorandi
525 458 588 500 esse
608 438 744 499 fiduciam
765 459 798 499 ex
817 436 878 499 sola
896 437 957 497 Dei
975 447 1088 497 natura.

197 520 244 580 18
283 512 434 575 Habemus
459 514 598 595 quiequid
625 538 642 575 a
665 517 733 577 Deo
766 527 870 595 petere
895 515 1059 588 debemus,
1079 534 1114 572 ac
1134 512 1257 572 omnino

119 593 209 653 etiam
229 612 398 683 possumus,
430 591 607 671 descriptum
629 593 682 653 bac
704 592 847 667 formula,
881 602 912 651 et
931 590 1011 650 velut
1030 589 1136 649 orandi
1155 587 1259 670 regula

118 669 156 731 ab
178 688 197 729 ο
222 681 292 727 trmo
318 668 459 749 magistro
481 667 601 729 Christo
627 669 748 730 tradita:
774 689 860 747 quem
888 666 1147 737 nobisdocturem
1167 667 1259 725 Pater

117 688 278 829 praedicit,
305 756 334 804 et
354 764 441 823 quem
468 766 558 804 unum
579 743 735 804 auscultari
753 743 846 804 coluit
865 742 987 822 (lllattb.
1008 749 1060 808 17,
1075 745 1130 820 5.).
1180 741 1257 807 Nam

119 834 155 884 et
171 833 291 882 aeterna
312 821 373 880 eins
393 821 532 900 sapientia
552 842 668 912 semper
688 821 744 880 luit
762 822 835 899 (les.
848 828 896 895 11,
915 822 972 891 2.):
994 831 1024 879 et
1045 820 1134 878 lromo
1156 817 1257 892 sactus,

117 899 241 980 angelus
262 897 358 977 magui
378 897 492 956 consilii
513 898 784 957 bominibusrlatus
805 910 857 961 est.
906 899 944 955 llt
966 917 1002 954 ue
1028 895 1102 955 adeo
1129 896 1257 955 numeris

118 974 258 1036 ominibus
278 973 410 1034 absoluta
432 987 474 1033 est
495 975 565 1033 baec
586 977 698 1046 oratio,
724 985 756 1032 ut
776 974 914 1054 quicquid
935 918 977 1032 illi
997 985 1165 1032 extraneum
1185 971 1257 1032 alie·

118 1070 251 1130 numque
271 1050 403 1124 additur,
423 1051 502 1130 qnod
523 1051 559 1109 ad
581 1068 643 1111 eam
663 1050 769 1111 referri
789 1072 850 1110 non
873 1051 979 1129 possit,
1010 1049 1132 1128 impium
1153 1049 1206 1123 sit,
1225 1058 1257 1107 et

117 1128 273 1190 inclinum
299 1126 379 1204 quod
403 1148 419 1184 a
440 1127 507 1186 Deo
532 1127 684 1218 probetur.
735 1128 798 1188 llac
823 1128 900 1186 enim
927 1147 1037 1187 summa
1063 1123 1257 1206 praescripsit,
1338 1160 1341 1165 -

118 1146 242 1286 quidse
263 1202 399 1284 dignum,
430 1203 499 1282 quid
519 1205 575 1263 subi
595 1216 761 1296 acceptum,
794 1203 862 1281 quid
884 1202 1077 1262 necessarium
1098 1201 1186 1262 nobis
1206 1200 1255 1274 sit,

117 1280 191 1362 quid
210 1279 339 1359 denique
359 1280 524 1339 concedere
543 1283 605 1359 ipse
620 1281 699 1340 celet.
741 1279 944 1350 Quamobrem
958 1281 1007 1358 qui
1021 1278 1094 1338 ultra
1114 1277 1257 1370 progredi

117 1357 245 1428 audent,
271 1368 300 1416 et
326 1367 442 1435 practer
463 1355 533 1416 baec
555 1357 662 1436 aliquid
681 1377 696 1417 a
717 1357 784 1416 Deo
806 1354 972 1435 postulare,
992 1355 1116 1436 prirnurn
1137 1356 1255 1433 qurdcrn

115 1432 278 1515 sapientiae
296 1430 355 1491 Dei
377 1450 410 1490 ex
434 1453 488 1491 sno
509 1433 617 1492 addere
637 1432 741 1493 volunt
760 1433 856 1512 (qnod
876 1433 940 1491 sine
960 1432 1057 1491 insana
1079 1430 1256 1512 blasphemia

71 1542 74 1549 ·
116 1530 182 1571 esee
202 1530 264 1568 non
285 1510 409 1588 potest),
429 1509 535 1569 deinde
554 1511 608 1569 sub
629 1512 781 1571 voluntate
800 1509 859 1568 Dei
879 1529 940 1568 non
961 1528 992 1569 se
1013 1509 1182 1569 continent:
1202 1506 1254 1568 sed

116 1608 154 1649 ea
173 1597 361 1664 contempta,
392 1585 514 1666 longius,
530 1586 689 1666 cupiditate
709 1588 884 1667 evagantur.'
930 1584 1086 1644 Postremo
1107 1584 1256 1643 ntuttnn-

118 1685 206 1745 quam
227 1673 434 1740 assequentur,
455 1683 543 1739 quum
563 1666 626 1723 cine
646 1663 703 1722 lide
724 1674 821 1721 orent.
861 1660 942 1735 Quin
963 1681 1033 1720 vero
1054 1681 1156 1720 ornnes
1176 1661 1255 1720 eius·

117 1739 200 1801 modi
221 1739 370 1798 orationes
391 1740 462 1797 citra
485 1739 569 1796 fidem
591 1739 661 1798 liant
686 1739 758 1798 nibil
779 1749 825 1798 est
850 1737 984 1796 dubium:
1017 1736 1084 1816 quia
1106 1737 1151 1796 bic
1171 1737 1255 1796 abest

116 1816 239 1877 verbum
253 1814 321 1887 Dei,
362 1835 400 1875 uo
422 1814 476 1873 nisi
495 1815 566 1874 fides
585 1836 701 1895 semper
720 1816 834 1887 nititur,
845 1812 1023 1873 starenullo
1044 1813 1134 1873 modo
1147 1824 1254 1892 potest.

118 1892 186 1971 Qui
194 1912 264 1953 cero
281 1836 450 1983 poslbabita
471 1892 598 1972 magistri
618 1892 718 1973 regula
738 1892 885 1953 snirrotis
904 1889 1071 1971 indulgent,
1090 1911 1150 1948 non
1164 1890 1253 1949 modo

115 1966 211 2031 verbo
230 1967 288 2028 Des
308 1979 424 2041 carent,
454 1967 504 2028 sed
526 1980 666 2046 quantum
688 1970 768 2028 omni
789 1980 895 2028 conatu
916 1965 1034 2038 valent,
1054 1967 1253 2027 adversantur.

114 2045 279 2128 Eleganter
298 2063 371 2123 ergo
392 2064 452 2102 non
473 2044 567 2103 minus
589 2066 674 2123 quam
695 2066 764 2104 vere
784 2042 1040 2106 'l'ertullianus
1061 2043 1114 2122 [de
1135 2043 1202 2180 luga
1222 2043 1254 2103 in

118 2120 365 2203 persequutione]
386 2120 710 2195 legitimnmorntr'onem
730 2118 924 2201 nuncupavit:
945 2120 1126 2180 aliasomnes
1138 2140 1171 2179 er
1185 2139 1254 2201 eges

118 2212 150 2260 et
168 2198 285 2259 illicitas
305 2217 367 2257 esse
389 2198 477 2257 tacite
497 2197 636 2257 indicans.

193 2281 240 2340 19.
279 2273 361 2333 llaec
385 2274 423 2332 ita
452 2274 587 2333 nolumus
613 2273 721 2353 accipi,
753 2275 832 2352 quasi
865 2270 919 2335 bac
951 2270 1103 2353 precandi.
1125 2271 1252 2334 formula

113 2350 322 2432 astringamur,
352 2361 386 2409 ut
410 2370 464 2409 nec
486 2350 606 2409 verbum
632 2363 683 2410 aut
704 2349 844 2431 syllabam
869 2363 982 2411 mutare
1001 2352 1094 2411 liceat.
1142 2350 1254 2410 Multae

115 2428 196 2489 enim
218 2428 319 2507 passim
341 2425 370 2485 in
393 2426 551 2507 Scripturis
572 2427 710 2508 leguntur
731 2428 894 2502 orationes,
914 2427 1009 2488 serbis
1030 2426 1066 2486 ab
1087 2428 1141 2490 ista
1158 2428 1211 2505 lon
1236 2449 1252 2488 e

116 2505 264 2572 diversae,
282 2503 385 2562 eodem
407 2514 503 2563 tamen
526 2504 637 2583 Spiritu
658 2505 859 2582 conscriptae,
886 2517 916 2564 et
934 2525 1056 2583 quarum
1083 2528 1148 2566 usus
1168 2447 1253 2565 valde

114 2581 194 2643 utilis
215 2578 301 2639 nobis
322 2591 374 2640 est.
414 2581 524 2639 blultae
544 2581 580 2640 ab
602 2581 706 2640 eodem
724 2581 836 2661 Spiritu
857 2580 992 2641 fidelibus
1012 2583 1124 2641 assidue
1144 2601 1252 2673 sugge-

114 2669 237 2731 runtur,
268 2677 344 2736 quae
370 2654 526 2716 verborum
555 2657 742 2718 similitudine
768 2680 829 2719 non
854 2658 894 2721 ita
914 2660 1038 2716 multum
1059 2670 1252 2717 conveniunt.

114 2735 151 2795 Id
172 2733 309 2793 duntaxat
327 2733 370 2792 sic
396 2733 531 2792 docendo
558 2734 685 2814 agimus,
716 2755 754 2793 ne
780 2735 843 2813 quis
873 2735 996 2794 omnino
1022 2734 1099 2793 aliud
1121 2746 1252 2812 quaerat,

113 2831 162 2873 eus
185 2821 264 2871 ectet
295 2822 344 2869 aut
370 2809 516 2889 postulet,
542 2832 625 2889 quarn
676 2812 732 2869 uod
760 2811 811 2869 bac
831 2811 965 2870 oratione
984 2812 1148 2870 summatim
1170 2831 1252 2869 com·

113 2830 292 2968 prebensum
314 2897 372 2945 est:
398 2898 428 2944 et
447 2886 542 2947 verbis
568 2888 637 2946 licet
653 2833 868 2967 diversissimis,
893 2907 978 2945 sensu
1000 2898 1097 2944 tamen
1119 2908 1178 2945 non
1200 2908 1250 2945 va-

112 2965 198 3024 riet‘
221 2962 291 3036 Quo
313 2961 402 3021 modo
423 2983 542 3035 omnes,
563 2974 594 3021 et
614 2985 687 3041 quae
709 2966 737 3021 in
760 2965 823 3023 Scri
848 2963 918 3022 turis
940 2962 1101 3032 baberetur,
1125 2974 1156 3022 et
1176 2983 1250 3041 quae

114 3061 149 3101 ex
190 3039 224 3099 iis
244 3039 414 3118 pectoribus
432 3039 751 3130 prodeuntoratioucs,
772 3039 800 3097 in
823 2985 896 3098 banc
917 3039 1047 3099 conferri
1067 3051 1178 3098 certum
1196 3052 1250 3115 est,

112 3062 224 3177 uulllm
249 3135 319 3175 sane
343 3136 472 3194 reperire
493 3137 613 3194 usquam
635 3116 735 3188 liceat,
754 3128 835 3193 ‘quae
861 3116 943 3175 buius
965 3115 1249 3197 perfectionem'ae·

114 3212 216 3272 quare,
235 3193 344 3252 nedum
363 3212 501 3271 superare
522 3193 621 3270 possit.
660 3192 740 3250 Nihil
760 3192 809 3252 bic
829 3193 967 3253 omissum
988 3192 1129 3271 estquod
1150 3194 1179 3251 in
1191 3192 1249 3253 Dei
1331 3231 1335 3241 ι

112 3269 216 3329 laudes
235 3289 269 3329 co
294 3268 376 3342 itari,
401 3267 471 3326 nihil
492 3269 572 3346 quod
598 3267 709 3327 bomini
734 3290 789 3349 pro
809 3271 867 3329 suis
887 3270 1050 3329 commodis
1069 3270 1098 3327 in
1120 3280 1250 3329 mentem

112 3344 216 3408 venire
240 3289 358 3405 debeat:
392 3356 422 3403 et
447 3344 521 3404 adeo
543 3345 660 3424 quidem
688 3358 800 3420 exacte,
835 3359 867 3404 ut
891 3346 1027 3405 omnibus
1052 3344 1158 3405 merito
1183 3366 1249 3426 sper

112 3420 211 3482 ablata
229 3422 268 3482 sit
288 3421 390 3481 melius
409 3420 518 3500 aliquid
539 3420 681 3481 tentandi.
731 3421 766 3483 In
792 3442 904 3481 summa
930 3421 1149 3482 meminerimus
1173 3422 1248 3482 banc

112 3497 228 3559 divinae
248 3499 409 3578 sapientiae
431 3519 492 3556 esse
514 3496 686 3571 doctrinam,
708 3519 782 3578 quae
800 3499 882 3578 quod
896 3499 998 3573 voluit,
1020 3499 1135 3559 docuit:
1154 3499 1249 3559 voluit

94 3586 210 3637 'autem
230 3575 311 3654 quod
331 3594 449 3633 necesse
470 3574 534 3633 suit.

187 3657 236 3715 50.
278 3651 452 3728 Quanquam
466 3663 562 3709 autem
574 3671 659 3730 supra
679 3652 736 3709 iam
750 3650 916 3711 dictumest
931 3650 986 3728 (cl'.
1000 3673 1036 3711 ss.
1047 3657 1074 3716 7.
1086 3651 1249 3730 et27.sq.),

109 3727 231 3789 sublatis
250 3729 284 3787 ad
298 3728 395 3785 Deum
416 3726 519 3787 artioris
538 3747 654 3805 semper
673 3727 885 3805 suspicandum,
906 3740 936 3786 et
948 3726 1012 3787 sine
1031 3727 1249 3789 intermissione

109 3805 271 3867 orandum:
291 3803 410 3883 quando
430 3815 528 3861 tamen
550 3823 583 3861 ea
604 3815 704 3862 nostra
725 3815 768 3862 est
788 3803 980 3878 imbecillitas,
992 3824 1067 3883 quae
1079 3803 1177 3865 multis
1196 3805 1248 3865 ad-

107 3880 258 3951 miniculis
278 3879 451 3953 sustentari,
478 3878 501 3937 is
528 3892 628 3939 noster
655 3892 760 3957 torpor
780 3881 829 3958 qui
856 3881 1016 3941 calcaribus
1037 3883 1152 3942 excitari
1173 3902 1247 3961 opus

108 3957 233 4019 babeat:
257 3957 399 4017 convenit
424 3968 456 4014 ut
475 3956 530 4015 sibi
552 3957 675 4035 quisque
702 3969 835 4017 nostrum
856 3958 1071 4018 exercitationis
1089 3979 1175 4018 causa
1197 3980 1248 4036 pe·

110 4032 234 4094 culiares
255 4032 341 4092 boras
361 4032 536 4104 constituat,
557 4055 630 4111 quae
651 4053 712 4091 non
738 4033 800 4092 sine
825 4035 961 4094 oratioue
982 4034 1103 4095 eslluant
1123 4045 1153 4093 et
1172 4054 1248 4168 guae

107 4121 192 4170 tutos
211 4109 300 4169 animi
319 4109 442 4168 allectus
461 4111 491 4167 in
513 4109 569 4169 boc

107 4204 196 4245 mane
214 4186 374 4266 surgimus,
402 4197 557 4264 antequam
584 4131 716 4244 diurnam
743 4197 862 4264 'operam
886 4185 1089 4268 aggredimur,
1143 4209 1189 4246 um
1210 4187 1247 4247 ad

105 4273 223 4344 pastum
243 4261 467 4335 discumbimus,
488 4261 556 4321 dum
577 4261 634 4320 llei
654 4261 863 4324 benedictione
883 4263 960 4344 pasti
978 4284 1092 4339 sumus,
1120 4264 1188 4324 dum
1210 4264 1246 4324 ad

105 4340 238 4420 quietern
258 4358 318 4401 nos
331 4337 498 4419 recipimus.
537 4339 620 4402 Haec
638 4338 730 4402 ruodo
747 4338 789 4402 sit
807 4360 869 4402 non
887 4339 1089 4421 superstitiosa
1105 4339 1247 4403 bonarum
1315 4340 1331 4365 ·’

609 4110 875 4188 enitusoccupatos
895 4109 1038 4170 habeant:
1058 4131 1164 4247 nempe
1199 4132 1247 4170 nna
