2700 4732
102 201 143 265 di
480 192 556 257 itti.
575 191 633 255 ΙΙΙ.
672 192 762 257 CAP.
780 192 879 257 xvtt

104 340 196 422 „dum
215 339 353 403 iustitiam
373 358 484 415 meam,
501 350 534 400 et
551 336 713 401 secundum
729 338 933 401 innocentiam
951 355 1060 409 meam,
1079 352 1159 417 qnae
1174 348 1240 399 mut

105 421 159 497 „in
177 424 255 480 me.“
286 419 377 478 Item:
397 416 529 493 „Exaudi
538 416 620 475 Deus
640 414 778 477 iustitiam
788 436 893 477 meam.
917 414 1056 475 Probnsti
1068 432 1240 489 cormeum,

106 508 160 575 „et
182 495 304 557 visitasti
327 504 432 567 nocte,
464 504 496 555 et
518 514 581 551 non
602 504 646 552 est
671 494 791 553 inventa
814 494 845 552 in
870 512 918 551 me
937 492 1111 571 iniquitas.“
1148 490 1238 551 Item:

105 573 285 653 „Retribuct
302 571 374 631 mihi
393 569 539 631 Dominus
558 569 719 629 secuudum
739 571 878 629 iustitiam
897 589 1010 643 meam,
1030 578 1062 627 et
1080 566 1241 627 secundun

81 651 283 789 ¹„ppritatem
307 668 446 707 manuum
469 668 600 705 mearum
625 645 769 724 rependet
792 646 871 705 milri.
912 646 990 720 Quia
1014 642 1164 705 custodivi
1186 646 1241 707 viat

106 772 127 805 „
158 725 267 800 omini,
294 744 349 785 nec
369 725 406 783 im
430 724 457 783 ie
479 722 573 782 defeci
599 723 702 782 aDeo
727 742 806 789 meo.
845 723 884 782 Et
904 742 956 782 ero
976 720 1241 793 immaculatum

105 790 369 883 „observabolme
395 746 432 859 ab
458 798 611 877 iniquitate
630 803 725 857 mea.“
763 800 856 857 Item:
876 799 999 874 „ludica
1018 818 1084 873 me,
1102 797 1241 873 Domine,

104 880 266 960 „quoniam
285 879 316 937 in
336 876 507 937 innocentia
526 896 591 935 mea
611 873 763 935 ambulavi.
787 878 857 935 Non
876 876 938 936 sedi
958 874 1107 936 cumviris
1124 874 1242 935 menda·

104 958 220 1035 „cibus,
239 976 314 1016 cum·
326 953 425 1031 iniqua
437 951 608 1032 gerentibus
628 973 690 1011 nou
710 952 852 1012 introibo.
890 954 936 1012 Ne
949 950 1052 1033 perdas
1067 950 1242 1033 cumimpiis

104 1036 253 1112 „animum
271 1050 376 1101 meam,
387 1050 453 1088 cum
465 1028 536 1089 viria
555 1028 729 1109 sanguinum
739 1030 828 1089 vitam
843 1048 948 1088 meam.
985 1028 1022 1086 In
1035 1040 1167 1107 quorum
1184 1048 1242 1089 ιιιι·

105 1111 213 1188 „uibus
232 1107 404 1185 iniquitates
413 1117 496 1165 snut:
518 1104 772 1185 dexteraquorum
791 1104 904 1184 repleta
916 1104 1155 1165 estmuneribua.

106 1198 226 1265 „autem
255 1182 434 1242 innocenter
452 1180 627 1241 ambulavi.“
665 1180 733 1240 Dixi
759 1203 845 1261 supra
871 1183 908 1242 de
932 1180 1056 1255 fiducia,
1079 1200 1171 1260 quam
1188 1182 1242 1243 ari

105 1263 200 1325 sancti
218 1258 388 1339 simpliciter
412 1257 449 1317 ab
471 1258 612 1337 operibus
630 1278 747 1317 sumere
765 1259 912 1319 videntur.
960 1257 1047 1331 Quae
1065 1268 1168 1317 autem
1187 1258 1242 1321 bue
1286 1308 1288 1315 .

105 1334 480 1409 adduximus.testimonia,
499 1354 554 1395 nos
575 1354 636 1393 non
656 1333 741 1393 valde
757 1335 921 1414 impedient
938 1334 963 1393 si
982 1334 1147 1395 secuudum
1166 1356 1242 1397 auam

105 1422 276 1487 nantoacum,
294 1411 353 1471 hoc
371 1422 416 1471 est
426 1410 619 1507 complexum,
639 1411 686 1470 vel
697 1412 843 1494 (utvulgo
856 1411 1035 1491 loquuntur)
1053 1410 1244 1475 circumstan-

105 1493 177 1553 tiam
196 1489 386 1569 accipiantur.
406 1522 444 1534 —-
481 1489 524 1548 ba
571 1506 641 1548 orro
664 1487 769 1568 dupiex
794 1502 853 1549 est:
884 1509 951 1547 nam
976 1508 1032 1548 nec
1058 1487 1098 1545 de
1121 1487 1242 1569 ipsisin

105 1570 272 1630 uuiversum
293 1566 494 1644 quaestionem
519 1510 620 1625 haberi
638 1564 761 1639 volunt,
793 1577 826 1631 ut
852 1586 906 1644 pro
931 1564 1023 1624 totius
1043 1564 1120 1625 vitae
1139 1578 1243 1627 tenore

105 1644 153 1705 vel
173 1646 350 1704 damnentur
368 1640 417 1700 vel
437 1641 641 1715 absolvantur,
667 1640 719 1700 sed
744 1641 897 1721 specialem
919 1662 1034 1701 causam
1052 1641 1084 1700 iu
1104 1640 1243 1704 iudicium

106 1721 326 1802 disceptandam
346 1716 490 1777 afferunt:
519 1737 576 1778 nec
597 1717 712 1777 divinae
736 1718 926 1797 perfectionis
950 1729 1103 1798 respectu,
1132 1720 1187 1781 aed
1212 1738 1245 1779 ex

105 1797 312 1891 improborum
335 1815 370 1854 nc
395 1794 585 1855 scelestorum
606 1796 826 1874 comparatione
851 1795 990 1855 iustitiam
1016 1794 1074 1854 sibi
1092 1808 1242 1879 arrogant.

106 1876 238 1936 Primum
258 1893 348 1951 quum
368 1870 405 1929 de
426 1871 544 1931 homine
564 1870 748 1931 iustificando
768 1872 872 1952 agitur,
893 1882 1081 1931 nontautum
1095 1874 1243 1953 quaeritat

106 1964 142 2013 ut
161 1952 269 2012 bonam
290 1949 319 2008 iu
340 1967 372 2007 re
392 1948 489 2040 aliqpa
511 1947 680 2039 particulari
703 1968 820 2008 causam
844 1947 969 2023 habeat,
994 1948 1046 2008 aed
1069 1962 1242 2087 peqaetnap:

1134 2048 1183 2087 um

2 2042 5 2049 '
107 2028 253 2110 quandam
279 2037 342 2085 tota
366 2025 425 2085 vita
452 2036 577 2085 rustrtrae
601 2027 808 2105 symmetriam.
858 2025 949 2105 Atqui
973 2030 1084 2099 sancti,

106 2102 358 2184 comprobandam
377 2123 457 2162 suam
477 2102 675 2162 innocentiam
695 2102 754 2161 Dei
773 2101 911 2162 iudicium
932 2101 1107 2181 implorant,
1131 2124 1195 2165 nou
1210 2120 1241 2165 te

107 2184 188 2263 ipsos
200 2182 281 2240 omui
301 2198 377 2238 noxa
397 2177 509 2239 solutos
530 2191 561 2238 et
581 2177 663 2237 omni
683 2197 717 2237 ex
736 2190 821 2258 parte
840 2178 1004 2258 inculpatos
1025 2179 1175 2241 offerunt:
1193 2178 1242 2242 aed

106 2280 197 2340 quum
217 2257 247 2315 in
267 2255 330 2316 sola
350 2254 412 2315 eius
431 2255 566 2316 bonitate
577 2254 676 2315 salutis
695 2254 828 2315 fiduciam
843 2255 1005 2325 defixerint,
1023 2257 1128 2317 confisi
1148 2269 1244 2320 umen

107 2356 171 2397 esee
190 2332 335 2395 vindicem
354 2352 514 2425 pauperum
534 2344 653 2413 praeter
670 2332 714 2391 ius
735 2344 766 2390 et
778 2333 955 2411 aequitatem
966 2332 1158 2410 afflictorum,
1177 2354 1244 2417 pro·

8 2414 14 2422 '
106 2413 189 2473 fecto
209 2430 334 2485 causam,
352 2430 383 2469 ιιι
404 2431 460 2488 qua
481 2411 654 2471 innocentes
670 2408 888 2500 opprimuntur,
908 2409 950 2468 illi
970 2411 1191 2471 commendant.
1207 2444 1245 2461 --

106 2489 187 2549 Dum
206 2507 280 2547 vero
301 2505 332 2547 se
352 2507 418 2547 cnm
438 2487 608 2546 adversariis
627 2484 663 2546 ad
683 2484 811 2546 tribunal
829 2486 889 2545 Dei
907 2486 1028 2561 sistunt,
1046 2508 1111 2547 nou
1136 2490 1243 2551 iactant

105 2565 308 2627 innocentiam
328 2582 403 2642 quae
422 2562 481 2625 Dei
505 2563 626 2642 puritati
651 2582 826 2643 responsura
845 2564 897 2638 sit,
922 2565 945 2621 si
964 2583 1067 2624 severe
1086 2566 1243 2645 conquina-

105 2655 169 2704 tur:
190 2642 241 2702 sed
262 2640 330 2719 quin
349 2659 420 2719 prae
439 2641 671 2701 adversariorum
691 2638 809 2714 malitia,
829 2640 1028 2721 improbitate,
1047 2642 1173 2717 astutia,
1192 2660 1243 2701 ne-

128 2719 213 2794 uitia,
236 2717 451 2791 sinceritatem,
482 2718 638 2791 iustitiam,
660 2717 890 2796 simplicitatem,
919 2717 1138 2797 puritatemque
1164 2738 1244 2779 suan

106 2742 174 2857 Deo
197 2805 377 2873 compertam
396 2806 567 2875 gratamque
586 2813 648 2853 esse
668 2806 793 2866 norum,
819 2817 880 2853 non
901 2795 1096 2854 reformidant
1116 2794 1197 2855 iuter
1213 2814 1245 2856 ae

107 2886 138 2934 et
156 2873 222 2933 illos
242 2870 367 2930 iudicem
387 2871 535 2931 invocare.
574 2871 625 2930 Sic
646 2893 735 2950 quum
755 2870 849 2930 David
870 2871 951 2930 Sauli
971 2870 1089 2930 dicebat
1108 2871 1150 2951 (I.
1166 2873 1244 2933 Sam.

106 2956 157 3023 26,
175 2948 253 3025 Β).
279 2946 417 3021 „Reddat
434 2948 579 3007 Dominus
598 2947 696 3008 unicui
719 2968 756 3006 ue
774 2949 935 3007 secundum
954 2948 1092 3007 iustitiam
1114 2960 1147 3008 ct
1164 2948 1243 3009 veri-

106 3038 198 3085 tatem
219 3025 313 3099 eius,“
342 3044 404 3084 non
429 3024 616 3106 intelligebat
640 3036 674 3083 ut
698 2970 843 3084 Dominus
868 3044 1110 3105 unumquemque
1135 3045 1189 3105 per
1209 3044 1243 3089 ee

107 3103 285 3162 examinaret
304 3121 338 3161 ac
357 3112 561 3160 muneraretur
580 3122 635 3180 pro
656 3101 783 3159 meritis:
802 3100 852 3161 sed
864 3102 1027 3161 Dominum
1039 3102 1244 3179 attestabatur,

131 3190 216 3238 uanta
242 3189 318 3236 esset
342 3198 393 3237 aua
418 3177 586 3237 innocentia
615 3188 719 3256 praeut
744 3190 806 3236 erat
827 3178 920 3238 Saulis
943 3178 1089 3257 iniquitas.
1140 3179 1187 3240 Ae
1206 3200 1243 3240 ne

107 3200 217 3314 fanins
238 3252 371 3332 quidem,
402 3274 491 3332 quum
512 3254 564 3311 hac
584 3254 761 3334 gloriatione
785 3274 816 3314 se
837 3254 927 3313 iactat
946 3255 1001 3331 (ΙΙ.
1023 3256 1095 3316 Cor.
1116 3260 1243 3337 1,1·l.):

107 3328 209 3410 „quod
229 3328 341 3388 bonum
362 3330 469 3389 babeat
488 3332 685 3390 conscientiae
703 3331 913 3405 testimonium,
933 3351 1041 3391 secum
1058 3331 1245 3412 simplicitate

109 3420 139 3467 et
158 3406 328 3487 integritate
348 3418 492 3466 versatum
513 3427 575 3466 esse
596 3408 626 3466 iu
648 3409 869 3481 ecclesiaDci,“
889 3407 951 3468 vult
971 3410 1115 3470 eiusmodi
1135 3410 1243 3493 gloria·

107 3484 192 3544 tione
212 3481 291 3561 apud
310 3482 407 3542 Deum
427 3484 500 3542 niti:
525 3484 574 3542 sed
596 3495 715 3544 coactus
735 3484 893 3563 impiorum
914 3484 1082 3561 calumniis,
1102 3487 1192 3547 fidem
1209 3508 1242 3548 ae

108 3558 288 3641 probitatem
308 3580 399 3631 suam,
420 3581 506 3639 quam
519 3560 632 3619 divinae
651 3560 852 3641 indulgentiae
872 3574 1020 3654 acceptam
1043 3584 1107 3623 esse
1124 3564 1244 3639 sciebat,

107 3636 243 3697 adversus
264 3635 427 3713 quamlibet
445 3637 596 3697 bominum
615 3635 846 3697 maledicentiam
863 3651 973 3697 asserit.
1012 3640 1245 3702 Videmus-euim

109 3712 180 3792 quid
199 3710 269 3772 alibi
290 3712 383 3786 dicat,
402 3733 434 3774 se
454 3712 526 3773 nibil
546 3734 608 3774 esse
627 3714 683 3774 sibi
702 3713 778 3772 male
798 3716 962 3789 conscium,
982 3717 1032 3776 scd
1053 3737 1115 3776 nou
1135 3721 1168 3779 in
1189 3719 1245 3779 boc

107 3787 258 3848 iustificari
279 3787 318 3868 (Ι.
340 3788 412 3849 Cor.
431 3794 466 3863 4,
485 3793 538 3866 4.).
578 3790 657 3864 Quia
675 3791 788 3850 scilicet
807 3791 1007 3873 intelligebat,
1026 3793 1168 3855 indicium
1187 3795 1245 3855 Dei

109 3865 264 3925 bumanam
297 3864 503 3946 lippitudinem
528 3866 618 3948 longe
647 3866 864 3929 transcendere.
919 3870 1077 3950 Utcunque
1103 3891 1176 3965 ergo
1201 3871 1244 3965 pii

110 3954 214 4007 ..ntra
233 3941 393 4021 impiorum
414 3943 580 4022 hypocrisin
600 3966 680 4004 suam
700 3945 898 4005 innocentiam
909 3945 977 4007 Deo
997 3959 1074 4006 teste
1094 3969 1129 4009 ac
1147 3949 1245 4010 rudrce

109 4018 284 4092 defendant,
303 4020 354 4077 ubi
372 4030 473 4078 tamen
493 4042 558 4079 cum
578 4020 642 4081 solo
652 4021 721 4081 Deo
742 4041 779 4079 ue
802 4023 894 4081 otium
915 4037 968 4095 est,
985 4024 1092 4083 ¹omnes
1108 4046 1169 4085 uno
1190 4044 1245 4087 ore

107 4094 249 4155 clamant:
269 4095 324 4169 „Si
342 4095 526 4174 iniquitatem
547 4096 759 4174 observaveris,
778 4041 925 4173 Dourine,
947 4100 1078 4160 Domine
1100 4102 1163 4181 quis
1183 4124 1246 4165 sus·

108 4170 277 4247 „tinebit?“
321 4172 411 4231 Item:
441 4173 507 4245 „Ne
533 4175 706 4256 ingrediaris
736 4177 767 4234 in
791 4176 929 4237 iudicium
957 4199 1022 4238 cum
1053 4180 1148 4241 servis
1174 4182 1245 4240 tuis:

107 4247 199 4330 „quia
216 4267 280 4309 non
296 4247 503 4314 iustificabitur
526 4250 559 4313 in
578 4263 740 4333 conspectu
766 4264 820 4315 tuo
844 4255 939 4319 omnis
958 4254 1097 4319 vivens:“
1126 4255 1246 4339 suisque
