2596 4726
401 195 476 255 bili.
497 196 536 255 11.
577 196 668 259 CAP.
688 198 713 257 l.
877 210 901 251 ο
1112 202 1170 263 1⁶7

99 346 128 404 fl.
163 338 315 399 Audi-us
334 338 373 399 lta
393 340 423 399 ln
443 340 519 400 filios
537 339 693 401 transmitti
711 350 867 421 parentum
887 340 1110 415 immunditiem,
1130 351 1164 400 ot

46 436 127 477 mnes
145 414 220 476 citra
240 415 330 475 ullam
351 418 575 497 exceptionem,
592 439 644 478 sua
663 417 780 499 origine
798 418 858 477 sint
876 418 906 475 iu
928 418 1029 478 uincti.
1068 417 1164 477 liuius

47 504 122 555 utem
142 491 318 572 pollutionis
338 514 400 553 oon
420 494 586 572 reperietur
610 494 779 564 exordium,
808 493 865 553 nisi
888 438 926 553 ad
953 494 1079 573 primum
1099 513 1163 552 om-

48 571 104 635 ium
123 580 290 649 pareutem,
309 582 447 648 tauquam
467 569 504 629 ad
524 570 638 629 iontem
656 570 848 631 ascendimus.
886 568 932 631 lta
951 582 1032 629 certe
1052 569 1163 629 baben-

49 666 93 704 uru
128 656 191 719 est,
225 645 316 705 luisse
345 644 489 707 Adaruum
518 645 661 706 humanae
690 659 814 739 patricae
847 666 907 706 oon
939 646 1163 726 progenitorem

47 722 131 796 rodo,
148 720 201 781 sed
221 721 305 800 quasi
325 723 469 795 radicem,
496 735 586 803 atque
606 722 674 783 ideo
695 744 725 781 ιιι
746 722 822 781 illins
842 724 1034 801 corruptione
1055 722 1161 781 merito

47 798 156 858 itiatum
178 798 268 857 foisse
289 797 440 857 bominum
460 818 563 880 genus.
622 799 714 873 Quod
740 818 774 858 ex
798 797 875 857 illius
896 811 926 857 et
946 798 1057 857 (Ihristi
1078 818 1160 858 corn-

46 875 176 934 aratione
202 874 324 966 planpm
351 874 421 935 iacit
444 875 607 955 Apostolos
630 876 733 954 (Rom.
753 882 783 946 5,
807 882 854 938 12.
875 878 948 953 sq.):
988 875 1161 948 „Quemad-

47 950 165 1009 modum
184 953 312 1029 (iuquit)
332 970 387 1032 per
405 972 494 1011 unum
515 952 664 1010 hominem
684 964 835 1031 peccatum
856 951 974 1009 intravit
994 950 1023 1009 iu
1044 950 1173 1027 senivor-¹

47 1048 106 1086 sum
126 1027 270 1086 mundum
290 1039 321 1087 et
340 1046 394 1107 per
411 1040 563 1107 peceatum
583 1049 676 1088 mors:
698 1048 772 1106 quae
793 1031 821 1086 in
835 1047 937 1086 omnes
950 1025 1160 1105 homiuesper-

47 1114 158 1183 uagata,
177 1103 298 1181 quando
317 1124 421 1164 omnes
439 1117 648 1183 peccaverunt:
669 1105 710 1163 ita
732 1124 786 1183 per
804 1104 926 1185 gratiam
947 1102 1058 1165 Christi
1079 1103 1161 1160 iusti-

47 1181 80 1239 tia
101 1192 134 1238 et
152 1181 212 1238 vita
231 1178 319 1239 nobis
338 1182 470 1240 restituta
500 1184 575 1240 est.“
634 1182 716 1255 Quid
749 1179 797 1237 hic
827 1180 958 1259 garrient
994 1179 1161 1257 pelagiani?

48 1268 173 1315 seratum
194 1256 278 1313 Adae
297 1256 461 1316 imitatione
475 1277 572 1348 propa
596 1258 693 1315 atum?
723 1257 846 1334 Ergone
867 1278 899 1313 ex
921 1254 1032 1314 Christi
1051 1257 1158 1312 iustitia

48 1332 93 1393 hit
113 1330 196 1391 aliod
215 1330 400 1411 proficimus,
428 1335 483 1393 uisa
509 1276 595 1411 qumi
612 1330 775 1413 exemplum
795 1332 882 1391 nobis
902 1332 1000 1391 estad
1021 1331 1157 1389 imitatio-

48 1428 86 1467 un
111 1409 319 1486 propositum?
359 1408 436 1482 Quis
460 1421 572 1470 tanturn
596 1408 781 1488 sacrilegium
807 1407 901 1468 serat?
943 1408 1059 1481 Quodsi
1081 1418 1160 1466 extra

48 1484 255 1544 annovera-iam
276 1497 334 1555 est,
366 1486 477 1545 Christi
504 1488 640 1546 iustitiam
660 1484 929 1544 communicatione
948 1495 1078 1542 nostram
1099 1502 1161 1541 esse

48 1580 105 1620 :ex
126 1580 161 1619 ea
184 1561 288 1620 vitam:
308 1562 393 1621 sirnul
406 1564 572 1637 corrficitur,
591 1577 747 1640 utramque
765 1561 806 1620 ita
827 1562 856 1619 in
877 1560 969 1619 Adana
992 1558 1159 1638 luisseper-

50 1649 121 1711 ιιιιι,
141 1649 176 1695 ιιι
195 1637 225 1695 in
239 1636 357 1697 Christo
377 1651 582 1718 recuperetur:
603 1651 757 1718 peccatum
776 1656 851 1697 vcro
871 1649 901 1693 et
915 1648 1041 1695 mortem
1054 1637 1093 1693 ita
1107 1654 1160 1713 per

48 1713 113 1771 dam
133 1714 318 1804 obrepsisse,
337 1727 370 1773 ιιι
389 1735 443 1794 per
465 1715 615 1774 Christum
634 1714 818 1775 aboleantur.
857 1714 926 1773 Nou
947 1725 1015 1771 susat
1035 1712 1160 1770 obscura

48 1789 125 1861 seba,
156 1789 307 1849 iustificari
327 1790 435 1851 multos
455 1814 509 1872 per
534 1788 642 1851 Christi
668 1790 881 1861 obedientiam,
912 1787 1158 1867 quemadmodum

48 1886 72 1925 er
90 1866 178 1925 Adae
196 1866 428 1926 inobedientiam
448 1880 619 1946 peccatores
640 1869 757 1927 socrant
770 1864 922 1927 constituti
933 1864 1035 1941 (l'ronu
1047 1871 1076 1929 5.
1087 1862 1158 1938 19.).

48 1944 153 2022 leoque
173 1947 325 2004 intereos
344 1944 417 2005 duos
437 1945 512 2004 hanc
531 1966 594 2005 esse
619 1944 810 2014 relationem,
843 1940 923 2019 qrrnd
950 1939 997 1997 hir.
1022 1960 1076 1998 nos
1103 1957 1157 1999 suo

49 2020 107 2079 itio
128 2020 281 2079 involutos
299 2040 398 2080 seeum
418 2023 558 2100 perdidit:
590 2022 639 2080 ilic
659 2039 714 2079 nos
733 2040 783 2079 sua
804 2018 898 2101 gmtia
917 2018 948 2077 in
967 2016 1090 2075 salutem
1111 2033 1158 2072 re·

49 2096 122 2155 ituit.
151 2095 260 2155 lutarn
281 2098 430 2176 perspicua
452 2098 668 2173 luceucritatis,
687 2095 760 2155 nihil
780 2095 919 2178 longiore
940 2091 984 2153 vel
1006 2090 1097 2171 magis
1117 2091 1157 2148 la·

49 2172 141 2231 otiosa
159 2172 339 2251 probatione
368 2196 442 2252 opus
472 2195 535 2233 esse
560 2175 698 2235 arbitror.
758 2174 809 2230 Sic
840 2170 875 2231 ad
903 2168 1078 2231 Corinthios
1106 2168 1158 2246 (h,

49 2250 161 2326 h‘tt),
180 2270 271 2327 quum
292 2250 322 2306 in
343 2252 565 2310 resurrectionis
586 2250 762 2310 fiduciavult
775 2249 839 2328 pios
851 2248 1037 2315 confirmare,
1057 2255 1157 2303 osten·

49 2337 66 2384 ,ι
85 2327 251 2404 recuperari
270 2329 302 2384 in
328 2326 447 2387 Christo
474 2328 581 2402 vitam,
614 2348 689 2406 quae
721 2326 751 2385 iu
781 2324 874 2383 Adam
906 2322 1023 2400 perdita
1053 2321 1156 2380 iuerat.

49 2402 87 2461 tui
117 2422 171 2461 nos
197 2422 301 2462 omnes
331 2404 362 2462 in
392 2404 487 2464 Adam
512 2417 646 2464 mortuos
679 2422 740 2463 esse
771 2401 959 2481 pronuntiat,
987 2400 1042 2459 iam
1071 2396 1156 2457 sinml

49 2488 123 2538 reete
139 2498 263 2557 quoque
282 2490 420 2556 testatur,
445 2481 559 2559 peccati
579 2478 646 2539 labe
666 2498 729 2539 esse
748 2478 915 2569 implicitos.
952 2476 1058 2553 Neque
1078 2474 1157 2533 enirn

49 2558 117 2616 leos
129 2554 301 2633 perveniret
314 2557 471 2630 damnatio,
510 2558 539 2614 ui
559 2555 638 2616 nulla
657 2556 816 2635 iniquitatis
835 2553 920 2633 culpa
932 2553 1157 2633 attingerentur.

49 2631 78 2691 td
97 2632 207 2691 clarius
227 2632 354 2711 intelligi
374 2634 442 2711 quid
463 2578 543 2708 velit,
564 2654 650 2712 quarn
671 2653 704 2692 ex
723 2632 841 2693 alterius
861 2629 985 2688 membri
1002 2627 1157 2699 relatione,

50 2730 77 2769 m
97 2719 210 2787 potest,
229 2708 280 2767 ubi
299 2730 381 2788 ιρειιι
401 2710 477 2769 uitae
496 2712 660 2769 restitutam
680 2710 710 2767 in
732 2709 851 2768 Christo
870 2707 967 2765 doret.
1006 2705 1084 2763 Satis
1104 2726 1156 2761 au-

50 2806 76 2843 m
96 2786 202 2857 scitur,
223 2785 295 2842 illud
315 2806 376 2843 non
397 2786 482 2844 aliter
502 2788 574 2862 lieri,
594 2806 678 2865 quarn
700 2786 750 2846 nbi
770 2783 893 2842 mirifica
919 2782 967 2840 illa
993 2779 1157 2840 eornurnni-

53 2862 138 2921 tione
159 2861 289 2921 iustitiae
308 2882 377 2921 snae
397 2864 455 2921 vim
476 2862 504 2921 io
526 2885 581 2924 nos
601 2863 735 2923 Christus
753 2860 944 2921 transfundit:
966 2857 1155 2935 quemadmo-

50 2960 86 2997 ιιι
105 2938 181 2996 alibi
207 2937 362 3011 scribitur,
391 2938 534 3018 Spiritum
559 2939 646 2999 nobis
670 2939 757 2998 uitam
782 2956 844 2995 esse
870 2945 994 3015 propter
1017 2932 1155 3019 iustitiam

50 3018 118 3073 lom.
139 3016 264 3091 8,1θ.).
303 3016 386 3095 Ergo
406 3036 502 3094 neque
522 3016 607 3075 aliter
630 3014 818 3093 interpretari
838 3013 907 3071 lieet
933 3010 1013 3089 quod
1039 3008 1156 3095 dieitur,

50 3112 75 3151 ts
92 3092 122 3149 in
143 3091 242 3149 Adam
260 3104 394 3152 mortuos
414 3111 494 3168 esse,
524 3114 610 3171 qnam
631 3092 710 3171 quod
730 3091 794 3170 ipse
819 3089 985 3168 peccando,
1014 3105 1075 3143 non
1100 3083 1155 3171 sibe

50 3180 130 3225 ιιιιιιιι
152 3166 266 3226 cladem
287 3190 320 3226 ac
341 3168 452 3226 ruinani
474 3170 587 3243 ascivit,
606 3171 656 3228 sed
679 3179 812 3226 naturam
836 3184 955 3244 quoque
975 3174 1104 3221 nostram
1125 3180 1155 3216 m

51 3244 111 3303 nile
130 3244 334 3323 praecipitavit
354 3246 480 3304 exitium.
530 3244 634 3324 Neque
656 3245 686 3303 id
705 3266 758 3304 suo
781 3243 865 3301 unius
884 3240 967 3315 vitio,
988 3238 1067 3327 qnod
1082 3236 1154 3294 nihil

51 3322 59 3379 Ι
76 3342 130 3381 nos
148 3322 307 3398 pertineat:
329 3322 379 3379 sed
401 3321 539 3401 quoniam
559 3322 724 3382 uuiversum
743 3340 827 3380 snum
840 3339 952 3391 semen,
972 3336 1005 3373 ea
1024 3336 1053 3371 ιιι
1068 3334 1155 3401 quum

52 3420 114 3474 psus
134 3410 198 3456 crat
218 3396 374 3457 vitiositate
395 3398 504 3456 inlesit.
556 3400 620 3457 Nec
651 3418 721 3455 vero
748 3396 833 3455 aliter
857 3405 947 3455 staret
970 3390 1041 3449 illud
1060 3388 1155 3478 Pauli²

51 3485 125 3531 atera
157 3494 262 3532 ornares
293 3495 356 3533 esse
387 3475 446 3532 irae
478 3475 563 3547 lilios,
595 3475 651 3533 nisi
679 3476 734 3532 iam
765 3472 881 3549 inipso
902 3482 987 3529 utero
1008 3467 1154 3525 maledicta

51 3562 116 3607 ΜΝ
135 3550 229 3627 (liph.
248 3555 278 3621 ⁶2,
296 3551 350 3624 3.).
390 3553 527 3609 Naturam
547 3572 619 3609 vero
638 3552 698 3609 illic
717 3548 826 3621 notari,
856 3568 917 3605 raon
939 3544 1029 3622 qualis
1050 3564 1065 3602 a
1085 3543 1153 3629 Deo

51 3624 136 3685 sedita
158 3640 213 3701 est,
231 3626 284 3685 sed
304 3640 337 3685 ut
357 3627 385 3684 in
398 3627 489 3685 helam
511 3626 607 3686 vitiata
629 3627 695 3701 luit,
713 3626 799 3683 facilc
824 3624 986 3704 colligitur:
1011 3621 1078 3697 quia
1099 3638 1153 3674 nu-

51 3700 351 3763 inconsentaneum
372 3717 461 3773 esset,
482 3704 578 3762 licum
600 3703 661 3762 {ieri
682 3702 784 3761 mortis
804 3712 964 3760 auctorem.
1005 3698 1054 3754 Sic
1079 3712 1153 3783 crgo

51 3780 204 3858 tcorrnpit
223 3780 329 3853 Adam,
349 3792 382 3838 ut
400 3780 435 3839 ab
457 3802 493 3839 eo
514 3781 663 3839 transierit
681 3780 710 3839 iu
729 3790 824 3837 totam
849 3775 985 3836 sobolem
1005 3783 1153 3850 contagio.

51 3856 100 3915 etis
118 3856 204 3939 ctiam
226 3856 305 3915 clare
326 3857 498 3935 pronuntiat
518 3858 654 3917 eoelestis
673 3856 736 3944 ipse
757 3854 841 3912 iudex
871 3850 1020 3921 Christus,
1050 3866 1153 3906 omnes

53 3952 124 3993 ravos
144 3944 173 3993 et
192 3932 316 3993 vitiosos
335 3934 426 4009 nasei,
447 3935 497 3993 ubi
518 3936 621 4006 docet,
639 3931 777 4011 quicquid
798 3930 931 4011 genitum
943 3939 985 3985 est
1006 3946 1039 3982 er
1056 3942 1153 3992 carne,

51 4028 134 4067 ernrru
155 4032 234 4081 esse,
267 4012 395 4088 ideoque
415 4011 551 4071 onmihus
570 4011 696 4070 clausam
716 4028 778 4069 esse
796 4009 873 4069 vitae
896 4005 1028 4075 ianuam,
1059 4000 1154 4058 doruu

51 4086 143 4165 egerriti
164 4088 277 4144 luerint
296 4086 416 4163 (loaun.
436 4092 465 4158 3,
484 4092 537 4153 (hl.

97 4170 123 4227 7.
160 4165 269 4241 Neque
289 4163 325 4222 ad
347 4164 408 4222 eius
427 4164 469 4222 rei
490 4162 713 4242 intelligentiam
739 4160 903 4219 necessaria
927 4158 1074 4215 estensis
1095 4154 1151 4210 dis-

52 4243 148 4311 olatiu,
174 4260 253 4319 quac
273 4251 390 4298 veteres
408 4260 468 4297 nou
488 4263 591 4319 parum
613 4239 711 4298 torsit:
742 4260 779 4297 au
798 4236 849 4294 filii
868 4235 962 4295 anima
982 4254 1016 4289 ex
1036 4229 1156 4319 traduce

55 4324 157 4376 ateruae
177 4320 298 4376 nrdnrae
317 4317 442 4391 oriatur,
461 4319 541 4396 quod
561 4319 591 4375 iu
613 4338 645 4374 ea
666 4315 848 4394 potissimum
868 4313 930 4371 lues
950 4308 1083 4368 resideat.
1109 4306 1156 4363 bo
