<?xml version="1.0" encoding="UTF-8"?>
<!DOCTYPE html PUBLIC "-//W3C//DTD XHTML 1.0 Transitional//EN"
    "http://www.w3.org/TR/xhtml1/DTD/xhtml1-transitional.dtd">
<html xmlns="http://www.w3.org/1999/xhtml" xml:lang="en" lang="en">
 <head>
  <title>
</title>
<meta http-equiv="Content-Type" content="text/html;charset=utf-8" />
  <meta name='ocr-system' content='tesseract 3.04.00' />
  <meta name='ocr-capabilities' content='ocr_page ocr_carea ocr_par ocr_line ocrx_word'/>
</head>
<body>
  <div class='ocr_page' id='page_1' title='image "./ioanniscalvinii02tholgoog/ioanniscalvinii02tholgoog_0017.png"; bbox 0 0 2700 4732; ppageno 0'>
   <div class='ocr_carea' id='block_1_1' title="bbox 101 222 788 295">
    <p class='ocr_par' dir='ltr' id='par_1_1' title="bbox 101 222 788 295">
     <span class='ocr_line' id='line_1_1' title="bbox 101 222 788 295; baseline -0.016 0"><span class='ocrx_word' id='word_1_1' title='bbox 101 234 134 295; x_wconf 70' lang='lat' dir='ltr'><strong>d·</strong></span> <span class='ocrx_word' id='word_1_2' title='bbox 287 245 292 251; x_wconf 86' lang='lat'><em>·</em></span> <span class='ocrx_word' id='word_1_3' title='bbox 345 262 348 273; x_wconf 91' lang='lat'><em>·</em></span> <span class='ocrx_word' id='word_1_4' title='bbox 553 222 788 287; x_wconf 72' lang='lat' dir='ltr'><strong>ennnrsrlo</strong></span> 
     </span>
    </p>
   </div>
   <div class='ocr_carea' id='block_1_2' title="bbox 23 366 1271 4485">
    <p class='ocr_par' dir='ltr' id='par_1_2' title="bbox 23 366 1271 4131">
     <span class='ocr_line' id='line_1_2' title="bbox 105 366 1240 475; baseline -0.011 -21"><span class='ocrx_word' id='word_1_5' title='bbox 105 392 242 454; x_wconf 90' lang='lat' dir='ltr'><strong>constet</strong></span> <span class='ocrx_word' id='word_1_6' title='bbox 266 374 301 450; x_wconf 92' lang='lat' dir='ltr'><strong>in</strong></span> <span class='ocrx_word' id='word_1_7' title='bbox 323 374 423 451; x_wconf 85' lang='lat' dir='ltr'><strong>terris</strong></span> <span class='ocrx_word' id='word_1_8' title='bbox 443 370 676 462; x_wconf 79' lang='lat' dir='ltr'><strong>incolumitas,</strong></span> <span class='ocrx_word' id='word_1_9' title='bbox 703 369 886 475; x_wconf 92' lang='lat' dir='ltr'><strong>quomodo</strong></span> <span class='ocrx_word' id='word_1_10' title='bbox 911 399 1011 447; x_wconf 87' lang='lat' dir='ltr'><strong>suam</strong></span> <span class='ocrx_word' id='word_1_11' title='bbox 1038 366 1240 471; x_wconf 89' lang='lat' dir='ltr'><strong>dignitatern</strong></span> 
     </span>
     <span class='ocr_line' id='line_1_3' title="bbox 104 489 1238 595; baseline -0.01 -22"><span class='ocrx_word' id='word_1_12' title='bbox 104 494 174 573; x_wconf 88' lang='lat' dir='ltr'><strong>Dei</strong></span> <span class='ocrx_word' id='word_1_13' title='bbox 198 494 325 572; x_wconf 84' lang='lat' dir='ltr'><strong>veritas</strong></span> <span class='ocrx_word' id='word_1_14' title='bbox 356 492 519 581; x_wconf 87' lang='lat' dir='ltr'><strong>retineat,</strong></span> <span class='ocrx_word' id='word_1_15' title='bbox 553 489 737 595; x_wconf 92' lang='lat' dir='ltr'><strong>quomodo</strong></span> <span class='ocrx_word' id='word_1_16' title='bbox 768 518 915 593; x_wconf 88' lang='lat' dir='ltr'><strong>regnum</strong></span> <span class='ocrx_word' id='word_1_17' title='bbox 940 489 1080 564; x_wconf 87' lang='lat' dir='ltr'><strong>Christo</strong></span> <span class='ocrx_word' id='word_1_18' title='bbox 1105 503 1238 562; x_wconf 87' lang='lat' dir='ltr'><strong>sartum</strong></span> 
     </span>
     <span class='ocr_line' id='line_1_4' title="bbox 104 603 1242 717; baseline -0.008 -29"><span class='ocrx_word' id='word_1_19' title='bbox 104 629 307 717; x_wconf 84' lang='lat' dir='ltr'><strong>tectumque</strong></span> <span class='ocrx_word' id='word_1_20' title='bbox 336 611 427 686; x_wconf 91' lang='lat' dir='ltr'><strong>inter</strong></span> <span class='ocrx_word' id='word_1_21' title='bbox 456 638 521 684; x_wconf 91' lang='lat' dir='ltr'><strong>nos</strong></span> <span class='ocrx_word' id='word_1_22' title='bbox 548 624 693 684; x_wconf 89' lang='lat' dir='ltr'><strong>maneat.</strong></span> <span class='ocrx_word' id='word_1_23' title='bbox 761 609 876 711; x_wconf 80' lang='lat' dir='ltr'>Digna</span> <span class='ocrx_word' id='word_1_24' title='bbox 908 636 964 682; x_wconf 86' lang='lat' dir='ltr'><strong>res</strong></span> <span class='ocrx_word' id='word_1_25' title='bbox 993 603 1135 681; x_wconf 86' lang='lat' dir='ltr'><strong>auribus</strong></span> <span class='ocrx_word' id='word_1_26' title='bbox 1162 603 1242 693; x_wconf 86' lang='lat' dir='ltr'><strong>tuis,</strong></span> 
     </span>
     <span class='ocr_line' id='line_1_5' title="bbox 43 721 1241 839; baseline -0.01 -31"><span class='ocrx_word' id='word_1_27' title='bbox 43 830 47 839; x_wconf 29' lang='grc' dir='ltr'><strong><em>Ι</em></strong></span> <span class='ocrx_word' id='word_1_28' title='bbox 106 729 212 835; x_wconf 91' lang='lat' dir='ltr'><strong>digna</strong></span> <span class='ocrx_word' id='word_1_29' title='bbox 234 749 295 806; x_wconf 89' lang='lat' dir='ltr'><strong>tua</strong></span> <span class='ocrx_word' id='word_1_30' title='bbox 320 727 538 833; x_wconf 83' lang='lat' dir='ltr'><strong>cognitione,</strong></span> <span class='ocrx_word' id='word_1_31' title='bbox 563 724 667 829; x_wconf 91' lang='lat' dir='ltr'><strong>digna</strong></span> <span class='ocrx_word' id='word_1_32' title='bbox 691 742 754 800; x_wconf 91' lang='lat' dir='ltr'><strong>tuo</strong></span> <span class='ocrx_word' id='word_1_33' title='bbox 772 723 949 800; x_wconf 86' lang='lat' dir='ltr'><strong>tribunali.</strong></span> <span class='ocrx_word' id='word_1_34' title='bbox 999 721 1180 826; x_wconf 86' lang='lat' dir='ltr'><strong>Siquidem</strong></span> <span class='ocrx_word' id='word_1_35' title='bbox 1196 726 1241 797; x_wconf 74' lang='lat' dir='ltr'><strong>&#39;et</strong></span> 
     </span>
     <span class='ocr_line' id='line_1_6' title="bbox 105 838 1244 952; baseline -0.013 -25"><span class='ocrx_word' id='word_1_36' title='bbox 105 858 231 928; x_wconf 71' lang='lat' dir='ltr'><strong>uerum</strong></span> <span class='ocrx_word' id='word_1_37' title='bbox 250 877 369 952; x_wconf 87' lang='lat' dir='ltr'><strong>regem</strong></span> <span class='ocrx_word' id='word_1_38' title='bbox 395 848 484 921; x_wconf 89' lang='lat' dir='ltr'><strong>haec</strong></span> <span class='ocrx_word' id='word_1_39' title='bbox 497 843 661 947; x_wconf 78' lang='lat' dir='ltr'><strong>cogitatio</strong></span> <span class='ocrx_word' id='word_1_40' title='bbox 686 842 777 930; x_wconf 79' lang='lat' dir='ltr'><strong>lacit,</strong></span> <span class='ocrx_word' id='word_1_41' title='bbox 801 870 991 945; x_wconf 76' lang='lat' dir='ltr'><strong>agnoscere</strong></span> <span class='ocrx_word' id='word_1_42' title='bbox 1016 871 1054 917; x_wconf 90' lang='lat' dir='ltr'><strong>se</strong></span> <span class='ocrx_word' id='word_1_43' title='bbox 1078 839 1115 914; x_wconf 89' lang='lat' dir='ltr'><strong>iu</strong></span> <span class='ocrx_word' id='word_1_44' title='bbox 1141 838 1244 942; x_wconf 89' lang='lat' dir='ltr'><strong>regni-</strong></span> 
     </span>
     <span class='ocr_line' id='line_1_7' title="bbox 106 956 1244 1062; baseline -0.01 -18"><span class='ocrx_word' id='word_1_45' title='bbox 106 964 404 1044; x_wconf 87' lang='lat' dir='ltr'><strong>administratione</strong></span> <span class='ocrx_word' id='word_1_46' title='bbox 428 962 495 1038; x_wconf 90' lang='lat' dir='ltr'><strong>Dei</strong></span> <span class='ocrx_word' id='word_1_47' title='bbox 521 962 725 1040; x_wconf 80' lang='lat' dir='ltr'><strong>ministrum.</strong></span> <span class='ocrx_word' id='word_1_48' title='bbox 784 964 861 1036; x_wconf 87' lang='lat' dir='ltr'><strong>Nec</strong></span> <span class='ocrx_word' id='word_1_49' title='bbox 898 962 968 1035; x_wconf 88' lang='lat' dir='ltr'><strong>iam</strong></span> <span class='ocrx_word' id='word_1_50' title='bbox 999 986 1148 1062; x_wconf 89' lang='lat' dir='ltr'><strong>regnum</strong></span> <span class='ocrx_word' id='word_1_51' title='bbox 1171 956 1244 1049; x_wconf 93' lang='lat' dir='ltr'><strong>ille,</strong></span> 
     </span>
     <span class='ocr_line' id='line_1_8' title="bbox 107 1074 1242 1181; baseline -0.01 -20"><span class='ocrx_word' id='word_1_52' title='bbox 107 1083 170 1162; x_wconf 84' lang='lat' dir='ltr'><strong>sed</strong></span> <span class='ocrx_word' id='word_1_53' title='bbox 195 1083 415 1160; x_wconf 84' lang='lat' dir='ltr'><strong>latrocinium</strong></span> <span class='ocrx_word' id='word_1_54' title='bbox 441 1096 593 1166; x_wconf 83' lang='lat' dir='ltr'><strong>exercet,</strong></span> <span class='ocrx_word' id='word_1_55' title='bbox 622 1078 778 1181; x_wconf 90' lang='lat' dir='ltr'><strong>quinon</strong></span> <span class='ocrx_word' id='word_1_56' title='bbox 804 1079 841 1153; x_wconf 92' lang='lat' dir='ltr'><strong>in</strong></span> <span class='ocrx_word' id='word_1_57' title='bbox 870 1079 941 1153; x_wconf 89' lang='lat' dir='ltr'><strong>hoc</strong></span> <span class='ocrx_word' id='word_1_58' title='bbox 965 1093 1086 1180; x_wconf 90' lang='lat' dir='ltr'><strong>regnat</strong></span> <span class='ocrx_word' id='word_1_59' title='bbox 1109 1091 1149 1151; x_wconf 90' lang='lat' dir='ltr'><strong>ut</strong></span> <span class='ocrx_word' id='word_1_60' title='bbox 1172 1074 1242 1152; x_wconf 81' lang='lat' dir='ltr'><strong>Dei</strong></span> 
     </span>
     <span class='ocr_line' id='line_1_9' title="bbox 79 1191 1243 1306; baseline -0.008 -30"><span class='ocrx_word' id='word_1_61' title='bbox 79 1243 84 1250; x_wconf 96' lang='lat'><em>·</em></span> <span class='ocrx_word' id='word_1_62' title='bbox 105 1199 240 1306; x_wconf 87' lang='lat' dir='ltr'><strong>gloriae</strong></span> <span class='ocrx_word' id='word_1_63' title='bbox 264 1199 400 1275; x_wconf 86' lang='lat' dir='ltr'><strong>serviat.</strong></span> <span class='ocrx_word' id='word_1_64' title='bbox 452 1203 567 1272; x_wconf 92' lang='lat' dir='ltr'><strong>Porro</strong></span> <span class='ocrx_word' id='word_1_65' title='bbox 588 1194 717 1272; x_wconf 81' lang='lat' dir='ltr'><strong>sassitur</strong></span> <span class='ocrx_word' id='word_1_66' title='bbox 731 1197 790 1298; x_wconf 90' lang='lat' dir='ltr'><strong>qui</strong></span> <span class='ocrx_word' id='word_1_67' title='bbox 808 1194 1008 1272; x_wconf 82' lang='lat' dir='ltr'><strong>diuturnam</strong></span> <span class='ocrx_word' id='word_1_68' title='bbox 1030 1191 1243 1298; x_wconf 88' lang='lat' dir='ltr'><strong>prosperita·</strong></span> 
     </span>
     <span class='ocr_line' id='line_1_10' title="bbox 105 1312 1245 1420; baseline -0.007 -26"><span class='ocrx_word' id='word_1_69' title='bbox 105 1335 179 1396; x_wconf 91' lang='lat' dir='ltr'><strong>tem</strong></span> <span class='ocrx_word' id='word_1_70' title='bbox 204 1333 379 1420; x_wconf 78' lang='lat' dir='ltr'><strong>exspectat</strong></span> <span class='ocrx_word' id='word_1_71' title='bbox 409 1314 483 1391; x_wconf 88' lang='lat' dir='ltr'><strong>eius</strong></span> <span class='ocrx_word' id='word_1_72' title='bbox 507 1312 622 1416; x_wconf 88' lang='lat' dir='ltr'><strong>regni,</strong></span> <span class='ocrx_word' id='word_1_73' title='bbox 658 1312 756 1416; x_wconf 91' lang='lat' dir='ltr'><strong>quod</strong></span> <span class='ocrx_word' id='word_1_74' title='bbox 779 1314 845 1389; x_wconf 88' lang='lat' dir='ltr'><strong>Dei</strong></span> <span class='ocrx_word' id='word_1_75' title='bbox 878 1331 1035 1418; x_wconf 86' lang='lat' dir='ltr'><strong>sceptro,</strong></span> <span class='ocrx_word' id='word_1_76' title='bbox 1077 1314 1149 1387; x_wconf 90' lang='lat' dir='ltr'><strong>hoc</strong></span> <span class='ocrx_word' id='word_1_77' title='bbox 1180 1326 1245 1400; x_wconf 80' lang='lat' dir='ltr'><strong>est,</strong></span> 
     </span>
     <span class='ocr_line' id='line_1_11' title="bbox 108 1429 1243 1538; baseline -0.009 -25"><span class='ocrx_word' id='word_1_78' title='bbox 108 1452 229 1538; x_wconf 84' lang='lat' dir='ltr'><strong>sancto</strong></span> <span class='ocrx_word' id='word_1_79' title='bbox 254 1435 328 1509; x_wconf 91' lang='lat' dir='ltr'><strong>eius</strong></span> <span class='ocrx_word' id='word_1_80' title='bbox 349 1431 479 1520; x_wconf 80' lang='lat' dir='ltr'><strong>verbo,</strong></span> <span class='ocrx_word' id='word_1_81' title='bbox 504 1461 577 1507; x_wconf 89' lang='lat' dir='ltr'><strong>non</strong></span> <span class='ocrx_word' id='word_1_82' title='bbox 604 1431 752 1535; x_wconf 87' lang='lat' dir='ltr'><strong>regitur:</strong></span> <span class='ocrx_word' id='word_1_83' title='bbox 776 1431 919 1534; x_wconf 91' lang='lat' dir='ltr'><strong>quando</strong></span> <span class='ocrx_word' id='word_1_84' title='bbox 946 1429 1095 1506; x_wconf 89' lang='lat' dir='ltr'><strong>coeleste</strong></span> <span class='ocrx_word' id='word_1_85' title='bbox 1115 1456 1243 1504; x_wconf 78' lang='lat' dir='ltr'><strong>oraui·</strong></span> 
     </span>
     <span class='ocr_line' id='line_1_12' title="bbox 23 1546 1242 1653; baseline -0.005 -25"><span class='ocrx_word' id='word_1_86' title='bbox 23 1596 25 1601; x_wconf 36' lang='lat' dir='ltr'><strong><em>f</em></strong></span> <span class='ocrx_word' id='word_1_87' title='bbox 105 1551 180 1630; x_wconf 94' lang='lat' dir='ltr'><strong>lum</strong></span> <span class='ocrx_word' id='word_1_88' title='bbox 203 1549 362 1629; x_wconf 81' lang='lat' dir='ltr'><strong>excidere</strong></span> <span class='ocrx_word' id='word_1_89' title='bbox 386 1577 459 1624; x_wconf 89' lang='lat' dir='ltr'><strong>non</strong></span> <span class='ocrx_word' id='word_1_90' title='bbox 486 1567 610 1653; x_wconf 87' lang='lat' dir='ltr'><strong>potest,</strong></span> <span class='ocrx_word' id='word_1_91' title='bbox 636 1579 707 1651; x_wconf 91' lang='lat' dir='ltr'><strong>quo</strong></span> <span class='ocrx_word' id='word_1_92' title='bbox 721 1547 873 1625; x_wconf 88' lang='lat' dir='ltr'><strong>edictum</strong></span> <span class='ocrx_word' id='word_1_93' title='bbox 887 1565 948 1639; x_wconf 87' lang='lat' dir='ltr'><strong>est,</strong></span> <span class='ocrx_word' id='word_1_94' title='bbox 972 1546 1173 1652; x_wconf 87' lang='lat' dir='ltr'><strong>dissipatum</strong></span> <span class='ocrx_word' id='word_1_95' title='bbox 1199 1546 1242 1622; x_wconf 90' lang='lat' dir='ltr'><strong>iri</strong></span> 
     </span>
     <span class='ocr_line' id='line_1_13' title="bbox 106 1665 1243 1776; baseline -0.005 -30"><span class='ocrx_word' id='word_1_96' title='bbox 106 1669 281 1776; x_wconf 90' lang='lat' dir='ltr'><strong>populum</strong></span> <span class='ocrx_word' id='word_1_97' title='bbox 297 1667 358 1744; x_wconf 91' lang='lat' dir='ltr'><strong>ubi</strong></span> <span class='ocrx_word' id='word_1_98' title='bbox 372 1665 537 1743; x_wconf 87' lang='lat' dir='ltr'><strong>defecerit</strong></span> <span class='ocrx_word' id='word_1_99' title='bbox 550 1667 735 1771; x_wconf 88' lang='lat' dir='ltr'><strong>prophetia</strong></span> <span class='ocrx_word' id='word_1_100' title='bbox 743 1668 938 1762; x_wconf 75' lang='lat' dir='ltr'><strong>(Pron29,</strong></span> <span class='ocrx_word' id='word_1_101' title='bbox 945 1667 1029 1762; x_wconf 62' lang='lat'><strong>18).</strong></span> <span class='ocrx_word' id='word_1_102' title='bbox 1059 1672 1183 1744; x_wconf 87' lang='lat' dir='ltr'><strong>Necte</strong></span> <span class='ocrx_word' id='word_1_103' title='bbox 1196 1665 1243 1741; x_wconf 92' lang='lat' dir='ltr'><strong>ab</strong></span> 
     </span>
     <span class='ocr_line' id='line_1_14' title="bbox 106 1783 1244 1888; baseline -0.004 -23"><span class='ocrx_word' id='word_1_104' title='bbox 106 1789 179 1865; x_wconf 86' lang='lat' dir='ltr'><strong>boc</strong></span> <span class='ocrx_word' id='word_1_105' title='bbox 200 1785 316 1863; x_wconf 91' lang='lat' dir='ltr'><strong>studio</strong></span> <span class='ocrx_word' id='word_1_106' title='bbox 330 1783 505 1861; x_wconf 89' lang='lat' dir='ltr'><strong>abducere</strong></span> <span class='ocrx_word' id='word_1_107' title='bbox 518 1784 623 1861; x_wconf 91' lang='lat' dir='ltr'><strong>debet</strong></span> <span class='ocrx_word' id='word_1_108' title='bbox 644 1784 844 1860; x_wconf 88' lang='lat' dir='ltr'><strong>humilitatis</strong></span> <span class='ocrx_word' id='word_1_109' title='bbox 857 1802 997 1865; x_wconf 82' lang='lat' dir='ltr'><strong>nostrae</strong></span> <span class='ocrx_word' id='word_1_110' title='bbox 1009 1800 1244 1888; x_wconf 78' lang='lat' dir='ltr'><strong>contemptus.</strong></span> 
     </span>
     <span class='ocr_line' id='line_1_15' title="bbox 106 1901 1244 2009; baseline -0.003 -30"><span class='ocrx_word' id='word_1_111' title='bbox 106 1909 188 2003; x_wconf 71' lang='lat' dir='ltr'><strong>Nos·</strong></span> <span class='ocrx_word' id='word_1_112' title='bbox 202 1902 350 2009; x_wconf 91' lang='lat' dir='ltr'><strong>quidem</strong></span> <span class='ocrx_word' id='word_1_113' title='bbox 375 1930 482 2007; x_wconf 91' lang='lat' dir='ltr'><strong>quam</strong></span> <span class='ocrx_word' id='word_1_114' title='bbox 507 1901 712 2007; x_wconf 85' lang='lat' dir='ltr'><strong>pauperculi</strong></span> <span class='ocrx_word' id='word_1_115' title='bbox 744 1901 850 1977; x_wconf 87' lang='lat' dir='ltr'><strong>simus</strong></span> <span class='ocrx_word' id='word_1_116' title='bbox 882 1919 916 1978; x_wconf 90' lang='lat' dir='ltr'><strong>et</strong></span> <span class='ocrx_word' id='word_1_117' title='bbox 941 1902 1064 1979; x_wconf 89' lang='lat' dir='ltr'><strong>abiecti</strong></span> <span class='ocrx_word' id='word_1_118' title='bbox 1088 1902 1244 1979; x_wconf 86' lang='lat' dir='ltr'><strong>homun-</strong></span> 
     </span>
     <span class='ocr_line' id='line_1_16' title="bbox 107 2019 1245 2126; baseline -0.005 -27"><span class='ocrx_word' id='word_1_119' title='bbox 107 2022 244 2110; x_wconf 85' lang='lat' dir='ltr'><strong>ciones,</strong></span> <span class='ocrx_word' id='word_1_120' title='bbox 268 2021 382 2126; x_wconf 88' lang='lat' dir='ltr'><strong>probe</strong></span> <span class='ocrx_word' id='word_1_121' title='bbox 408 2020 510 2098; x_wconf 90' lang='lat' dir='ltr'><strong>nobis</strong></span> <span class='ocrx_word' id='word_1_122' title='bbox 535 2020 664 2096; x_wconf 88' lang='lat' dir='ltr'><strong>conscii</strong></span> <span class='ocrx_word' id='word_1_123' title='bbox 685 2045 823 2097; x_wconf 75' lang='lat' dir='ltr'><strong>sumus:</strong></span> <span class='ocrx_word' id='word_1_124' title='bbox 846 2049 965 2096; x_wconf 91' lang='lat' dir='ltr'><strong>coram</strong></span> <span class='ocrx_word' id='word_1_125' title='bbox 987 2028 1084 2111; x_wconf 90' lang='lat' dir='ltr'><strong>Deo,</strong></span> <span class='ocrx_word' id='word_1_126' title='bbox 1105 2019 1245 2109; x_wconf 86' lang='lat' dir='ltr'><strong>scilicet,</strong></span> 
     </span>
     <span class='ocr_line' id='line_1_17' title="bbox 106 2138 1244 2243; baseline -0.004 -27"><span class='ocrx_word' id='word_1_127' title='bbox 106 2139 224 2216; x_wconf 86' lang='lat' dir='ltr'><strong>miseri</strong></span> <span class='ocrx_word' id='word_1_128' title='bbox 249 2157 468 2243; x_wconf 86' lang='lat' dir='ltr'><strong>peccatores,</strong></span> <span class='ocrx_word' id='word_1_129' title='bbox 493 2139 530 2212; x_wconf 91' lang='lat' dir='ltr'><strong>in</strong></span> <span class='ocrx_word' id='word_1_130' title='bbox 556 2139 740 2214; x_wconf 90' lang='lat' dir='ltr'><strong>bominum</strong></span> <span class='ocrx_word' id='word_1_131' title='bbox 766 2155 956 2242; x_wconf 89' lang='lat' dir='ltr'><strong>conspectu</strong></span> <span class='ocrx_word' id='word_1_132' title='bbox 981 2138 1244 2243; x_wconf 76' lang='lat' dir='ltr'><strong>despectissimi:</strong></span> 
     </span>
     <span class='ocr_line' id='line_1_18' title="bbox 106 2254 1246 2359; baseline -0.004 -22"><span class='ocrx_word' id='word_1_133' title='bbox 106 2255 231 2336; x_wconf 86' lang='lat' dir='ltr'><strong>mundi</strong></span> <span class='ocrx_word' id='word_1_134' title='bbox 257 2256 301 2351; x_wconf 88' lang='lat' dir='ltr'><strong>(si</strong></span> <span class='ocrx_word' id='word_1_135' title='bbox 315 2255 384 2351; x_wconf 85' lang='lat' dir='ltr'><strong>vis)</strong></span> <span class='ocrx_word' id='word_1_136' title='bbox 407 2274 624 2331; x_wconf 82' lang='lat' dir='ltr'><strong>excrementa</strong></span> <span class='ocrx_word' id='word_1_137' title='bbox 649 2254 823 2359; x_wconf 88' lang='lat' dir='ltr'><strong>quaedam</strong></span> <span class='ocrx_word' id='word_1_138' title='bbox 848 2273 882 2331; x_wconf 87' lang='lat' dir='ltr'><strong>et</strong></span> <span class='ocrx_word' id='word_1_139' title='bbox 907 2257 1162 2347; x_wconf 88' lang='lat' dir='ltr'><strong>reiectamenta,</strong></span> <span class='ocrx_word' id='word_1_140' title='bbox 1184 2274 1246 2334; x_wconf 87' lang='lat' dir='ltr'><strong>aut</strong></span> 
     </span>
     <span class='ocr_line' id='line_1_19' title="bbox 108 2363 1264 2487; baseline -0.003 -33"><span class='ocrx_word' id='word_1_141' title='bbox 108 2377 147 2454; x_wconf 89' lang='lat' dir='ltr'><strong>si-</strong></span> <span class='ocrx_word' id='word_1_142' title='bbox 159 2363 244 2479; x_wconf 83' lang='lat' dir='ltr'><strong>quid</strong></span> <span class='ocrx_word' id='word_1_143' title='bbox 257 2373 374 2450; x_wconf 91' lang='lat' dir='ltr'><strong>adhuc</strong></span> <span class='ocrx_word' id='word_1_144' title='bbox 384 2371 485 2449; x_wconf 89' lang='lat' dir='ltr'><strong>vilius</strong></span> <span class='ocrx_word' id='word_1_145' title='bbox 503 2373 679 2450; x_wconf 88' lang='lat' dir='ltr'><strong>nominari</strong></span> <span class='ocrx_word' id='word_1_146' title='bbox 706 2390 836 2478; x_wconf 88' lang='lat' dir='ltr'><strong>potest:</strong></span> <span class='ocrx_word' id='word_1_147' title='bbox 857 2391 906 2462; x_wconf 91' lang='lat' dir='ltr'><strong>ut,</strong></span> <span class='ocrx_word' id='word_1_148' title='bbox 932 2404 1003 2478; x_wconf 94' lang='lat' dir='ltr'><strong>quo</strong></span> <span class='ocrx_word' id='word_1_149' title='bbox 1016 2372 1111 2479; x_wconf 88' lang='lat' dir='ltr'><strong>apud</strong></span> <span class='ocrx_word' id='word_1_150' title='bbox 1125 2380 1244 2487; x_wconf 85' lang='lat' dir='ltr'><strong>Deum</strong></span> <span class='ocrx_word' id='word_1_151' title='bbox 1261 2434 1264 2439; x_wconf 83' lang='lat'><em>-</em></span> 
     </span>
     <span class='ocr_line' id='line_1_20' title="bbox 107 2489 1246 2601; baseline -0.004 -29"><span class='ocrx_word' id='word_1_152' title='bbox 107 2492 311 2601; x_wconf 76' lang='lat' dir='ltr'><strong>gloriemur,</strong></span> <span class='ocrx_word' id='word_1_153' title='bbox 336 2490 421 2567; x_wconf 89' lang='lat' dir='ltr'><strong>nihil</strong></span> <span class='ocrx_word' id='word_1_154' title='bbox 444 2508 558 2581; x_wconf 88' lang='lat' dir='ltr'><strong>restet,</strong></span> <span class='ocrx_word' id='word_1_155' title='bbox 581 2509 720 2596; x_wconf 90' lang='lat' dir='ltr'><strong>praeter</strong></span> <span class='ocrx_word' id='word_1_156' title='bbox 739 2520 846 2568; x_wconf 90' lang='lat' dir='ltr'><strong>unam</strong></span> <span class='ocrx_word' id='word_1_157' title='bbox 865 2494 938 2569; x_wconf 90' lang='lat' dir='ltr'><strong>eius</strong></span> <span class='ocrx_word' id='word_1_158' title='bbox 960 2489 1246 2583; x_wconf 87' lang='lat' dir='ltr'><strong>misericordiam,</strong></span> 
     </span>
     <span class='ocr_line' id='line_1_21' title="bbox 109 2600 1244 2716; baseline -0.003 -28"><span class='ocrx_word' id='word_1_159' title='bbox 109 2639 180 2716; x_wconf 81' lang='lat' dir='ltr'><strong>qua</strong></span> <span class='ocrx_word' id='word_1_160' title='bbox 203 2610 241 2686; x_wconf 91' lang='lat' dir='ltr'><strong>in</strong></span> <span class='ocrx_word' id='word_1_161' title='bbox 263 2636 364 2712; x_wconf 89' lang='lat' dir='ltr'><strong>spem</strong></span> <span class='ocrx_word' id='word_1_162' title='bbox 387 2625 548 2685; x_wconf 85' lang='lat' dir='ltr'><strong>aeternae</strong></span> <span class='ocrx_word' id='word_1_163' title='bbox 580 2608 697 2685; x_wconf 86' lang='lat' dir='ltr'><strong>salutis</strong></span> <span class='ocrx_word' id='word_1_164' title='bbox 722 2609 819 2685; x_wconf 92' lang='lat' dir='ltr'><strong>nullo</strong></span> <span class='ocrx_word' id='word_1_165' title='bbox 852 2627 973 2685; x_wconf 91' lang='lat' dir='ltr'><strong>nostro</strong></span> <span class='ocrx_word' id='word_1_166' title='bbox 997 2600 1123 2686; x_wconf 84' lang='lat' dir='ltr'><strong>merito</strong></span> <span class='ocrx_word' id='word_1_167' title='bbox 1149 2611 1244 2687; x_wconf 87' lang='lat' dir='ltr'><strong>asciti</strong></span> 
     </span>
     <span class='ocr_line' id='line_1_22' title="bbox 107 2723 1247 2832; baseline -0.002 -26"><span class='ocrx_word' id='word_1_168' title='bbox 107 2730 233 2806; x_wconf 86' lang='lat' dir='ltr'><strong>simus:</strong></span> <span class='ocrx_word' id='word_1_169' title='bbox 254 2723 350 2831; x_wconf 86' lang='lat' dir='ltr'><strong>apud</strong></span> <span class='ocrx_word' id='word_1_170' title='bbox 371 2724 534 2802; x_wconf 86' lang='lat' dir='ltr'><strong>homines</strong></span> <span class='ocrx_word' id='word_1_171' title='bbox 548 2755 633 2803; x_wconf 79' lang='lat' dir='ltr'><strong>vero</strong></span> <span class='ocrx_word' id='word_1_172' title='bbox 658 2755 731 2802; x_wconf 91' lang='lat' dir='ltr'><strong>non</strong></span> <span class='ocrx_word' id='word_1_173' title='bbox 756 2728 802 2802; x_wconf 91' lang='lat' dir='ltr'><strong>ita</strong></span> <span class='ocrx_word' id='word_1_174' title='bbox 830 2727 991 2818; x_wconf 89' lang='lat' dir='ltr'><strong>multum,</strong></span> <span class='ocrx_word' id='word_1_175' title='bbox 1016 2744 1154 2832; x_wconf 88' lang='lat' dir='ltr'><strong>praeter</strong></span> <span class='ocrx_word' id='word_1_176' title='bbox 1178 2758 1247 2804; x_wconf 89' lang='lat' dir='ltr'><strong>no·</strong></span> 
     </span>
     <span class='ocr_line' id='line_1_23' title="bbox 107 2842 1246 2947; baseline 0 -26"><span class='ocrx_word' id='word_1_177' title='bbox 107 2861 215 2921; x_wconf 87' lang='lat' dir='ltr'><strong>stram</strong></span> <span class='ocrx_word' id='word_1_178' title='bbox 238 2842 486 2933; x_wconf 86' lang='lat' dir='ltr'><strong>infirmitatem,</strong></span> <span class='ocrx_word' id='word_1_179' title='bbox 511 2873 617 2947; x_wconf 90' lang='lat' dir='ltr'><strong>qnam</strong></span> <span class='ocrx_word' id='word_1_180' title='bbox 642 2843 698 2921; x_wconf 85' lang='lat' dir='ltr'><strong>vel</strong></span> <span class='ocrx_word' id='word_1_181' title='bbox 723 2862 811 2922; x_wconf 90' lang='lat' dir='ltr'><strong>nutu</strong></span> <span class='ocrx_word' id='word_1_182' title='bbox 836 2845 1006 2934; x_wconf 80' lang='lat' dir='ltr'><strong>confiteri,</strong></span> <span class='ocrx_word' id='word_1_183' title='bbox 1032 2874 1169 2920; x_wconf 86' lang='lat' dir='ltr'><strong>summa</strong></span> <span class='ocrx_word' id='word_1_184' title='bbox 1192 2845 1246 2921; x_wconf 90' lang='lat' dir='ltr'><strong>in·</strong></span> 
     </span>
     <span class='ocr_line' id='line_1_24' title="bbox 107 2961 1246 3069; baseline 0.002 -31"><span class='ocrx_word' id='word_1_185' title='bbox 107 2980 163 3039; x_wconf 89' lang='lat' dir='ltr'><strong>ter</strong></span> <span class='ocrx_word' id='word_1_186' title='bbox 187 2991 248 3037; x_wconf 89' lang='lat' dir='ltr'><strong>eos</strong></span> <span class='ocrx_word' id='word_1_187' title='bbox 279 2961 471 3064; x_wconf 84' lang='lat' dir='ltr'><strong>ignominia</strong></span> <span class='ocrx_word' id='word_1_188' title='bbox 501 2979 562 3037; x_wconf 86' lang='lat' dir='ltr'><strong>est.</strong></span> <span class='ocrx_word' id='word_1_189' title='bbox 626 2961 697 3038; x_wconf 88' lang='lat' dir='ltr'><strong>Sed</strong></span> <span class='ocrx_word' id='word_1_190' title='bbox 730 2961 926 3040; x_wconf 87' lang='lat' dir='ltr'><strong>doctrinam</strong></span> <span class='ocrx_word' id='word_1_191' title='bbox 959 2981 1115 3039; x_wconf 86' lang='lat' dir='ltr'><strong>nostram</strong></span> <span class='ocrx_word' id='word_1_192' title='bbox 1138 2992 1246 3069; x_wconf 87' lang='lat' dir='ltr'><strong>supra</strong></span> 
     </span>
     <span class='ocr_line' id='line_1_25' title="bbox 108 3077 1247 3186; baseline 0.003 -31"><span class='ocrx_word' id='word_1_193' title='bbox 108 3106 252 3156; x_wconf 91' lang='lat' dir='ltr'><strong>omnem</strong></span> <span class='ocrx_word' id='word_1_194' title='bbox 277 3077 401 3155; x_wconf 92' lang='lat' dir='ltr'><strong>mundi</strong></span> <span class='ocrx_word' id='word_1_195' title='bbox 426 3078 574 3185; x_wconf 84' lang='lat' dir='ltr'><strong>gloriam</strong></span> <span class='ocrx_word' id='word_1_196' title='bbox 607 3079 813 3172; x_wconf 82' lang='lat' dir='ltr'><strong>sublimem,</strong></span> <span class='ocrx_word' id='word_1_197' title='bbox 843 3111 948 3186; x_wconf 89' lang='lat' dir='ltr'><strong>supra</strong></span> <span class='ocrx_word' id='word_1_198' title='bbox 973 3110 1114 3157; x_wconf 90' lang='lat' dir='ltr'><strong>omnem</strong></span> <span class='ocrx_word' id='word_1_199' title='bbox 1143 3098 1247 3186; x_wconf 90' lang='lat' dir='ltr'><strong>pote-</strong></span> 
     </span>
     <span class='ocr_line' id='line_1_26' title="bbox 108 3189 1271 3301; baseline -0.001 -24"><span class='ocrx_word' id='word_1_200' title='bbox 108 3213 231 3277; x_wconf 80' lang='lat' dir='ltr'><strong>sutem</strong></span> <span class='ocrx_word' id='word_1_201' title='bbox 254 3196 418 3273; x_wconf 88' lang='lat' dir='ltr'><strong>invictam</strong></span> <span class='ocrx_word' id='word_1_202' title='bbox 445 3213 536 3272; x_wconf 90' lang='lat' dir='ltr'><strong>stare</strong></span> <span class='ocrx_word' id='word_1_203' title='bbox 560 3215 717 3301; x_wconf 82' lang='lat' dir='ltr'><strong>oportet:</strong></span> <span class='ocrx_word' id='word_1_204' title='bbox 743 3200 824 3301; x_wconf 91' lang='lat' dir='ltr'><strong>quia</strong></span> <span class='ocrx_word' id='word_1_205' title='bbox 850 3207 935 3274; x_wconf 79' lang='lat' dir='ltr'><strong>non&#39;</strong></span> <span class='ocrx_word' id='word_1_206' title='bbox 949 3217 1068 3275; x_wconf 87' lang='lat' dir='ltr'><strong>nostra</strong></span> <span class='ocrx_word' id='word_1_207' title='bbox 1092 3216 1160 3291; x_wconf 88' lang='lat' dir='ltr'><strong>est,</strong></span> <span class='ocrx_word' id='word_1_208' title='bbox 1183 3189 1271 3276; x_wconf 48' lang='lat' dir='ltr'><strong>sed&#39;</strong></span> 
     </span>
     <span class='ocr_line' id='line_1_27' title="bbox 106 3312 1246 3422; baseline 0.004 -31"><span class='ocrx_word' id='word_1_209' title='bbox 106 3312 177 3391; x_wconf 86' lang='lat' dir='ltr'><strong>Dei</strong></span> <span class='ocrx_word' id='word_1_210' title='bbox 201 3312 359 3403; x_wconf 85' lang='lat' dir='ltr'><strong>viventis,</strong></span> <span class='ocrx_word' id='word_1_211' title='bbox 382 3343 424 3390; x_wconf 86' lang='lat' dir='ltr'><strong>ac</strong></span> <span class='ocrx_word' id='word_1_212' title='bbox 446 3314 576 3391; x_wconf 86' lang='lat' dir='ltr'><strong>Christi</strong></span> <span class='ocrx_word' id='word_1_213' title='bbox 598 3316 675 3393; x_wconf 89' lang='lat' dir='ltr'><strong>eius</strong></span> <span class='ocrx_word' id='word_1_214' title='bbox 700 3347 806 3421; x_wconf 92' lang='lat' dir='ltr'><strong>quem</strong></span> <span class='ocrx_word' id='word_1_215' title='bbox 831 3324 938 3394; x_wconf 89' lang='lat' dir='ltr'><strong>Pater</strong></span> <span class='ocrx_word' id='word_1_216' title='bbox 954 3323 1090 3422; x_wconf 82' lang='lat' dir='ltr'><strong>Regem</strong></span> <span class='ocrx_word' id='word_1_217' title='bbox 1117 3320 1246 3395; x_wconf 88' lang='lat' dir='ltr'><strong>consti·</strong></span> 
     </span>
     <span class='ocr_line' id='line_1_28' title="bbox 45 3430 1247 3534; baseline 0.007 -30"><span class='ocrx_word' id='word_1_218' title='bbox 45 3495 54 3504; x_wconf 93' lang='lat'>.</span> <span class='ocrx_word' id='word_1_219' title='bbox 107 3430 183 3522; x_wconf 85' lang='lat' dir='ltr'><strong>tuit,</strong></span> <span class='ocrx_word' id='word_1_220' title='bbox 207 3445 247 3506; x_wconf 91' lang='lat' dir='ltr'><strong>ut</strong></span> <span class='ocrx_word' id='word_1_221' title='bbox 270 3458 292 3505; x_wconf 87' lang='lat' dir='ltr'><strong>a</strong></span> <span class='ocrx_word' id='word_1_222' title='bbox 316 3432 405 3510; x_wconf 86' lang='lat' dir='ltr'><strong>mari</strong></span> <span class='ocrx_word' id='word_1_223' title='bbox 430 3432 610 3534; x_wconf 89' lang='lat' dir='ltr'><strong>usquead</strong></span> <span class='ocrx_word' id='word_1_224' title='bbox 637 3463 734 3510; x_wconf 90' lang='lat' dir='ltr'><strong>mare</strong></span> <span class='ocrx_word' id='word_1_225' title='bbox 759 3433 969 3525; x_wconf 88' lang='lat' dir='ltr'><strong>dominetur,</strong></span> <span class='ocrx_word' id='word_1_226' title='bbox 994 3453 1069 3511; x_wconf 89' lang='lat' dir='ltr'><strong>eta</strong></span> <span class='ocrx_word' id='word_1_227' title='bbox 1096 3437 1247 3513; x_wconf 90' lang='lat' dir='ltr'><strong>llumini-</strong></span> 
     </span>
     <span class='ocr_line' id='line_1_29' title="bbox 106 3547 1246 3658; baseline 0.007 -34"><span class='ocrx_word' id='word_1_228' title='bbox 106 3547 176 3625; x_wconf 85' lang='lat' dir='ltr'><strong>bus</strong></span> <span class='ocrx_word' id='word_1_229' title='bbox 199 3576 313 3651; x_wconf 85' lang='lat' dir='ltr'><strong>usque</strong></span> <span class='ocrx_word' id='word_1_230' title='bbox 338 3547 384 3624; x_wconf 90' lang='lat' dir='ltr'><strong>ad</strong></span> <span class='ocrx_word' id='word_1_231' title='bbox 406 3550 575 3626; x_wconf 85' lang='lat' dir='ltr'><strong>terminos</strong></span> <span class='ocrx_word' id='word_1_232' title='bbox 602 3552 697 3627; x_wconf 87' lang='lat' dir='ltr'><strong>orbis</strong></span> <span class='ocrx_word' id='word_1_233' title='bbox 721 3568 907 3629; x_wconf 88' lang='lat' dir='ltr'><strong>terrarum.</strong></span> <span class='ocrx_word' id='word_1_234' title='bbox 962 3559 1008 3629; x_wconf 88' lang='lat' dir='ltr'><strong>Et</strong></span> <span class='ocrx_word' id='word_1_235' title='bbox 1029 3554 1079 3630; x_wconf 88' lang='lat' dir='ltr'><strong>sic</strong></span> <span class='ocrx_word' id='word_1_236' title='bbox 1102 3556 1246 3658; x_wconf 90' lang='lat' dir='ltr'><strong>quidem</strong></span> 
     </span>
     <span class='ocr_line' id='line_1_30' title="bbox 109 3662 1248 3775; baseline 0.009 -34"><span class='ocrx_word' id='word_1_237' title='bbox 109 3662 321 3755; x_wconf 79' lang='lat' dir='ltr'><strong>dominetur,</strong></span> <span class='ocrx_word' id='word_1_238' title='bbox 341 3678 384 3740; x_wconf 83' lang='lat' dir='ltr'><strong>n&#39;t</strong></span> <span class='ocrx_word' id='word_1_239' title='bbox 407 3682 518 3753; x_wconf 83' lang='lat' dir='ltr'><strong>totam</strong></span> <span class='ocrx_word' id='word_1_240' title='bbox 544 3684 686 3758; x_wconf 88' lang='lat' dir='ltr'><strong>terram,</strong></span> <span class='ocrx_word' id='word_1_241' title='bbox 709 3700 791 3747; x_wconf 90' lang='lat' dir='ltr'><strong>cum</strong></span> <span class='ocrx_word' id='word_1_242' title='bbox 813 3672 928 3746; x_wconf 82' lang='lat' dir='ltr'><strong>ferreo</strong></span> <span class='ocrx_word' id='word_1_243' title='bbox 941 3698 1009 3746; x_wconf 87' lang='lat' dir='ltr'><strong>suo</strong></span> <span class='ocrx_word' id='word_1_244' title='bbox 1023 3688 1129 3775; x_wconf 88' lang='lat' dir='ltr'><strong>atque</strong></span> <span class='ocrx_word' id='word_1_245' title='bbox 1141 3700 1248 3751; x_wconf 84' lang='lat' dir='ltr'><strong>aereo</strong></span> 
     </span>
     <span class='ocr_line' id='line_1_31' title="bbox 50 3782 1248 3892; baseline 0.01 -34"><span class='ocrx_word' id='word_1_246' title='bbox 50 3814 52 3819; x_wconf 62' lang='grc'>’</span> <span class='ocrx_word' id='word_1_247' title='bbox 108 3783 258 3873; x_wconf 89' lang='lat' dir='ltr'><strong>robore,</strong></span> <span class='ocrx_word' id='word_1_248' title='bbox 278 3811 363 3858; x_wconf 82' lang='lat' dir='ltr'><strong>cum</strong></span> <span class='ocrx_word' id='word_1_249' title='bbox 389 3782 578 3886; x_wconf 89' lang='lat' dir='ltr'><strong>splendore</strong></span> <span class='ocrx_word' id='word_1_250' title='bbox 601 3816 709 3863; x_wconf 90' lang='lat' dir='ltr'><strong>aureo</strong></span> <span class='ocrx_word' id='word_1_251' title='bbox 737 3805 772 3863; x_wconf 90' lang='lat' dir='ltr'><strong>et</strong></span> <span class='ocrx_word' id='word_1_252' title='bbox 793 3805 976 3892; x_wconf 89' lang='lat' dir='ltr'><strong>argenteo,</strong></span> <span class='ocrx_word' id='word_1_253' title='bbox 1001 3789 1075 3864; x_wconf 90' lang='lat' dir='ltr'><strong>sola</strong></span> <span class='ocrx_word' id='word_1_254' title='bbox 1100 3791 1171 3867; x_wconf 89' lang='lat' dir='ltr'><strong>oris</strong></span> <span class='ocrx_word' id='word_1_255' title='bbox 1194 3797 1248 3871; x_wconf 87' lang='lat' dir='ltr'><strong>sui</strong></span> 
     </span>
     <span class='ocr_line' id='line_1_32' title="bbox 108 3901 1249 4013; baseline 0.008 -35"><span class='ocrx_word' id='word_1_256' title='bbox 108 3901 207 4004; x_wconf 82' lang='lat' dir='ltr'><strong>virga</strong></span> <span class='ocrx_word' id='word_1_257' title='bbox 239 3928 440 4004; x_wconf 81' lang='lat' dir='ltr'><strong>percussam</strong></span> <span class='ocrx_word' id='word_1_258' title='bbox 464 3930 546 4004; x_wconf 36' lang='lat' dir='ltr'><strong>&#39;non</strong></span> <span class='ocrx_word' id='word_1_259' title='bbox 578 3912 676 3980; x_wconf 84' lang='lat' dir='ltr'><strong>secus</strong></span> <span class='ocrx_word' id='word_1_260' title='bbox 714 3907 1067 4011; x_wconf 78' lang='lat' dir='ltr'><strong>comminuat·.‹pram</strong></span> <span class='ocrx_word' id='word_1_261' title='bbox 1103 3909 1249 4013; x_wconf 77' lang='lat' dir='ltr'><strong>figulina</strong></span> 
     </span>
     <span class='ocr_line' id='line_1_33' title="bbox 110 4016 1251 4131; baseline 0.007 -35"><span class='ocrx_word' id='word_1_262' title='bbox 110 4016 266 4096; x_wconf 70' lang='lat' dir='ltr'><strong>sueta:</strong></span> <span class='ocrx_word' id='word_1_263' title='bbox 299 4017 603 4122; x_wconf 67' lang='lat' dir='ltr'><strong>quenadmodum</strong></span> <span class='ocrx_word' id='word_1_264' title='bbox 636 4021 682 4098; x_wconf 95' lang='lat' dir='ltr'><strong>de</strong></span> <span class='ocrx_word' id='word_1_265' title='bbox 709 4024 967 4128; x_wconf 80' lang='lat' dir='ltr'><strong>nmgiiisrcentia</strong></span> <span class='ocrx_word' id='word_1_266' title='bbox 1005 4027 1105 4131; x_wconf 88' lang='lat' dir='ltr'><strong>regni</strong></span> <span class='ocrx_word' id='word_1_267' title='bbox 1138 4027 1251 4131; x_wconf 86' lang='lat' dir='ltr'><strong>ipsius</strong></span> 
     </span>
    </p>

    <p class='ocr_par' dir='ltr' id='par_1_3' title="bbox 23 4134 1251 4485">
     <span class='ocr_line' id='line_1_34' title="bbox 109 4134 1249 4244; baseline 0.006 -29"><span class='ocrx_word' id='word_1_268' title='bbox 109 4134 340 4215; x_wconf 76' lang='lat' dir='ltr'><strong>vaticinantur</strong></span> <span class='ocrx_word' id='word_1_269' title='bbox 347 4138 699 4241; x_wconf 84' lang='lat' dir='ltr'><strong>Prophetae..(Dan.</strong></span> <span class='ocrx_word' id='word_1_270' title='bbox 709 4144 744 4232; x_wconf 82' lang='lat'><strong>2,</strong></span> <span class='ocrx_word' id='word_1_271' title='bbox 757 4145 817 4222; x_wconf 73' lang='lat'><strong>³4.</strong></span> <span class='ocrx_word' id='word_1_272' title='bbox 835 4143 907 4218; x_wconf 84' lang='lat' dir='ltr'><strong>les.</strong></span> <span class='ocrx_word' id='word_1_273' title='bbox 924 4147 986 4232; x_wconf 81' lang='lat' dir='ltr'><strong>ll,</strong></span> <span class='ocrx_word' id='word_1_274' title='bbox 1005 4147 1041 4219; x_wconf 84' lang='grc'><strong>4.</strong></span> <span class='ocrx_word' id='word_1_275' title='bbox 1062 4146 1173 4236; x_wconf 61' lang='lat' dir='ltr'><strong>Per,</strong></span> <span class='ocrx_word' id='word_1_276' title='bbox 1185 4147 1249 4244; x_wconf 73' lang='lat'><strong>9.);</strong></span> 
     </span>
     <span class='ocr_line' id='line_1_35' title="bbox 23 4253 1250 4367; baseline 0.01 -39"><span class='ocrx_word' id='word_1_277' title='bbox 23 4280 31 4289; x_wconf 89' lang='lat'><strong>·</strong></span> <span class='ocrx_word' id='word_1_278' title='bbox 210 4253 418 4333; x_wconf 79' lang='lat' dir='ltr'><strong>Reclamant</strong></span> <span class='ocrx_word' id='word_1_279' title='bbox 430 4255 574 4359; x_wconf 82' lang='lat' dir='ltr'><strong>quidem</strong></span> <span class='ocrx_word' id='word_1_280' title='bbox 593 4256 792 4351; x_wconf 84' lang='lat' dir='ltr'><strong>adversarii,</strong></span> <span class='ocrx_word' id='word_1_281' title='bbox 816 4260 906 4337; x_wconf 79' lang='lat' dir='ltr'><strong>falso</strong></span> <span class='ocrx_word' id='word_1_282' title='bbox 926 4290 992 4337; x_wconf 87' lang='lat' dir='ltr'><strong>nos</strong></span> <span class='ocrx_word' id='word_1_283' title='bbox 1016 4261 1250 4367; x_wconf 85' lang='lat' dir='ltr'><strong>praetendere</strong></span> 
     </span>
     <span class='ocr_line' id='line_1_36' title="bbox 107 4368 1251 4485; baseline 0.008 -33"><span class='ocrx_word' id='word_1_284' title='bbox 107 4368 257 4452; x_wconf 79' lang='lat' dir='ltr'><strong>terbum</strong></span> <span class='ocrx_word' id='word_1_285' title='bbox 269 4372 347 4462; x_wconf 86' lang='lat' dir='ltr'><strong>Dei,</strong></span> <span class='ocrx_word' id='word_1_286' title='bbox 369 4372 468 4451; x_wconf 87' lang='lat' dir='ltr'><strong>ouius</strong></span> <span class='ocrx_word' id='word_1_287' title='bbox 488 4373 740 4464; x_wconf 81' lang='lat' dir='ltr'><strong>sceleratissimi</strong></span> <span class='ocrx_word' id='word_1_288' title='bbox 752 4378 1115 4485; x_wconf 80' lang='lat' dir='ltr'><strong>simus&#39;corruptores.</strong></span> <span class='ocrx_word' id='word_1_289' title='bbox 1152 4386 1251 4460; x_wconf 79' lang='lat' dir='ltr'><strong>H&#39;aec</strong></span> 
     </span>
    </p>
   </div>
   <div class='ocr_carea' id='block_1_3' title="bbox 0 0 1360 4732">
    <p class='ocr_par' dir='ltr' id='par_1_4' title="bbox 0 0 1360 4732">
     <span class='ocr_line' id='line_1_37' title="bbox 0 0 1360 4732; baseline 0 0"><span class='ocrx_word' id='word_1_290' title='bbox 0 0 1360 4732; x_wconf 95' lang='lat' dir='ltr'><strong> </strong></span> 
     </span>
    </p>
   </div>
  </div>
 </body>
</html>
