2700 4732
102 188 144 253 w
316 205 326 235 .·
492 179 570 243 tm.
588 178 648 241 111.
688 174 778 244 CAP.
796 181 862 244 XX.

105 329 170 409 quis
189 345 222 386 se
240 324 276 386 ad
296 324 624 405 orandumieomparats
645 334 677 384 et
694 325 791 406 (quod
810 324 875 386 sine
894 325 1081 407 poenitentia
1099 327 1166 389 fieri
1183 348 1236 391 uon

106 405 220 485 potest)
240 401 342 463 induat
362 401 490 461 mendici
508 422 664 480 personam
684 415 716 463 et
735 401 884 478 allectum.

182 484 230 545 8..
250 480 316 539 lluc
336 491 367 539 et
386 478 474 539 tertia
502 480 638 553 accedat,
668 492 702 539 ut
721 479 802 539 omni
827 480 964 560 propriae
989 478 1106 562 gloriae
1132 481 1238 577 cogita-

106 555 191 617 tione
209 575 241 617 se
261 556 387 627 abdicet,
408 575 525 615 omnem
547 555 695 637 dignitatis
715 557 887 635 opinionem
908 569 1002 630 exuat,
1023 558 1109 617 omni
1119 558 1239 641 denique

106 634 151 694 sui
171 632 275 692 fiducia
300 633 440 707 decedet,
464 633 592 723 quisquis
621 652 653 691 se
683 654 783 693 coram
803 633 871 693 Deo
890 633 966 694 sistit
991 636 1134 713 precandi
1154 657 1239 709 musa,

109 710 179 769 dans
200 710 231 768 in
252 708 418 769 abiectione
437 730 482 768 sur
507 709 630 789 gloriam
650 708 719 768 lleo
744 709 774 768 in
799 709 940 786 solidum,
972 730 1026 791 ne²
1051 710 1170 793 siquid
1198 714 1239 775 vel

107 786 259 846 minimum
285 806 455 866 arrogemus
480 786 583 858 nobis,
614 806 679 844 cum
711 785 792 845 inani
818 799 917 847 nostra
941 786 1098 847 inflatione
1124 790 1162 849 ab
1185 788 1239 851 dut

59 936 64 943 .
106 862 181 923 lucie
201 863 397 922 concidamus.
448 861 543 921 Huius
562 860 779 935 submissionis,
814 884 889 942 quae
914 862 1032 923 omnem
1059 864 1266 927 altitudines

106 940 283 1020 prosternit,
303 938 468 1018 frequentia
489 936 619 1018 exempla
639 938 669 996 in
689 939 746 997 Dei
767 939 858 999 servis
879 940 1033 1001 babemus:
1064 938 1194 1020 quorum
1210 954 1240 1004 ot

107 1015 230 1096 quisque
252 1029 296 1075 est
314 1014 526 1089 sanctissimus,
552 1014 593 1074 ita
634 1036 701 1073 uum
726 1014 757 1074 in
778 1016 902 1075 Domini
922 1036 993 1076 cous
1015 1028 1114 1077 ectum
1137 1019 1240 1102 prodit,

107 1092 264 1185 plurimum
285 1091 492 1172 prosternitur.
540 1090 592 1150 Sic
611 1035 734 1166 burriel,
765 1112 852 1170 quem
872 1103 954 1152 tanto
976 1038 1076 1177 elogio
1098 1090 1240 1157 Dominus

106 1190 169 1249 ipse
182 1167 397 1228 commendavit
407 1167 707 1246 (Dan.9‚18·et19.):
728 1168 817 1244 „Non
832 1170 861 1227 in
876 1168 992 1229 iustitiis
1003 1170 1241 1252 nostris(inquit)

106 1266 227 1322 „comm
256 1256 286 1303 te
325 1243 473 1303 fundimus
525 1263 621 1304 reces:
654 1244 704 1304 sed
734 1245 766 1303 in
798 1245 1002 1307 misericordiis
1033 1248 1092 1308 tuis
1124 1249 1240 1331 magnis.

105 1320 239 1399 „Exaudi
259 1341 312 1380 nos
333 1320 474 1393 Domine,
491 1264 622 1380 Ilomine
641 1321 785 1402 propitius
804 1323 843 1381 sis
862 1321 959 1382 nobis.
997 1323 1111 1384 Exaudi
1131 1346 1197 1399 nos,
1213 1336 1242 1385 et

105 1398 174 1477 „lac
186 1416 261 1478 quae
276 1396 411 1477 petimus,
431 1409 554 1476 propter
572 1398 774 1476 temetipsum:
795 1398 861 1478 quia
880 1398 1047 1459 invocatum
1069 1412 1116 1460 est
1135 1420 1241 1463 nomeu

105 1488 210 1555 „tuum
229 1494 318 1554 super
338 1473 480 1553 populum
500 1485 594 1547 tuum,
614 1487 644 1534 et
662 1494 752 1554 super
770 1473 868 1535 locum
888 1487 1021 1535 sanetum
1039 1483 1161 1537 tuum.“
1183 1478 1267 1539 tte-⁸

107 1572 165 1633 que
185 1571 255 1612 vero
276 1549 399 1631 obliqua
419 1551 528 1632 figura,
556 1562 590 1609 ut
615 1550 679 1610 fieri
704 1550 796 1624 solet,
829 1551 910 1631 quasi
935 1572 1009 1612 unus
1036 1572 1053 1611 e
1078 1554 1195 1635 populo
1211 1572 1241 1617 ss

105 1630 210 1690 turbae
231 1628 402 1707 permiscet,
426 1627 497 1706 quin
519 1626 616 1708 potios
635 1646 767 1686 seorsum
787 1641 898 1688 reatum
921 1626 1044 1699 fatetur,
1063 1630 1243 1786 supplex&

107 1707 143 1767 ad
166 1707 269 1767 veniae
289 1703 399 1785 asylum
420 1702 570 1785 confugit:
595 1704 681 1763 sicuti
702 1704 809 1764 diserte
828 1706 1001 1783 pronuntiat
1019 1705 1107 1783 (ibid.
1127 1729 1155 1769 v.

105 1782 230 1861 „Quum
251 1781 479 1863 egoconlessus
499 1800 591 1841 essem
613 1792 732 1863 peccata
752 1801 816 1841 mea
837 1794 868 1840 et
914 1782 996 1862 opuli
1015 1785 1107 1842 mei.“
1161 1784 1241 1847 Hanc

106 1879 226 1940 quoque
247 1856 439 1922 bumilitatem
460 1878 514 1918 suo
535 1856 667 1937 exemplo
688 1857 863 1937 praescribit
880 1801 977 1917 llario
996 1859 1088 1936 (Psal.
1101 1867 1174 1937 14³,
1190 1862 1240 1955 Ξ).

67 1950 70 1955 “
105 1939 174 2014 ‚,Ne
193 1937 285 1996 intres
305 1933 334 1994 iu
354 1934 493 1995 iudicium
514 1955 580 1995 cnm
599 1954 684 1995 serso
709 1944 776 1993 tuo:
809 1935 877 2013 quia
902 1956 963 1994 non
990 1936 1198 2000 iustificabitur
1212 1958 1240 1999 ιι

104 2022 287 2093 „conspectu
296 2023 349 2071 tuo
363 2014 458 2072 omnis
470 2014 597 2073 vivens.“
618 2009 683 2068 Tali
700 2008 793 2070 lorma
805 2023 941 2091 precatur
950 2012 1056 2073 Iesaias
1068 2014 1240 2149 lffl'⁵‘²l²

104 2092 205 2169 „Ecce
225 2101 257 2149 tu
283 2090 374 2149 iratus
394 2108 442 2163 es,
488 2087 535 2147 uia
556 2088 752 2168 peccavimus:
784 2088 815 2147 in
843 2088 896 2148 viis
927 2090 983 2149 tuis
1014 2089 1171 2152 somatum
1201 2102 1241 2153 et

104 2164 284 2243 „saeculum
303 2163 370 2225 ideo
391 2109 579 2225 sersabimrrr.
618 2164 657 2224 Et
677 2163 783 2223 luimus
796 2185 899 2225 omnes
919 2165 1024 2245 repleti
1045 2166 1240 2229 immunditias

104 2256 160 2321 „et
178 2242 260 2324 quasi
281 2262 393 2322 pannus
412 2242 557 2319 foedatus,
578 2261 680 2302 omnes
700 2242 826 2301 iustitiae
846 2246 981 2317 nostrae,
1001 2254 1032 2311 et
1051 2246 1241 2306 emarcuimm

104 2342 181 2397 „nos
201 2338 303 2379 ornnes
316 2319 397 2398 quasi
419 2318 533 2392 folium,
553 2317 769 2396 etiniquitates
789 2330 906 2379 nostrae
923 2319 1121 2399 quasiventus
1135 2322 1241 2403 disper·

105 2408 201 2480 „gunt
221 2416 285 2455 nos.
333 2396 372 2453 Et
392 2415 454 2454 non
474 2406 518 2454 est
537 2395 586 2475 qui
607 2396 726 2454 invocet
746 2415 855 2453 nomen
875 2409 972 2456 tuum:
1006 2398 1056 2476 qui
1080 2418 1115 2457 se
1141 2400 1242 2461 excitet

105 2487 160 2551 „ut
179 2471 381 2552 apprehendat
400 2483 438 2531 te.
491 2470 639 2544 Quoniam
666 2470 846 2530 abscondisti
878 2472 981 2532 faciem
1005 2487 1085 2533 tuam
1112 2476 1252 2549 auob'u,

46 2546 51 2557 ’
104 2561 158 2630 „et
178 2547 329 2609 tabescere
349 2569 402 2609 nos
423 2546 519 2607 fecisti
538 2548 568 2606 in
588 2568 677 2606 mann
697 2547 857 2625 iniquitatis
868 2561 994 2609 nostrae.
1034 2551 1125 2611 Nunc
1145 2552 1241 2635 igitur,

104 2627 275 2707 „l)omine,
300 2638 332 2685 tu
353 2645 384 2684 es
404 2625 493 2683 Pater
512 2635 629 2697 noster,
663 2643 717 2683 rios
737 2646 833 2683 sumus
855 2626 962 2685 lutum:
994 2637 1026 2685 tu
1047 2649 1078 2687 cs
1099 2627 1241 2691 formator

107 2717 242 2783 ‚,noster,
264 2714 295 2762 et
314 2721 368 2762 nos
387 2723 485 2761 sumus
506 2722 523 2761 o
549 2724 580 2760 us
600 2722 702 2760 manus
722 2713 797 2759 tuae.
825 2703 870 2761 Ne
890 2702 1019 2762 irascaris
1031 2703 1177 2782 Domine,
1195 2726 1243 2767 ne·
1268 2708 1273 2721 ’

106 2803 184 2862 „que
205 2781 235 2839 in
255 2791 408 2840 aeternum
429 2799 514 2839 recor
536 2781 592 2838 cris
613 2778 654 2837 ini
678 2778 784 2837 uitatis.
823 2780 868 2837 En
890 2783 1012 2857 respice,
1032 2781 1172 2861 agedum,
1191 2802 1242 2844 nos

105 2878 229 2935 „omnes
249 2878 347 2917 sumus
368 2858 494 2936 populus
516 2860 611 2916 tuus.“
693 2855 739 2913 ide
770 2866 804 2913 ut
829 2855 907 2914 nulla
934 2877 1052 2935 prorsus
1074 2857 1180 2920 fiducia
1199 2860 1243 2920 ui-

104 2949 206 2996 tantur
226 2933 280 2993 nisi
301 2933 354 2994 bac
375 2955 443 3008 una,
463 2933 543 3012 quod
562 2932 664 2992 seDei
678 2952 740 2991 esse
760 2932 935 3011 cogitantes,
955 2932 997 2991 illi
1017 2953 1048 2993 se
1069 2933 1138 2997 lure
1158 2955 1243 2998 curae

105 3034 168 3073 non
188 3012 355 3091 desperans
394 3012 462 3070 Non
482 3029 565 3070 secus
585 3009 723 3068 Ieremias
743 3011 889 3086 (·1‹t,7.):
920 3009 977 3083 „Si
997 3010 1170 3089 iniquitates
1189 3034 1243 3074 no·

105 3101 204 3165 „strue
224 3087 433 3167 responderint
453 3098 555 3146 contra
575 3105 639 3160 nos,
659 3086 704 3147 lsc
724 3097 848 3164 propter
868 3107 977 3146 nomen
999 3094 1113 3145 tuum.“
1145 3091 1245 3151 Veris·

105 3168 177 3226 sime
198 3164 275 3223 enim
294 3162 381 3222 simul
400 3184 433 3222 ac
453 3165 630 3222 sanctissime
648 3161 789 3240 scriptum
811 3174 855 3222 est
874 3166 905 3239 (a
926 3184 1106 3242 quocunque
1125 3162 1243 3229 tandem

49 3265 53 3277 ·
104 3244 167 3319 sit),
186 3240 267 3320 quod
287 3240 323 3300 ab
344 3240 461 3299 incerto
482 3251 602 3299 auctore
620 3240 771 3318 scriptum,
790 3239 958 3318 Prophetae
970 3240 1084 3299 Baruclr
1104 3244 1246 3304 tribuitur

105 3321 239 3398 (2,18.):
259 3316 387 3390 „Anima
407 3317 496 3376 tristis
517 3327 548 3375 et
567 3315 695 3375 desolata
715 3336 803 3394 super
823 3316 1025 3396 magnitudine
1045 3318 1125 3393 mali,
1146 3342 1246 3395 curra,

105 3408 157 3472 „et
176 3393 302 3468 infirma,
322 3394 417 3452 anima
439 3392 581 3467 famelica,
601 3406 631 3453 et
651 3391 730 3451 oculi
751 3392 919 3451 deficientes
940 3394 1012 3454 dant
1031 3394 1086 3453 tibi
1106 3396 1245 3477 gloriam,

105 3470 290 3550 „Domiue.-
315 3471 384 3530 Non
414 3471 574 3529 secundum
605 3470 727 3529 iustitias
760 3481 872 3560 patrum
900 3469 1047 3529 fundimus
1078 3493 1184 3551 preces
1216 3474 1246 3533 io

105 3558 290 3628 „conspectu
309 3559 372 3619 tuo,
393 3558 423 3605 ct
435 3567 534 3606 coram
548 3545 620 3606 lacie
642 3559 689 3605 tua
708 3559 835 3635 petimus
853 3547 1093 3622 misericordiam,
1114 3548 1264 3611 Domine¹

105 3626 207 3703 „Deus
221 3635 337 3684 noster:
356 3623 407 3682 sed
428 3625 495 3702 quia
515 3634 548 3682 tu
569 3642 600 3683 es
618 3625 794 3698 misericors,
814 3624 953 3683 miserere
966 3625 1073 3701 nostri,
1094 3627 1165 3705 quia
1178 3647 1248 3709 pec·

75 3706 78 3711 '
105 3703 257 3779 „cavimus
277 3720 375 3759 coram
396 3706 456 3758 te.“

182 3785 210 3843 9.
249 3775 387 3854 Denique
406 3776 464 3834 rite
486 3774 624 3855 precandi
644 3774 758 3835 initium
779 3788 866 3854 atque
888 3777 973 3836 etiam
994 3779 1184 3868 praeparatio
1205 3789 1249 3840 est

106 3854 209 3916 veniae
230 3852 398 3934 deprecatio
420 3873 485 3912 cum
507 3852 607 3911 humili
628 3865 659 3910 et
678 3853 805 3932 ingenus
825 3853 928 3931 eulpae
949 3854 1148 3914 confessione.
1187 3857 1249 3917 Ne·

107 3952 164 4026 que
185 3930 263 3991 enirn
283 3928 459 4008 sperandum
479 3939 532 4000 est,
552 3940 585 3987 ut
605 3929 760 4007 quicquam
780 3952 795 3988 a
812 3930 878 3989 Deo
899 3930 1037 4009 impetret
1056 3930 1101 3990 vel
1122 3932 1249 3993 sanctis·

106 4029 194 4071 armus
214 4007 353 4087 quisque,
385 4005 480 4065 donec
500 4005 589 4098 gratis
607 4006 813 4066 reconciliatus
834 4007 861 4065 ei
881 4007 933 4065 sit:
967 4028 1021 4066 nec
1047 4008 1111 4066 lieri
1137 4021 1249 4089 potest,

105 4092 140 4146 ut
157 4083 222 4144 aliis
241 4084 323 4142 Deus
343 4083 381 4141 sit
399 4081 554 4162 propitius,
574 4083 629 4141 nisi
649 4082 754 4161 quibus
775 4083 910 4162 ignoscit.
950 4083 1037 4143 Unde
1057 4105 1118 4143 non
1140 4086 1248 4146 mirum

36 4226 39 4233 ,
107 4162 132 4223 si
152 4162 205 4222 bac
225 4160 305 4220 clave
331 4158 445 4218 ianuam
472 4158 528 4218 sibi
554 4156 653 4218 fideles
680 4162 815 4250 aperiunt
839 4159 874 4217 ad
906 4160 1066 4234 orandum,
1119 4164 1182 4223 uod
1215 4183 1250 4223 ex

108 4234 310 4318 compluribus
330 4234 514 4295 Psalmorum
538 4234 612 4296 locis
637 4233 781 4295 discamus.
829 4237 923 4296 David
944 4240 1022 4298 euim
1042 4183 1121 4299 aliull
1142 4252 1250 4322 postu·

107 4314 171 4383 laos
196 4311 268 4374 dicit
292 4311 385 4390 (Psal.
402 4314 458 4388 25,
475 4311 535 4389 6.):
564 4311 781 4388 „Peccatorum
806 4313 964 4378 iuventutis
988 4336 1071 4378 meae
1096 4327 1129 4377 et
1151 4329 1249 4379 maus·
