2700 4732
20 152 140 282 jau
226 246 232 259 .
456 156 893 260 omonimum·

17 351 19 354 ⁴
84 337 197 422 „plutio
217 349 262 401 est
279 357 336 423 pro
355 337 484 420 peccatis
503 337 645 400 nostris.“
681 335 773 398 Item:
793 332 930 413 „Placuit
939 335 1007 398 Deo
1026 335 1224 400 reconciliare

86 417 274 500 „peripsum
294 415 394 477 omnia
414 435 483 498 erga
508 436 556 488 se,
589 412 743 494 pacificans
771 435 826 494 per
848 415 1021 495 sanguinem
1045 414 1141 475 crucis
1160 414 1224 478 eiua

21 499 24 515 ¹
86 514 163 581 „per
181 494 296 627 ἰρειιιιιιι
315 504 373 553 etc.
405 491 503 551 ¹Item:
529 492 619 567 „Erat
639 491 720 552 Deus
744 489 774 549 in
797 488 915 551 Christo
936 489 1077 550 mundum
1096 489 1154 551 sibi
1171 510 1224 551 re-

87 570 280 648 ‚‚condtians‚
300 588 361 628 non
381 568 419 627 im
443 580 525 628 utans
544 566 714 627 bominibus
750 572 876 626 occatam
913 564 1004 626 Item:
1024 564 1224 641 „Gratotuos

88 646 264 737 omiti?
289 645 398 705 dilecto
418 590 526 704 ditior
569 644 660 756 Iterp:
686 686 706 716 ‚‚
739 654 756 735 t·
775 642 876 776 aqups
901 642 930 702 in
956 665 1047 735 unum
1072 643 1224 734 homiqem

89 721 406 877 li‘ididiii‘iiiii
423 739 637 877 ttt‘sl‘tt,
663 720 894 876 ..dllttlt
910 731 1236 865 ttsslt'ttt.t‘ltt

88 877 119 936 in
141 875 259 936 Christo
281 875 368 934 fuisse
387 873 514 946 electos,
538 871 623 933 simul
642 871 740 946 addit,
763 891 818 931 nos
843 872 872 931 in
893 872 998 932 eodem
1018 873 1139 966 gratiam
1158 892 1225 934 esse

88 952 221 1030 adeptos.
266 950 427 1024 Quomodo
454 949 555 1030 coepit
573 950 654 1009 Deus
678 947 781 1008 lavore
800 968 854 1008 sno
880 949 1048 1028 complecti,
1067 968 1140 1028 quos
1153 960 1225 1010 ante

88 1029 240 1088 conditum
260 1027 400 1086 mundum
421 1024 577 1101 dilexerat,
602 1024 657 1085 nisi
677 1024 745 1104 quia
764 1043 893 1084 amorem
913 1046 994 1084 suurn
1016 1025 1153 1099 exseruit,
1169 1025 1224 1086 ubi

89 1102 295 1169 reconciliatus
315 1115 359 1163 est
374 1101 485 1164 Christi
505 1100 664 1182 sanguine?
701 1101 777 1159 Nam
796 1100 862 1179 quia
880 1102 962 1161 Deus
983 1101 1050 1162 sons
1069 1113 1114 1161 est
1128 1101 1239 1163 omnis·

89 1180 228 1252 iustitiam
247 1197 367 1239 neeesse
387 1189 482 1238 estut
502 1177 606 1252 homo,
626 1176 764 1257 quamdiu
784 1189 924 1257 peccator
944 1189 998 1251 est,
1016 1176 1097 1237 illum
1117 1177 1226 1238 habeat

76 1255 205 1316 ‘bostem
226 1267 257 1315 et
274 1254 410 1314 iudicem.
451 1256 553 1328 Quare
571 1254 748 1333 principium
768 1252 874 1314 amoris
891 1265 936 1314 est
954 1253 1074 1328 iustitia,
1093 1253 1186 1333 qualis
1205 1273 1225 1315 a

88 1330 184 1392 Paulo
196 1331 378 1390 describitur.
402 1331 497 1406 „Eum
511 1330 561 1409 qui
581 1341 731 1409 peccatum
750 1349 811 1388 non
832 1327 953 1400 iecerat,
971 1351 1027 1408 pro
1047 1328 1134 1391 uobis
1152 1348 1226 1408 pec·

89 1420 185 1469 catum
218 1407 304 1480 iecit,
334 1418 368 1466 ut
387 1426 512 1466 essemus
536 1405 643 1466 iustitia
667 1405 726 1464 Dei
751 1404 781 1463 in
806 1404 892 1483 ipso“
912 1406 967 1485 (ΙΙ.
994 1406 1066 1467 Cor.
1089 1411 1124 1478 5,
1146 1405 1223 1483 21.).

90 1483 243 1565 Significat
263 1482 357 1557 enim,
386 1482 541 1563 gratuitam
562 1482 697 1542 iustitiam
724 1479 846 1559 adeptos
867 1480 977 1542 Christi
1001 1481 1160 1556 sacrificio,
1189 1494 1225 1542 ut

89 1559 159 1620 Deo
179 1559 361 1639 placeamus,
380 1560 431 1637 qui
452 1570 554 1619 natura
573 1580 670 1618 sumus
691 1557 741 1616 lilii
760 1557 838 1630 irae,
858 1570 889 1617 et
907 1577 962 1636 per
982 1569 1133 1636 peccatum
1152 1557 1225 1618 alie·

89 1637 161 1695 nati.
200 1635 356 1695 Caeterum
377 1634 450 1695 haec
470 1634 619 1694 distinctio
640 1635 725 1693 etiam
745 1645 876 1708 notatur,
896 1634 1010 1712 quoties
1030 1633 1087 1693 Dei
1107 1634 1224 1694 caritati

89 1711 258 1792 adiungitur
278 1710 389 1772 Christi
408 1713 500 1792 gratia
520 1711 576 1788 (ll.
589 1710 661 1771 Cor.
680 1716 728 1781 13,
747 1711 820 1789 13.)‚
839 1710 918 1769 unde
934 1711 1079 1790 sequitur,
1099 1729 1166 1769 euru
1186 1709 1226 1771 de

89 1808 144 1849 suo
164 1788 244 1867 quod
264 1787 426 1867 acquisivit,
446 1786 532 1847 nobis
552 1787 667 1868 largiri:
688 1786 755 1865 quia
776 1806 839 1866 non
858 1786 944 1846 aliter
962 1785 1121 1866 quadraret
1139 1803 1225 1847 teor-

90 1886 154 1926 xum
175 1885 192 1923 a
211 1864 302 1924 Patre
320 1863 349 1923 ci
368 1862 474 1925 ascribi
493 1862 568 1925 hauc
587 1862 719 1938 laudem,
751 1862 831 1943 quod
851 1862 946 1945 gratia
964 1862 1027 1924 eius
1045 1863 1100 1940 sit,
1131 1873 1162 1924 et
1185 1861 1224 1924 ab

89 1941 156 2022 ipso
177 1940 338 2021 proveniat.
722 2005 725 2011 ,
798 1967 800 1971 ¹

166 2022 194 2081 3.
235 2015 328 2090 Quod
348 2027 446 2076 autem
471 2034 540 2077 vere
561 2014 694 2077 Christus
718 2035 768 2076 sua
792 2013 964 2074 obedientia
988 2013 1076 2075 nobis
1100 2015 1225 2106 gratiam

90 2093 167 2173 apud
186 2094 305 2153 Patrem
326 2112 359 2153 ao
380 2092 490 2153 uisierit
509 2113 542 2153 ac
566 2093 743 2172 promeritus
762 2092 824 2167 sit‚'
844 2110 878 2151 ex
901 2091 1034 2171 pluribus
1054 2092 1227 2172 scripturae

90 2169 164 2230 locis
184 2181 267 2229 certo
287 2179 318 2227 et
329 2114 430 2229 sdiide
450 2168 607 2248 colligitur.
638 2169 733 2228 'Nam
752 2168 809 2228 hoc
829 2188 885 2247 pro
906 2167 1044 2228 consessu
1069 2189 1170 2241 sumo,
1199 2169 1226 2229 si

90 2265 147 2326 pro
175 2244 300 2323 peccatis
319 2245 428 2304 nostris
449 2244 582 2305 Christus
601 2243 758 2318 satisfecit,
771 2244 806 2304 oi
830 2262 957 2324 poenam
983 2244 1070 2305 uobis
1094 2245 1226 2305 debitam

91 2323 249 2416 persolvit,
267 2321 292 2380 si
311 2320 482 2381 obedientia
501 2342 552 2381 sua
573 2321 669 2380 Deum
689 2320 830 2400 placarit,
856 2320 984 2400 denique
1007 2320 1032 2380 si
1056 2322 1149 2382 iustus
1169 2341 1226 2401 pro

89 2397 204 2460 iniustis
222 2417 321 2477 passus
341 2408 400 2457 est:
433 2396 540 2457 iustitia
562 2398 622 2457 eius
642 2409 754 2476 partam
780 2395 866 2456 nohis
885 2396 1025 2471 salutem,
1058 2397 1137 2479 quod
1156 2409 1227 2458 tan-

91 2473 214 2535 tundem
232 2472 311 2532 valet
329 2494 362 2532 ac
381 2473 553 2552 promereri.
572 2523 579 2535 .
596 2474 688 2553 Atqui
707 2485 783 2533 teste
803 2472 896 2533 Paulo
918 2473 1099 2534 reconciliati
1117 2494 1226 2547 sumus,

90 2563 123 2612 et
142 2548 413 2610 reconciliationem
433 2550 596 2630 accepimus
617 2571 670 2629 per
690 2549 751 2609 eius
769 2560 896 2609 mortem
916 2549 1136 2626 (Rom.5,11.).
1167 2548 1226 2609 At-

114 2627 143 2687 ui
168 2624 370 2685 reconciliatio
390 2625 488 2685 locum
518 2647 579 2686 nnn
609 2625 716 2700 habet,
746 2625 802 2686 nisi
827 2625 877 2684 uhi
903 2626 1033 2687 ollensio
1056 2624 1249 2707 praecessit*

91 2649 204 2765 Census
225 2720 257 2761 er
279 2723 296 2762 o
319 2713 372 2775 est,
392 2703 501 2777 Deum,
521 2703 567 2763 cui
587 2715 711 2794 propter
729 2713 880 2781 peccatum
893 2722 1005 2763 eramus
1019 2702 1107 2778 exosi,
1126 2712 1227 2761 morte

91 2781 159 2843 Filii
180 2779 225 2839 sui
248 2720 391 2857 piscatum
413 2779 511 2852 fuisse,
529 2791 563 2838 nt
583 2778 669 2838 nobis
688 2779 726 2839 sit
746 2779 897 2857 propitius.
937 2778 1150 2861 Aediligenter
1168 2797 1229 2837 no-

91 2857 180 2920 tanda
200 2867 254 2928 est,
275 2875 349 2934 quae
369 2855 456 2934 paulo
477 2868 545 2934 post
564 2857 695 2934 sequitur
713 2855 863 2915 antithesis
883 2855 1135 2934 (Rom.5‚19.):
1157 2854 1229 2928 „Si-

91 2936 154 2998 cuti
174 2942 229 3011 per'
246 2931 507 3012 transgressionem
540 2933 624 2991 unius
658 2944 828 3011 peccatores
854 2931 1005 2992 constituti
1034 2944 1105 2991 sunt
1128 2930 1230 2993 multi:

92 3011 135 3072 sic
156 3021 186 3069 et
203 3029 259 3087 per
278 3008 476 3068 obedientiam
497 3009 563 3068 iusti
585 3009 804 3068 constituuntur
816 3007 930 3067 multi.“
956 3006 1065 3068 Senius
1079 3007 1157 3067 enim
1169 3019 1230 3067 est:

94 3085 270 3146 SicutAdae
289 3097 411 3162 peccato
433 3085 550 3144 alienati
570 3085 664 3143 alico
684 3107 782 3144 sumus
802 3096 833 3143 et
852 3084 987 3144 destinati
1007 3083 1043 3142 ad
1063 3082 1231 3160 interitum,

91 3163 132 3222 ita
153 3161 263 3222 Christi
284 3161 470 3236 obedientia,
488 3161 599 3221 nnsin
621 3160 749 3221 levorem
770 3161 861 3240 recipi
881 3172 1017 3238 tanquam
1038 3159 1138 3218 iustos.
1165 3160 1231 3221 Nec

91 3236 321 3299 futurumverbi
339 3248 453 3316 tempus
473 3249 654 3316 praesentem
675 3237 811 3297 iustitiam
833 3237 974 3295 excludit:
994 3237 1080 3296 sicuti
1101 3256 1135 3294 ex
1155 3256 1231 3296 con-

90 3324 172 3374 textu
192 3324 324 3404 apparet.
373 3315 448 3372 Nam
473 3327 503 3373 et
532 3315 613 3394 prius
632 3314 758 3390 dixerat,
783 3311 912 3386 χάρισμα
937 3330 972 3372 ex
996 3312 1094 3373 multis
1115 3311 1231 3373 delictis

92 3389 205 3452 esseio
227 3389 471 3450 iustificationum.

167 3471 195 3529 4.
236 3465 391 3526 Caeterum
411 3489 499 3558 quum
520 3467 651 3540 dicimus,
672 3466 781 3529 Christi
801 3466 907 3526 merito
928 3477 1037 3556 partam
1059 3464 1145 3525 nobis
1166 3485 1231 3525 esse

90 3545 232 3626 gratiam,
256 3540 313 3602 hoc
334 3541 539 3625 intelligimus,
563 3545 703 3625 sanguine
730 3543 791 3603 eius
818 3565 873 3603 nos
895 3543 981 3603 luisse
1000 3543 1174 3616 mundatos,
1200 3553 1233 3600 et

91 3621 153 3680 eius
172 3628 297 3678 mortem
319 3619 511 3698 expiationem
532 3621 620 3680 fuisse
641 3641 695 3698 pro
717 3620 851 3699 peccatis.
892 3620 1041 3701 „Sanguis
1053 3620 1114 3678 eius
1125 3639 1232 3677 emun-

93 3696 144 3756 dat
162 3716 218 3766 nos
238 3716 254 3754 a
272 3706 404 3774 peceato.
449 3697 507 3756 llic
531 3696 647 3776 sanguis
674 3709 731 3768 est,
763 3696 813 3774 qni
839 3695 1003 3758 effunditur
1027 3698 1057 3755 in
1084 3695 1233 3755 remissio·

90 3791 160 3833 nem
180 3777 389 3851 peccatorum“
410 3773 457 3850 (Ι,
470 3773 514 3833 lo.
534 3781 568 3847 1,
587 3779 615 3836 t.
635 3773 706 3833 Luc.
726 3779 781 3845 22,
800 3777 871 3843 tu).
922 3774 954 3832 si
975 3773 1022 3833 hic
1043 3772 1166 3830 effectus
1188 3782 1234 3829 est

91 3849 148 3910 iusi
168 3848 327 3929 sauguinis,
346 3861 378 3906 ut
399 3871 458 3908 non
479 3850 661 3923 imputentur
680 3849 766 3909 nohis
780 3861 908 3939 peccata,
928 3852 1060 3927 sequitur
1074 3869 1110 3906 eo
1131 3847 1231 3927 pretio

92 3925 272 3985 satisfactum
293 3943 355 3984 esse
376 3925 486 3984 iudicio
507 3926 573 3992 Dei,
622 3928 692 3997 Quo
718 3938 847 4017 pertinet
865 3926 936 3984 illud
957 3927 1121 3998 Ballistae,
1152 3925 1232 3983 Ecce

92 3999 264 4082 agnus'Dei
285 4000 333 4078 qui
353 4002 432 4060 tollit
454 4015 605 4081 peccatum
628 4003 727 4060 sisimile
748 4003 808 4080 (lo.
830 4009 864 4078 1,
884 4004 958 4078 ⁸29).
998 3950 1072 4065 b'am
1092 4000 1231 4058 omnibus

91 4076 180 4157 Legis
200 4075 346 4151 sacrificiis
367 4079 515 4139 Christum
537 4079 678 4159 opponit,
700 4090 732 4136 ut
750 4078 902 4157 impletum
923 4079 951 4137 iu
975 4097 1011 4136 eo
1032 4078 1095 4137 solo
1117 4076 1234 4149 doceat,

92 4153 174 4231 quod
194 4150 214 4211 h
235 4146 304 4212 u'rao
325 4154 392 4213 illae
413 4167 623 4214 monstrarunt.
669 4154 783 4213 Scimus
815 4167 912 4213 autem
939 4154 1009 4234 quid
1031 4153 1133 4243 passim
1155 4153 1236 4211 dicat

91 4229 203 4305 Moses,
212 4173 392 4308 ‘itxptatitur
411 4232 560 4311 iniquitas,
580 4243 732 4321 peccatum
746 4229 893 4293 delebitur
913 4254 947 4292 ac
967 4242 1142 4292 remittetur.
1172 4229 1233 4287 Dc·
