2700 4732
102 204 161 269 13⁰
471 192 550 258 tm.
571 192 628 257 lll.
666 196 756 259 cat.
775 196 854 257 xxt.

104 364 193 407 neum
212 349 434 431 putantnquam
454 360 488 400 cx
508 341 657 433 communi
677 340 830 401 ltomlnum
850 338 937 402 turba
957 340 1031 403 alios
1048 340 1089 401 ad
1109 340 1238 435 salutent,

103 422 176 513 alios
196 420 233 479 ad
251 419 402 479 interatum
421 417 652 510 praedestinata..
686 418 849 510 Utautem
865 437 1239 554 1perperamsejpsrrm-

104 498 240 579 pedrant,
272 514 306 554 ex
335 504 474 554 contextu
506 507 609 574 postea
633 494 766 575 quuelut.
814 494 861 553 Ad
885 495 1000 573 equod
1026 514 1058 554 ιιι
1084 516 1149 587 apsa
1168 516 1239 589 qnae

105 585 197 635 terret
216 570 355 653 caligine,
385 591 447 629 ιιοιι
467 571 557 630 modo
577 570 656 631 utilis
678 571 761 631 huius
786 570 953 645 doctrinae,
981 571 1033 632 scd
1058 592 1241 633 suavissimus

39 712 47 723 ,
103 668 223 731 quoque
248 647 360 707 lructus
386 668 417 708 se
442 647 564 726 profert.
615 650 773 728 Nunquam
802 645 915 727 liquido
943 658 975 707 ut
1000 648 1090 707 decet
1112 650 1240 741 persuasi

103 728 220 805 erimus,
240 724 361 785 salutern
381 736 510 783 nostram
531 742 565 782 ex
578 724 662 784 sonte
675 723 818 807 gratuitae
829 723 1050 784 misericordiae
1060 724 1121 785 Der
1141 724 1242 793 linere.

103 803 199 867 donec
219 800 383 863 innotuerit
403 800 489 860 nobis
510 813 629 860 aeterna
643 802 703 861 eius
717 799 839 861 electio:
860 821 935 892 quae
954 800 1008 860 hac
1019 802 1241 881 comparatione

102 880 225 964 gratiam
244 877 303 937 Dei
322 877 456 950 illustrat,
475 876 555 956 quod
576 898 636 938 non
658 897 760 938 ournes
781 898 946 956 promuscue
966 877 1091 956 adoptat
1110 878 1143 938 in
1164 898 1240 959 spen

103 956 212 1030 salutis,
231 954 282 1016 secl
303 954 351 1025 dat
369 953 431 1013 aliis
443 953 521 1031 quod
542 952 605 1015 aliis
625 965 723 1035 negat.
741 992 780 1002 -
804 954 900 1014 Huius
920 954 1056 1033 principii
1076 954 1241 1033 ignoraot‘u

125 1045 245 1095 uantum
265 1051 300 1089 ex
319 1030 413 1113 gloria
432 1029 491 1088 Dei
511 1030 677 1105 imminuat,
697 1041 838 1110 quantum
858 1050 944 1089 verae
965 1029 1127 1090 humilitati
1149 1029 1240 1091 detra·

104 1055 171 1186 iat,
190 1108 285 1189 palam
306 1118 359 1167 est.
397 1106 489 1186 atqui
510 1107 590 1185 quod
610 1109 649 1169 ita
669 1107 791 1187 cognitu
811 1108 1003 1168 necessarium
1024 1119 1081 1182 est,
1099 1104 1241 1189 cognosci

11 1200 39 1234 ¹·
104 1207 192 1269 posse
216 1204 253 1245 ne
276 1195 305 1244 at
323 1180 447 1259 Paulus,
479 1182 534 1245 nisi
552 1183 651 1260 Deus,
671 1185 780 1244 omisso
827 1206 926 1245 rorsus
950 1203 1076 1263 operum
1095 1196 1242 1264 respecta,

105 1283 180 1344 quos
200 1204 278 1342 spui
298 1280 330 1321 se
350 1259 483 1320 decrerit
502 1258 600 1342 eligat
640 1261 696 1335 „In
717 1259 774 1321 hoc
794 1206 907 1341 dirquit
926 1259 1012 1320 Rom.
1032 1266 1084 1335 ll,
1100 1262 1153 1340 ὁ.)
1172 1271 1243 1322 ten·

31 1372 33 1377 .
104 1358 200 1421 „pore
231 1336 373 1417 reliquiae
404 1335 563 1397 secundum
596 1336 771 1398 electionem
805 1337 960 1419 gratuitam
984 1334 1081 1396 salvae
1115 1336 1242 1399 luerunt.

105 1414 245 1493 „Quodsi
265 1432 320 1496 per
337 1413 477 1493 gratiam,
498 1434 559 1474 non
580 1418 636 1474 iam
657 1435 691 1475 ex
711 1415 866 1507 operibus:
888 1412 1133 1495 quandoquidem
1154 1414 1242 1499 gratia

104 1493 183 1584 „iam
203 1512 264 1551 non
286 1501 362 1551 esset
387 1488 490 1572 gratia.
540 1489 573 1549 Si
604 1513 644 1604 οἱ
662 1491 814 1627 opserrhqs,
832 1512 901 1627 lm·
917 1510 955 1580 ea·
975 1488 1085 1581 gratia:
1109 1492 1241 1572 quando·

60 1687 66 1695 -
105 1568 830 1724 ’c’ilddiiiimiiilmuilicinitsdtelnldiauiliundclqirame
843 1580 976 1702 {iurgiis
987 1585 1242 1705 ilriilliialllalitlie

105 1723 280 1804 contingere
309 1718 397 1780 nobis
428 1718 566 1795 salutem,
597 1721 647 1801 qui
679 1720 737 1781 hoc
768 1720 938 1780 exstinctum
964 1718 1084 1793 volunt,
1117 1720 1242 1805 maligne

106 1811 246 1879 quantum
267 1796 296 1856 in
316 1817 347 1857 se
368 1809 412 1856 est
431 1796 590 1857 obscurant
614 1797 694 1877 qnod
720 1797 874 1878 magnifice
899 1817 931 1857 ac
971 1795 1046 1857 lenis
1072 1794 1178 1859 buccis
1194 1815 1241 1857 ce·

105 1874 278 1936 lebrandum
299 1886 376 1944 erat,
403 1885 434 1932 et
451 1873 541 1966 ipsam
562 1872 729 1934 humilitatis
749 1874 875 1934 radicem
895 1818 1035 1933 eredunt.
1088 1872 1183 1935 Clare
1199 1884 1241 1935 te·

104 1963 199 2013 statur
209 1950 326 2026 Paulus,
346 1948 395 2007 ubi
416 1950 525 2010 residui
545 1949 647 2030 populi
666 1950 742 2010 salus
755 1948 893 2011 electioni
911 1949 1057 2031 gratuitae
1076 1947 1241 2025 ascribitur,

104 2039 176 2089 tunc
197 2027 313 2088 demum
333 2026 491 2107 cognosci,
510 2026 607 2086 Deum
627 2047 709 2087 mero
730 2026 916 2106 beneplacito
936 2046 1056 2086 serrare
1076 2046 1158 2107 quoa
1175 2025 1240 2119 rull,

106 2125 168 2165 non
187 2115 284 2164 autem
304 2103 469 2162 mercedem
488 2104 669 2183 rependere,
702 2124 777 2183 quae
802 2102 882 2161 nulla
908 2102 1010 2162 deberi
1030 2112 1145 2183 potest.
1184 2102 1238 2179 Qu

105 2181 185 2241 fores
204 2179 379 2252 occludunt,
400 2199 437 2237 ne
462 2180 525 2257 quis
550 2180 585 2240 ad
612 2190 728 2262 gustum
754 2180 836 2239 huius
857 2180 1008 2240 doctrinae
1029 2180 1178 2241 accedere
1195 2200 1238 2241 ι·

106 2257 189 2331 deat,
215 2276 276 2315 non
297 2255 440 2314 minorem
460 2255 630 2316 hominihus
650 2278 736 2336 quam
757 2257 822 2316 Deo
856 2256 967 2315 iaciunt
991 2255 1150 2317 iniuriam:
1180 2256 1238 2337 qaia

105 2354 202 2412 neque
222 2333 258 2392 ad
278 2352 332 2391 nos
352 2344 384 2390 ut
404 2352 456 2422 par
476 2346 519 2391 est
539 2332 732 2393 humiliandos
754 2333 905 2413 quicquam
926 2332 1002 2393 aliud
1022 2332 1237 2408 sufficiemus

105 2430 193 2489 quam
212 2408 300 2468 simus
325 2407 459 2467 obstrrcti
477 2409 563 2483 Deo,
592 2430 627 2468 es
655 2409 753 2470 animo
777 2410 945 2470 sentiemus.
995 2409 1061 2469 Nec
1082 2430 1160 2471 vero
1178 2406 1240 2471 alilti

104 2485 216 2547 solidae
236 2484 357 2544 fiduciae
383 2483 506 2559 fultura,
538 2486 625 2546 etiarn
647 2486 766 2546 Christo
792 2498 927 2546 auctore:
960 2486 1009 2565 qui
1036 2497 1071 2545 ut
1092 2508 1153 2548 nos
1171 2487 1236 2547 inter

105 2574 151 2622 tot
171 2559 351 2634 discrimina,
384 2560 500 2620 insidias
531 2574 561 2621 ct
592 2562 691 2622 letales
717 2562 890 2636 conflictus,
910 2563 990 2621 omni
1018 2573 1103 2622 metu
1131 2563 1236 2633 liberet,

105 2639 289 2716 invictosque
309 2637 420 2711 reddat,
438 2636 547 2698 salvum
569 2639 633 2698 lore
653 2640 799 2719 promittit
819 2639 886 2719 quic
910 2639 956 2696 uid
981 2658 998 2697 a
1018 2638 1113 2699 Patre
1133 2641 1236 2723 aceepit

104 2716 135 2775 in
157 2714 327 2775 custodiam.
366 2715 407 2773 Ea
428 2735 487 2806 quo
508 2715 638 2776 elicimus
658 2717 797 2776 continua
818 2661 1012 2794 trepidatione
1025 2715 1157 2779 miseros
1173 2716 1236 2791 lore,

106 2795 274 2871 quicunque
293 2810 325 2851 se
344 2791 489 2870 peculrum
509 2793 567 2852 Dei
588 2813 649 2853 esse
669 2792 824 2873 ignorant:
845 2814 878 2852 ac
899 2791 1025 2872 proinde
1045 2812 1101 2853 eos
1124 2814 1236 2873 pessus

107 2881 138 2928 et
156 2868 212 2928 sibi
233 2881 264 2927 et
283 2868 395 2927 cunctis
426 2868 559 2929 fidelibus
580 2870 751 2941 consulere,
771 2871 821 2949 qui
848 2869 882 2928 ad
905 2882 963 2929 tres
984 2890 1055 2948 quas
1075 2874 1235 2933 notavimus

106 2945 246 3005 utilitates
265 2944 472 3017 coecutiendo,
492 2947 590 3006 salutis
610 2960 727 3007 nostrae
747 2946 967 3007 fundamentum
987 2965 1003 3003 e
1024 2947 1130 3009 medio
1150 2948 1236 3013 subla-

105 3034 167 3081 tum
188 3033 340 3099 cuperent
380 3020 461 3094 Quid
482 3024 562 3101 quod
582 3023 667 3084 nobis
687 3023 755 3082 inde
777 3027 901 3104 emergit
920 3022 1053 3097 ecclesia,
1073 3044 1156 3103 quae
1174 3026 1235 3087 alio·

105 3097 166 3178 qui,
186 3108 218 3156 ut
236 3109 317 3155 recte
338 3095 426 3155 docet
444 3098 610 3159 Bernardus
631 3100 731 3179 [serm.
751 3099 782 3159 in
797 3099 973 3179 ·Cant.78.],
992 3118 1055 3159 non
1077 3114 1183 3181 posset
1199 3102 1237 3163 in-

104 3173 209 3246 veniri,
229 3191 283 3231 nec
304 3173 381 3232 inter
401 3185 547 3235 creaturas
567 3178 705 3255 agnosci?
726 3177 793 3254 quia
814 3178 889 3237 miro
910 3189 1038 3255 utroque
1057 3179 1157 3240 modo
1178 3179 1236 3241 latet

106 3250 184 3309 intra
203 3248 346 3329 gremium
367 3248 469 3309 beatae
496 3253 784 3330 praedestinationis,
813 3265 843 3312 et
869 3252 943 3312 intra
969 3272 1097 3313 massam
1124 3256 1237 3317 naim

107 3324 312 3385 damnationis.
330 3357 370 3372 -
408 3325 468 3384 Sed
488 3340 643 3418 antequam
671 3351 731 3389 rem
751 3330 842 3409 ipsam
862 3329 1023 3411 ingredior,
1044 3352 1116 3391 cum
1138 3330 1239 3415 duplici

107 3402 258 3461 hominnm
269 3419 379 3481 genere
398 3401 470 3460 mihi
490 3402 620 3465 bifariam
642 3406 832 3485 praefandum
853 3418 905 3465 est.
943 3406 1188 3497 Disputationenr
1206 3408 1238 3469 de

105 3476 388 3559 praedestinatione,
407 3499 496 3556 quum
517 3499 619 3559 perse
638 3484 676 3542 sit
695 3482 874 3574 aliquantum
895 3483 1050 3563 impedita,
1069 3484 1162 3547 valde
1180 3506 1238 3567 per·

105 3554 218 3635 plexarn
238 3564 326 3632 atque
351 3554 425 3613 aden
473 3555 643 3617 crirulosana
669 3560 767 3619 reddrt
792 3558 942 3617 hominum
970 3561 1145 3641 curiositas,
1171 3580 1238 3645 quae

104 3630 193 3690 nullis
212 3629 357 3711 repagulis
377 3576 510 3691 colideri
529 3646 635 3712 potest,
656 3636 725 3715 quin
747 3647 778 3694 et
801 3634 832 3693 in
851 3635 955 3717 vetitas
975 3635 1120 3719 ambages
1140 3658 1238 3725 evage-

104 3717 154 3767 tur
174 3706 253 3766 etin
273 3706 397 3767 sublime
416 3727 448 3769 se
467 3709 624 3790 proripiat:
661 3710 750 3787 nihil,
770 3712 794 3773 ai
816 3712 921 3786 liceat,
939 3712 1055 3788 arcani,
1076 3717 1164 3797 quod
1182 3734 1237 3777 nso

103 3794 252 3844 scrutetur
270 3795 358 3862 atque
378 3784 506 3861 evolvat,
529 3787 596 3847 Deo
623 3788 767 3849 relictura.
817 3790 851 3848 In
872 3789 946 3849 hanc
966 3790 1121 3853 audaciam
1142 3806 1174 3855 et
1184 3792 1238 3855 iat·

104 3858 283 3940 probitatem
304 3882 393 3939 quum
412 3861 520 3922 multos
539 3863 684 3925 videamus
705 3867 808 3945 passim
828 3886 922 3940 ruere,
943 3877 973 3924 et
993 3866 1023 3925 in
1044 3867 1081 3928 iis
1100 3870 1237 3952 quosdan

103 3934 217 4028 alioqui
230 3956 290 3995 non
304 3938 409 3999 malos:
430 3951 598 4030 opportune
612 3942 789 4007 admonendi
801 3955 878 4015 sunt,
889 3944 952 4021 quis
972 3944 1010 4002 sit
1029 3943 1061 4003 in
1083 3944 1142 4007 lrac
1162 3956 1238 4029 parte

103 4012 196 4073 officii
215 4011 260 4073 sui
279 4012 392 4076 modus.
432 4015 563 4075 Primum
580 4037 654 4101 ergo
673 4020 869 4093 meminerint,
888 4020 919 4079 in
940 4019 1237 4099 praedestinatione:

104 4087 174 4148 dum
192 4088 361 4170 inquirunt,
393 4113 424 4153 se
449 4093 479 4152 in
501 4093 614 4155 divinae
638 4096 796 4176 sapientiae
821 4096 906 4175 adyta
932 4109 1109 4176 penetrare,
1141 4120 1200 4181 qno
1215 4096 1237 4158 ri

104 4165 169 4246 quis
186 4186 288 4229 secure
308 4188 341 4229 ac
361 4169 545 4230 confidenter
564 4185 754 4266 prorumpat,
782 4193 837 4233 nee
856 4192 916 4252 qno
936 4193 1016 4233 suam
1037 4177 1235 4238 curiositatem

3 4296 7 4301 .
104 4244 189 4306 satiet
216 4258 401 4325 assequetur,
421 4258 452 4307 et
471 4247 669 4330 labyrinthum
692 4250 888 4333 rngredietur,
909 4248 989 4309 cuius
1016 4251 1135 4313 nullum
1156 4272 1233 4335 repe·
