2700 4732
179 235 220 295 n
593 222 970 311 mmmm.

138 370 141 381 '
182 364 341 434 bominum
360 380 459 430 mente
482 368 637 450 profluxit,
661 367 729 429 dum
751 358 979 448 quisque'nimis
997 362 1151 427 licentiose
1167 360 1316 447 ¹vagando,

205 468 338 529 erperam
357 446 416 507 boc
436 444 481 506 vel
500 445 572 506 illud
592 445 629 504 de
648 444 792 526 ipsoDeo
812 443 1052 505 comminiscitur.
1090 442 1196 522 Neque
1214 455 1315 503 tamen

181 470 231 586 lte
239 523 489 605 superstitionum,
501 522 608 602 quibus
626 521 782 600 implicitus
802 520 858 581 luit
876 517 1011 593 mundns,
1030 517 1197 599 catalogum
1215 530 1317 579 texere

183 620 303 663 neccsse
323 611 382 660 est:
408 601 475 679 quia
501 620 557 660 nec
575 596 651 659 ullus
671 609 747 658 essct
765 596 848 670 finis,
874 608 906 655 et
929 607 962 654 ut
980 594 1101 656 verbum
1121 595 1233 656 nullum
1253 595 1316 669 liat,

183 677 253 741 satis
274 698 307 738 ex
325 687 374 737 tot
393 674 568 757 corruptelis
581 685 704 755 apparet
714 695 800 753 quam
819 671 968 732 horribilis
988 673 1025 731 sit
1045 671 1188 732 humanae
1207 673 1315 733 mentis

184 752 322 817 coecitas.
359 751 445 812 liude
465 765 495 812 et
519 751 671 811 indoctum
696 750 797 833 vulgus
822 749 940 813 omitto.
989 747 1049 807 Sed
1074 748 1153 809 inter
1176 748 1316 810 Philoso-

183 827 320 911 pbos*),
363 829 393 888 ui
413 830 529 889 ratione
549 840 580 886 ct
604 827 740 887 doctrina
759 840 914 907 penetrare
933 824 964 884 in
984 825 1098 885 coelum
1120 825 1216 885 conati
1235 838 1315 899 sunt,

206 927 272 967 uam
301 850 438 986 pudenda
463 916 508 965 est
527 903 666 964 varietas?
696 914 730 963 ut
755 903 878 983 quisque
903 900 1008 962 altiore
1027 900 1148 982 ingenio
1166 902 1317 983 praeditus

183 928 252 1057 duit,
270 994 392 1062 arteque
412 992 443 1041 ct
460 980 583 1041 scientia
602 979 727 1054 limatus,
746 980 785 1039 ita
804 979 952 1060 speciosos
973 976 1087 1039 colores
1106 998 1176 1037 suae
1195 990 1316 1039 senten·

185 1058 243 1121 tiae
267 1059 408 1119 inducere
431 1057 506 1118 visus
531 1071 587 1117 cst:
621 1077 695 1135 quos
723 1068 820 1116 tamen
847 1075 966 1130 omnes,
986 1055 1010 1115 si
1029 1055 1149 1135 propius
1168 1053 1316 1136 inspicias,

185 1135 325 1198 evanidos
338 1153 400 1195 csse
419 1133 502 1195 lucos
522 1131 660 1215 reperies.
698 1132 812 1216 Argute
821 1131 877 1191 sibi
888 1131 940 1191 visi
952 1143 1020 1192 sunt
1034 1130 1132 1190 dicere
1141 1129 1235 1193 Stoici
1245 1131 1314 1212 ⁸),

185 1231 272 1294 posse
298 1211 365 1271 elici
389 1231 423 1270 ex
443 1210 556 1270 cunctis
581 1221 701 1270 naturae
721 1209 850 1289 partibus
873 1208 952 1267 varia
970 1207 1028 1266 Dei
1052 1209 1191 1283 nonrina,
1215 1229 1253 1270 nc
1275 1228 1315 1271 uc

5 1296 8 1309 '
97 1318 100 1329 ·
185 1299 283 1349 tameo
326 1297 461 1366 roptcrea
480 1286 600 1347 lacerari
620 1307 709 1345 unum
730 1286 836 1345 Deum.
886 1284 980 1359 Quasi
998 1303 1069 1344 vero
1091 1304 1151 1344 non
1171 1285 1228 1345 iam
1247 1230 1315 1367 ,lus

185 1364 256 1427 satis
282 1308 323 1425 ad
339 1362 495 1425 vanitatem
521 1362 665 1440 proclives
689 1361 792 1435 simus,
821 1359 877 1422 nisi
907 1359 1059 1440 multiplex
1082 1362 1204 1420 deorum
1228 1361 1316 1443 copia

186 1439 274 1501 nobis
304 1439 420 1501 obiecta
451 1437 568 1521 longius
593 1449 623 1498 et
647 1437 803 1498 violentius
829 1458 883 1499 nos
909 1437 939 1497 in
966 1456 1097 1496 errorem
1123 1436 1315 1499 abstraheret.

184 1516 312 1593 Mystica
332 1515 418 1575 etiam
435 1514 650 1598 Aegyptiorum
668 1514 819 1595 theologia
839 1514 968 1573 ostendit
979 1513 1064 1590 m),
1083 1512 1186 1573 sedulo
1205 1515 1235 1574 in
1255 1513 1317 1577 boc

187 1613 290 1655 omues
308 1590 473 1653 incubuisse
492 1613 530 1651 ne
549 1592 658 1670 absque
667 1594 782 1651 ratione
795 1590 927 1670 desipere
939 1590 1117 1649 viderentur.
1154 1589 1316 1671 deprimo

186 1668 267 1731 sorte
285 1668 393 1730 intuitu
412 1666 521 1747 aliquid
540 1680 677 1746 tanquam
698 1667 850 1759 probabile
869 1665 1014 1747 simplices
1032 1677 1062 1725 et
1080 1669 1214 1726 incautos
1234 1666 1317 1730 deci·

186 1757 287 1827 peret:
306 1744 358 1806 sed
379 1742 452 1812 nibil
471 1765 598 1836 unquam
609 1743 783 1826 excogitavit
801 1742 877 1803 ullus
892 1742 1069 1816 mortalium,
1089 1763 1148 1821 quo
1169 1763 1231 1803 non
1251 1754 1318 1805 tnr-

209 1822 266 1883 iter
290 1832 429 1899 corrupta
458 1819 547 1881 suerit
571 1820 686 1901 religio.
735 1819 834 1899 Atque
865 1817 936 1879 baec
961 1830 1020 1878 tam
1045 1819 1168 1887 confusa
1193 1820 1322 1883 varictae‘

163 1842 351 1979 'lipicurciq
368 1909 400 1956 et
420 1898 521 1958 crassis
538 1895 601 1957 aliis
622 1897 736 1976 pietatis
756 1907 873 1957 contem
895 1895 1009 1955 toribus
1028 1894 1173 1956 audaciam
1193 1896 1318 1973 addidit,

188 1986 222 2035 nt
241 1995 360 2035 omnem
380 1971 439 2034 Dci
463 1993 578 2034 sensum
599 1974 761 2034 abiicerent
774 1973 819 2050 †).
892 1994 937 2031 am
957 1993 1046 2051 quum
1074 1972 1317 2052 prudentissimus

210 2070 324 2132 nosque
346 2062 460 2110 certare
485 2051 619 2111 viderent
643 2049 796 2111 contrariis
821 2048 1025 2129 opinionibus,
1049 2068 1084 2109 ex
1108 2068 1214 2111 corum
1230 2049 1317 2111 dissi·

188 2125 918 2264 sitsutllt'lttlt,{tltlttltt'l'ttt
933 2123 1233 2262 lttttlttllttti
1252 2144 1317 2263 li*

187 2279 286 2341 Deum
311 2244 482 2357 qui’nullus
506 2290 550 2339 cst
580 2278 771 2360 investigant:
802 2278 892 2358 idque
916 2298 947 2338 se
971 2279 1090 2357 impunc
1110 2278 1206 2339 lacere
1226 2245 1317 2339 duse-

187 2367 269 2429 runt,
288 2358 355 2435 quia
374 2366 534 2435 praestaret
553 2354 634 2415 brevi
655 2355 831 2436 compendio
852 2355 1075 2434 prorsnsDeum
1089 2373 1208 2495 neqare,
1228 2376 1317 2436 quam

188 2432 301 2513 fingere
321 2431 451 2492 incertos
472 2430 557 2505 deos,
583 2444 613 2491 et
633 2431 739 2491 deiude
762 2430 827 2492 lites
853 2450 973 2491 morere
993 2453 1066 2509 qnae
1092 2434 1204 2492 nulum
1224 2433 1317 2493 babe-

188 2521 257 2571 rent
275 2508 392 2568 exitum.
430 2509 474 2567 Ac
494 2508 577 2569 nimis
591 2508 707 2588 quidem
727 2508 831 2569 inscite
848 2508 1060 2568 ratiocinantur
1079 2509 1131 2582 illi,
1150 2509 1197 2568 vel
1216 2509 1316 2590 potius

187 2584 335 2667 tegendae
357 2603 426 2645 suae
451 2584 595 2664 impietati
624 2583 762 2645 nebulam
794 2583 937 2644 inducunt
961 2604 994 2643 ex
1021 2585 1171 2645 bominum
1191 2580 1324 2661 inscitia,¹

190 2681 224 2721 cx
242 2683 297 2740 qua
317 2658 384 2721 Deo
405 2660 563 2740 quidquam
589 2661 732 2722 decedere
751 2661 872 2720 minime
896 2680 1020 2739 aequum
1041 2674 1093 2722 est.
1138 2662 1198 2722 Sed
1224 2684 1315 2742 quum

187 2737 336 2798 fateantur
355 2756 456 2796 omnes
477 2736 585 2797 nullam
607 2758 761 2812 esserum,
781 2738 883 2818 dequa
901 2749 1057 2816 tantopere
1078 2738 1157 2800 docti
1177 2738 1316 2801 simulet

187 2813 300 2874 indocti
320 2808 500 2887 dissentiant,
520 2814 588 2875 binc
607 2812 765 2893 colligitur,
784 2813 950 2895 plusquam
970 2813 1091 2873 bebetes
1110 2836 1143 2874 ac
1163 2836 1264 2877 coecas
1283 2815 1316 2877 in

135 2887 147 2913 ‘
189 2888 365 2950 coelestibus
385 2891 527 2970 mysteriis
548 2911 609 2950 esse
630 2891 781 2951 bominum
801 2903 925 2963 mentes,
944 2910 1020 2968 quae
1038 2891 1067 2949 in
1081 2892 1139 2951 Dei
1158 2892 1316 2975 investiga·

188 2965 273 3027 tione
291 2965 332 3025 sic
353 2979 459 3027 errant.
501 2967 651 3027 Laudatur
670 2967 706 3026 ab
726 2968 789 3029 aliis
808 2965 966 3026 Simonidis
986 2987 1174 3046 responsum,
1195 2970 1316 3048 quico-

209 3053 271 3102 atus
291 3041 326 3102 ab
347 3043 480 3103 llicrone
499 3054 624 3123 tyranno
645 3044 715 3124 quid
735 3055 811 3105 esset
828 3044 925 3117 Deus,
949 3042 1026 3103 diem
1047 3043 1103 3103 sibi
1127 3045 1162 3105 ad
1183 3046 1316 3139 cogitan-

187 3062 257 3180 dum
270 3118 331 3179 dari
352 3115 444 3199 petiit.
484 3120 584 3194 Quum
597 3120 676 3180 idem
688 3132 844 3200 quaereret
862 3118 1002 3200 postridie
1021 3131 1176 3197 tyrannus,
1195 3122 1317 3183 biduum
1343 3148 1347 3155 ·

210 3195 359 3257 ostularit:
380 3217 413 3256 ac
431 3197 543 3275 saepius
560 3196 707 3277 duplicato
728 3217 850 3257 numero
872 3197 995 3271 dicrum,
1015 3197 1132 3257 tandem
1151 3200 1317 3280 respondit,

188 3217 313 3347 linanto
335 3271 441 3332 diutius
460 3271 626 3348 considero,
646 3283 728 3333 tanto
746 3294 792 3335 res
811 3271 882 3333 mibi
902 3271 1016 3334 videtur
1036 3273 1199 3336 obscurior.
1237 3276 1316 3339 Pru·

190 3346 296 3408 dentcr
318 3368 388 3408 sane
412 3348 462 3408 illc
485 3350 660 3409 sententiam
686 3349 723 3409 de
743 3370 776 3410 re
794 3349 851 3411 sibi
870 3347 994 3411 obscura
1017 3372 1064 3410 sus
1087 3351 1213 3412 enderit:
1246 3353 1316 3417 bine

188 3434 286 3484 tamen
306 3436 439 3504 apparet,
469 3422 493 3486 si
512 3426 685 3487 naturaliter
710 3436 824 3487 tantum
844 3425 943 3487 edocti
968 3438 1037 3486 sunt
1063 3372 1210 3505 domines,
1242 3429 1316 3491 nibil

189 3511 301 3563 certum
321 3500 367 3560 rel
395 3501 538 3577 solidum,
569 3501 617 3562 vel
637 3503 807 3564 distinctum
826 3514 953 3583 tencre:¹
975 3503 1026 3563 sed
1051 3505 1182 3567 confusis
1202 3517 1322 3569 tantum

187 3575 339 3659 principiis
358 3597 421 3639 csse
439 3578 550 3654 allisos,
570 3591 604 3639 ut
622 3577 720 3640 Deum
738 3580 923 3662 incognitum
943 3579 1077 3641 adorent.

1255 3758 1319 3771 Q

161 3893 164 3897 .
199 3919 208 3937 ·
255 3851 408 3924 ⁹)Cieero:
430 3854 506 3923 „Qui
523 3857 586 3912 deos
604 3876 657 3939 csso
673 3857 805 3922 dixerunt,
822 3871 893 3913 tants
908 3871 969 3940 punt
985 3856 1011 3910 in
1028 3857 1150 3940 parietate
1170 3879 1201 3913 ac
1218 3860 1317 3917 tium·

185 3936 270 3984 nune,
288 3925 796 4050 abqqpuns-npqtalceqtqrpsprtdiepuffiprqrs
811 3934 970 3981 centenusc‘*
1002 3928 1062 3982 Vsd.
1078 3925 1133 3982 Cic.
1149 3929 1194 3982 lib.
1211 3934 1235 3987 1.
1252 3945 1278 3983 ct
1289 3932 1316 3985 2

183 3990 403 4182 giblesqqm
423 4058 457 4112 ds
476 4060 561 4115 benef.
584 4062 630 4115 lib.
646 4063 672 4117 1.
697 4082 719 4115 c.
735 4063 759 4118 7.
776 4078 802 4115 ct
824 4075 908 4116 natur.
931 4076 1028 4132 quacst.
1043 4064 1089 4119 lib.
1105 4064 1131 4118 1.
1147 4063 1175 4118 in
1191 4066 1273 4134 praei.
1290 4080 1317 4120 ct

223 4191 266 4223 Ψ
298 4191 366 4247 l'lut
383 4194 428 4248 lib.
448 4197 482 4248 do
496 4194 565 4248 Iside
582 4210 607 4248 et
623 4195 735 4251 osiride„

95 4280 98 4293 ·
182 4326 192 4345 ·
247 4192 285 4341 ’ὅ
302 4258 395 4343 §icero
419 4265 452 4317 de
473 4277 526 4316 nat.
547 4264 631 4320 licor.
650 4265 696 4319 lib.
714 4270 739 4323 1.
762 4265 806 4319 dn.
830 4267 971 4322 Simonidis
998 4268 1111 4333 dictum
1134 4271 1207 4340 quod
1232 4272 1316 4342 paule

181 4328 258 4389 nh,
272 4329 339 4383 absd-
355 4330 400 4384 lib·
418 4336 442 4388 l.
459 4350 480 4384 c.
497 4334 539 4387 22
1300 4364 1304 4369 “
