2700 4732
84 195 143 261 atu
465 186 542 247 aru.
561 186 621 247 m.
661 185 751 248 cnr.
771 184 812 267 rr.

9 337 12 341 ’
87 334 218 396 latentur
233 332 309 413 'illic
336 350 392 393 nos
421 331 556 391 invenire
581 330 699 411 plenam
718 331 796 393 bene
819 352 833 393 s
855 329 958 391 erandi
976 330 1144 393 materiam
1173 332 1227 395 sed

87 413 156 491 quia
184 430 300 490 semper
327 409 444 492 indigni
472 430 569 469 sumus
600 408 656 468 illis
676 408 813 469 omnibus
834 350 935 481 bonis,
955 429 1029 488 quae
1049 409 1080 468 in
1101 408 1226 471 Christo

86 488 173 555 nohis
192 487 377 560 olleruntur,
409 485 514 546 volunt
537 484 720 567 indignitatis
742 497 863 546 nostrae
885 485 992 545 intuitu
1013 504 1069 546 nos
1088 485 1228 548 fluctuari

87 576 119 624 et
138 565 288 625 haesitare.
346 562 382 621 ln
402 583 530 635 summa,
550 561 762 622 conscientiam
781 563 823 622 sic
842 573 974 622 statuunt
993 565 1174 643 interspersa
1195 574 1227 624 et

87 653 213 716 metum,
240 653 274 700 ut
296 658 351 719 per
370 637 522 697 intervalla
544 648 574 697 et
592 636 669 698 vices
689 638 745 698 huc
765 649 853 717 atque
873 637 942 697 illuc
963 638 1107 698 alternet:
1140 658 1227 720 spem

86 737 157 779 vero
178 728 210 777 et
224 728 334 777 metum
354 716 394 776 sic
415 716 491 774 inter
510 733 541 773 se
561 713 734 788 conterunt,
754 727 788 774 ut
807 715 856 775 illa
877 714 1027 774 exoriente
1055 715 1102 775 hic
1122 715 1226 808 oppri-

86 805 191 867 matur,
211 794 268 852 boc
287 813 369 852 resur
392 802 460 850 ente
481 790 530 849 illa
550 811 664 851 rursum
685 791 831 851 concidat.
890 792 936 850 Ita
958 792 1069 864 Satan,
1092 790 1147 851 ubr
1164 812 1225 853 um

85 870 199 931 videta
223 882 298 929 estas
318 813 463 927 machinas
476 865 549 941 illas,
568 866 673 946 quibus
693 867 762 926 fidei
782 866 989 928 certitudinem
1010 868 1161 928 destruere
1170 888 1228 929 an·

86 958 135 1009 tea
163 893 265 1007 solitus
292 956 370 1015 erat,
401 964 480 1003 nunc
500 941 571 1001 uilril
591 941 699 1014 valere,
718 942 846 1023 obliquis
865 944 1007 1004 cuniculis
1027 964 1090 1003 eam
1110 942 1227 1005 lahela-

87 1042 155 1083 cere
175 1033 308 1083 conatur.
348 1019 452 1095 Qualis
472 1031 569 1079 autom
590 1021 646 1078 erit
665 1018 714 1085 illa
739 1020 854 1092 fiducia,
879 1040 954 1098 quae
974 1019 1099 1080 subinde
1118 1020 1226 1102 despe-

86 1100 196 1160 rationi
216 1098 320 1158 ceder?
351 1096 384 1157 Si
404 1095 554 1157 Christum
578 1095 745 1174 (inquiunt)
763 1095 945 1171 consideras,
979 1106 1058 1156 certa
1077 1094 1169 1159 salus:
1200 1097 1226 1158 si

87 1175 124 1234 ad
144 1176 287 1255 teipsum
307 1173 476 1241 reverteris,
496 1183 576 1233 certa
595 1172 753 1231 damnatio.
790 1174 872 1254 Ergo
892 1172 1011 1234 alternis
1029 1172 1226 1234 diffidentiam

89 1264 119 1311 et
138 1252 248 1311 honam
266 1270 348 1330 spem
368 1249 398 1309 in
419 1250 517 1309 animo
538 1260 591 1307 tuo
615 1268 741 1330 regnare
772 1268 893 1309 necesse
925 1261 978 1310 est
1037 1250 1130 1325 Quasi
1149 1270 1225 1311 sero

87 1328 248 1402 Christum,
267 1326 359 1385 veluti
378 1326 482 1405 procul
502 1336 636 1400 stantem,
657 1336 687 1383 et
706 1344 768 1385 uon
788 1327 887 1406 potius
898 1325 928 1384 iu
943 1324 1029 1387 nobis
1041 1325 1225 1387 habitantem

89 1405 246 1463 debeamus
266 1403 406 1484 cogitare.
445 1402 518 1461 Ideo
539 1401 617 1459 enim
638 1401 673 1460 ab
693 1400 756 1479 ipso
776 1401 900 1462 salutem
921 1415 1129 1481 exspectamus,
1160 1422 1225 1463 non

87 1481 156 1560 quia
177 1480 289 1540 eminus
309 1479 395 1540 nobis
415 1489 567 1559 appareat:
588 1476 639 1537 sed
661 1481 728 1555 quia
748 1499 802 1538 nos
823 1479 944 1569 corpori
961 1478 1140 1553 suoiusitos‚
1160 1499 1226 1540 nou

86 1557 178 1618 modo
197 1576 316 1617 suorum
337 1555 467 1615 omnium
488 1555 635 1614 honorum
655 1554 811 1634 participes
831 1555 932 1630 sacrat,
962 1556 1014 1615 sed
1039 1556 1082 1615 sui
1103 1574 1226 1647 quoque

86 1633 187 1714 ipsius.
225 1632 357 1692 Proinde
376 1631 433 1693 hoc
452 1632 583 1711 ipsorum
603 1642 805 1711 argumentum
824 1631 866 1691 sic
886 1643 1058 1711 retorqueo,
1078 1631 1111 1691 Si
1128 1642 1159 1690 te
1175 1652 1226 1712 rp-

86 1732 149 1769 sum
170 1710 352 1783 consideras,
384 1719 465 1769 certa
485 1707 648 1766 damnatio:
681 1706 731 1765 sed
757 1708 895 1786 quoniam
921 1706 1056 1785 Christus
1080 1706 1135 1767 tihi
1155 1728 1227 1769 cum

87 1785 223 1847 omnibus
243 1788 300 1845 suis
321 1782 407 1843 bonis
426 1782 467 1844 sie
487 1782 716 1844 communicatus
737 1795 790 1856 cst,
815 1796 849 1843 ut
868 1785 967 1844 omnia
987 1784 1048 1845 eius
1068 1796 1118 1844 tua
1137 1782 1226 1860 liant,

85 1874 120 1923 ut
139 1862 187 1923 fias
209 1861 271 1922 eius
290 1860 469 1935 membrum,
500 1859 635 1938 adeoque
654 1880 744 1918 unum
765 1881 830 1918 cum
851 1861 930 1941 ipso:
961 1860 1071 1921 iustitia
1090 1860 1153 1921 eius
1173 1872 1227 1921 tua

86 1950 205 2019 peccata
230 1938 345 2011 obruit,
369 1938 443 1996 salus
464 1937 526 1996 eius
546 1947 625 1995 tuam
646 1936 862 1996 damnationem
882 1935 997 1997 abolet:
1024 1937 1086 2017 ipae
1104 1957 1158 1999 sua
1177 1936 1226 1998 di-

84 2016 198 2096 gnitate
217 2014 381 2087 intercedit,
401 2033 438 2073 ne
458 2014 489 2072 in
510 2023 699 2090 conspectum
710 2012 767 2073 Dei
787 2013 884 2073 veniat
903 2025 953 2073 tua
964 2013 1130 2095 indignitas.
1170 2013 1225 2075 Sic

88 2104 132 2153 est
151 2110 234 2151 sane:
256 2091 406 2152 Christum
426 2110 441 2149 a
462 2089 549 2149 nobis
569 2108 714 2168 separare,
735 2100 785 2149 aut
804 2110 858 2149 nos
879 2091 914 2149 ab
935 2090 999 2170 ipso
1012 2091 1133 2149 minime
1147 2110 1225 2151 con-

86 2168 181 2226 uenit:
208 2167 257 2226 sed
279 2180 401 2245 utraque
421 2187 508 2226 mauu
527 2165 646 2225 sortiter
662 2167 792 2224 retinere
812 2178 934 2243 oportet
951 2186 1026 2241 eam,
1046 2187 1101 2246 qua
1121 2184 1226 2229 seno·

86 2243 131 2303 his
152 2265 167 2303 a
190 2244 344 2325 glutinavit
363 2243 542 2302 societatem.
587 2240 631 2301 lta
650 2262 705 2301 nos
724 2243 885 2322 Apostolus
905 2242 1042 2302 instituit:
1081 2242 1226 2325 „Corpus

86 2362 107 2396 „
132 2263 227 2379 uidem
246 2320 358 2398 (inquit
378 2319 464 2377 Rom.
483 2324 513 2394 8,
533 2319 595 2407 10.)
614 2330 763 2377 mortuum
785 2330 829 2378 est
849 2330 1151 2399 propterpcccatum:
1171 2316 1227 2381 sed

86 2342 458 2535 alttltnttlnl
471 2393 749 2533 instillet
768 2396 964 2531 stenae
977 2394 1226 2533 lttt’ffittss‘

85 2548 172 2609 vitam
193 2548 270 2627 apud
289 2567 321 2607 se
341 2545 444 2620 habet,
460 2492 520 2607 gsed
541 2567 608 2617 vos,
629 2558 661 2606 ut
680 2548 747 2606 estis
767 2559 952 2625 peccatores,
983 2492 1231 2609 manetisqumnrti·

86 2637 116 2687 et
135 2623 316 2684 damnationi
336 2623 465 2683 obnoxii.
510 2622 600 2703 htqui
621 2622 710 2704 longe
730 2624 815 2684 aliter
834 2623 863 2685 lo
887 2627 973 2685 uitur.
1015 2624 1118 2685 Docet
1141 2642 1220 2685 eur·

87 2720 167 2775 eam,
191 2723 276 2781 quam
297 2721 313 2760 a
333 2700 418 2760 uobis
437 2720 584 2761 meremur
603 2700 836 2776 damnationem,
866 2646 981 2761 lusisti
1004 2702 1098 2762 salute
1117 2698 1222 2775 ahsor-

64 2780 69 2789 “
86 2790 165 2859 ptam
186 2797 262 2838 esse:
283 2787 370 2866 atque
390 2776 426 2835 ad
446 2776 475 2836 id
496 2776 738 2852 confirmandum,
758 2798 791 2837 ea
812 2799 898 2857 quam
918 2778 1002 2838 attnli
1021 2778 1140 2839 ratione
1159 2778 1220 2839 uti-

84 2867 149 2915 tur:
171 2856 237 2933 quia
258 2853 391 2914 Christus
412 2874 473 2913 uon
494 2866 573 2915 extra
593 2874 647 2913 nos
667 2866 720 2927 est,
740 2856 790 2913 sed
810 2856 840 2913 in
861 2853 947 2915 uobis
958 2854 1085 2915 habitat:
1104 2872 1223 2917 necto·

85 2930 144 2990 lum
166 2930 315 2991 individuo
335 2929 481 2990 societatis
502 2951 577 2989 nexu
596 2928 683 2990 nohis
703 2930 858 3002 adhaeret,
878 2931 928 2991 sed
949 2930 1075 2991 mirabili
1094 2928 1221 3011 quadam

86 3007 295 3068 communione
321 3007 351 3066 in
376 3028 467 3066 unum
488 3027 594 3086 corpus
614 3006 768 3066 nobiscum
789 3008 925 3067 coalescit
945 3007 973 3066 in
995 3008 1057 3068 dies
1075 3028 1121 3079 ma
1147 3006 1244 3069 isac·

85 3083 187 3164 magis,
208 3083 303 3143 donec
322 3104 412 3141 unum
433 3084 549 3160 penitus
569 3082 721 3142 uobiscum
743 3083 801 3142 fiat.
852 3085 954 3162 Neque
974 3096 1071 3143 tamen
1091 3026 1222 3160 inicius,

85 3161 165 3240 quod
186 3178 281 3240 nuper
301 3159 367 3232 dixi,
387 3159 524 3237 quasdam
543 3158 689 3218 interdum
710 3159 937 3240 interruptiones
951 3160 1017 3219 fidei
1033 3162 1223 3243 contingere,

85 3247 175 3319 prout
195 3237 256 3295 eius
276 3236 457 3296 imbecillitas
477 3235 555 3294 inter
573 3235 720 3296 violentos
744 3236 870 3317 impetus
892 3238 945 3296 buc
966 3237 1010 3297 rel
1036 3237 1104 3298 illuc
1123 3240 1221 3300 flecti·

85 3324 142 3371 tur.
182 3312 227 3372 lta
258 3311 289 3370 in
322 3313 410 3372 densa
443 3310 566 3392 caligine
596 3312 792 3371 tentationum
823 3312 985 3373 sull'ocatur
1015 3313 1078 3373 eius
1109 3313 1221 3377 lumen.

87 3388 239 3467 Quicquid
259 3399 354 3447 tamen
376 3387 535 3463 accidat,a
576 3388 715 3449 naerendi
734 3388 791 3449 Dei
810 3390 908 3449 studio
928 3410 988 3449 non
1011 3390 1131 3449 desistit.
1184 3406 1192 3415 ”

161 3472 209 3529 25.
248 3466 311 3524 Nec
330 3465 414 3523 aliter
434 3464 548 3525 disserit
599 3465 792 3541 eruardus,
823 3488 911 3545 quum
937 3466 992 3526 boc
1012 3480 1219 3546 argumentum

85 3563 119 3603 ex
139 3542 273 3622 professo
293 3552 413 3617 tractat,
439 3541 569 3601 Homilia
589 3543 618 3599 in
640 3540 825 3602 dedicatione
845 3541 962 3621 Templi
981 3543 1095 3623 quinta:
1127 3544 1219 3635 „Dei,

83 3619 234 3699 „iuquam
263 3616 406 3677 beneficio
431 3638 641 3697 nonnunquam
666 3617 702 3676 de
728 3619 820 3679 anima
846 3620 993 3702 cogitans,
1024 3618 1127 3680 videor
1145 3616 1218 3681 mihi

83 3696 137 3775 „in
159 3715 194 3754 ea
214 3691 302 3753 ueluti
323 3695 380 3753 duo
402 3694 542 3773 quaedam
562 3696 708 3755 contraria
727 3695 873 3768 invenire,
905 3696 930 3756 si
949 3697 1051 3775 ipsam,
1075 3706 1168 3776 prout
1184 3694 1218 3757 in

83 3793 135 3851 „se
146 3786 190 3832 est
201 3783 327 3844 etexse,
346 3772 478 3831 intueor:
500 3772 536 3831 de
547 3790 581 3831 ea
601 3771 673 3830 nibil
692 3772 786 3832 verius
807 3772 905 3831 dicere
927 3792 1054 3851 possum,
1073 3793 1161 3851 quam
1177 3770 1217 3833 ad

82 3848 229 3928 „nihilum
249 3866 312 3909 esse
331 3846 488 3908 redactam.
528 3847 610 3923 Quid
629 3848 720 3908 modo
741 3867 859 3908 necesse
879 3860 923 3909 est
940 3847 1067 3929 singulas
1085 3848 1218 3909 eiusmi·

82 3927 193 4004 „serias
213 3944 378 3997 numerare,
398 3946 483 4005 quam
503 3924 541 3985 sit
560 3935 679 3985 onerata
700 3925 841 4004 peccatis,
861 3925 955 3985 ollusa
976 3924 1121 4000 tenebris,
1140 3924 1218 3987 irre-

81 4003 157 4081 „tita
177 4000 497 4082 illecebris,pruriens
516 4001 759 4081 concupiscentiis
797 4001 923 4061 obnoxia
943 3999 1142 4080 passionibus,
1160 4002 1217 4062 iau·

80 4080 183 4161 „pieta
200 4078 397 4153 illusionibus,
416 4098 508 4157 prona
528 4097 644 4158 semper
663 4077 699 4138 ad
718 4099 763 4137 ma
778 4100 844 4151 um,
866 4078 896 4138 in
915 4077 1015 4138 vitium
1036 4097 1124 4138 omne
1144 4097 1217 4159 pro·

79 4156 198 4237 „clivis,
227 4167 378 4238 postremo
408 4154 588 4250 ignominiae
619 4166 649 4214 et
679 4154 858 4215 confusionis
886 4152 989 4234 plena?
1025 4153 1171 4215 Nimirum
1190 4156 1215 4217 si

78 4234 183 4319 „ipsae
202 4252 323 4315 quoque
341 4231 471 4294 iustitiae
491 4252 593 4292 omnes
613 4230 651 4291 ad
671 4230 769 4291 lumen
790 4231 1101 4323 veritatisuinspectae,
1131 4231 1215 4291 velut

28 4328 215 4456 ΕΜ
232 4320 432 4372 menstruatae
449 4308 639 4372 inveniuhtur
656 4307 728 4411 (les.
747 4313 797 4386 64,
816 4309 871 4386 6.),
890 4308 1048 4369 inrustrtrae
1073 4306 1213 4391 ἀώρῳ

1152 4514 1174 4553 ἱ
