<?xml version="1.0" encoding="UTF-8"?>
<!DOCTYPE html PUBLIC "-//W3C//DTD XHTML 1.0 Transitional//EN"
    "http://www.w3.org/TR/xhtml1/DTD/xhtml1-transitional.dtd">
<html xmlns="http://www.w3.org/1999/xhtml" xml:lang="en" lang="en">
 <head>
  <title>
</title>
<meta http-equiv="Content-Type" content="text/html;charset=utf-8" />
  <meta name='ocr-system' content='tesseract 3.04.00' />
  <meta name='ocr-capabilities' content='ocr_page ocr_carea ocr_par ocr_line ocrx_word'/>
</head>
<body>
  <div class='ocr_page' id='page_1' title='image "./ioanniscalvinii02tholgoog/ioanniscalvinii02tholgoog_0856.png"; bbox 0 0 2700 4732; ppageno 0'>
   <div class='ocr_carea' id='block_1_1' title="bbox 437 188 816 263">
    <p class='ocr_par' dir='ltr' id='par_1_1' title="bbox 437 188 816 263">
     <span class='ocr_line' id='line_1_1' title="bbox 437 188 816 263; baseline -0.005 -10"><span class='ocrx_word' id='word_1_1' title='bbox 437 189 514 253; x_wconf 83' lang='lat' dir='ltr'><strong>LIB.</strong></span> <span class='ocrx_word' id='word_1_2' title='bbox 534 191 588 263; x_wconf 70' lang='grc' dir='ltr'><strong>Π,</strong></span> <span class='ocrx_word' id='word_1_3' title='bbox 627 189 717 254; x_wconf 79' lang='lat' dir='ltr'><strong>CAP.</strong></span> <span class='ocrx_word' id='word_1_4' title='bbox 734 188 816 261; x_wconf 76' lang='lat' dir='ltr'>XVI.</span> 
     </span>
    </p>
   </div>
   <div class='ocr_carea' id='block_1_2' title="bbox 246 454 833 553">
    <p class='ocr_par' dir='ltr' id='par_1_2' title="bbox 246 454 833 553">
     <span class='ocr_line' id='line_1_2' title="bbox 246 454 833 553; baseline -0.007 0"><span class='ocrx_word' id='word_1_5' title='bbox 246 456 251 466; x_wconf 88' lang='lat'>&#39;</span> <span class='ocrx_word' id='word_1_6' title='bbox 362 458 365 463; x_wconf 82' lang='grc'><strong>’</strong></span> <span class='ocrx_word' id='word_1_7' title='bbox 435 454 833 553; x_wconf 68' lang='lat' dir='ltr'><strong>conuexit.</strong></span> 
     </span>
    </p>
   </div>
   <div class='ocr_carea' id='block_1_3' title="bbox 101 670 1160 857">
    <p class='ocr_par' dir='ltr' id='par_1_3' title="bbox 101 670 1160 857">
     <span class='ocr_line' id='line_1_3' title="bbox 101 670 1160 756; baseline 0 -22"><span class='ocrx_word' id='word_1_8' title='bbox 101 674 453 756; x_wconf 85' lang='lat' dir='ltr'><strong>Paedobaptisr&#39;nnm</strong></span> <span class='ocrx_word' id='word_1_9' title='bbox 472 695 550 736; x_wconf 89' lang='lat' dir='ltr'><strong>cum</strong></span> <span class='ocrx_word' id='word_1_10' title='bbox 571 670 714 735; x_wconf 75' lang='lat' dir='ltr'><strong>Christi</strong></span> <span class='ocrx_word' id='word_1_11' title='bbox 739 671 987 733; x_wconf 88' lang='lat' dir='ltr'><strong>institutione</strong></span> <span class='ocrx_word' id='word_1_12' title='bbox 1005 683 1042 733; x_wconf 85' lang='lat' dir='ltr'><strong>et</strong></span> <span class='ocrx_word' id='word_1_13' title='bbox 1060 672 1160 756; x_wconf 78' lang='lat' dir='ltr'><strong>signi</strong></span> 
     </span>
     <span class='ocr_line' id='line_1_4' title="bbox 344 764 994 857; baseline -0.011 -27"><span class='ocrx_word' id='word_1_14' title='bbox 344 778 477 830; x_wconf 85' lang='lat' dir='ltr'><strong>natura</strong></span> <span class='ocrx_word' id='word_1_15' title='bbox 497 766 637 851; x_wconf 78' lang='lat' dir='ltr'><strong>optime</strong></span> <span class='ocrx_word' id='word_1_16' title='bbox 656 764 920 857; x_wconf 79' lang='lat' dir='ltr'><strong>congruere*).</strong></span> <span class='ocrx_word' id='word_1_17' title='bbox 991 842 994 847; x_wconf 86' lang='lat'>.</span> 
     </span>
    </p>
   </div>
   <div class='ocr_carea' id='block_1_4' title="bbox 63 938 1200 1263">
    <p class='ocr_par' dir='ltr' id='par_1_4' title="bbox 63 938 1200 1263">
     <span class='ocr_line' id='line_1_5' title="bbox 131 938 1198 1020; baseline -0.001 -23"><span class='ocrx_word' id='word_1_18' title='bbox 131 944 219 1001; x_wconf 82' lang='lat' dir='ltr'><strong>Partes</strong></span> <span class='ocrx_word' id='word_1_19' title='bbox 234 945 311 1001; x_wconf 82' lang='lat' dir='ltr'><strong>huius</strong></span> <span class='ocrx_word' id='word_1_20' title='bbox 330 945 441 1016; x_wconf 86' lang='lat' dir='ltr'><strong>Capitis:</strong></span> <span class='ocrx_word' id='word_1_21' title='bbox 459 945 491 1016; x_wconf 85' lang='lat'><strong>1)</strong></span> <span class='ocrx_word' id='word_1_22' title='bbox 509 945 681 1015; x_wconf 78' lang='lat' dir='ltr'><strong>Ortlaodoxao</strong></span> <span class='ocrx_word' id='word_1_23' title='bbox 697 946 730 998; x_wconf 90' lang='lat' dir='ltr'><strong>do</strong></span> <span class='ocrx_word' id='word_1_24' title='bbox 746 943 964 1016; x_wconf 83' lang='lat' dir='ltr'><strong>paedobaptismo</strong></span> <span class='ocrx_word' id='word_1_25' title='bbox 982 938 1121 1020; x_wconf 73' lang='grc' dir='ltr'><strong>ιίιιιιίιιιιι</strong></span> <span class='ocrx_word' id='word_1_26' title='bbox 1133 962 1198 996; x_wconf 89' lang='lat' dir='ltr'><strong>con-</strong></span> 
     </span>
     <span class='ocr_line' id='line_1_6' title="bbox 63 1025 1200 1103; baseline -0.001 -22"><span class='ocrx_word' id='word_1_27' title='bbox 63 1032 185 1091; x_wconf 81' lang='lat' dir='ltr'><strong>firmatio,</strong></span> <span class='ocrx_word' id='word_1_28' title='bbox 201 1033 397 1099; x_wconf 65' lang='lat' dir='ltr'><strong>secr.1-9.‚-</strong></span> <span class='ocrx_word' id='word_1_29' title='bbox 419 1031 451 1103; x_wconf 78' lang='lat'><strong>2)</strong></span> <span class='ocrx_word' id='word_1_30' title='bbox 468 1029 572 1085; x_wconf 81' lang='lat' dir='ltr'><strong>Diluu&#39;o</strong></span> <span class='ocrx_word' id='word_1_31' title='bbox 587 1041 808 1095; x_wconf 71' lang='lat' dir='ltr'><strong>argumentorum,</strong></span> <span class='ocrx_word' id='word_1_32' title='bbox 825 1025 1091 1098; x_wconf 54' lang='lat' dir='ltr'><strong>quaeflnabaptistas</strong></span> <span class='ocrx_word' id='word_1_33' title='bbox 1108 1029 1200 1091; x_wconf 53' lang='lat' dir='ltr'><strong>adyerq</strong></span> 
     </span>
     <span class='ocr_line' id='line_1_7' title="bbox 63 1103 1199 1186; baseline 0 -20"><span class='ocrx_word' id='word_1_34' title='bbox 63 1134 106 1167; x_wconf 82' lang='lat' dir='ltr'><strong>sua</strong></span> <span class='ocrx_word' id='word_1_35' title='bbox 121 1115 364 1186; x_wconf 83' lang='lat' dir='ltr'><strong>paedobaptismnm</strong></span> <span class='ocrx_word' id='word_1_36' title='bbox 381 1129 547 1186; x_wconf 85' lang='lat' dir='ltr'><strong>proponunt,</strong></span> <span class='ocrx_word' id='word_1_37' title='bbox 560 1127 623 1168; x_wconf 85' lang='lat' dir='ltr'><strong>sect.</strong></span> <span class='ocrx_word' id='word_1_38' title='bbox 641 1112 760 1168; x_wconf 80' lang='lat' dir='ltr'><strong>att-30.</strong></span> <span class='ocrx_word' id='word_1_39' title='bbox 778 1140 812 1155; x_wconf 90' lang='lat'><strong>-·</strong></span> <span class='ocrx_word' id='word_1_40' title='bbox 844 1111 878 1180; x_wconf 81' lang='lat'><strong>3)</strong></span> <span class='ocrx_word' id='word_1_41' title='bbox 894 1111 992 1165; x_wconf 76' lang='lat' dir='ltr'><strong>Seresti</strong></span> <span class='ocrx_word' id='word_1_42' title='bbox 1007 1103 1132 1182; x_wconf 55' lang='lat' dir='ltr'><strong>apebiales</strong></span> <span class='ocrx_word' id='word_1_43' title='bbox 1149 1114 1199 1166; x_wconf 86' lang='lat' dir='ltr'><strong>ob·</strong></span> 
     </span>
     <span class='ocr_line' id='line_1_8' title="bbox 64 1198 1028 1263; baseline 0.007 -13"><span class='ocrx_word' id='word_1_44' title='bbox 64 1198 189 1253; x_wconf 86' lang='lat' dir='ltr'><strong>iectiones</strong></span> <span class='ocrx_word' id='word_1_45' title='bbox 205 1201 367 1263; x_wconf 80' lang='lat' dir='ltr'><strong>refelluntur,</strong></span> <span class='ocrx_word' id='word_1_46' title='bbox 381 1214 442 1255; x_wconf 84' lang='lat' dir='ltr'><strong>sect.</strong></span> <span class='ocrx_word' id='word_1_47' title='bbox 459 1201 502 1256; x_wconf 74' lang='lat' dir='ltr'><strong>dl·</strong></span> <span class='ocrx_word' id='word_1_48' title='bbox 519 1212 544 1252; x_wconf 85' lang='lat' dir='ltr'><strong>et</strong></span> <span class='ocrx_word' id='word_1_49' title='bbox 560 1201 606 1254; x_wconf 70' lang='lat'><strong>32.</strong></span> <span class='ocrx_word' id='word_1_50' title='bbox 1024 1218 1028 1229; x_wconf 93' lang='grc'><strong><em>·</em></strong></span> 
     </span>
    </p>
   </div>
   <div class='ocr_carea' id='block_1_5' title="bbox 34 1361 1270 3968">
    <p class='ocr_par' dir='ltr' id='par_1_5' title="bbox 34 1361 1270 2973">
     <span class='ocr_line' id='line_1_9' title="bbox 138 1361 1200 1445; baseline -0.005 -13"><span class='ocrx_word' id='word_1_51' title='bbox 138 1372 169 1432; x_wconf 83' lang='lat'><strong>1.</strong></span> <span class='ocrx_word' id='word_1_52' title='bbox 208 1368 360 1443; x_wconf 81' lang='lat' dir='ltr'><strong>Quoniam</strong></span> <span class='ocrx_word' id='word_1_53' title='bbox 379 1379 477 1428; x_wconf 91' lang='lat' dir='ltr'><strong>autem</strong></span> <span class='ocrx_word' id='word_1_54' title='bbox 494 1364 554 1427; x_wconf 89' lang='lat' dir='ltr'><strong>hoe</strong></span> <span class='ocrx_word' id='word_1_55' title='bbox 572 1362 688 1428; x_wconf 89' lang='lat' dir='ltr'><strong>saeculo</strong></span> <span class='ocrx_word' id='word_1_56' title='bbox 707 1361 873 1444; x_wconf 74' lang='lat' dir='ltr'><strong>phrenetici</strong></span> <span class='ocrx_word' id='word_1_57' title='bbox 889 1361 1006 1443; x_wconf 82' lang='lat' dir='ltr'><strong>qnidam</strong></span> <span class='ocrx_word' id='word_1_58' title='bbox 1024 1363 1145 1445; x_wconf 85' lang='lat' dir='ltr'><strong>spiritus</strong></span> <span class='ocrx_word' id='word_1_59' title='bbox 1157 1364 1200 1427; x_wconf 84' lang='lat' dir='ltr'><strong>ob</strong></span> 
     </span>
     <span class='ocr_line' id='line_1_10' title="bbox 63 1440 1200 1528; baseline -0.002 -25"><span class='ocrx_word' id='word_1_60' title='bbox 63 1442 333 1523; x_wconf 84' lang='lat' dir='ltr'><strong>paedobaptismum</strong></span> <span class='ocrx_word' id='word_1_61' title='bbox 354 1463 456 1528; x_wconf 81' lang='lat' dir='ltr'><strong>graves</strong></span> <span class='ocrx_word' id='word_1_62' title='bbox 475 1445 639 1503; x_wconf 81' lang='lat' dir='ltr'><strong>excitarunt</strong></span> <span class='ocrx_word' id='word_1_63' title='bbox 661 1440 692 1501; x_wconf 94' lang='lat' dir='ltr'><strong>in</strong></span> <span class='ocrx_word' id='word_1_64' title='bbox 712 1440 834 1502; x_wconf 85' lang='lat' dir='ltr'><strong>eeclesia</strong></span> <span class='ocrx_word' id='word_1_65' title='bbox 859 1440 959 1501; x_wconf 77' lang='lat' dir='ltr'><strong>turbas</strong></span> <span class='ocrx_word' id='word_1_66' title='bbox 1006 1461 1063 1501; x_wconf 90' lang='lat' dir='ltr'><strong>nec</strong></span> <span class='ocrx_word' id='word_1_67' title='bbox 1087 1440 1200 1501; x_wconf 83' lang='lat' dir='ltr'><strong>tumul·</strong></span> 
     </span>
     <span class='ocr_line' id='line_1_11' title="bbox 61 1484 1200 1598; baseline 0.001 -20"><span class='ocrx_word' id='word_1_68' title='bbox 61 1520 138 1579; x_wconf 81' lang='lat' dir='ltr'><strong>tueri</strong></span> <span class='ocrx_word' id='word_1_69' title='bbox 156 1521 314 1580; x_wconf 84' lang='lat' dir='ltr'><strong>etiamnum</strong></span> <span class='ocrx_word' id='word_1_70' title='bbox 335 1520 485 1582; x_wconf 88' lang='lat' dir='ltr'><strong>desinunt:</strong></span> <span class='ocrx_word' id='word_1_71' title='bbox 505 1519 605 1580; x_wconf 85' lang='lat' dir='ltr'><strong>lacere</strong></span> <span class='ocrx_word' id='word_1_72' title='bbox 622 1539 644 1578; x_wconf 87' lang='lat' dir='ltr'><strong>n</strong></span> <span class='ocrx_word' id='word_1_73' title='bbox 684 1536 742 1577; x_wconf 90' lang='lat' dir='ltr'><strong>neo</strong></span> <span class='ocrx_word' id='word_1_74' title='bbox 757 1518 828 1598; x_wconf 86' lang='lat' dir='ltr'><strong>quin</strong></span> <span class='ocrx_word' id='word_1_75' title='bbox 847 1515 883 1578; x_wconf 85' lang='lat' dir='ltr'><strong>ad</strong></span> <span class='ocrx_word' id='word_1_76' title='bbox 896 1484 1075 1579; x_wconf 77' lang='lat' dir='ltr'><strong>cohibendas</strong></span> <span class='ocrx_word' id='word_1_77' title='bbox 1095 1537 1200 1595; x_wconf 84' lang='lat' dir='ltr'><strong>eorum</strong></span> 
     </span>
     <span class='ocr_line' id='line_1_12' title="bbox 63 1537 1202 1677; baseline 0 -23"><span class='ocrx_word' id='word_1_78' title='bbox 63 1595 151 1657; x_wconf 86' lang='lat' dir='ltr'><strong>lurias</strong></span> <span class='ocrx_word' id='word_1_79' title='bbox 176 1598 368 1677; x_wconf 90' lang='lat' dir='ltr'><strong>appendicem</strong></span> <span class='ocrx_word' id='word_1_80' title='bbox 394 1595 443 1658; x_wconf 90' lang='lat' dir='ltr'><strong>hic</strong></span> <span class='ocrx_word' id='word_1_81' title='bbox 460 1594 621 1657; x_wconf 84' lang='lat' dir='ltr'><strong>subiiciam.</strong></span> <span class='ocrx_word' id='word_1_82' title='bbox 646 1537 757 1670; x_wconf 53' lang='grc' dir='ltr'>Ἲὶιιι</span> <span class='ocrx_word' id='word_1_83' title='bbox 775 1594 800 1654; x_wconf 86' lang='lat' dir='ltr'><strong>si</strong></span> <span class='ocrx_word' id='word_1_84' title='bbox 819 1593 866 1655; x_wconf 89' lang='lat' dir='ltr'><strong>eui</strong></span> <span class='ocrx_word' id='word_1_85' title='bbox 885 1592 1036 1673; x_wconf 87' lang='lat' dir='ltr'><strong>impendio</strong></span> <span class='ocrx_word' id='word_1_86' title='bbox 1057 1594 1202 1676; x_wconf 79' lang='lat' dir='ltr'><strong>prolixior</strong></span> 
     </span>
     <span class='ocr_line' id='line_1_13' title="bbox 62 1669 1202 1754; baseline 0.002 -23"><span class='ocrx_word' id='word_1_87' title='bbox 62 1671 143 1732; x_wconf 83' lang='lat' dir='ltr'><strong>forte</strong></span> <span class='ocrx_word' id='word_1_88' title='bbox 159 1673 218 1733; x_wconf 85' lang='lat' dir='ltr'><strong>visa</strong></span> <span class='ocrx_word' id='word_1_89' title='bbox 237 1672 341 1750; x_wconf 83' lang='lat' dir='ltr'><strong>suerit,</strong></span> <span class='ocrx_word' id='word_1_90' title='bbox 358 1674 393 1749; x_wconf 86' lang='lat' dir='ltr'><strong>is,</strong></span> <span class='ocrx_word' id='word_1_91' title='bbox 412 1691 532 1754; x_wconf 86' lang='lat' dir='ltr'><strong>quaeso,</strong></span> <span class='ocrx_word' id='word_1_92' title='bbox 550 1680 788 1753; x_wconf 70' lang='lat' dir='ltr'><strong>seeum‘reputet</strong></span> <span class='ocrx_word' id='word_1_93' title='bbox 806 1669 880 1731; x_wconf 85' lang='lat' dir='ltr'><strong>tanti</strong></span> <span class='ocrx_word' id='word_1_94' title='bbox 900 1678 963 1730; x_wconf 80' lang='lat' dir='ltr'><strong>esse</strong></span> <span class='ocrx_word' id='word_1_95' title='bbox 982 1670 1069 1731; x_wconf 86' lang='lat' dir='ltr'><strong>nobis</strong></span> <span class='ocrx_word' id='word_1_96' title='bbox 1089 1670 1202 1733; x_wconf 77' lang='lat' dir='ltr'><strong>debere</strong></span> 
     </span>
     <span class='ocr_line' id='line_1_14' title="bbox 63 1746 1201 1829; baseline 0.002 -22"><span class='ocrx_word' id='word_1_97' title='bbox 63 1748 217 1809; x_wconf 84' lang='lat' dir='ltr'><strong>doctrinae</strong></span> <span class='ocrx_word' id='word_1_98' title='bbox 235 1751 265 1810; x_wconf 88' lang='lat' dir='ltr'><strong>in</strong></span> <span class='ocrx_word' id='word_1_99' title='bbox 285 1761 322 1810; x_wconf 70' lang='lat' dir='ltr'><strong>re·</strong></span> <span class='ocrx_word' id='word_1_100' title='bbox 338 1748 460 1811; x_wconf 86' lang='lat' dir='ltr'><strong>maxima</strong></span> <span class='ocrx_word' id='word_1_101' title='bbox 479 1749 635 1829; x_wconf 80' lang='lat' dir='ltr'><strong>puritatem</strong></span> <span class='ocrx_word' id='word_1_102' title='bbox 654 1768 713 1809; x_wconf 86' lang='lat' dir='ltr'><strong>una</strong></span> <span class='ocrx_word' id='word_1_103' title='bbox 734 1746 951 1808; x_wconf 66' lang='lat' dir='ltr'><strong>contrectatae</strong></span> <span class='ocrx_word' id='word_1_104' title='bbox 992 1765 1054 1823; x_wconf 86' lang='lat' dir='ltr'><strong>ace,</strong></span> <span class='ocrx_word' id='word_1_105' title='bbox 1073 1757 1108 1806; x_wconf 91' lang='lat' dir='ltr'><strong>ut</strong></span> <span class='ocrx_word' id='word_1_106' title='bbox 1126 1747 1201 1809; x_wconf 87' lang='lat' dir='ltr'><strong>nibil</strong></span> 
     </span>
     <span class='ocr_line' id='line_1_15' title="bbox 63 1822 1201 1907; baseline 0.003 -23"><span class='ocrx_word' id='word_1_107' title='bbox 63 1823 213 1885; x_wconf 78' lang='lat' dir='ltr'><strong>fastidiose</strong></span> <span class='ocrx_word' id='word_1_108' title='bbox 232 1827 269 1887; x_wconf 85' lang='lat' dir='ltr'><strong>sit</strong></span> <span class='ocrx_word' id='word_1_109' title='bbox 290 1826 490 1907; x_wconf 84' lang='lat' dir='ltr'><strong>excipiendum</strong></span> <span class='ocrx_word' id='word_1_110' title='bbox 505 1824 585 1903; x_wconf 83' lang='lat' dir='ltr'><strong>quud</strong></span> <span class='ocrx_word' id='word_1_111' title='bbox 604 1825 640 1885; x_wconf 84' lang='lat' dir='ltr'><strong>ad</strong></span> <span class='ocrx_word' id='word_1_112' title='bbox 659 1835 813 1904; x_wconf 87' lang='lat' dir='ltr'><strong>utramque</strong></span> <span class='ocrx_word' id='word_1_113' title='bbox 832 1822 965 1883; x_wconf 77' lang='lat' dir='ltr'><strong>rudimen</strong></span> <span class='ocrx_word' id='word_1_114' title='bbox 1003 1844 1033 1882; x_wconf 88' lang='lat' dir='ltr'><strong>m</strong></span> <span class='ocrx_word' id='word_1_115' title='bbox 1045 1823 1201 1886; x_wconf 79' lang='lat' dir='ltr'><strong>conducat.</strong></span> 
     </span>
     <span class='ocr_line' id='line_1_16' title="bbox 61 1899 1201 1994; baseline 0.003 -34"><span class='ocrx_word' id='word_1_116' title='bbox 61 1900 148 1960; x_wconf 77' lang='lat' dir='ltr'><strong>Adde</strong></span> <span class='ocrx_word' id='word_1_117' title='bbox 168 1902 246 1982; x_wconf 87' lang='lat' dir='ltr'><strong>quod</strong></span> <span class='ocrx_word' id='word_1_118' title='bbox 260 1902 485 1983; x_wconf 81' lang='lat' dir='ltr'><strong>disputationem</strong></span> <span class='ocrx_word' id='word_1_119' title='bbox 505 1901 580 1962; x_wconf 90' lang='lat' dir='ltr'><strong>bane</strong></span> <span class='ocrx_word' id='word_1_120' title='bbox 599 1900 640 1962; x_wconf 87' lang='lat' dir='ltr'><strong>ita</strong></span> <span class='ocrx_word' id='word_1_121' title='bbox 658 1899 785 1962; x_wconf 85' lang='lat' dir='ltr'><strong>studebo</strong></span> <span class='ocrx_word' id='word_1_122' title='bbox 796 1919 996 1979; x_wconf 84' lang='lat' dir='ltr'><strong>componere,</strong></span> <span class='ocrx_word' id='word_1_123' title='bbox 1007 1910 1042 1960; x_wconf 86' lang='lat' dir='ltr'><strong>nt</strong></span> <span class='ocrx_word' id='word_1_124' title='bbox 1059 1901 1201 1994; x_wconf 64' lang='lat' dir='ltr'><strong>mysterio</strong></span> 
     </span>
     <span class='ocr_line' id='line_1_17' title="bbox 63 1975 1201 2058; baseline 0.001 -21"><span class='ocrx_word' id='word_1_125' title='bbox 63 1977 204 2057; x_wconf 91' lang='lat' dir='ltr'><strong>Baptismi</strong></span> <span class='ocrx_word' id='word_1_126' title='bbox 224 1978 328 2043; x_wconf 85' lang='lat' dir='ltr'><strong>clarius</strong></span> <span class='ocrx_word' id='word_1_127' title='bbox 349 1977 520 2058; x_wconf 82' lang='lat' dir='ltr'><strong>explicando</strong></span> <span class='ocrx_word' id='word_1_128' title='bbox 540 1996 602 2038; x_wconf 92' lang='lat' dir='ltr'><strong>non</strong></span> <span class='ocrx_word' id='word_1_129' title='bbox 622 1995 726 2058; x_wconf 87' lang='lat' dir='ltr'><strong>parum</strong></span> <span class='ocrx_word' id='word_1_130' title='bbox 747 1975 881 2038; x_wconf 86' lang='lat' dir='ltr'><strong>habitura</strong></span> <span class='ocrx_word' id='word_1_131' title='bbox 901 1976 939 2036; x_wconf 89' lang='lat' dir='ltr'><strong>sit</strong></span> <span class='ocrx_word' id='word_1_132' title='bbox 957 1990 1111 2037; x_wconf 81' lang='lat' dir='ltr'><strong>momentu.</strong></span> <span class='ocrx_word' id='word_1_133' title='bbox 1141 1980 1201 2038; x_wconf 69' lang='lat' dir='ltr'><strong>ara</strong></span> 
     </span>
     <span class='ocr_line' id='line_1_18' title="bbox 63 2052 1202 2145; baseline 0.002 -32"><span class='ocrx_word' id='word_1_134' title='bbox 63 2065 205 2136; x_wconf 81' lang='lat' dir='ltr'><strong>gumento</strong></span> <span class='ocrx_word' id='word_1_135' title='bbox 231 2075 302 2114; x_wconf 90' lang='lat' dir='ltr'><strong>saue</strong></span> <span class='ocrx_word' id='word_1_136' title='bbox 321 2057 370 2120; x_wconf 71' lang='lat' dir='ltr'><strong>in,</strong></span> <span class='ocrx_word' id='word_1_137' title='bbox 383 2054 509 2135; x_wconf 89' lang='lat' dir='ltr'><strong>speeiem</strong></span> <span class='ocrx_word' id='word_1_138' title='bbox 534 2052 690 2115; x_wconf 79' lang='lat' dir='ltr'><strong>favorabili</strong></span> <span class='ocrx_word' id='word_1_139' title='bbox 711 2052 987 2134; x_wconf 83' lang='lat' dir='ltr'><strong>paedobaptis&#39;m&#39;um</strong></span> <span class='ocrx_word' id='word_1_140' title='bbox 1014 2053 1202 2145; x_wconf 72' lang='lat' dir='ltr'><strong>impugnant,</strong></span> 
     </span>
     <span class='ocr_line' id='line_1_19' title="bbox 66 2127 1202 2205; baseline 0.004 -17"><span class='ocrx_word' id='word_1_141' title='bbox 66 2130 144 2190; x_wconf 89' lang='lat' dir='ltr'><strong>nulla</strong></span> <span class='ocrx_word' id='word_1_142' title='bbox 163 2130 222 2189; x_wconf 88' lang='lat' dir='ltr'><strong>Dei</strong></span> <span class='ocrx_word' id='word_1_143' title='bbox 240 2130 425 2191; x_wconf 87' lang='lat' dir='ltr'><strong>institutione</strong></span> <span class='ocrx_word' id='word_1_144' title='bbox 444 2129 596 2190; x_wconf 84' lang='lat' dir='ltr'><strong>fundatum</strong></span> <span class='ocrx_word' id='word_1_145' title='bbox 616 2129 850 2205; x_wconf 60' lang='lat' dir='ltr'><strong>sescismundo,</strong></span> <span class='ocrx_word' id='word_1_146' title='bbox 875 2128 928 2189; x_wconf 87' lang='lat' dir='ltr'><strong>sed</strong></span> <span class='ocrx_word' id='word_1_147' title='bbox 951 2127 1103 2190; x_wconf 84' lang='lat' dir='ltr'><strong>homiuum</strong></span> <span class='ocrx_word' id='word_1_148' title='bbox 1125 2131 1202 2192; x_wconf 88' lang='lat' dir='ltr'><strong>dun·</strong></span> 
     </span>
     <span class='ocr_line' id='line_1_20' title="bbox 34 2202 1270 2288; baseline -0.003 -19"><span class='ocrx_word' id='word_1_149' title='bbox 34 2264 36 2269; x_wconf 88' lang='lat'><em>.</em></span> <span class='ocrx_word' id='word_1_150' title='bbox 63 2217 141 2267; x_wconf 76' lang='lat' dir='ltr'><strong>mssa</strong></span> <span class='ocrx_word' id='word_1_151' title='bbox 160 2207 294 2284; x_wconf 86' lang='lat' dir='ltr'><strong>audacia,</strong></span> <span class='ocrx_word' id='word_1_152' title='bbox 324 2226 473 2288; x_wconf 80' lang='lat' dir='ltr'><strong>pravaque</strong></span> <span class='ocrx_word' id='word_1_153' title='bbox 493 2206 664 2266; x_wconf 80' lang='lat' dir='ltr'><strong>curiositate</strong></span> <span class='ocrx_word' id='word_1_154' title='bbox 682 2207 847 2281; x_wconf 83' lang='lat' dir='ltr'><strong>invectum,</strong></span> <span class='ocrx_word' id='word_1_155' title='bbox 869 2204 958 2266; x_wconf 85' lang='lat' dir='ltr'><strong>stulta</strong></span> <span class='ocrx_word' id='word_1_156' title='bbox 979 2206 1087 2266; x_wconf 82' lang='lat' dir='ltr'><strong>deiude</strong></span> <span class='ocrx_word' id='word_1_157' title='bbox 1106 2202 1202 2277; x_wconf 51' lang='lat' dir='ltr'><strong>facilia</strong></span> <span class='ocrx_word' id='word_1_158' title='bbox 1218 2228 1230 2243; x_wconf 71' lang='lat'>⁶</span> <span class='ocrx_word' id='word_1_159' title='bbox 1265 2261 1270 2265; x_wconf 87' lang='lat'>.</span> 
     </span>
     <span class='ocr_line' id='line_1_21' title="bbox 63 2281 1202 2363; baseline 0.001 -19"><span class='ocrx_word' id='word_1_160' title='bbox 63 2295 125 2344; x_wconf 87' lang='lat' dir='ltr'><strong>tate</strong></span> <span class='ocrx_word' id='word_1_161' title='bbox 143 2304 198 2344; x_wconf 88' lang='lat' dir='ltr'><strong>usu</strong></span> <span class='ocrx_word' id='word_1_162' title='bbox 217 2295 329 2344; x_wconf 86' lang='lat' dir='ltr'><strong>temere</strong></span> <span class='ocrx_word' id='word_1_163' title='bbox 354 2294 514 2363; x_wconf 88' lang='lat' dir='ltr'><strong>receptum.</strong></span> <span class='ocrx_word' id='word_1_164' title='bbox 565 2281 787 2342; x_wconf 81' lang='lat' dir='ltr'><strong>Sacramentum</strong></span> <span class='ocrx_word' id='word_1_165' title='bbox 813 2281 908 2358; x_wconf 89' lang='lat' dir='ltr'><strong>enim,</strong></span> <span class='ocrx_word' id='word_1_166' title='bbox 933 2282 991 2342; x_wconf 89' lang='lat' dir='ltr'><strong>nisi</strong></span> <span class='ocrx_word' id='word_1_167' title='bbox 1015 2293 1097 2344; x_wconf 88' lang='lat' dir='ltr'><strong>certo</strong></span> <span class='ocrx_word' id='word_1_168' title='bbox 1117 2284 1202 2345; x_wconf 81' lang='lat' dir='ltr'><strong>verbi</strong></span> 
     </span>
     <span class='ocr_line' id='line_1_22' title="bbox 63 2357 1202 2440; baseline 0.004 -21"><span class='ocrx_word' id='word_1_169' title='bbox 63 2360 122 2420; x_wconf 89' lang='lat' dir='ltr'><strong>Dei</strong></span> <span class='ocrx_word' id='word_1_170' title='bbox 142 2360 333 2420; x_wconf 80' lang='lat' dir='ltr'><strong>fundamento</strong></span> <span class='ocrx_word' id='word_1_171' title='bbox 353 2361 480 2435; x_wconf 89' lang='lat' dir='ltr'><strong>nitatur,</strong></span> <span class='ocrx_word' id='word_1_172' title='bbox 501 2358 538 2418; x_wconf 91' lang='lat' dir='ltr'><strong>de</strong></span> <span class='ocrx_word' id='word_1_173' title='bbox 556 2357 607 2431; x_wconf 76' lang='lat' dir='ltr'><strong>filo</strong></span> <span class='ocrx_word' id='word_1_174' title='bbox 627 2357 748 2439; x_wconf 84' lang='lat' dir='ltr'><strong>pendet.</strong></span> <span class='ocrx_word' id='word_1_175' title='bbox 785 2358 898 2419; x_wconf 87' lang='lat' dir='ltr'><strong>Verum</strong></span> <span class='ocrx_word' id='word_1_176' title='bbox 918 2358 989 2440; x_wconf 84' lang='lat' dir='ltr'><strong>quid</strong></span> <span class='ocrx_word' id='word_1_177' title='bbox 1009 2360 1033 2420; x_wconf 94' lang='lat' dir='ltr'><strong>si</strong></span> <span class='ocrx_word' id='word_1_178' title='bbox 1052 2379 1086 2419; x_wconf 90' lang='lat' dir='ltr'><strong>re</strong></span> <span class='ocrx_word' id='word_1_179' title='bbox 1105 2360 1202 2440; x_wconf 81' lang='lat' dir='ltr'><strong>probe</strong></span> 
     </span>
     <span class='ocr_line' id='line_1_23' title="bbox 63 2433 1201 2515; baseline 0.002 -17"><span class='ocrx_word' id='word_1_180' title='bbox 63 2436 263 2498; x_wconf 85' lang='lat' dir='ltr'><strong>animadversa</strong></span> <span class='ocrx_word' id='word_1_181' title='bbox 283 2435 426 2498; x_wconf 87' lang='lat' dir='ltr'><strong>eiusmodi</strong></span> <span class='ocrx_word' id='word_1_182' title='bbox 451 2434 624 2496; x_wconf 85' lang='lat' dir='ltr'><strong>calumniam</strong></span> <span class='ocrx_word' id='word_1_183' title='bbox 649 2433 727 2496; x_wconf 85' lang='lat' dir='ltr'><strong>falso</strong></span> <span class='ocrx_word' id='word_1_184' title='bbox 745 2454 783 2496; x_wconf 87' lang='lat' dir='ltr'><strong>ac</strong></span> <span class='ocrx_word' id='word_1_185' title='bbox 812 2434 915 2515; x_wconf 86' lang='lat' dir='ltr'><strong>inique</strong></span> <span class='ocrx_word' id='word_1_186' title='bbox 939 2438 1059 2497; x_wconf 65' lang='lat' dir='ltr'><strong>sibene</strong></span> <span class='ocrx_word' id='word_1_187' title='bbox 1076 2436 1201 2500; x_wconf 85' lang='lat' dir='ltr'><strong>Domini</strong></span> 
     </span>
     <span class='ocr_line' id='line_1_24' title="bbox 64 2510 1202 2594; baseline 0 -19"><span class='ocrx_word' id='word_1_188' title='bbox 64 2514 244 2575; x_wconf 87' lang='lat' dir='ltr'><strong>ordinationi</strong></span> <span class='ocrx_word' id='word_1_189' title='bbox 270 2511 347 2573; x_wconf 92' lang='lat' dir='ltr'><strong>inuri</strong></span> <span class='ocrx_word' id='word_1_190' title='bbox 371 2510 544 2594; x_wconf 79' lang='lat' dir='ltr'><strong>apparebit?</strong></span> <span class='ocrx_word' id='word_1_191' title='bbox 587 2510 791 2590; x_wconf 81' lang='lat' dir='ltr'><strong>Disquiramus</strong></span> <span class='ocrx_word' id='word_1_192' title='bbox 814 2530 890 2594; x_wconf 82' lang='lat' dir='ltr'><strong>ergo</strong></span> <span class='ocrx_word' id='word_1_193' title='bbox 914 2516 1043 2591; x_wconf 83' lang='lat' dir='ltr'><strong>primum</strong></span> <span class='ocrx_word' id='word_1_194' title='bbox 1067 2515 1129 2574; x_wconf 87' lang='lat' dir='ltr'><strong>eius</strong></span> <span class='ocrx_word' id='word_1_195' title='bbox 1149 2536 1202 2575; x_wconf 85' lang='lat' dir='ltr'><strong>ur·</strong></span> 
     </span>
     <span class='ocr_line' id='line_1_25' title="bbox 64 2587 1202 2672; baseline 0.001 -22"><span class='ocrx_word' id='word_1_196' title='bbox 64 2603 135 2650; x_wconf 89' lang='lat' dir='ltr'><strong>tum.</strong></span> <span class='ocrx_word' id='word_1_197' title='bbox 173 2590 238 2651; x_wconf 89' lang='lat' dir='ltr'><strong>Etsi</strong></span> <span class='ocrx_word' id='word_1_198' title='bbox 258 2591 375 2671; x_wconf 88' lang='lat' dir='ltr'><strong>quidem</strong></span> <span class='ocrx_word' id='word_1_199' title='bbox 396 2588 577 2662; x_wconf 88' lang='lat' dir='ltr'><strong>eonstiterit,</strong></span> <span class='ocrx_word' id='word_1_200' title='bbox 607 2587 669 2649; x_wconf 87' lang='lat' dir='ltr'><strong>sola</strong></span> <span class='ocrx_word' id='word_1_201' title='bbox 694 2587 845 2649; x_wconf 89' lang='lat' dir='ltr'><strong>bominum</strong></span> <span class='ocrx_word' id='word_1_202' title='bbox 865 2589 1035 2648; x_wconf 81' lang='lat' dir='ltr'><strong>temeritate</strong></span> <span class='ocrx_word' id='word_1_203' title='bbox 1051 2590 1202 2672; x_wconf 82' lang='lat' dir='ltr'><strong>excogita·</strong></span> 
     </span>
     <span class='ocr_line' id='line_1_26' title="bbox 63 2663 1202 2744; baseline 0.003 -18"><span class='ocrx_word' id='word_1_204' title='bbox 63 2679 143 2742; x_wconf 85' lang='lat' dir='ltr'><strong>tum,</strong></span> <span class='ocrx_word' id='word_1_205' title='bbox 163 2685 200 2726; x_wconf 89' lang='lat' dir='ltr'><strong>eo</strong></span> <span class='ocrx_word' id='word_1_206' title='bbox 219 2666 317 2727; x_wconf 81' lang='lat' dir='ltr'><strong>valere</strong></span> <span class='ocrx_word' id='word_1_207' title='bbox 337 2668 431 2738; x_wconf 89' lang='lat' dir='ltr'><strong>iusso,</strong></span> <span class='ocrx_word' id='word_1_208' title='bbox 449 2686 547 2725; x_wconf 90' lang='lat' dir='ltr'><strong>veram</strong></span> <span class='ocrx_word' id='word_1_209' title='bbox 567 2663 708 2744; x_wconf 85' lang='lat' dir='ltr'><strong>Baptismi</strong></span> <span class='ocrx_word' id='word_1_210' title='bbox 727 2663 968 2726; x_wconf 87' lang='lat' dir='ltr'><strong>observationem·</strong></span> <span class='ocrx_word' id='word_1_211' title='bbox 984 2665 1047 2725; x_wconf 85' lang='lat' dir='ltr'><strong>sula</strong></span> <span class='ocrx_word' id='word_1_212' title='bbox 1067 2666 1126 2726; x_wconf 88' lang='lat' dir='ltr'><strong>Dei</strong></span> <span class='ocrx_word' id='word_1_213' title='bbox 1144 2686 1202 2729; x_wconf 82' lang='lat' dir='ltr'><strong>vu·</strong></span> 
     </span>
     <span class='ocr_line' id='line_1_27' title="bbox 64 2740 1202 2821; baseline 0 -17"><span class='ocrx_word' id='word_1_214' title='bbox 64 2744 177 2803; x_wconf 90' lang='lat' dir='ltr'><strong>luntate</strong></span> <span class='ocrx_word' id='word_1_215' title='bbox 197 2743 359 2802; x_wconf 86' lang='lat' dir='ltr'><strong>metiamur.</strong></span> <span class='ocrx_word' id='word_1_216' title='bbox 398 2742 451 2801; x_wconf 88' lang='lat' dir='ltr'><strong>Sin</strong></span> <span class='ocrx_word' id='word_1_217' title='bbox 470 2761 544 2802; x_wconf 79' lang='lat' dir='ltr'><strong>vero</strong></span> <span class='ocrx_word' id='word_1_218' title='bbox 565 2753 646 2801; x_wconf 87' lang='lat' dir='ltr'><strong>certa</strong></span> <span class='ocrx_word' id='word_1_219' title='bbox 666 2741 727 2801; x_wconf 91' lang='lat' dir='ltr'><strong>eius</strong></span> <span class='ocrx_word' id='word_1_220' title='bbox 747 2740 923 2801; x_wconf 89' lang='lat' dir='ltr'><strong>anctoritate</strong></span> <span class='ocrx_word' id='word_1_221' title='bbox 942 2761 980 2801; x_wconf 87' lang='lat' dir='ltr'><strong>ne</strong></span> <span class='ocrx_word' id='word_1_222' title='bbox 1002 2754 1127 2821; x_wconf 79' lang='lat' dir='ltr'><strong>taquam</strong></span> <span class='ocrx_word' id='word_1_223' title='bbox 1149 2744 1202 2804; x_wconf 83' lang='lat' dir='ltr'><strong>de·</strong></span> 
     </span>
     <span class='ocr_line' id='line_1_28' title="bbox 65 2762 1202 2952; baseline 0.002 -73"><span class='ocrx_word' id='word_1_224' title='bbox 65 2818 146 2880; x_wconf 87' lang='lat' dir='ltr'><strong>stitui</strong></span> <span class='ocrx_word' id='word_1_225' title='bbox 167 2814 392 2952; x_wconf 52' lang='lat' dir='ltr'><strong>comprobatum</strong></span> <span class='ocrx_word' id='word_1_226' title='bbox 417 2817 521 2892; x_wconf 82' lang='lat' dir='ltr'><strong>fuerit,</strong></span> <span class='ocrx_word' id='word_1_227' title='bbox 550 2815 710 2878; x_wconf 82' lang='lat' dir='ltr'><strong>cavendum</strong></span> <span class='ocrx_word' id='word_1_228' title='bbox 730 2834 768 2876; x_wconf 89' lang='lat' dir='ltr'><strong>ne</strong></span> <span class='ocrx_word' id='word_1_229' title='bbox 787 2762 1202 2885; x_wconf 76' lang='lat' dir='ltr'><strong>sacrosanctallei&#39;instituta&#39;</strong></span> 
     </span>
     <span class='ocr_line' id='line_1_29' title="bbox 66 2892 1199 2973; baseline -0.004 -16"><span class='ocrx_word' id='word_1_230' title='bbox 66 2894 221 2968; x_wconf 73' lang='lat' dir='ltr'><strong>convellen</strong></span> <span class='ocrx_word' id='word_1_231' title='bbox 245 2915 273 2966; x_wconf 94' lang='lat' dir='ltr'><strong>o,</strong></span> <span class='ocrx_word' id='word_1_232' title='bbox 292 2892 323 2951; x_wconf 89' lang='lat' dir='ltr'><strong>in</strong></span> <span class='ocrx_word' id='word_1_233' title='bbox 342 2895 436 2973; x_wconf 90' lang='lat' dir='ltr'><strong>ipsum</strong></span> <span class='ocrx_word' id='word_1_234' title='bbox 457 2912 576 2972; x_wconf 86' lang='lat' dir='ltr'><strong>quoque</strong></span> <span class='ocrx_word' id='word_1_235' title='bbox 596 2905 746 2954; x_wconf 86' lang='lat' dir='ltr'><strong>auctorem</strong></span> <span class='ocrx_word' id='word_1_236' title='bbox 765 2893 855 2953; x_wconf 87' lang='lat' dir='ltr'><strong>simus</strong></span> <span class='ocrx_word' id='word_1_237' title='bbox 875 2893 1090 2955; x_wconf 88' lang='lat' dir='ltr'><strong>contumeliosi.</strong></span> <span class='ocrx_word' id='word_1_238' title='bbox 1123 2940 1126 2945; x_wconf 93' lang='lat'>.</span> <span class='ocrx_word' id='word_1_239' title='bbox 1193 2900 1199 2939; x_wconf 89' lang='lat'>:</span> 
     </span>
    </p>

    <p class='ocr_par' dir='ltr' id='par_1_6' title="bbox 64 2968 1203 3968">
     <span class='ocr_line' id='line_1_30' title="bbox 141 2968 1202 3062; baseline 0.005 -33"><span class='ocrx_word' id='word_1_240' title='bbox 141 2976 170 3034; x_wconf 80' lang='grc'><strong>2.</strong></span> <span class='ocrx_word' id='word_1_241' title='bbox 207 2968 362 3049; x_wconf 88' lang='lat' dir='ltr'><strong>Principio</strong></span> <span class='ocrx_word' id='word_1_242' title='bbox 375 2970 480 3050; x_wconf 82' lang='lat' dir='ltr'><strong>dogma</strong></span> <span class='ocrx_word' id='word_1_243' title='bbox 501 2981 545 3029; x_wconf 90' lang='lat' dir='ltr'><strong>est</strong></span> <span class='ocrx_word' id='word_1_244' title='bbox 563 2969 630 3028; x_wconf 89' lang='lat' dir='ltr'><strong>satis</strong></span> <span class='ocrx_word' id='word_1_245' title='bbox 650 2980 767 3043; x_wconf 90' lang='lat' dir='ltr'><strong>notum,</strong></span> <span class='ocrx_word' id='word_1_246' title='bbox 786 2979 817 3028; x_wconf 93' lang='lat' dir='ltr'><strong>et</strong></span> <span class='ocrx_word' id='word_1_247' title='bbox 835 2969 915 3029; x_wconf 85' lang='lat' dir='ltr'><strong>inte&#39;r</strong></span> <span class='ocrx_word' id='word_1_248' title='bbox 930 2970 997 3062; x_wconf 90' lang='lat' dir='ltr'><strong>pios</strong></span> <span class='ocrx_word' id='word_1_249' title='bbox 1011 2989 1114 3032; x_wconf 89' lang='lat' dir='ltr'><strong>omnes</strong></span> <span class='ocrx_word' id='word_1_250' title='bbox 1128 2992 1202 3039; x_wconf 87' lang='lat' dir='ltr'><strong>cou-</strong></span> 
     </span>
     <span class='ocr_line' id='line_1_31' title="bbox 64 3045 1202 3126; baseline -0.004 -18"><span class='ocrx_word' id='word_1_251' title='bbox 64 3048 189 3124; x_wconf 86' lang='lat' dir='ltr'><strong>fessum,</strong></span> <span class='ocrx_word' id='word_1_252' title='bbox 220 3058 331 3106; x_wconf 88' lang='lat' dir='ltr'><strong>rectam</strong></span> <span class='ocrx_word' id='word_1_253' title='bbox 362 3048 511 3126; x_wconf 82' lang='lat' dir='ltr'><strong>signorum</strong></span> <span class='ocrx_word' id='word_1_254' title='bbox 532 3045 815 3116; x_wconf 62' lang='lat' dir='ltr'><strong>considerationem,</strong></span> <span class='ocrx_word' id='word_1_255' title='bbox 837 3065 901 3106; x_wconf 90' lang='lat' dir='ltr'><strong>uon</strong></span> <span class='ocrx_word' id='word_1_256' title='bbox 929 3068 959 3106; x_wconf 87' lang='grc' dir='ltr'><strong>ιιι</strong></span> <span class='ocrx_word' id='word_1_257' title='bbox 981 3049 1106 3108; x_wconf 85' lang='lat' dir='ltr'><strong>extemis</strong></span> <span class='ocrx_word' id='word_1_258' title='bbox 1126 3049 1202 3110; x_wconf 81' lang='lat' dir='ltr'><strong>dnn.</strong></span> 
     </span>
     <span class='ocr_line' id='line_1_32' title="bbox 64 3122 1201 3206; baseline 0.004 -22"><span class='ocrx_word' id='word_1_259' title='bbox 64 3135 142 3185; x_wconf 84' lang='lat' dir='ltr'><strong>taxat</strong></span> <span class='ocrx_word' id='word_1_260' title='bbox 160 3123 338 3185; x_wconf 87' lang='lat' dir='ltr'><strong>ceremoniis</strong></span> <span class='ocrx_word' id='word_1_261' title='bbox 356 3125 440 3182; x_wconf 89' lang='lat' dir='ltr'><strong>sitam</strong></span> <span class='ocrx_word' id='word_1_262' title='bbox 460 3140 535 3182; x_wconf 80' lang='lat' dir='ltr'><strong>esse:</strong></span> <span class='ocrx_word' id='word_1_263' title='bbox 559 3139 660 3182; x_wconf 82' lang='lat' dir='ltr'><strong>verum</strong></span> <span class='ocrx_word' id='word_1_264' title='bbox 681 3141 697 3180; x_wconf 91' lang='lat' dir='ltr'><strong>a</strong></span> <span class='ocrx_word' id='word_1_265' title='bbox 716 3122 913 3202; x_wconf 87' lang='lat' dir='ltr'><strong>promissione</strong></span> <span class='ocrx_word' id='word_1_266' title='bbox 932 3123 1063 3203; x_wconf 89' lang='lat' dir='ltr'><strong>pendere</strong></span> <span class='ocrx_word' id='word_1_267' title='bbox 1081 3127 1201 3206; x_wconf 89' lang='lat' dir='ltr'><strong>potissi-</strong></span> 
     </span>
     <span class='ocr_line' id='line_1_33' title="bbox 64 3192 1202 3335; baseline 0.002 -73"><span class='ocrx_word' id='word_1_268' title='bbox 64 3224 155 3274; x_wconf 91' lang='lat' dir='ltr'><strong>mum,</strong></span> <span class='ocrx_word' id='word_1_269' title='bbox 175 3192 209 3262; x_wconf 70' lang='lat' dir='ltr'><strong>ae</strong></span> <span class='ocrx_word' id='word_1_270' title='bbox 227 3199 371 3281; x_wconf 83' lang='lat' dir='ltr'><strong>mysteriis</strong></span> <span class='ocrx_word' id='word_1_271' title='bbox 391 3197 604 3335; x_wconf 81' lang='lat' dir='ltr'><strong>spiritualibus,</strong></span> <span class='ocrx_word' id='word_1_272' title='bbox 624 3196 729 3279; x_wconf 89' lang='lat' dir='ltr'><strong>quibus</strong></span> <span class='ocrx_word' id='word_1_273' title='bbox 748 3198 905 3281; x_wconf 80' lang='lat' dir='ltr'><strong>figurandis</strong></span> <span class='ocrx_word' id='word_1_274' title='bbox 925 3200 1106 3262; x_wconf 84' lang='lat' dir='ltr'><strong>ceremonias</strong></span> <span class='ocrx_word' id='word_1_275' title='bbox 1125 3203 1135 3262; x_wconf 93' lang='lat' dir='ltr'><strong>i</strong></span> <span class='ocrx_word' id='word_1_276' title='bbox 1157 3226 1202 3269; x_wconf 82' lang='lat' dir='ltr'><strong>saa</strong></span> 
     </span>
     <span class='ocr_line' id='line_1_34' title="bbox 64 3273 1201 3356; baseline -0.002 -18"><span class='ocrx_word' id='word_1_277' title='bbox 64 3279 211 3340; x_wconf 84' lang='lat' dir='ltr'><strong>Dominus</strong></span> <span class='ocrx_word' id='word_1_278' title='bbox 230 3278 357 3338; x_wconf 90' lang='lat' dir='ltr'><strong>ordinat.</strong></span> <span class='ocrx_word' id='word_1_279' title='bbox 419 3285 507 3354; x_wconf 87' lang='lat' dir='ltr'><strong>taque</strong></span> <span class='ocrx_word' id='word_1_280' title='bbox 527 3274 578 3355; x_wconf 87' lang='lat' dir='ltr'><strong>qui</strong></span> <span class='ocrx_word' id='word_1_281' title='bbox 601 3275 768 3356; x_wconf 88' lang='lat' dir='ltr'><strong>perdiscere</strong></span> <span class='ocrx_word' id='word_1_282' title='bbox 786 3273 915 3336; x_wconf 87' lang='lat' dir='ltr'><strong>voluerit</strong></span> <span class='ocrx_word' id='word_1_283' title='bbox 933 3276 1002 3354; x_wconf 88' lang='lat' dir='ltr'><strong>quid</strong></span> <span class='ocrx_word' id='word_1_284' title='bbox 1027 3278 1123 3340; x_wconf 82' lang='lat' dir='ltr'><strong>&#39;valeat</strong></span> <span class='ocrx_word' id='word_1_285' title='bbox 1169 3303 1201 3344; x_wconf 78' lang='lat' dir='ltr'><strong>a.</strong></span> 
     </span>
     <span class='ocr_line' id='line_1_35' title="bbox 64 3351 1202 3439; baseline -0.001 -26"><span class='ocrx_word' id='word_1_286' title='bbox 64 3356 202 3435; x_wconf 89' lang='lat' dir='ltr'><strong>ptismus,</strong></span> <span class='ocrx_word' id='word_1_287' title='bbox 222 3375 362 3435; x_wconf 88' lang='lat' dir='ltr'><strong>quorsum</strong></span> <span class='ocrx_word' id='word_1_288' title='bbox 380 3363 509 3432; x_wconf 83' lang='lat' dir='ltr'><strong>spectet,</strong></span> <span class='ocrx_word' id='word_1_289' title='bbox 529 3351 601 3432; x_wconf 89' lang='lat' dir='ltr'><strong>quid</strong></span> <span class='ocrx_word' id='word_1_290' title='bbox 622 3351 750 3432; x_wconf 89' lang='lat' dir='ltr'><strong>denique</strong></span> <span class='ocrx_word' id='word_1_291' title='bbox 770 3352 892 3414; x_wconf 91' lang='lat' dir='ltr'><strong>omnino</strong></span> <span class='ocrx_word' id='word_1_292' title='bbox 909 3351 964 3412; x_wconf 80' lang='lat' dir='ltr'><strong>sit:</strong></span> <span class='ocrx_word' id='word_1_293' title='bbox 984 3373 1023 3413; x_wconf 90' lang='lat' dir='ltr'><strong>ne</strong></span> <span class='ocrx_word' id='word_1_294' title='bbox 1043 3357 1202 3439; x_wconf 80' lang='lat' dir='ltr'><strong>cogitatio.</strong></span> 
     </span>
     <span class='ocr_line' id='line_1_36' title="bbox 66 3428 1202 3515; baseline -0.003 -25"><span class='ocrx_word' id='word_1_295' title='bbox 66 3451 134 3490; x_wconf 90' lang='lat' dir='ltr'><strong>nem</strong></span> <span class='ocrx_word' id='word_1_296' title='bbox 154 3453 234 3491; x_wconf 87' lang='lat' dir='ltr'><strong>suam</strong></span> <span class='ocrx_word' id='word_1_297' title='bbox 254 3433 284 3490; x_wconf 93' lang='lat' dir='ltr'><strong>in</strong></span> <span class='ocrx_word' id='word_1_298' title='bbox 297 3431 445 3490; x_wconf 87' lang='lat' dir='ltr'><strong>elemento</strong></span> <span class='ocrx_word' id='word_1_299' title='bbox 466 3432 556 3504; x_wconf 85' lang='lat' dir='ltr'><strong>sistat,</strong></span> <span class='ocrx_word' id='word_1_300' title='bbox 577 3439 607 3488; x_wconf 86' lang='lat' dir='ltr'><strong>et</strong></span> <span class='ocrx_word' id='word_1_301' title='bbox 619 3447 768 3510; x_wconf 87' lang='lat' dir='ltr'><strong>corporeo</strong></span> <span class='ocrx_word' id='word_1_302' title='bbox 786 3428 971 3509; x_wconf 83' lang='lat' dir='ltr'><strong>spectaculo:</strong></span> <span class='ocrx_word' id='word_1_303' title='bbox 990 3431 1041 3490; x_wconf 89' lang='lat' dir='ltr'><strong>sed</strong></span> <span class='ocrx_word' id='word_1_304' title='bbox 1062 3452 1125 3493; x_wconf 90' lang='lat' dir='ltr'><strong>eam</strong></span> <span class='ocrx_word' id='word_1_305' title='bbox 1143 3454 1202 3515; x_wconf 81' lang='lat' dir='ltr'><strong>po.</strong></span> 
     </span>
     <span class='ocr_line' id='line_1_37' title="bbox 67 3504 1202 3586; baseline 0.005 -19"><span class='ocrx_word' id='word_1_306' title='bbox 67 3509 125 3567; x_wconf 90' lang='lat' dir='ltr'><strong>tius</strong></span> <span class='ocrx_word' id='word_1_307' title='bbox 145 3508 181 3566; x_wconf 93' lang='lat' dir='ltr'><strong>ad</strong></span> <span class='ocrx_word' id='word_1_308' title='bbox 201 3508 259 3566; x_wconf 89' lang='lat' dir='ltr'><strong>Dei</strong></span> <span class='ocrx_word' id='word_1_309' title='bbox 278 3507 500 3586; x_wconf 86' lang='lat' dir='ltr'><strong>promissiones,</strong></span> <span class='ocrx_word' id='word_1_310' title='bbox 524 3524 601 3584; x_wconf 88' lang='lat' dir='ltr'><strong>quae</strong></span> <span class='ocrx_word' id='word_1_311' title='bbox 619 3505 707 3565; x_wconf 90' lang='lat' dir='ltr'><strong>nobis</strong></span> <span class='ocrx_word' id='word_1_312' title='bbox 726 3505 786 3566; x_wconf 90' lang='lat' dir='ltr'><strong>illie</strong></span> <span class='ocrx_word' id='word_1_313' title='bbox 806 3504 992 3582; x_wconf 80' lang='lat' dir='ltr'><strong>offeruntur,</strong></span> <span class='ocrx_word' id='word_1_314' title='bbox 1017 3510 1101 3579; x_wconf 90' lang='lat' dir='ltr'><strong>etad</strong></span> <span class='ocrx_word' id='word_1_315' title='bbox 1121 3511 1202 3573; x_wconf 91' lang='lat' dir='ltr'><strong>inte-</strong></span> 
     </span>
     <span class='ocr_line' id='line_1_38' title="bbox 67 3582 1201 3719; baseline 0.004 -76"><span class='ocrx_word' id='word_1_316' title='bbox 67 3585 166 3657; x_wconf 86' lang='lat' dir='ltr'><strong>riora,</strong></span> <span class='ocrx_word' id='word_1_317' title='bbox 191 3603 265 3664; x_wconf 89' lang='lat' dir='ltr'><strong>qnae</strong></span> <span class='ocrx_word' id='word_1_318' title='bbox 285 3583 345 3642; x_wconf 91' lang='lat' dir='ltr'><strong>illic</strong></span> <span class='ocrx_word' id='word_1_319' title='bbox 365 3593 636 3662; x_wconf 84' lang='lat' dir='ltr'><strong>repraesentantur,</strong></span> <span class='ocrx_word' id='word_1_320' title='bbox 668 3601 771 3642; x_wconf 85' lang='lat' dir='ltr'><strong>arcana</strong></span> <span class='ocrx_word' id='word_1_321' title='bbox 791 3582 913 3719; x_wconf 62' lang='lat' dir='ltr'><strong>eripet-</strong></span> <span class='ocrx_word' id='word_1_322' title='bbox 933 3582 1015 3642; x_wconf 88' lang='lat' dir='ltr'><strong>Haec</strong></span> <span class='ocrx_word' id='word_1_323' title='bbox 1036 3586 1086 3664; x_wconf 90' lang='lat' dir='ltr'><strong>qui</strong></span> <span class='ocrx_word' id='word_1_324' title='bbox 1105 3598 1201 3668; x_wconf 85' lang='lat' dir='ltr'><strong>tenet,</strong></span> 
     </span>
     <span class='ocr_line' id='line_1_39' title="bbox 68 3658 1202 3739; baseline 0.004 -18"><span class='ocrx_word' id='word_1_325' title='bbox 68 3659 189 3721; x_wconf 89' lang='lat' dir='ltr'><strong>solidam</strong></span> <span class='ocrx_word' id='word_1_326' title='bbox 208 3658 349 3739; x_wconf 90' lang='lat' dir='ltr'><strong>Baptismi</strong></span> <span class='ocrx_word' id='word_1_327' title='bbox 368 3661 518 3719; x_wconf 83' lang='lat' dir='ltr'><strong>veritatem</strong></span> <span class='ocrx_word' id='word_1_328' title='bbox 540 3670 696 3731; x_wconf 88' lang='lat' dir='ltr'><strong>ettotam,</strong></span> <span class='ocrx_word' id='word_1_329' title='bbox 727 3670 760 3717; x_wconf 89' lang='lat' dir='ltr'><strong>ut</strong></span> <span class='ocrx_word' id='word_1_330' title='bbox 778 3659 820 3718; x_wconf 91' lang='lat' dir='ltr'><strong>ita</strong></span> <span class='ocrx_word' id='word_1_331' title='bbox 852 3680 961 3739; x_wconf 78' lang='lat' dir='ltr'><strong>oquae,</strong></span> <span class='ocrx_word' id='word_1_332' title='bbox 986 3661 1047 3721; x_wconf 92' lang='lat' dir='ltr'><strong>eius</strong></span> <span class='ocrx_word' id='word_1_333' title='bbox 1067 3663 1202 3725; x_wconf 89' lang='lat' dir='ltr'><strong>substan-</strong></span> 
     </span>
     <span class='ocr_line' id='line_1_40' title="bbox 67 3733 1203 3816; baseline 0.007 -19"><span class='ocrx_word' id='word_1_334' title='bbox 67 3737 138 3797; x_wconf 88' lang='lat' dir='ltr'><strong>tiam</strong></span> <span class='ocrx_word' id='word_1_335' title='bbox 160 3747 204 3797; x_wconf 89' lang='lat' dir='ltr'><strong>est</strong></span> <span class='ocrx_word' id='word_1_336' title='bbox 223 3746 406 3815; x_wconf 87' lang='lat' dir='ltr'><strong>assequutus:</strong></span> <span class='ocrx_word' id='word_1_337' title='bbox 427 3747 515 3815; x_wconf 89' lang='lat' dir='ltr'><strong>atque</strong></span> <span class='ocrx_word' id='word_1_338' title='bbox 533 3735 603 3795; x_wconf 88' lang='lat' dir='ltr'><strong>iude</strong></span> <span class='ocrx_word' id='word_1_339' title='bbox 624 3737 710 3795; x_wconf 85' lang='lat' dir='ltr'><strong>etiam</strong></span> <span class='ocrx_word' id='word_1_340' title='bbox 731 3733 899 3815; x_wconf 83' lang='lat' dir='ltr'><strong>docebitur,</strong></span> <span class='ocrx_word' id='word_1_341' title='bbox 918 3753 993 3816; x_wconf 90' lang='lat' dir='ltr'><strong>quae</strong></span> <span class='ocrx_word' id='word_1_342' title='bbox 1013 3739 1050 3798; x_wconf 90' lang='lat' dir='ltr'><strong>sit</strong></span> <span class='ocrx_word' id='word_1_343' title='bbox 1074 3741 1149 3801; x_wconf 84' lang='lat' dir='ltr'><strong>ratio</strong></span> <span class='ocrx_word' id='word_1_344' title='bbox 1171 3752 1203 3805; x_wconf 85' lang='lat' dir='ltr'><strong>et</strong></span> 
     </span>
     <span class='ocr_line' id='line_1_41' title="bbox 68 3811 1203 3898; baseline 0.004 -23"><span class='ocrx_word' id='word_1_345' title='bbox 68 3814 132 3895; x_wconf 92' lang='lat' dir='ltr'><strong>quis</strong></span> <span class='ocrx_word' id='word_1_346' title='bbox 152 3835 219 3873; x_wconf 88' lang='lat' dir='ltr'><strong>usus</strong></span> <span class='ocrx_word' id='word_1_347' title='bbox 238 3825 374 3872; x_wconf 77' lang='lat' dir='ltr'><strong>externae</strong></span> <span class='ocrx_word' id='word_1_348' title='bbox 393 3811 576 3892; x_wconf 80' lang='lat' dir='ltr'><strong>aspersionis.</strong></span> <span class='ocrx_word' id='word_1_349' title='bbox 614 3811 757 3887; x_wconf 85' lang='lat' dir='ltr'><strong>Rursum,</strong></span> <span class='ocrx_word' id='word_1_350' title='bbox 777 3814 826 3891; x_wconf 89' lang='lat' dir='ltr'><strong>qui</strong></span> <span class='ocrx_word' id='word_1_351' title='bbox 846 3812 889 3874; x_wconf 88' lang='lat' dir='ltr'><strong>bis</strong></span> <span class='ocrx_word' id='word_1_352' title='bbox 902 3816 1095 3895; x_wconf 84' lang='lat' dir='ltr'><strong>contemptim</strong></span> <span class='ocrx_word' id='word_1_353' title='bbox 1115 3839 1203 3898; x_wconf 86' lang='lat' dir='ltr'><strong>prac-</strong></span> 
     </span>
     <span class='ocr_line' id='line_1_42' title="bbox 67 3888 1202 3968; baseline -0.003 -17"><span class='ocrx_word' id='word_1_354' title='bbox 67 3892 171 3964; x_wconf 87' lang='lat' dir='ltr'><strong>teritis,</strong></span> <span class='ocrx_word' id='word_1_355' title='bbox 191 3889 297 3951; x_wconf 88' lang='lat' dir='ltr'><strong>visibili</strong></span> <span class='ocrx_word' id='word_1_356' title='bbox 309 3888 493 3948; x_wconf 86' lang='lat' dir='ltr'><strong>ceremoniae</strong></span> <span class='ocrx_word' id='word_1_357' title='bbox 513 3898 642 3948; x_wconf 89' lang='lat' dir='ltr'><strong>mentem</strong></span> <span class='ocrx_word' id='word_1_358' title='bbox 662 3889 778 3968; x_wconf 89' lang='lat' dir='ltr'><strong>penitus</strong></span> <span class='ocrx_word' id='word_1_359' title='bbox 798 3889 911 3949; x_wconf 81' lang='lat' dir='ltr'><strong>affixam</strong></span> <span class='ocrx_word' id='word_1_360' title='bbox 930 3889 1069 3952; x_wconf 91' lang='lat' dir='ltr'><strong>babuerit</strong></span> <span class='ocrx_word' id='word_1_361' title='bbox 1088 3905 1118 3952; x_wconf 88' lang='lat' dir='ltr'><strong>et</strong></span> <span class='ocrx_word' id='word_1_362' title='bbox 1136 3894 1202 3955; x_wconf 74' lang='lat' dir='ltr'><strong>alli·-</strong></span> 
     </span>
    </p>
   </div>
   <div class='ocr_carea' id='block_1_6' title="bbox 67 3964 1318 4050">
    <p class='ocr_par' dir='ltr' id='par_1_7' title="bbox 67 3964 1318 4050">
     <span class='ocr_line' id='line_1_43' title="bbox 67 3964 1318 4050; baseline 0.006 -23"><span class='ocrx_word' id='word_1_363' title='bbox 67 3980 180 4050; x_wconf 81' lang='lat' dir='ltr'><strong>getam:</strong></span> <span class='ocrx_word' id='word_1_364' title='bbox 214 3987 269 4026; x_wconf 90' lang='lat' dir='ltr'><strong>nec</strong></span> <span class='ocrx_word' id='word_1_365' title='bbox 293 3966 368 4039; x_wconf 86' lang='lat' dir='ltr'><strong>vim,</strong></span> <span class='ocrx_word' id='word_1_366' title='bbox 387 3985 443 4025; x_wconf 88' lang='lat' dir='ltr'><strong>nec</strong></span> <span class='ocrx_word' id='word_1_367' title='bbox 461 3985 516 4045; x_wconf 87' lang='lat' dir='ltr'><strong>pru</strong></span> <span class='ocrx_word' id='word_1_368' title='bbox 538 3965 671 4025; x_wconf 86' lang='lat' dir='ltr'><strong>rietatem</strong></span> <span class='ocrx_word' id='word_1_369' title='bbox 691 3964 832 4045; x_wconf 86' lang='lat' dir='ltr'><strong>Baptismi</strong></span> <span class='ocrx_word' id='word_1_370' title='bbox 857 3965 1018 4048; x_wconf 83' lang='lat' dir='ltr'><strong>intelliget:</strong></span> <span class='ocrx_word' id='word_1_371' title='bbox 1050 3990 1148 4050; x_wconf 85' lang='lat' dir='ltr'><strong>neque</strong></span> <span class='ocrx_word' id='word_1_372' title='bbox 1171 3973 1202 4034; x_wconf 92' lang='lat' dir='ltr'><strong>id</strong></span> <span class='ocrx_word' id='word_1_373' title='bbox 1311 3980 1318 3989; x_wconf 84' lang='lat'><strong>&#39;</strong></span> 
     </span>
    </p>
   </div>
   <div class='ocr_carea' id='block_1_7' title="bbox 68 4042 1203 4125">
    <p class='ocr_par' dir='ltr' id='par_1_8' title="bbox 68 4042 1203 4125">
     <span class='ocr_line' id='line_1_44' title="bbox 68 4042 1203 4125; baseline 0.001 -21"><span class='ocrx_word' id='word_1_374' title='bbox 68 4045 202 4125; x_wconf 89' lang='lat' dir='ltr'><strong>quidem,</strong></span> <span class='ocrx_word' id='word_1_375' title='bbox 227 4043 297 4125; x_wconf 89' lang='lat' dir='ltr'><strong>quid</strong></span> <span class='ocrx_word' id='word_1_376' title='bbox 317 4042 373 4104; x_wconf 89' lang='lat' dir='ltr'><strong>sibi</strong></span> <span class='ocrx_word' id='word_1_377' title='bbox 391 4062 465 4122; x_wconf 86' lang='lat' dir='ltr'><strong>aqua</strong></span> <span class='ocrx_word' id='word_1_378' title='bbox 484 4043 571 4121; x_wconf 85' lang='lat' dir='ltr'><strong>veit,</strong></span> <span class='ocrx_word' id='word_1_379' title='bbox 596 4053 647 4103; x_wconf 90' lang='lat' dir='ltr'><strong>aut</strong></span> <span class='ocrx_word' id='word_1_380' title='bbox 665 4062 752 4123; x_wconf 87' lang='lat' dir='ltr'><strong>quem</strong></span> <span class='ocrx_word' id='word_1_381' title='bbox 773 4062 854 4105; x_wconf 77' lang='lat' dir='ltr'><strong>umus</strong></span> <span class='ocrx_word' id='word_1_382' title='bbox 875 4042 988 4106; x_wconf 81' lang='lat' dir='ltr'><strong>habeat</strong></span> <span class='ocrx_word' id='word_1_383' title='bbox 1027 4046 1115 4122; x_wconf 87' lang='lat' dir='ltr'><strong>Quae</strong></span> <span class='ocrx_word' id='word_1_384' title='bbox 1134 4070 1203 4111; x_wconf 83' lang='lat' dir='ltr'><strong>sen.</strong></span> 
     </span>
    </p>
   </div>
   <div class='ocr_carea' id='block_1_8' title="bbox 138 4312 981 4388">
    <p class='ocr_par' dir='ltr' id='par_1_9' title="bbox 138 4312 981 4388">
     <span class='ocr_line' id='line_1_45' title="bbox 138 4312 981 4388; baseline 0.009 -22"><span class='ocrx_word' id='word_1_385' title='bbox 138 4312 168 4383; x_wconf 58' lang='grc' dir='ltr'>ι)</span> <span class='ocrx_word' id='word_1_386' title='bbox 186 4315 243 4369; x_wconf 83' lang='lat' dir='ltr'><strong>vid.</strong></span> <span class='ocrx_word' id='word_1_387' title='bbox 261 4313 334 4370; x_wconf 82' lang='lat' dir='ltr'><strong>Calv.</strong></span> <span class='ocrx_word' id='word_1_388' title='bbox 350 4314 377 4368; x_wconf 86' lang='lat' dir='ltr'><strong>in</strong></span> <span class='ocrx_word' id='word_1_389' title='bbox 396 4312 569 4369; x_wconf 75' lang='lat' dir='ltr'><strong>lmtruttiono</strong></span> <span class='ocrx_word' id='word_1_390' title='bbox 586 4317 707 4371; x_wconf 74' lang='lat' dir='ltr'><strong>adrasus</strong></span> <span class='ocrx_word' id='word_1_391' title='bbox 722 4316 850 4388; x_wconf 69' lang='lat' dir='ltr'><strong>Anabapt.</strong></span> <span class='ocrx_word' id='word_1_392' title='bbox 867 4317 938 4372; x_wconf 79' lang='lat' dir='ltr'><strong>artie.</strong></span> <span class='ocrx_word' id='word_1_393' title='bbox 955 4318 981 4374; x_wconf 72' lang='lat'><strong>1.</strong></span> 
     </span>
    </p>
   </div>
   <div class='ocr_carea' id='block_1_9' title="bbox 0 0 1361 4732">
    <p class='ocr_par' dir='ltr' id='par_1_10' title="bbox 0 0 1361 4732">
     <span class='ocr_line' id='line_1_46' title="bbox 0 0 1361 4732; baseline 0 0"><span class='ocrx_word' id='word_1_394' title='bbox 0 0 1361 4732; x_wconf 95' lang='lat' dir='ltr'><strong> </strong></span> 
     </span>
    </p>
   </div>
  </div>
 </body>
</html>
