2700 4732
122 202 181 265 m
501 144 907 263 mmmmm'

72 370 76 377 ·
121 338 353 421 perlectionem,
381 350 415 401 ut
442 358 504 400 nou
523 340 579 401 sim
601 338 659 433 prb
679 340 847 403 Christiano
867 342 1030 424 agniturus,
1049 336 1258 423 qainondam

122 417 160 478 ad
191 436 256 477 eam
285 416 448 498 pertigerit
485 416 536 477 Sic
563 436 642 478 enam
670 416 707 479 ab
739 416 860 479 ecclesia
892 416 1116 479 excluderentur
1135 434 1259 475 omnes:

121 492 240 574 quando
260 512 348 553 nemo
361 491 519 573 reperitur,
537 494 588 573 qui
606 514 668 553 non
687 494 725 554 sit
743 494 833 576 longe
852 494 946 555 adbuc
961 491 1115 555 intervallo
1126 492 1260 553 dissitus:

120 569 206 629 multi
225 590 297 630 vero
337 591 417 629 arum
438 568 532 629 adbuc
552 571 699 652 progressi
719 583 803 643 sunt,
828 572 877 651 qui
896 583 994 630 tamen
1014 570 1163 629 immerito
1183 566 1259 627 abii·

120 657 275 727 eerentur.
309 590 391 721 linit
411 666 445 705 er
466 644 504 705 o?
523 667 628 726 scopus
648 645 697 707 ille
712 659 782 707 ante
795 648 897 708 oculos
909 646 1096 727 praefigatur,
1114 644 1152 706 ad
1166 662 1257 725 quem

119 721 214 783 solum
235 722 379 804 dirigatur
396 664 523 783 studium
542 734 684 789 uostrsun.
724 723 934 783 Praestituatur
943 734 1020 782 meta
1031 720 1090 797 illa,
1110 720 1148 781 ad
1168 740 1257 801 quam

121 809 152 858 et
171 799 315 858 enitamur
335 810 365 858 et
384 798 603 859 contendamus.
653 799 723 859 Non
749 801 826 859 enim
851 800 891 859 ita
916 799 1017 879 partiri
1037 819 1102 858 cum
1124 796 1194 857 Deo
1215 794 1257 859 ΕΙ

121 886 177 947 est,
196 887 273 935 utex
292 876 327 935 iis
347 894 422 953 quae
441 875 497 935 tibi
517 876 578 935 eius
598 874 692 936 verbo
732 874 949 936 raescribuntur
968 886 1079 955 partem
1103 870 1257 953 suscipias,

120 962 234 1030 partem
253 951 375 1011 arbitrio
400 962 454 1011 tuo
479 963 653 1031 praetereas.
703 896 804 1012 tlrimo
837 955 915 1011 enim
948 951 1015 1012 loco
1042 951 1104 1010 inte
1127 950 1257 1023 ritatem,

118 1038 258 1107 tauquam
277 1028 462 1107 praecipuam
482 1026 577 1087 cultus
596 1028 640 1089 sui
657 1040 788 1121 partem,
818 1027 868 1087 ubi
891 1048 927 1087 ue
958 969 1161 1089 commendat:
1194 1042 1255 1106 quo

118 1104 242 1163 nomine
274 1104 415 1164 sincerem
451 1103 540 1164 animi
567 1103 784 1185 simplicitatem
815 1050 985 1185 intelligis,
1010 1123 1084 1183 quae
1120 1102 1193 1163 luco
1225 1112 1256 1163 et

117 1178 241 1241 fictione
260 1190 371 1241 eareat:
393 1179 440 1241 cui
460 1200 513 1241 cor
532 1180 637 1259 duplex
656 1181 835 1261 opponitur,
860 1186 917 1242 acsi
938 1182 1085 1241 diceretur
1102 1176 1266 1258 spirituale..

119 1275 183 1317 esse
212 1262 293 1315 recte
322 1256 438 1315 vivendi
469 1255 660 1348 principium,
690 1257 742 1317 ubi
772 1257 897 1316 interior
927 1257 1015 1317 animi
1040 1255 1165 1317 allectus
1190 1254 1254 1315 siue

117 1331 240 1392 fictione
260 1332 296 1392 ad
315 1332 497 1392 sanctitatem
518 1344 549 1391 et
567 1334 705 1393 iustitiam
724 1332 878 1394 colendam
898 1334 965 1394 Deo
986 1332 1140 1395 addicitur.
1191 1328 1253 1391 Sed

117 1410 258 1488 quoniam
278 1410 388 1469 nemini
407 1420 521 1469 tantum
540 1411 672 1489 suppetit
689 1412 719 1469 iu
739 1421 861 1469 terreno
881 1410 939 1470 boc
969 1408 1103 1488 corporis
1134 1424 1254 1470 earcere

116 1484 247 1559 roboris,
264 1498 299 1547 ut
316 1485 389 1546 iusta
409 1508 509 1547 cursus
527 1483 677 1546 alacritate
696 1486 831 1546 lestinets
852 1487 991 1546 maiorem
1005 1504 1075 1547 vero
1096 1502 1254 1543 numerum

115 1570 197 1621 tauta
216 1560 325 1641 premit
344 1559 493 1634 debilitas,
514 1572 547 1620 ut
566 1560 728 1621 vacillando
757 1572 789 1618 et
816 1559 1022 1634 claudicando,
1054 1558 1135 1618 bumi
1164 1558 1252 1619 etiam
1288 1562 1291 1583 ¹

115 1636 262 1716 reptando
280 1636 397 1695 modice
417 1646 621 1714 promoveant,
642 1656 737 1695 eamus
758 1636 821 1714 quis
844 1657 880 1694 ue
900 1659 955 1717 pro
975 1634 1164 1696 facultatulae
1182 1654 1253 1697 suae

114 1714 223 1789 modo,
254 1724 285 1773 et
306 1713 457 1792 inceptum
476 1711 535 1771 iter
574 1733 772 1791 rosequamur.
823 1658 929 1773 lieno
949 1726 1008 1773 tam
1027 1709 1190 1771 infeliciter
1207 1710 1253 1771 irs·

114 1788 211 1865 redet,
231 1789 302 1870 quin
321 1788 500 1868 aliquantum
519 1732 621 1848 sallem
640 1788 703 1847 viae
723 1788 856 1879 quotidie
876 1790 1042 1849 emetiatur.
1081 1786 1150 1849 lloe
1176 1806 1251 1883 ergo

114 1882 205 1949 agere
223 1887 285 1927 non
306 1865 487 1938 desinamus,
511 1876 545 1924 ut
564 1863 672 1943 aliquid
692 1865 805 1925 assidue
824 1865 856 1924 iu
880 1866 925 1926 via
957 1864 1079 1927 Domini
1109 1862 1252 1943 prolicu-

114 1964 196 2004 mus:
210 1942 352 2023 nequeob
360 1961 509 2002 successus
517 1941 691 2001 tenuitatem
703 1940 898 2020 desperemus.
920 1943 1078 2021 Utcunque
1091 1941 1172 2001 enim
1183 1962 1251 2005 sue-

16 2060 21 2077 .
114 2039 211 2083 cessus
229 2030 301 2079 voto
321 2039 384 2079 non
402 2017 596 2097 respondeat,
616 2037 677 2078 uon
695 2030 796 2078 tamen
814 2018 928 2097 perdita
948 2030 992 2079 est
1003 2038 1102 2098 opera,
1122 2016 1176 2077 ubi
1196 2018 1251 2081 bo-

114 2096 234 2157 diernus
254 2096 314 2155 dies
340 2094 508 2154 hesternum
533 2094 639 2155 vineit:
669 2094 781 2154 sincera
806 2095 896 2154 modo
921 2094 1105 2175 simplicitate
1133 2094 1164 2153 in
1184 2116 1251 2157 seo·

112 2193 186 2253 pum
206 2185 338 2232 nostrum
359 2170 554 2250 respiciamus,
574 2183 605 2232 et
623 2170 659 2231 ad
678 2182 785 2230 metam
805 2171 981 2251 aspiremus,
1001 2192 1061 2231 non
1082 2180 1252 2233 assentato-

111 2249 157 2309 rie
177 2247 358 2310 blandientes
378 2245 465 2307 nobis
484 2246 566 2327 ipsis,
585 2266 641 2308 nec
659 2246 742 2307 malis
761 2250 868 2308 uostris
888 2247 1090 2331 indulgentes,
1108 2248 1163 2307 sed
1182 2266 1250 2329 per·
1287 2286 1291 2315 ;

112 2337 206 2405 petuo
226 2338 333 2385 conatu
352 2325 383 2382 in
402 2322 460 2383 boc
480 2323 699 2400 incumbentes,
732 2335 763 2383 ut
793 2323 928 2384 meliores
948 2322 1123 2403 nobisipsis
1144 2322 1252 2387 erada-
1289 2334 1291 2345 '

28 2420 34 2431 ·
112 2422 194 2476 mus,
214 2401 310 2462 donec
330 2400 367 2460 ad
386 2394 477 2479 ipsa'm
497 2412 670 2478 perventum
696 2400 785 2459 luerit
804 2400 979 2461 bonitatem:
1012 2421 1098 2479 quam
1148 2400 1252 2465 uide·

112 2490 180 2539 toto
208 2478 286 2538 uitae
315 2476 419 2568 spatio·
440 2475 605 2613 quaerimus
630 2497 676 2568 ac·
692 2477 858 2569 sequimur,
886 2489 948 2568 tum
980 2422 1250 2568 apprehendemus,

112 2574 202 2635 quum
223 2574 279 2615 nos
298 2574 391 2615 carnus
410 2574 440 2613 m
464 2564 579 2613 rmutate
599 2564 693 2631 eauts,
717 2575 749 2613 ιιι
773 2553 893 2634 plenum
913 2574 975 2614 erus
995 2564 1182 2617 consortum
1202 2576 1248 2617 re·
1289 2580 1291 2589 ·

113 2632 192 2713 cepti
210 2629 360 2693 fuerimus.

482 2948 735 3023 CAPUT
786 2948 862 3018 Vll.

188 3144 328 3208 Summa
351 3148 448 3209 vitae
471 3141 816 3278 christianaequbi
846 3141 890 3200 de
914 3142 1167 3227 abnegatione

582 3237 700 3298 nostri
739 3238 764 3316 ).

177 3415 267 3468 Partes
284 3413 394 3484 Capitis:
428 3414 460 3486 1)
485 3414 597 3477 Nema,
621 3434 689 3484 quae
713 3433 762 3466 nos
778 3414 806 3466 in
821 3412 904 3465 stadio
923 3412 1031 3467 iustitiae
1047 3434 1102 3467 non
1119 3417 1184 3473 sinit
1199 3422 1247 3475 als·

109 3520 203 3563 errare,
220 3502 274 3553 duo
292 3498 420 3568 postulat,
443 3497 563 3551 videlicet
578 3513 608 3551 ut
623 3500 705 3552 bomo
723 3518 738 3550 a
754 3517 781 3551 se
798 3498 931 3550 discedens
947 3518 974 3549 se
993 3512 1077 3553 totum
1095 3502 1177 3557 dedat
1193 3506 1246 3561 nd
1281 3556 1285 3567 ‚

107 3584 250 3656 obsequio:
266 3587 338 3637 unde
348 3586 521 3655 consequitur,
537 3604 594 3637 nou
611 3603 679 3655 quae
694 3596 791 3644 nostre,
807 3583 852 3633 scd
870 3581 997 3651 quaeDei
1013 3599 1081 3647 sunt,
1097 3572 1246 3659 esseque.
1266 3594 1277 3679 q

14 3722 22 3731 ἡ
106 3672 197 3733 aenda,
212 3684 272 3724 secr.
289 3675 312 3727 1.
330 3685 355 3722 et
370 3672 395 3724 2.
413 3700 445 3711 -
479 3668 710 3739 2)E1Apostolo
740 3670 773 3720 ad
791 3667 879 3720 Titum
902 3667 979 3720 buius
1001 3670 1180 3725 renovationis
1196 3694 1245 3729 sera

105 3755 172 3807 vitae
190 3754 352 3809 Christianae
369 3753 507 3826 descriptio
525 3756 672 3823 desumpta,
690 3753 800 3823 quaein
817 3752 938 3823 speciales
956 3755 1080 3822 quasdam
1097 3770 1186 3825 partes
1203 3760 1246 3813 di.

55 3858 58 3865 ·
104 3839 213 3895 stribma
230 3854 350 3893 accurate
368 3838 517 3911 explicatur,
536 3852 625 3893 asset.
641 3838 672 3897 3.
688 3840 722 3891 ad
740 3852 908 3909 postremam.

180 4014 209 4073 1.
246 4006 311 4067 Etsi
334 4027 352 4068 o
375 4006 473 4067 timam
500 4018 531 4066 et
554 4005 700 4087 aptissime
726 4003 897 4085 dispositam
922 4006 1147 4068 constituendae
1175 4032 1243 4073 me·
1279 4038 1282 4045 ·

103 4082 228 4146 modum
246 4082 336 4144 babet
353 4030 414 4145 lex
433 4083 572 4159 Domini,
590 4084 681 4143 visum
701 4094 799 4142 tamen
821 4095 864 4142 est
882 4084 1003 4145 coelesti
1016 4085 1171 4167 Magistro,
1191 4108 1243 4149 ae-

103 4160 252 4221 curatiore
262 4160 421 4222 etiamnum
437 4160 552 4221 ratione
572 4157 609 4220 ad
628 4158 731 4240 ipsam,
751 4180 837 4239 quam
858 4160 888 4219 iu
899 4162 980 4243 Lege
1001 4162 1244 4242 praescripserat,

102 4236 236 4319 regulam
259 4258 329 4299 suos
352 4237 489 4299 formare.
538 4238 578 4297 ns
600 4255 639 4295 ue
662 4236 746 4298 buius
768 4237 887 4316 quidem
916 4237 1037 4298 rationis
1062 4238 1242 4319 principium
1278 4242 1283 4253 '

101 4310 162 4375 boe
180 4324 226 4376 est
243 4314 345 4395 (Rom.
365 4320 415 4394 12,
433 4316 491 4394 1.):
522 4258 603 4397 quod
622 4312 751 4377 fidelium
771 4314 902 4379 officium
923 4325 982 4393 eat,
1008 4314 1153 4397 praebere
1170 4316 1242 4381 Deo
