2700 4732
507 232 583 294 Llll.
603 234 628 293 1.
669 234 757 299 (jot).
778 234 857 294 xlv.
1045 242 1050 263 ¹
1183 246 1240 307 111

172 384 202 443 1.
244 376 424 469 Quanquam
447 376 588 439 salsorum
614 376 738 437 deornm
762 378 924 440 cultoribus
947 380 1112 441 socordiam
1131 383 1239 443 merito

105 454 257 537 exprobrat
277 455 382 515 Iesaias
400 460 471 529 (to,
488 458 569 531 21.),
594 456 675 535 quod
695 475 728 513 ex
755 467 852 516 terrae
871 456 1067 517 fundamentis
1088 470 1118 517 et
1137 460 1239 519 coelo-

105 554 160 593 nim
180 530 297 590 ambitu
318 554 381 591 non
401 531 567 606 didicerint,
587 533 720 611 quisnam
742 545 818 591 esset
837 554 923 592 verus
936 534 1030 593 Deus:
1052 546 1237 613 quaetamen

106 620 142 669 est
160 610 189 667 in
213 610 274 667 eoii
297 608 391 667 nostri
413 608 535 667 tarditas
556 622 586 667 et
608 608 773 682 hebetudo,
799 630 918 670 necesse
940 610 1010 681 sirit,
1038 631 1074 669 nc
1093 613 1129 669 ail
1151 612 1237 672 Gen-

107 688 170 744 tiuui
191 628 336 767 bgmrota
363 684 531 743 defluerent
560 684 676 757 fideles,
706 687 867 765 expressius
900 685 956 745 illis
985 688 1105 767 depingi
1134 708 1236 747 veruni

108 760 202 821 brem.
239 762 315 820 Nam
327 782 417 839 quum
431 761 552 821 evanida
572 762 619 833 sit,
640 780 713 840 quae
734 762 811 842 apud
831 762 1025 842 philosophos
1046 764 1166 822 maxime
1188 776 1235 823 to-

109 836 224 897 lerabilis
241 837 370 896 habetur
389 838 566 916 descriptio,
584 839 681 897 Deum
701 850 830 896 merrtem
851 860 913 899 esse
934 840 1050 899 mundi:
1077 840 1170 919 ipsum
1191 841 1236 899 ia-

79 966 82 973 .
111 913 235 977 miliarias
253 935 268 972 a
289 912 378 973 nobis
398 915 539 991 cognosci
564 916 814 1003 operaepretium
836 928 894 988 cst,
914 936 953 973 ne
978 936 1095 994 semper
1120 916 1151 975 in
1175 938 1237 976 am·

112 988 191 1069 bigne
208 989 384 1050 vacillemus.
434 994 539 1069 ltaque
562 990 713 1050 historiam
739 992 895 1051 creationis
920 1005 1031 1051 exstare
1051 991 1162 1065 voluit,
1187 994 1236 1054 eui

112 1066 194 1127 innixa
212 1066 354 1127 ecclcsiae
374 1067 446 1128 tides
466 1089 529 1127 non
549 1067 636 1127 aliurn
659 1066 754 1125 Deiiiii
776 1081 947 1143 quaereret,
973 1068 1028 1127 nisi
1050 1068 1100 1147 qui
1121 1090 1236 1149 propo·

111 1144 169 1203 situs
187 1153 231 1203 est
249 1164 266 1203 a
286 1144 373 1202 ttose
397 1144 499 1224 opilcx
521 1144 623 1203 mundi
647 1156 677 1203 et
703 1144 850 1203 conditor.
899 1144 964 1203 lllie
982 1146 1079 1223 primo
1100 1157 1236 1205 notatum

111 1232 145 1279 cst
160 1231 289 1299 tempos,
314 1228 348 1277 ut
367 1223 509 1280 continua
532 1241 677 1280 annorum
698 1220 775 1279 serie
794 1221 894 1281 fideles
913 1221 949 1280 ad
968 1222 1093 1301 primam
1113 1222 1236 1281 humani

111 1297 211 1377 generis
235 1308 268 1354 et
292 1315 391 1354 rerum
418 1298 549 1357 omnium
569 1296 715 1376 originem
747 1299 945 1375 pervenirent.
996 1298 1083 1370 Quae
1103 1303 1236 1378 apprime

112 1371 174 1431 utilis
203 1384 248 1432 est
277 1373 430 1451 cognitio,
461 1394 523 1433 non
552 1384 665 1431 tantum
697 1385 730 1431 ut
760 1374 937 1452 prodigiosis
961 1373 1083 1446 fabulis,
1108 1376 1236 1454 quaein

113 1448 232 1529 hrgrpto
251 1461 283 1508 ct
302 1450 366 1509 aliis
385 1462 483 1509 terrac
515 1449 608 1529 plagis
635 1449 705 1508 olim
725 1462 870 1531 grassatae
889 1462 973 1523 sunt,
1002 1451 1117 1510 obviam
1140 1464 1235 1526 eatur,

114 1514 254 1585 ttd'etiain
274 1538 308 1585 ut
327 1526 451 1606 cognito
471 1528 573 1585 mnndi
600 1526 738 1599 exordio,
763 1526 868 1586 clarius
894 1526 1007 1587 eluceat
1026 1528 1085 1586 llei
1106 1529 1235 1587 aeterni·

82 1674 85 1679 Ι
115 1610 158 1673 tas,
180 1622 293 1680 nosque
312 1604 343 1661 iii
363 1604 408 1661 sui
432 1601 656 1663 admirationem
684 1604 777 1680 magis
803 1605 907 1682 rapiat.
952 1606 1059 1682 Neque
1078 1625 1149 1665 vero
1168 1625 1235 1663 nio·

116 1696 167 1737 tere
184 1698 237 1737 nos
257 1678 349 1738 debet
367 1679 489 1759 prolana
510 1679 557 1737 illa
577 1679 777 1750 subsannatio,
798 1679 901 1737 minim
917 1700 979 1739 esse
999 1701 1052 1738 cur
1071 1701 1135 1741 non
1148 1680 1235 1743 citius

117 1755 210 1814 inerit
227 1755 295 1814 Deo
317 1756 348 1813 in
370 1767 516 1827 mentem,
547 1756 663 1815 coelum
685 1766 714 1813 ct
740 1768 845 1815 terram
874 1758 1019 1828 condere,
1050 1756 1102 1815 sed
1123 1757 1235 1818 otiosus

117 1827 266 1891 inoeusuni
278 1832 406 1909 spatium
426 1834 637 1911 praeterfluere
649 1832 759 1904 siverit,
779 1833 859 1911 quod
875 1845 942 1891 ante
962 1832 1086 1909 plurima
1107 1844 1235 1893 aetatum

119 1906 186 1967 attia
204 1908 323 1967 allicere
343 1921 460 1989 posset:
492 1931 581 1988 quum
610 1909 647 1967 ad
671 1929 720 1968 sex
740 1929 883 1967 annorum
904 1908 992 1967 millia
1013 1908 1144 1967 nondum
1165 1929 1234 1987 per-

119 1984 212 2043 venerit
227 1984 331 2043 mundi
357 1984 393 2042 ad
413 1982 547 2044 ultimum
572 1985 660 2044 finem
680 1984 830 2067 vergentis
850 1985 1034 2044 diuturnitas.
1084 1985 1160 2044 Nam
1182 2007 1235 2045 cur

121 2060 207 2119 tandiu
224 2060 372 2119 distulerit
392 2060 491 2135 Ileus,
517 2080 614 2140 neque
635 2062 676 2121 las
698 2074 742 2121 est
762 2060 849 2120 nobis
869 2061 1034 2140 inquirere,
1060 2081 1157 2140 neque
1184 2081 1234 2121 ex-

121 2136 196 2225 pedit:
213 2139 279 2217 quia
299 2137 324 2196 si
345 2157 475 2217 eousque
496 2150 651 2219 penetrare
676 2138 837 2198 contendat
855 2158 937 2197 mens
958 2139 1100 2211 humana,
1121 2140 1233 2198 centies

122 2232 145 2269 u
158 2212 252 2272 itinere
271 2212 405 2273 deliciet:
427 2233 523 2293 neque
544 2218 629 2273 etiam
643 2215 765 2293 cognitu
785 2213 857 2274 utile
876 2226 962 2287 esset,
976 2216 1056 2292 quod
1067 2215 1148 2273 Deus
1158 2215 1234 2294 ipse,

124 2299 149 2345 ut
161 2288 218 2347 fidei
234 2302 354 2349 nostrae
372 2290 545 2350 modestiam
565 2290 721 2369 probaret,
742 2292 877 2349 consulto
898 2291 993 2351 voluit
1013 2290 1138 2350 celatum
1160 2312 1232 2351 esse.

124 2362 157 2423 bc
171 2366 231 2425 scite
249 2368 313 2448 pius
334 2366 384 2425 ille
403 2388 502 2443 senex,
523 2390 612 2447 quum
633 2379 787 2446 protervus
807 2368 948 2447 quispiam
970 2388 1003 2425 eii
1023 2388 1059 2425 eo
1081 2388 1136 2448 per
1154 2367 1233 2427 ludi-

123 2436 196 2499 briom
209 2456 374 2521 quaereret,
394 2444 464 2522 quid
484 2456 551 2503 ante
572 2457 702 2503 creatum
722 2444 861 2501 mundum
875 2446 981 2525 egisset
996 2444 1087 2517 lleiis,
1107 2465 1233 2525 respon-

123 2514 154 2575 dit
172 2518 319 2579 fabricasse
346 2518 459 2578 inl'cros
484 2520 605 2579 curiosis
615 2522 659 2591 l‘).
711 2520 794 2579 llaec
819 2540 879 2578 noii
905 2522 1000 2579 minus
1049 2521 1123 2579 ravis
1144 2542 1232 2599 quam

78 2624 84 2667 q
122 2612 199 2653 severa
210 2597 372 2655 admonitio
386 2608 553 2674 compescat
572 2596 729 2669 lasciviam,
750 2616 824 2675 quae
841 2596 949 2656 multos
969 2541 1077 2669 titillat,
1097 2597 1233 2676 adeoque

79 2675 84 2687 '
123 2667 222 2749 inpellit
241 2674 276 2730 ad
296 2695 398 2752 pravas
419 2685 449 2730 et
469 2675 567 2732 noxias
587 2674 813 2751 speculationes.
853 2674 992 2752 llcniquc
1005 2674 1233 2747 meminerimus,

81 2758 89 2765 ·
123 2742 196 2806 benni
215 2749 296 2807 illurn
317 2748 506 2819 invisibilem,
532 2763 562 2808 et
588 2752 668 2809 cuius
693 2749 997 2826 incomprehensibilis
1018 2763 1061 2808 cst
1080 2751 1232 2828 sapientia,

71 2874 74 2885 .
125 2821 195 2881 virtus
213 2839 242 2883 et
261 2827 380 2896 iustitia,
400 2827 491 2885 blosis
512 2826 660 2885 historiam
673 2826 782 2906 speculi
804 2828 871 2884 loco
893 2828 980 2885 nobis
1001 2848 1180 2905 proponere,
1202 2828 1231 2884 in

71 2954 75 2961 .
127 2918 169 2974 qun
185 2902 240 2959 viva
260 2904 321 2961 cius
343 2903 455 2983 efligies
475 2902 595 2961 relucet.
635 2903 729 2961 Sicuti
750 2903 837 2960 etiani
859 2902 930 2960 nihil
951 2904 1086 2960 ilistiiicte
1107 2916 1232 2961 cernunt

129 2974 186 3034 oculi
202 2978 243 3035 vel
263 2980 344 3037 senio
359 2980 468 3053 obtusi,
487 2978 532 3037 vel
553 2978 610 3037 alio
626 2979 698 3036 vitio
720 2978 851 3051 hebetes,
871 2980 926 3037 nisi
946 2980 1072 3057 specillis
1092 2980 1232 3037 adiuven-

130 3058 174 3109 tiii:
189 3053 235 3127 ita,
255 3076 327 3133 quae
350 3067 449 3115 nostra
470 3068 514 3114 est
534 3055 729 3128 imbecillitas,
749 3056 802 3113 nisi
824 3076 878 3113 nos
899 3055 1006 3136 dirigat
1026 3056 1179 3147 Scriptura
1199 3056 1230 3113 in

133 3120 178 3209 lien
193 3134 370 3207 quaerendo,
400 3132 497 3191 statim
524 3132 732 3191 evaiiesciniiis.
786 3132 847 3203 Qui
872 3153 942 3189 vero
970 3144 1134 3222 proterviae
1161 3154 1231 3191 suae

137 3202 260 3285 ¹tlulgent,
277 3210 346 3287 quia
366 3230 445 3267 nunc
467 3208 571 3267 frustra
591 3220 760 3280 monentur,
779 3229 847 3267 sero
868 3207 1003 3267 horribili
1024 3210 1142 3266 interitu
1163 3228 1232 3267 sen-

138 3282 196 3349 ltttt,
226 3298 311 3343 uanto
331 3287 422 3345 satius
443 3283 531 3343 luerit
550 3306 653 3343 arcana
669 3285 723 3343 ltei
745 3283 864 3343 consilia
884 3296 1055 3343 reverenter
1072 3286 1230 3363 suspicere,

71 3422 74 3433 Ι
140 3304 400 3482 qunllasphemias
427 3382 582 3431 evomere,
603 3360 709 3437 quibus
736 3360 850 3419 coelum
871 3361 1040 3419 obscurent.
1090 3362 1231 3421 Etrccte

163 3438 320 3509 ignitius
347 3438 479 3496 iniuriam
505 3438 573 3495 Deo
600 3438 664 3495 lieri
689 3438 897 3517 conqueritur,
927 3438 977 3495 nbi
1002 3438 1137 3517 superior
1169 3440 1231 3498 eius

116 3502 249 3571 ·voluutate
264 3516 416 3597 llagitatur
435 3534 532 3572 reruni
554 3534 647 3572 causa.
692 3514 775 3571 ldeiii
799 3513 870 3571 alibi
895 3514 1055 3591 prudenter
1081 3515 1231 3587 admonet,

86 3614 89 3621 ·
139 3598 182 3639 tou
196 3592 271 3650 ninus
290 3610 446 3671 perperam
467 3590 503 3647 de
522 3589 669 3648 iniiiicnsis
691 3602 857 3667 temporum
870 3612 954 3667 quani
976 3590 1108 3649 locorum
1129 3591 1230 3668 spatiis

136 3666 294 3732 quaestionem
316 3667 439 3725 moveri.
480 3666 570 3725 Certe
583 3668 767 3743 quantumvis
781 3665 838 3723 late
852 3679 948 3745 pateat
959 3667 1111 3726 coelorum
1124 3666 1231 3725 circui-

71 3745 89 3815 ';
133 3740 342 3809 tonstrinam
362 3743 459 3821 aliqua
479 3743 540 3801 eius
562 3742 715 3800 dimensio.
757 3744 844 3801 Nunc
869 3744 892 3801 si
913 3743 976 3821 quis
1002 3765 1067 3802 cum
1088 3743 1156 3800 Deo
1183 3762 1231 3799 ex·

81 3844 91 4153 ,
129 3815 239 3893 postulet,
259 3820 339 3901 quod
360 3819 508 3908 centuplo,
521 3831 642 3953 superet
660 3818 807 3891 vacuitas,
826 3840 924 3876 annon
947 3820 1001 3898 piis
1021 3819 1157 3876 omnihus
1178 3818 1231 3875 ile-

127 3893 236 3955 ltstabilis
255 3898 311 3955 erit
337 3896 516 3976 petulantia?
571 3895 670 3953 Eodem
696 3896 804 3953 luroris
830 3896 986 3972 prosiliunt
1005 3896 1055 3972 qui
1083 3893 1231 3971 exagitant

96 3960 163 4025 -llti
178 3975 279 4043 otium,
309 3973 391 4063 quod
412 3992 515 4030 eornm
540 3972 662 4031 arbitrio
687 3972 827 4030 mnndum
847 3984 917 4029 ante
943 3972 1095 4028 innumera
1115 3969 1229 4026 saecula

122 4058 164 4105 tun
182 4052 350 4111 condiderit.
392 4049 434 4108 Ut
453 4070 522 4109 suae
542 4048 695 4127 cupiditati
715 4070 828 4108 moreni
850 4058 969 4129 gerant,
991 4059 1068 4104 extra
1088 4045 1231 4103 mundum

216 4208 462 4217 a---a—---------
471 4208 475 4213 .
487 4207 518 4213 -
527 4206 697 4213 ------.--.-.
706 4206 745 4213 --
761 4208 777 4213 ..
802 4208 829 4213 ...
870 4206 938 4213 ,.-..
954 4205 985 4211 ---
1038 4203 1065 4209 ··-
1076 4200 1224 4209 ·-———-·

71 4234 84 4461 l
167 4294 190 4360 ‘)
207 4294 247 4347 Cl.
267 4298 372 4357 Aiigiut.
390 4298 498 4347 ‹·oiil'esv.
516 4293 561 4343 lib.
583 4296 620 4350 ll.
638 4316 659 4348 c.
679 4296 718 4347 12.
738 4326 766 4335 -
792 4294 875 4345 l'aulo
894 4294 951 4344 inlr.
964 4290 1009 4345 lib.
1023 4292 1230 4357 degeniescuni.

111 4352 206 4416 llinich.
222 4380 274 4434 atq.
291 4366 337 4419 lib.
357 4370 397 4421 11,
416 4366 449 4416 dc
467 4362 533 4416 cii-ii.
551 4362 608 4415 Dei.
