2700 4732
123 193 182 254 ros
260 202 264 211 ·
495 183 571 271 ¹nus
592 184 618 244 1.
659 183 749 247 can.
768 140 855 283 xiii,

125 328 194 390 alibl
218 328 438 391 substantlalem
463 328 600 388 deitatem
620 348 682 388 non
701 338 815 388 tautum
835 324 961 387 hominis
978 322 1103 404 aetnae,
1126 324 1179 389 sed
1197 324 1264 393 at'ir

125 408 214 467 rebus
233 409 338 467 creatis
358 407 493 466 assinnet.

202 489 250 548 ⁵23.
288 485 331 541 Ex
351 454 526 543 baciacuna
547 481 657 561 prodiit
676 480 753 540 aliud
774 501 834 540 non
852 478 990 539 dissimile
1007 490 1181 541 monstrum.
1200 478 1265 543 Ne·

126 559 253 620 bufones
273 561 350 619 enirn
371 560 504 640 quidam,
538 572 569 617 ut
590 558 756 617 Servetieae
782 556 938 636 impietatis
958 554 1095 616 invidiam
1115 578 1149 617 ac
1169 554 1263 621 deds-

125 658 176 697 cus
188 636 365 718 effugerent,
385 649 443 695 tres
463 635 579 715 quidem
601 652 822 713 personas·esse
843 630 1059 707 confessisunt,
1079 634 1130 695 sed
1144 633 1266 695 ration

48 726 56 737 '
125 713 235 783 addita,
260 714 339 791 quod
362 715 450 773 Pater
470 712 519 791 qui
539 732 607 769 vere
635 722 664 769 et
689 711 808 790 proprie
833 710 936 769 unicus
963 719 1007 767 est
1030 710 1123 782 Deus,
1153 708 1262 771 Filium

127 800 158 847 et
177 790 318 869 Spiritum
339 789 505 862 formando,
524 809 604 847 suam
625 787 653 845 in
676 808 726 846 eos
747 789 882 847 deitatem
902 785 1067 847 transfudit.
1105 788 1171 847 Nec
1189 806 1262 849 rere

126 866 276 925 abstinent
295 866 331 924 ab
354 865 503 926 horrendo
524 862 663 942 loquendi
683 884 803 945 genere,
823 864 941 922 Patrem
962 861 1015 920 hac
1036 874 1106 923 nuta
1121 860 1264 945 distingui

128 964 144 1002 a
164 943 240 1002 Filio
263 955 293 1001 et
312 943 435 1022 Spiritu,
457 943 522 1020 quia
542 942 579 1000 sit
598 940 677 1000 solus
698 941 880 999 essentiatur.
919 935 1061 999 Colorem
1074 940 1263 1019 huucpriuro

128 1017 306 1093 obtendunt,
326 1021 429 1110 passim
444 1019 591 1078 Christum
605 1020 707 1076 vocari
719 1017 776 1075 Dei
795 1016 916 1075 Filium:
936 1015 1015 1073 unde
1035 1012 1181 1099 eolligunt
1200 1010 1269 1079 riute

126 1095 212 1154 aliurn
233 1116 354 1185 propere
373 1096 470 1154 Deum
492 1114 552 1154 esse
574 1094 627 1153 nisi
643 1094 769 1153 l’atrem.
789 1094 880 1173 Atqui
896 1113 956 1153 non
969 1090 1137 1169 observant,
1157 1114 1264 1175 quan-

127 1172 169 1229 vis
189 1172 248 1231 Iler
268 1194 376 1232 nomen
398 1173 473 1232 Filio
495 1193 613 1251 qnoque
629 1171 667 1229 sit
686 1192 857 1242 commune,
877 1182 975 1229 tamen
997 1171 1053 1225 κατ’
1073 1172 1173 1243 ἐξοχὴν
1206 1170 1264 1233 Pa-

127 1248 167 1306 tri
186 1249 332 1308 interdum
354 1250 468 1321 ascribi,
488 1250 554 1326 quia
577 1249 642 1307 fons
663 1259 707 1307 est
725 1270 758 1306 ac
775 1247 956 1339 principium
978 1246 1110 1317 deitatis:
1129 1246 1221 1342 idque
1231 1256 1265 1311 ul

127 1336 250 1383 notetur
268 1324 388 1406 simplex
408 1325 550 1385 essentiae
570 1324 674 1386 unitas.
713 1322 879 1403 Excipiunt,
899 1324 923 1383 si
943 1344 1015 1385 rere
1035 1335 1079 1383 cst
1087 1322 1146 1383 Dei
1159 1324 1264 1403 tilius,

126 1400 284 1461 absurdum
305 1424 367 1462 esse
387 1402 499 1461 censeri
513 1421 655 1481 personae
669 1400 783 1460 filiurn.
822 1402 887 1495 Ego
907 1413 1179 1480 utrumqueverum
1200 1420 1264 1463 em

111 1479 308 1556 'respondem
330 1477 387 1537 Dei
407 1498 513 1557 nempe
534 1498 595 1538 esse
615 1476 731 1548 Filium,
757 1476 824 1556 quia
845 1484 951 1537 bermo
973 1490 1016 1537 est
1039 1498 1056 1537 a
1080 1476 1170 1537 Patre
1193 1488 1267 1539 unta

126 1554 241 1615 saecula
260 1555 376 1638 genitus
395 1557 543 1633 (nondum
564 1553 640 1615 enim
668 1554 704 1612 de
726 1554 895 1623 Mediatoris
914 1575 1041 1633 persona
1060 1552 1147 1615 uobis
1165 1572 1267 1617 semo

129 1632 198 1707 est),
223 1643 368 1692 ettamen
391 1631 551 1711 explicandi
571 1652 655 1691 causa
676 1629 838 1690 hahendam
859 1652 921 1691 esse
941 1634 1084 1691 rationem
1105 1629 1268 1709 Personae,

127 1717 162 1764 ut
181 1728 290 1768 nornen
309 1709 368 1767 Dei
388 1729 449 1767 non
469 1708 640 1787 simpliciter
658 1720 798 1782 sumatur,
817 1708 867 1767 sed
889 1726 943 1787 pro
963 1708 1066 1767 Patre:
1088 1704 1269 1769 narusiltun

127 1782 216 1843 alium
225 1785 478 1845 censemusDeurn
489 1807 574 1876 ipram
583 1786 709 1858 Patrem,
721 1806 780 1843 non
790 1783 914 1845 obscure
927 1783 1200 1845 deiiciturFiliusal)
1207 1782 1267 1867 hue

127 1860 229 1953 gradu.
249 1862 329 1944 Ergo
338 1865 452 1942 quoties
465 1862 576 1922 deitatis
588 1862 621 1921 ht
631 1861 754 1934 mentio,
765 1860 1005 1920 minimeadmitti
1017 1860 1268 1923 debetautitften'a

128 1949 209 1999 urter
221 1938 325 1999 Filium
338 1951 368 1999 et
378 1940 507 2013 Patrem,
521 1939 601 2019 qnasi
613 1938 679 1998 huic
690 1950 802 1997 tantum
814 1940 968 1998 conveniat
988 1956 1098 1997 nomen
1116 1938 1178 1997 veri
1198 1936 1269 2001 Dei.

128 2016 204 2075 Nam
223 2037 293 2076 sane
312 2017 405 2091 Deus,
425 2018 474 2095 qui
493 2016 603 2075 Iesaiae
615 2036 650 2095 ap
674 2014 759 2089 aruit,
790 2034 877 2075 verus
897 2028 927 2074 et
958 2014 1060 2074 unicus
1087 2012 1143 2073 fuit
1165 2014 1269 2089 Densa

151 2112 216 2151 uem
238 2104 335 2152 tamen
354 2091 480 2163 loannes
501 2092 625 2153 affirmat
646 2035 732 2151 fluisse
754 2090 902 2151 Christum
922 2090 993 2169 (les.
1012 2096 1041 2156 6.
1062 2090 1106 2151 lo.
1126 2096 1175 2167 tu,
1194 2098 1244 2157 41.

129 2113 193 2242 bui
214 2170 300 2228 etiam
320 2189 417 2249 paros
430 2168 668 2227 lesaiaetestatus
690 2179 743 2240 est,
763 2188 794 2227 se
815 2168 880 2228 fore
900 2168 930 2226 in
951 2166 1208 2247 lapidemuffeudi

128 2244 262 2318 ludaeis,
287 2248 389 2305 unicus
410 2258 472 2303 erat
490 2246 582 2318 Deus,
602 2264 688 2325 quem
710 2243 816 2303 Paulus
837 2244 986 2305 Christum
1018 2244 1106 2305 fuisse
1128 2264 1269 2334 pronun-

128 2321 184 2381 ein
202 2321 274 2397 (les.
292 2328 322 2394 8,
342 2328 387 2385 14.
408 2321 483 2381 llorn
502 2330 532 2395 9,
551 2324 623 2399 ab).
664 2320 725 2394 Qui
768 2319 1213 2397 erlesaiamelamat,„V1roe

129 2396 201 2455 mihi
221 2398 359 2457 flectetur
378 2418 467 2458 omne
485 2406 596 2479 genu,“
627 2399 730 2458 unicus
762 2398 830 2458 ¹ens
855 2410 914 2457 est:
945 2400 1027 2477 atqui
1056 2398 1134 2457 idem
1158 2398 1269 2461 Panas

126 2474 281 2535 Christum
301 2475 512 2553 interpretatur
529 2474 601 2553 (les.
620 2482 668 2549 45,
687 2481 734 2539 23.
754 2474 841 2533 Rom.
861 2482 908 2548 fl,
928 2482 998 2545 fb).
1037 2475 1104 2535 lluc
1123 2474 1269 2537 accedunt

130 2569 207 2628 quae
232 2551 335 2627 recitat
358 2550 520 2630 Apostolus
546 2552 725 2627 testimonia,
756 2551 804 2610 Tu
830 2552 912 2611 Dens
940 2552 1068 2611 fundasti
1093 2551 1212 2613 coelum
1235 2560 1269 2613 et

128 2638 250 2687 terram.
287 2628 373 2699 Item,
393 2628 529 2686 hdorent
550 2649 614 2687 eum
636 2648 738 2689 omnes
757 2628 865 2710 Angeli
886 2629 944 2688 Dei
968 2628 1076 2705 (Hebr.
1101 2634 1130 2703 1,
1155 2634 1206 2693 10.
1235 2636 1267 2689 et

130 2709 158 2767 6.
179 2701 254 2763 Psal.
274 2710 341 2775 102,
359 2710 406 2768 26.
427 2703 499 2763 ibid.
518 2712 567 2775 97,
586 2707 643 2781 ¹¹1¹.):
664 2724 738 2783 quae
759 2704 880 2764 nonnisi
897 2706 928 2764 in
946 2705 1064 2765 unicum
1073 2704 1268 2767 Deumeon-

131 2791 252 2859 petunt:
273 2802 362 2871 qrrrrm
381 2792 479 2839 tamen
499 2781 621 2859 propria
641 2780 751 2841 Christi
772 2780 869 2861 elogia
890 2800 952 2841 esse
978 2781 1150 2841 contendatr
1200 2784 1269 2843 Neu

74 2910 83 2921 ,.
128 2855 208 2915 r'slet
227 2855 360 2916 cavillum
378 2855 461 2931 illud,
482 2858 632 2917 transferri
651 2858 687 2916 ad
708 2859 857 2917 Christum
876 2858 955 2938 quod
975 2857 1033 2916 Dei
1046 2857 1199 2937 proprium
1212 2866 1267 2935 est,

131 2932 199 3010 quis
218 2932 256 2991 sit
275 2933 435 2993 relucentia
455 2934 568 3014 gloriae
588 2934 685 3013 ipsius.
724 2934 797 2993 Nam
824 2956 913 3014 quum
933 2934 1043 3013 ubique
1063 2947 1193 3013 ponatur
1210 2954 1267 2997 rre-

130 3028 200 3067 nten
219 3008 357 3084 lehovae,
375 3012 507 3089 sequitur
528 3011 641 3070 deitatis
666 3024 801 3089 respectu
823 3030 857 3068 ex
876 3030 907 3070 se
930 3010 994 3088 ipso
1025 3030 1096 3069 esse.
1140 3008 1269 3073 Namel·

131 3098 176 3143 est
200 3086 323 3155 lehora,
352 3087 455 3168 negari
479 3108 541 3145 non
567 3098 665 3167 potest
697 3088 766 3167 quin
793 3087 871 3145 idern
895 3087 934 3145 sit
959 3087 1007 3146 ille
1026 3086 1119 3160 Deus,
1142 3086 1194 3167 qui
1213 3106 1269 3169 per

131 3161 254 3221 lesniam
273 3163 343 3222 alibi
363 3162 468 3222 clamat
487 3167 617 3240 (at,6.):
637 3162 737 3245 „ligm
757 3184 812 3243 ego
833 3185 899 3222 surn
917 3175 1074 3241 etpraeter
1087 3182 1209 3223 menon
1222 3172 1269 3225 erl

131 3237 244 3297 Deus.“
263 3238 436 3318 Expendere
448 3242 536 3299 etiam
548 3239 688 3299 convenit
702 3240 777 3299 illud
796 3240 938 3299 leremiae
957 3240 1106 3317 (10‚1'l·):
1127 3239 1202 3315 „Dii
1217 3236 1269 3379 qa

133 3334 195 3373 uon
217 3314 351 3375 feceruut
370 3314 487 3377 eoelum
508 3327 538 3375 et
556 3328 675 3387 terram,
709 3328 830 3396 pereant
855 3316 988 3375 detersa
1009 3335 1082 3396 quae
1102 3316 1156 3375 sub
1178 3336 1234 3379 coe

133 3396 218 3451 θεὶςιι
236 3392 354 3469 quando
374 3412 407 3450 ex
428 3394 567 3471 opposito
587 3393 672 3453 fateri
691 3412 811 3453 necessa
830 3393 887 3451 erit
900 3393 1006 3451 Filium
1025 3392 1085 3451 Dei
1105 3414 1172 3452 euru
1192 3410 1266 3471 essa,

104 3522 109 3541 ,
133 3466 216 3525 cetius
247 3467 338 3528 deitas
367 3468 485 3547 saepius
502 3470 577 3547 apud
598 3469 719 3528 Iesaiam
739 3470 884 3549 probatur
913 3490 946 3528 ex
974 3469 1076 3529 mundi
1107 3469 1269 3533 creausus

103 3562 109 3597 :
134 3540 298 3617 Quomodo
318 3557 415 3604 autem
436 3556 550 3605 creator
570 3547 621 3624 qui
641 3546 777 3605 omnihus
797 3564 860 3605 esse
880 3544 939 3617 dat,
958 3566 1021 3604 non
1035 3546 1092 3604 erit
1103 3566 1136 3605 ex
1148 3567 1181 3605 se
1192 3546 1266 3627 ipso,

133 3620 186 3679 sed
218 3620 372 3680 essentiam
395 3619 512 3681 aliunde
540 3621 739 3681 mutuabitur?
768 3623 845 3681 Nam
880 3622 1008 3702 quisquis
1032 3624 1221 3683 essentiatum
1249 3640 1269 3683 a

133 3695 224 3757 Patre
243 3698 267 3754 F
270 3696 350 3756 ilium
370 3716 434 3756 esse
454 3698 534 3775 dicit,
554 3719 570 3758 a
589 3698 698 3777 seipso
719 3710 808 3779 negat
827 3718 898 3757 esse.
927 3699 1190 3761 Reclamatautem
1200 3696 1269 3781 Spi-

134 3772 207 3832 ritus
225 3784 353 3850 sanctus,
372 3773 451 3833 illurn
472 3773 600 3834 lehovah
621 3774 784 3834 nominans.
823 3773 885 3834 lam
898 3773 921 3834 si
933 3777 1037 3835 demus·
1052 3786 1151 3835 totam
1168 3794 1267 3837 esseu-

100 3910 105 3921 ,
134 3847 206 3908 tiam
227 3870 290 3909 esse
309 3849 339 3908 in
359 3850 425 3909 solo
445 3850 543 3923 Patre,
561 3850 608 3909 vel
628 3852 680 3909 liet
699 3850 853 3929 partibilis,
879 3852 925 3911 vel
946 3853 1086 3930 eripietur
1099 3852 1195 3913 lfilio:
1222 3862 1269 3915 at«

157 3944 197 3983 ue
214 3926 254 3985 ita
273 3926 414 4005 spoliatus
433 3947 483 3985 sna
503 3927 645 4000 essentia,
673 3926 794 3987 titularis
814 3928 908 3987 solum
930 3929 985 3987 erit
1003 3929 1096 3989 Deris.
1134 3928 1269 3991 Esseulia

135 3945 212 4077 liet,
240 4002 266 4061 si
289 4002 420 4062 creditur
442 4002 504 4062 istis
526 4002 734 4084 nugatoribus,
762 4002 820 4063 soli
837 4004 918 4064 Patri
942 4004 1096 4078 convenit,
1126 4017 1269 4087 quatenus

134 4077 198 4158 ipse
217 4077 297 4137 solus
316 4089 410 4137 estet
429 4092 473 4137 est
492 4078 559 4138 Filii
579 4080 763 4139 essentiatur.
807 4080 853 4139 lta
879 4080 1012 4141 divinitas
1036 4081 1104 4141 Filii
1131 4082 1268 4163 quiddam

136 4153 195 4211 crit
213 4152 390 4213 abstractum
409 4176 425 4214 a
445 4154 504 4214 Dei
529 4156 664 4232 essentia,
692 4156 739 4215 rel
765 4156 907 4217 derivatio
934 4158 1023 4238 partis
1047 4180 1063 4217 a
1087 4170 1163 4219 toto.
1209 4158 1269 4223 lan

64 4234 67 4245 '
135 4228 302 4289 concedant
314 4248 347 4289 ex
364 4224 419 4290 silo
440 4231 584 4311 principio
605 4248 726 4292 neeesse
743 4242 799 4308 est,
819 4232 965 4313 Spiritum
983 4254 1046 4294 esse
1055 4236 1146 4296 solius
1157 4235 1269 4297 Patria:

134 4304 203 4384 quia
220 4304 245 4365 si
264 4304 406 4367 derivatio
427 4319 472 4368 est
490 4327 507 4369 a
525 4310 617 4388 prima
636 4307 775 4387 essentis,
803 4329 879 4390 quaa
902 4310 1022 4373 nonnisi
1048 4312 1130 4373 Patri
1149 4312 1269 4396 propria
