2700 4732
489 212 566 276 UD.
585 211 640 278 Ν.
678 211 856 285 cstmlt
1139 237 1144 247 ’
1182 217 1239 282 3¹21

94 355 351 443 ⁸quemadmodum
371 357 553 419 demonstrat
574 356 683 420 Paulus
701 356 743 440 (Ι.
763 352 836 422 Cor.
853 360 885 434 b,
902 358 958 436 4.),
977 356 1029 438 qui
1047 354 1238 421 Corinthium

89 438 249 500 ¹incestum
268 456 331 495 non
355 435 446 496 modo
465 434 563 497 verbis
583 437 721 519 castigat,
751 436 802 497 sed
822 436 1121 496 excommunicatione
1140 434 1238 516 punit,

100 511 277 592 simulatque
297 512 334 572 de
358 511 470 572 scelere
492 509 585 572 factus
611 525 656 574 est
673 513 791 575 certior.
840 513 927 573 Nunc
948 532 1020 605 erpo
1039 511 1238 594 meliuslinei-

99 591 350 671 pisaurensem,
370 588 522 667 quomodo
546 590 703 667 spiritualis
727 585 868 651 ecclesiae
896 587 1072 662 iurisdictio,
1102 607 1178 669 quse
1202 607 1237 648 ex
1266 621 1270 639 ι

99 665 197 728 verbo
217 664 338 724 Domini
362 664 393 723 in
443 676 542 726 cecata
573 666 793 738 animaduertit,
824 664 968 746 optimum
992 666 1080 726 citet
1103 663 1236 726 sanitatis

98 739 281 813 subsidium,
309 752 339 800 et
365 685 586 802 fundamentum
611 742 736 816 ordinis,
767 751 799 802 et
815 741 963 802 vinculum
989 741 1117 802 unitatis.
1154 740 1236 824 Ergo
1310 808 1318 824 .

101 817 176 879 dum
196 817 317 877 ecelesia
341 817 511 877 manifestos
530 818 695 894 adulteros,
725 829 919 891 scortatores,
943 818 1038 888 fures,
1062 817 1238 897 praedones,

100 893 276 968 seditiosos,
303 892 454 973 periuros,
480 893 567 955 falsos
590 907 697 970 testes,
724 897 835 955 eteius
859 895 976 975 generis
995 893 1141 974 reliquos,
1166 895 1238 954 item

101 981 294 1033 contumaces
314 969 436 1048 (quide
456 968 614 1032 levioribus
635 972 720 1046 etism
741 971 815 1032 vitiis
834 970 890 1030 rite
910 969 1069 1043 admoniti,
1087 970 1185 1031 Deum
1206 979 1238 1031 et

101 1046 169 1109 eius
188 1045 327 1105 iudicium
347 1045 475 1107 ludibrio
496 1046 620 1126 babent)
645 1068 662 1106 e
687 1048 839 1108 consortio
863 1067 916 1107 suo
941 1046 1129 1107 exterminate
1162 1043 1236 1109 nihl

100 1122 162 1186 sibi
181 1133 298 1201 praeter
317 1124 461 1182 rationem
481 1136 615 1204 usurpat,
633 1123 685 1184 sed
705 1123 908 1184 iurisdictione
927 1122 983 1183 sibi
1002 1121 1162 1183 aDomino
1182 1123 1237 1184 de-

101 1199 165 1262 lata
185 1198 325 1279 fungitur.
374 1198 469 1259 Porro
490 1219 528 1259 ne
548 1200 611 1281 quis
630 1198 689 1260 tale
709 1200 847 1261 ecclesiae
866 1199 1004 1259 iudicium
1024 1211 1159 1278 spernat,
1184 1209 1236 1261 aut

100 1275 189 1357 parvi
207 1274 340 1334 aestimet
359 1293 391 1334 se
410 1274 538 1335 fidelium
558 1277 705 1359 suffragiis
724 1277 905 1349 damnatum,
925 1286 1046 1336 testatus
1066 1285 1110 1337 est
1128 1276 1237 1338 Domi-

99 1372 176 1425 nus,
206 1350 281 1410 istud
301 1350 394 1430 ipsum
415 1349 486 1410 nibil
506 1350 583 1413 aliud
603 1373 665 1414 esse
685 1374 770 1433 quam
790 1353 953 1412 sententiae
976 1369 1044 1412 suae
1067 1352 1237 1433 promul‘a·

98 1428 228 1499 tionem,
247 1438 340 1486 ratum
363 1447 399 1487 ue
419 1427 521 1488 baberi
540 1430 570 1489 in
591 1429 681 1490 coelis
700 1428 779 1509 quod
800 1429 843 1489 illi
861 1427 891 1487 in
912 1439 1024 1488 terrae
1048 1427 1133 1488 erint.
1203 1452 1236 1491 a·

99 1502 180 1565 bent
203 1502 282 1562 enim
305 1522 356 1563 ver
379 1526 427 1564 um
447 1503 569 1565 Domini
589 1526 648 1586 quo
673 1525 828 1586 perversos
853 1503 1007 1564 damnent:
1060 1502 1151 1566 abent
1168 1525 1237 1567 rer·

101 1578 177 1640 bum
195 1599 254 1658 quo
275 1580 477 1658 resipiscentes
497 1582 526 1641 in
548 1583 669 1664 gratiani
690 1582 832 1662 recipiant
841 1580 900 1659 (io.
912 1586 961 1655 20,
970 1581 1042 1654 bh).
1081 1580 1153 1641 Sine
1167 1581 1237 1659 boc,

98 1654 235 1735 inquam,
255 1654 426 1735 disciplinae
445 1658 561 1718 vinculo
583 1659 634 1738 qui
655 1659 704 1718 diu
715 1671 793 1719 stare
812 1676 898 1737 posse
918 1656 1052 1719 ccclesias
1071 1658 1237 1737 confidunt,

102 1733 248 1811 opinione
269 1730 422 1792 falluntur:
452 1733 507 1793 nisi
528 1730 606 1795 forte
626 1755 726 1796 carere
751 1736 871 1814 impunc
891 1733 1034 1814 possimus
1055 1752 1092 1794 eo
1112 1735 1237 1796 admini-

101 1807 192 1881 culo,
222 1807 302 1886 quod
321 1808 466 1869 Dominus
493 1808 557 1870 fore
581 1811 666 1872 nobis
691 1811 884 1873 necessarium
910 1809 1047 1901 providit.
1095 1811 1137 1870 Et
1153 1830 1237 1891 sane,

101 1896 216 1967 quanta
234 1884 273 1943 sit
291 1883 352 1944 eius
371 1887 538 1962 necessitas,
557 1908 590 1948 cx
609 1887 762 1968 multiplici
782 1909 833 1949 usu
853 1887 956 1947 melius
975 1885 1178 1979 perspicietur.

182 1966 211 2025 5.
250 1960 327 2019 Sunt
352 1973 448 2021 autem
479 1975 538 2024 tres
566 1965 639 2025 fines
664 1985 737 2045 quos
760 1976 873 2044 spectat
897 1962 1018 2025 ecclesia
1041 1985 1072 2024 rn
1092 1962 1238 2026 eiusmodi

100 2036 342 2100 correctionibus
367 2050 397 2096 et
424 2040 734 2101 excommunicatione.
783 2041 898 2101 Priruns
924 2052 984 2114 est,
1014 2059 1052 2100 ne
1084 2062 1152 2100 cum
1175 2041 1235 2103 Dei

103 2112 285 2177 contumelia
305 2113 384 2172 inter
404 2114 587 2178 Christianos
607 2119 812 2192 nominentur,
836 2117 886 2198 qui
910 2129 1026 2197 turpem
1050 2138 1083 2179 re
1105 2116 1237 2199 flagitio-

100 2210 167 2255 ssua
185 2189 271 2251 vitam
290 2201 398 2271 agunt,
431 2192 488 2252 acsi
512 2197 696 2273 sanctaeius
716 2194 837 2255 ecclesia
866 2193 948 2254 foret
978 2192 1180 2273 improborum
1205 2205 1237 2261 et

101 2264 313 2331 sceleratorum
339 2266 489 2327 bominum
520 2271 692 2335 coniuratio.
745 2271 820 2331 Nam
849 2292 938 2350 quum
969 2270 1030 2349 ipsa
1057 2269 1168 2331 Christi
1198 2271 1237 2333 sit

101 2362 225 2425 eorpus,
242 2341 385 2403 eiusmodi
405 2343 521 2406 foetidis
534 2358 564 2405 et
584 2347 704 2427 putridis
723 2346 860 2408 membris
879 2345 1025 2440 inquinari
1044 2366 1107 2406 non
1126 2358 1238 2428 potest,

101 2421 179 2513 puin
197 2418 293 2511 aliqua
311 2420 472 2501 ignominia
491 2423 521 2482 in
541 2437 628 2505 capnt
647 2423 765 2485 recidat.
812 2425 858 2484 Ne
878 2424 947 2503 quid
968 2443 1040 2515 ergo
1064 2421 1124 2482 tale
1144 2435 1238 2485 exstet

103 2517 138 2558 su
158 2494 293 2569 ecclesia,
314 2496 395 2575 unde
414 2499 557 2580 probrum
576 2513 761 2561 sacrosancto
782 2503 842 2562 eius
866 2499 979 2561 nomini
998 2510 1147 2571 inuratur,
1172 2498 1237 2559 abi·

103 2573 197 2656 gendi
216 2583 285 2632 sunt
304 2593 337 2631 ex
357 2575 418 2634 eius
438 2575 558 2652 familia,
580 2599 704 2657 quorum
725 2598 759 2636 ex
777 2577 959 2658 turpitudine
979 2575 1015 2635 ed
1037 2575 1236 2637 Christianum

104 2668 217 2709 nomen
237 2649 353 2709 infamia
372 2652 555 2713 redundaret.
592 2654 691 2732 Atque
711 2652 757 2714 bic
772 2674 889 2734 quoque
908 2652 1043 2712 habenda
1059 2662 1103 2712 est
1115 2651 1239 2711 Coenae

104 2725 271 2786 dominicae
291 2726 383 2804 ratio,
402 2749 440 2786 ne
460 2730 622 2808 promiscua
643 2730 821 2789 exhibitione
840 2728 1014 2819 profanetur
1026 2728 1072 2806 ¹¹²).
1110 2727 1239 2788 Verissi-

104 2823 187 2862 rnum
208 2813 252 2861 cst
270 2805 362 2876 enim,
391 2806 437 2864 cui
457 2808 607 2865 commissa
627 2818 671 2865 est
697 2806 891 2884 dispensatio,
921 2805 945 2864 si
964 2804 1057 2864 sciens
1082 2824 1116 2865 ac
1134 2802 1237 2865 volens

104 2878 261 2971 indignum
280 2881 428 2941 admiserit
440 2902 525 2961 quem
546 2881 690 2960 repellere
708 2881 772 2940 iure
791 2892 918 2961 poterat,
938 2879 1060 2959 perinde
1078 2899 1161 2938 reum
1175 2896 1238 2940 esse

105 2955 254 3037 sacrilegii
278 2958 335 3019 acsi
360 2968 465 3038 corpus
491 2957 611 3017 Domini
639 2957 758 3017 canibus
782 2956 983 3037 prostitueret.
1033 2954 1237 3029 Quamobrem

107 3031 394 3113 chrysostomus
414 3035 540 3115 graviter
560 3031 706 3093 invehitur
724 3033 754 3092 in
774 3033 951 3107 secerdotes,
971 3032 1100 3111 quidum
1112 3052 1239 3113 magno·

102 3131 171 3170 rum
191 3112 352 3190 potentiam
374 3111 540 3182 formidant,
560 3109 943 3170 neminemaudentarcere.
967 3108 1239 3198 „Senguis(inquit
1286 3124 1291 3141 ¹

102 3185 206 3264 „bom
216 3187 244 3245 in
251 3187 354 3246 lllattb.
362 3190 425 3263 83.)
438 3206 454 3245 e
467 3186 704 3246 manibusvestris
718 3188 891 3267 requiretur.
912 3185 945 3247 Si
958 3183 1108 3245 bominem
1118 3184 1239 3261 timetis,

102 3258 1238 3343 „illesosderidebit:sinDeum,eritishominibnsquoqneipsisrenerabiles.

103 3341 197 3415 „Non
219 3340 308 3400 fasces
329 3339 510 3410 horreamus,
530 3360 590 3398 non
611 3361 778 3419 purpuram,
800 3360 861 3399 non
882 3340 1055 3399 diademata:
1075 3342 1170 3397 maior
1189 3336 1237 3397 bie

104 3426 174 3492 „est
194 3415 279 3476 nobis
305 3428 441 3495 potestas.
490 3417 556 3497 Ego
583 3428 664 3476 certe
689 3436 794 3495 eorpus
825 3435 920 3474 meum
945 3414 1043 3495 potius
1066 3413 1179 3474 tradam
1204 3413 1237 3472 in

104 3504 266 3566 ,‚mortem,
287 3504 316 3550 et
334 3494 504 3573 sanguinem
523 3513 618 3551 meum
640 3491 722 3550 fundi
741 3491 844 3570 patiar,
864 3512 949 3570 quam
969 3490 1141 3571 pollutionis
1155 3490 1237 3550 istius

107 3567 197 3641 „bam
218 3569 392 3647 particeps.“
436 3570 533 3649 Ergo,
558 3588 595 3626 ne
615 3566 836 3627 sacratissimum
860 3567 917 3628 boc
940 3567 1107 3646 mysterium
1128 3565 1239 3624 afficia-

106 3655 158 3702 tur
177 3644 355 3724 ignominia,
384 3647 413 3704 in
434 3666 469 3705 eo
491 3645 685 3722 dispensando
709 3664 889 3725 magnopere
907 3643 1042 3703 ¹delectus
1061 3638 1237 3720 requiritura

133 3721 161 3778 ui
182 3732 277 3779 tamen
298 3719 397 3780 baberi
418 3723 520 3801 nequit
539 3721 594 3780 nisi
613 3740 666 3800 per
681 3719 819 3781 ecelesiae
838 3719 1077 3781 iurisdictionem.
1094 3748 1135 3766 ·-
1152 3716 1239 3777 Alter

106 3741 174 3858 dnh
196 3807 253 3868 est,
284 3817 322 3855 ne
345 3796 456 3856 assidua
482 3795 623 3856 malorum
644 3797 869 3871 consuetudine,
900 3808 933 3856 nt
956 3795 1018 3855 fieri
1042 3793 1135 3866 solet,
1165 3792 1238 3853 boni

105 3885 343 3952 corrumpantur.
390 3872 464 3932 Nam
496 3874 586 3952 (quae
611 3884 710 3933 nostra
735 3883 779 3932 est
802 3873 838 3932 ad
858 3871 1032 3933 deviandum
1056 3868 1242 3948 proclivitas)

107 3949 183 4011 nihil
204 3948 313 4010 facilius
334 3960 393 4026 cst,
427 3970 513 4029 quam
534 3960 567 4008 ut
589 3947 671 4009 malis
691 3949 828 4030 exemplis
846 3970 863 4009 a
882 3960 965 4010 recto
984 3947 1061 4006 ritae
1080 3966 1166 4007 cursu
1185 3944 1240 4007 ab·

107 4026 259 4088 ducamur.
301 4026 389 4086 Hunc
408 4047 493 4087 usum
517 4025 629 4086 notavit
646 4026 824 4105 Apostolus,
853 4046 943 4106 quum
967 4023 1111 4083 incestum
1129 4041 1147 4081 a
1166 4042 1241 4082 con·

148 4343 167 4398 Γ
178 4276 207 4398 *p
223 4277 284 4401 Vidi
302 4278 429 4353 Cyrillum
445 4277 475 4331 in
490 4275 580 4334 locun.
598 4230 748 4350 esp-wia
763 4275 905 4331 Lnthernm
928 4275 962 4331 ds
985 4271 1242 4339 communione-pn·
1290 4320 1293 4327 ,

107 4368 146 4418 pu
160 4366 176 4407 t,
204 4367 256 4400 om.
284 4387 290 4399 .

131 4439 226 4482 estetsi
241 4438 361 4484 institutio
375 4435 408 4484 lt.
1005 4413 1044 4474 21
