2700 4732
441 174 621 279 'emm
660 209 751 282 cer.
768 212 887 279 xvm.
1190 219 1251 305 aas

120 376 237 438 cunque
268 355 361 419 libeat
383 355 520 433 abusum,
551 380 659 440 corpus
679 354 790 420 Christi
814 357 989 433 conficiant,
1016 355 1069 420 sed
1086 368 1122 418 ut
1138 356 1252 437 fideles,

120 434 188 494 dum
210 434 262 494 reli
285 437 347 495 iusa
366 435 573 496 observatione
596 448 759 515 sequuntur
778 435 888 498 Christi
905 434 1073 496 mandatum
1092 435 1125 496 in
1145 435 1251 498 Coena

120 453 307 582 celebranda,
326 531 395 572 vera
416 512 479 572 eius
499 512 724 605 participatione
743 513 907 605 leuantur..
1029 587 1037 603 ι
1099 587 1107 604 ·
1210 587 1217 602 ¹

119 587 472 755 impetierunt
492 586 1250 744 teanum,steteruntmaesti

119 762 263 804 versamus
279 740 530 819 impudentiores,
550 754 632 802 certo
651 754 750 802 tamen
771 742 879 801 certius
898 753 957 815 est,
981 752 1074 800 totam
1094 740 1251 820 antiqnita-

119 829 180 876 tem
200 817 268 897 ipsis
287 815 448 877 adversari:
474 830 506 877 ut
525 819 657 896 superius
677 819 707 877 in
731 817 793 878 aliis
814 816 1071 877 demonstravimus
1091 828 1122 877 et
1140 818 1250 879 certius

120 913 155 953 ex
179 893 292 954 assidua
316 906 448 983 veterum
480 893 610 953 lectione
637 894 758 953 iudicari
791 894 911 974 poterit.
958 893 1068 952 Verum
1093 905 1252 974 antequam

121 970 210 1030 finem
229 970 345 1030 dicendi
366 970 486 1043 laesam,
509 971 656 1030 hlissarius
676 983 793 1030 nostros
813 971 951 1030 doctores
970 969 1138 1051 interrogo,
1159 991 1251 1049 quum

120 1047 222 1120 sciant,
243 1047 401 1137 potiorem·
416 1066 478 1106 esse
496 1046 564 1106 Deo
590 1046 807 1120 obedientiam,
831 1067 916 1125 qnam
936 1045 1084 1136 victimas,
1104 1058 1135 1105 et
1158 1046 1251 1127 magis

121 1143 260 1203 poscere,
284 1134 317 1181 ut
336 1142 495 1182 voerasuae
519 1121 713 1196 auscultetur,
744 1144 829 1213 quam
860 1123 1060 1213 utusacrplicra
1084 1122 1251 1183 offerantur

120 1201 163 1280 (l.
180 1201 257 1260 Sam.
274 1207 322 1270 15,
337 1200 417 1273 m:
445 1199 597 1289 quomodo
629 1197 704 1258 hanc
731 1198 911 1258 sacrificanda
939 1211 1082 1259 rationem
1106 1199 1173 1260 Deo
1199 1219 1251 1259 ac«

119 1287 234 1355 ceptam
253 1277 392 1348 credant,
416 1296 497 1335 curus
516 1274 628 1333 nullum
648 1274 705 1334 illis
723 1286 840 1334 constet
862 1274 1032 1335 mandatnm.
1055 1286 1086 1334 et
1105 1296 1190 1355 qnam
1211 1293 1250 1334 ne

121 1375 183 1412 una.
205 1351 322 1432 quidem
343 1351 514 1430 scripturae
539 1351 650 1430 syllaba
676 1350 795 1430 probari
820 1351 938 1410 videnti
979 1352 1137 1411 Praeterea
1158 1372 1250 1430 quum

117 1429 294 1509 Apostolum
314 1428 433 1488 audiant
451 1428 608 1501 dicentem,
628 1428 775 1486 nemiuem
793 1426 848 1487 sibi
868 1446 977 1486 nomeu
996 1439 1084 1507 atque
1104 1427 1251 1487 honorem

118 1506 276 1566 sacerdotii
301 1524 458 1583 usurpare,
489 1504 542 1562 nisi
563 1503 612 1582 qni
632 1516 754 1563 vocatus
773 1516 832 1578 est,
856 1514 889 1563 ut
907 1503 1007 1563 Aaron
1028 1503 1136 1583 (liobe.
1153 1505 1252 1580 Μ),

118 1583 189 1662 quin
210 1603 265 1642 nec
286 1581 434 1642 Christum
454 1579 547 1659 ipsum
567 1601 636 1640 sese·
655 1579 824 1661 ingessisse,
845 1579 897 1641 sed
918 1580 1064 1640 obediisse
1083 1580 1177 1640 Patris
1195 1600 1251 1641 vu-

119 1660 243 1718 catioui:
269 1669 320 1716 aut
343 1656 499 1716 sacerdotii
522 1658 566 1716 sni
585 1669 736 1718 auctorem
755 1657 852 1715 Deum
871 1656 1128 1737 institutorumque
1148 1655 1251 1737 prole·

118 1747 186 1794 rant
214 1744 336 1814 oportet
359 1745 412 1791 unt
443 1734 586 1792 honorem
612 1755 673 1794 nou
694 1753 757 1793 esse
775 1755 791 1792 a
811 1733 877 1793 Deo
906 1733 1068 1808 fateantur,
1097 1732 1128 1792 in
1160 1752 1250 1812 quem

118 1831 181 1871 nun
200 1809 308 1883 vocati,
328 1808 365 1867 im
388 1809 461 1869 ruba
479 1810 646 1869 temeritate
664 1810 843 1890 irruperunt.
880 1809 921 1868 At
944 1811 976 1869 ui
991 1829 1030 1871 ue
1049 1810 1162 1890 apicem
1183 1808 1251 1889 qui·

365 1830 509 1946 ltendere
533 1897 672 1967 possunt,
697 1888 751 1965 qui
765 1906 820 1946 suo
845 1830 1009 1947 sacerdotio
1037 1885 1250 1967 patrocinetur.

69 1968 71 1975 '
119 1963 184 2024 Cur
203 1984 265 2023 nun
285 1963 376 2082 igipur
394 1961 532 2022 sacrificia
553 1973 745 2038 evanescent,
777 1963 938 2041 qnaesiue
957 1962 1119 2024 Sacerdote
1142 1959 1250 2023 ullerri

69 2097 73 2136 ¹
118 2061 180 2101 non
195 2051 406 2204 lduugi'quis·
429 2113 498 2175 hinc
522 2113 592 2173 inde
618 2113 748 2205 concisas
772 2087 903 2175 veteinm
926 2115 1087 2176 sententias
1110 2112 1252 2177 obtrudat

118 2203 150 2252 et
169 2212 272 2253 eurum
292 2202 471 2250 auctoritate
489 2189 661 2265 contendat,
678 2191 763 2251 ahter
782 2190 1004 2273 intelligendum
1025 2211 1098 2266 esse,
1117 2192 1197 2272 quud
1218 2192 1251 2252 iu

69 2284 71 2291 ,
121 2270 224 2330 Coena
249 2269 397 2380 peragitur
415 2266 709 2402 sappifirinm,bqupm
733 2286 1002 2402 nusgspunamus,
1031 2267 1099 2330 huic
1119 2269 1251 2403 brelvitee

117 2356 600 2500 tsstttththt'niitttj‘
609 2364 716 2500 sihi,
732 2363 879 2480 {tutet
893 2356 1250 2503 ittltgttnttttt

118 2520 261 2580 quaquam
283 2496 467 2579 patrocinari.
508 2497 641 2556 Utuntur
681 2497 776 2555 uidem
797 2496 841 2557 illi
859 2497 990 2558 sacrificii
1009 2497 1171 2558 vocabulo:
1197 2517 1249 2558 ve-

116 2598 180 2635 rum
191 2574 274 2635 simul
285 2587 445 2652 exponunt,
463 2594 495 2634 se
514 2574 591 2634 alind
612 2518 684 2632 nibil
702 2572 878 2655 intelligere,
897 2591 984 2654 qnam
1000 2578 1173 2645 memoriam
1187 2573 1250 2634 veri

69 2722 72 2751 Ι
115 2652 192 2744 illins
212 2664 242 2711 et
255 2651 341 2741 ‘unici
358 2651 502 2741 saepihcii,
520 2651 601 2731 quud
621 2651 651 2710 in
672 2671 759 2710 cruce
779 2653 894 2732 peregit
914 2650 1058 2741 Christus,
1076 2650 1179 2741 unicus
1200 2653 1250 2726 (ut

114 2751 170 2807 apsi
190 2749 293 2806 passim
313 2729 497 2859 praedicant?
522 2739 622 2786 noster
644 2728 791 2786 sacerdos.
842 2726 1011 2801 „lichnum
1029 2738 1125 2804 inquit
1143 2727 1189 2784 Au
1214 2747 1248 2785 u·

69 2808 71 2887 f
116 2804 240 2878 „stinus‚
260 2806 356 2877 (cunt.
368 2803 392 2859 F
394 2813 466 2860 aust.
478 2802 530 2890 ib.
542 2808 589 2866 tu.
601 2823 626 2860 e.
635 2804 698 2879 18.)
718 2803 747 2862 in
770 2802 891 2869 victimis
911 2803 1067 2894 pecudum,
1087 2822 1157 2881 ques
1170 2745 1249 2861 olsc-

114 2879 243 2956 „rebant
253 2878 330 2948 Deo,
350 2878 532 2967 prophetiam
549 2877 742 2967 celebrabant
762 2878 878 2938 futurae
895 2880 1041 2952 victimae,
1059 2899 1146 2958 qnam
1159 2878 1248 2938 Cbri·

114 2967 200 3033 „atns
220 2954 341 3013 obtulit:
366 2953 525 3012 Christiani
548 2974 604 3012 ram
625 2955 735 3032 peracti
755 2954 886 3014 sacrificii
905 2956 1075 3016 memoriam
1096 2954 1248 3015 celebrant

114 3041 316 3109 „sacrosancta
347 3027 501 3088 oblatione
526 3041 556 3088 et
584 3030 808 3109 participatione
832 3031 966 3124 corporis
994 3030 1137 3092 Christi.“
1186 3031 1247 3091 Hie

114 3120 196 3170 certe
216 3107 332 3198 penitus
350 3104 428 3164 idem
442 3105 539 3239 finget,
559 3106 638 3186 quod
657 3106 791 3198 pluribus
809 3108 908 3169 verbis
928 3111 960 3199 in
979 3107 1056 3168 libro
1075 3108 1113 3167 de
1132 3106 1189 3166 fide
1209 3105 1247 3168 ad

112 3183 420 3348 hiilsssiiifiihi
445 3184 1107 3335 ,ttt‘r„tltttttttttlitthath?
1122 3183 1247 3335 ,litt

111 3359 252 3415 „earnem
272 3358 327 3417 pru
348 3334 435 3395 nubas
454 3335 581 3410 tactum,
610 3354 641 3396 se
666 3355 720 3414 pro
745 3337 833 3397 nubis
857 3338 931 3398 obtn
956 3350 960 3355 '
981 3358 998 3398 e
1022 3279 1193 3398 sacriirium
1215 3347 1246 3397 et

88 3413 259 3495 ¹„hostiam
283 3413 352 3472 Deo
376 3412 407 3470 in
438 3410 561 3502 odorem
602 3411 753 3502 navitatis²
786 3412 833 3505 cni
862 3434 928 3504 cum
952 3414 1039 3504 Patre
1075 3426 1106 3475 et
1131 3413 1246 3493 Spiritu

77 3632 84 3642 ,
110 3489 1247 3645 :ttht‘tt‘htt‘ttsptttithsttltttttltltthtf

109 3641 223 3719 „nitae)
246 3640 416 3701 sacrificium
447 3640 529 3721 panis
549 3641 656 3700 etvini
676 3653 774 3701 sancta
793 3641 916 3703 ecclesia
936 3663 989 3723 per
1008 3644 1174 3704 universum
1194 3662 1245 3702 ur·

109 3718 202 3796 „bem
222 3717 333 3778 ollerre
353 3738 414 3776 non
435 3728 537 3777 cessat.
576 3715 612 3776 In
632 3716 688 3777 illis
700 3720 777 3777 enim
790 3718 953 3781 carnalibus
964 3718 1087 3780 victimis
1106 3718 1125 3778 fi
1148 3717 1245 3778 oratio

109 3793 192 3874 „fuit
210 3794 304 3853 carnis
325 3792 446 3868 Christi,
465 3814 551 3872 quam
568 3797 772 3929 propeccatis
792 3795 899 3856 nostris
918 3796 980 3876 ipse
1000 3808 1064 3856 mat
1083 3738 1245 3870 obliturum,

119 1886 186 1946 dem
218 1887 319 1946 literae
344 1906 362 1945 o

109 3882 165 3949 „et
183 3870 342 3952 sanguinis,
360 3889 449 3950 quem
469 3882 530 3929 erat
550 3890 566 3928 e
593 3892 693 3931 usurus
712 3871 741 3929 in
764 3872 964 3933 remissionem
984 3883 1182 3954 peccaturum.
1206 3871 1245 3930 In

107 3949 190 4027 „istu
217 3960 313 4007 antem
343 3944 486 4029 sacrificiu
520 3946 676 4029 gratiarum
702 3948 781 4007 actio
810 3960 899 4028 atque
930 3949 1173 4010 commemoratio
1200 3957 1245 4008 est

107 4025 248 4116 „Carpis
260 4023 384 4096 Christi,
409 4040 495 4115 poam
535 4021 676 4123 conubia
696 4022 820 4117 obtulit,
848 4036 880 4086 et
896 4026 1060 4164 sanguinis,
1074 4046 1166 4118 poem
1186 4043 1243 4103 pru

107 4099 860 4239 ”ttttltttltthdttttt‘ttttt
878 4101 955 4259 ‘ht'
973 4103 1244 4239 tlttttttt

107 4199 282 4317 iacientium
308 4252 400 4313 laudis
425 4272 487 4314 esse
515 4252 733 4335 interpretatur.
761 4197 917 4335 g[leniilire
943 4256 1048 4350 passim
1073 4199 1244 4348 apudqeurn

107 4329 257 4410 reperies,
277 4351 339 4392 nun
358 4329 415 4392 alia
433 4330 549 4391 ratione
567 4331 668 4395 nocui
677 4330 821 4394 Coenam
839 4331 961 4395 Domina
979 4331 1168 4409 sacrificinm,
1186 4328 1245 4392 nisi
