2596 4726
117 176 178 241 ate
509 166 587 230 tm.
605 167 660 229 tv.
700 165 790 230 CAP.
809 166 868 229 111.

119 314 270 399 pabilem“
289 325 348 377 etc.
390 313 444 375 Sic
461 310 534 374 alibi
559 312 659 391 plures
681 312 713 373 in
737 332 796 375 uua
814 310 939 374 ecclesia
969 310 1131 393 episcopos
1155 310 1250 375 salutat

119 392 212 475 (Phil.
232 394 336 470 1,1.).
383 390 424 451 Et
446 390 476 450 in
497 390 579 449 Actis
603 389 732 451 relertur
749 408 926 451 convocasse
951 388 1250 471 presbyterospre·

119 472 219 563 ainos,
248 490 323 605 qqu
352 467 415 548 ipse
430 466 594 602 ¹episcopos
619 468 829 601 auaboratione
855 466 991 559 nominat
1009 468 1095 601 (App.
1109 472 1169 560 βυ,
1186 466 1249 543 12).

120 550 650 708 btttm..tstlttttmtt‘uglt
663 555 1250 681 ..³ltttt..¹¹222't.‘:itsitim

120 701 207 762 minit
225 644 278 759 illo
304 709 408 778 quarto
433 696 469 757 ad
488 696 631 775 Ephesios
655 697 752 777 capite
776 696 857 775 qnod
883 697 1045 758 citavimus.
1088 696 1250 755 Verunin

121 776 247 859 epistola
266 776 301 836 ad
321 774 599 849 Romanos(1·2,7.)
619 784 649 831 et
670 774 769 853 priore
788 774 825 835 ad
845 773 1017 835 Corinthios
1037 778 1105 847 (Π,
1119 772 1187 851 28.)
1202 772 1250 833 alie

121 865 284 925 enumerat,
302 864 336 913 ut
355 861 523 932 potestates,
542 849 654 909 donum
674 849 869 924 sanationum,
888 850 1187 930 interpretationem,
1202 868 1251 931 gu-

119 931 341 1002 bernationem,
367 946 525 1007 pauperum
551 928 742 987 curationem.
784 926 827 987 Ex
847 928 953 1007 quibus
978 946 1054 1021 quae
1077 926 1251 1006 temporaria

121 1008 242 1067 suerunt
261 1006 383 1065 omitto:
410 1004 477 1082 quia
503 1003 614 1061 nullum
641 1023 748 1083 operae
773 1007 900 1085 pretium
920 1015 965 1063 est
983 1025 1013 1063 ιιι
1035 1002 1071 1064 iia
1097 1000 1250 1063 immorari.

120 1086 193 1145 Duo
212 1096 308 1143 autern
327 1092 396 1140 sunt
415 1099 490 1159 quae
511 1092 655 1160 perpetuo
676 1093 811 1141 manent:
832 1080 1025 1161 gubernatio,
1045 1092 1077 1151 et
1098 1100 1171 1140 cura
1189 1100 1252 1157 pau·

120 1181 234 1243 perum.
273 1156 497 1217 Gubernatores
523 1156 610 1216 luisse
637 1156 771 1217 existimo
796 1159 928 1233 seniores
948 1177 982 1217 ex
1005 1156 1097 1237 plebe
1118 1154 1253 1227 delectos,

120 1237 171 1318 qui
191 1254 330 1297 censurae
356 1254 472 1293 morum
499 1246 529 1293 et
554 1231 732 1293 exercendae
752 1233 920 1315 disciplinae
945 1254 1091 1295 unacum
1113 1231 1253 1313 episcopis

120 1323 297 1395 praeessent.
336 1310 441 1389 Neque
463 1310 540 1369 enim
560 1330 642 1369 secus
662 1310 849 1391 interpretari
869 1329 958 1401 queas
969 1310 1050 1389 quod
1070 1310 1147 1371 dicit
1157 1308 1253 1385 (Rom.

120 1396 169 1458 12,
187 1390 247 1466 bt):
268 1387 353 1461 „Qui
373 1397 499 1467 praeest,
519 1386 548 1445 id
568 1386 654 1447 iaciat
673 1388 703 1446 in
724 1387 953 1447 sollicitudine.“
992 1385 1111 1446 Habuit
1120 1382 1252 1469 igiturab

118 1466 206 1527 initio
236 1480 428 1544 unaquaeque
460 1463 582 1523 ecclesia
612 1484 697 1523 suum
717 1463 874 1533 Senatum,
904 1462 1105 1543 couscriptum
1132 1484 1167 1523 ex
1192 1460 1255 1523 viris

119 1546 190 1625 plis,
209 1542 346 1624 gravibus
366 1554 397 1601 ct
415 1541 536 1603 sanctis:
563 1560 653 1620 penes
671 1561 759 1630 quern
780 1553 843 1600 erat
862 1540 927 1614 illa,
950 1540 988 1599 de
1007 1562 1066 1619 qua
1086 1550 1193 1629 postea
1211 1537 1254 1599 lu·

120 1641 256 1700 quemue,
275 1618 438 1679 iurisdictio
459 1619 491 1676 in
511 1617 693 1698 corrigendas
712 1618 799 1678 vitiis.
837 1618 934 1677 Porro
954 1615 1100 1677 eiusmodi
1122 1616 1253 1677 ordinent

119 1718 184 1763 unu
205 1697 289 1757 unius
308 1694 416 1755 saeculi
441 1693 544 1768 luisse,
575 1694 753 1773 experientia
779 1696 788 1752 i
811 1715 840 1755 sa
861 1690 997 1753 declarat.
1042 1694 1099 1753 Fac
1117 1693 1253 1777 igituret

120 1776 179 1835 boc
198 1772 422 1853 gubernationis
442 1791 546 1831 munus
566 1768 688 1830 saeculis
708 1714 846 1830 omnibus
866 1769 1071 1829 necessarium.

196 1858 226 1915 9.
265 1850 354 1983 Curad
367 1868 528 1983 pauperum
543 1846 683 1981 ddiaconis
707 1847 842 1982 upandata
867 1846 922 1907 fuit
950 1846 1004 1997 [εᾶ
1023 1866 1090 1984 cap).
1109 1852 1184 1983 dis.
1201 1844 1252 1937 ἢ.

421 1944 506 1982 mano
563 1946 581 1982 u
643 1944 774 1981 onunur
812 1944 866 1982 ene
901 1968 909 1982 .
958 1968 967 1991 ,
1003 1946 1032 1981 ιιι
1063 1944 1129 1981 arr
1211 1946 1253 1982 ι-

120 1928 569 2083 guiinillidnl'iulndolinm.812,
583 1944 642 2078 iil,
662 2000 692 2059 id
714 1944 810 2061 saciatg
819 2002 850 2059 in
868 1946 1071 2078 iimplicitatea
1094 1928 1253 2091 intuleris:-

119 2092 217 2153 retur,
243 2080 272 2137 iu
292 2077 473 2167 bilaritate.“
513 2076 614 2150 Quum
634 2077 671 2135 de
692 2076 816 2167 publicis
837 2075 1172 2167 ccclesiaemuncrsbus
1190 2098 1250 2137 eum

119 2156 151 2216 lo
174 2157 203 2247 ui
217 2167 335 2247 ‘cer-tum
362 2165 560 2243 sut,·oportet
580 2153 653 2214 duos
679 2155 766 2245 fuisse
792 2154 903 2245 gradus.
922 2154 1087 2245 distinctor.
1127 2156 1191 2215 Nisi
1208 2172 1251 2213 uae

120 2178 196 2292 fallit
215 2232 366 2303 iudicium,
385 2250 485 2309 priore
505 2230 637 2289 membro
660 2230 801 2292 diaconos
821 2230 964 2311 designat,
983 2251 1034 2308 qur
1055 2229 1253 2323 eleemesynas

119 2307 370 2371 administrabant.
419 2305 525 2366 Altero
544 2319 640 2366 autem
662 2327 713 2367 ens
733 2308 785 2386 qui
810 2308 985 2386 pauperibus
1004 2318 1038 2366 et
1054 2320 1188 2400 aegrotus
1205 2328 1251 2367 cu·

118 2384 217 2445 randis
236 2402 300 2443 sese
319 2383 540 2443 dedicaverant:
565 2383 665 2461 quales
685 2397 770 2444 erant
788 2384 910 2460 viduae,
931 2404 1053 2473 quarum
1073 2398 1252 2444 mentionem

120 2461 192 2521 iacit
211 2460 247 2519 ad
267 2460 458 2519 Timotheum
478 2460 519 2535 (l.
539 2480 585 2538 ep·
605 2467 634 2533 5,
654 2461 727 2536 10.).
766 2460 885 2521 Nullum
906 2481 984 2520 enam
1004 2458 1084 2519 aliud
1105 2460 1250 2540 publicum

94 2540 98 2545 ’
119 2537 249 2600 officium
270 2535 355 2595 obire
374 2534 510 2594 mulieres
531 2548 683 2613 poterant,
702 2557 788 2614 quam
808 2538 831 2596 si
851 2537 881 2597 iu
902 2536 1076 2615 obsequium
1097 2560 1153 2618 pau
1177 2558 1251 2597 eruta

119 2614 286 2677 sedarent.
339 2613 372 2671 Si
405 2611 461 2671 boc
495 2614 649 2690 recipimus
675 2614 724 2689 (ut
744 2616 866 2674 omnino
886 2618 947 2674 reci
970 2612 1090 2673 ieudum
1113 2560 1175 2693 esti
1196 2614 1249 2675 duu

119 2704 209 2753 erunt
233 2711 342 2771 genera
366 2688 572 2748 diaconorum:
605 2711 730 2768 quocum
756 2689 841 2750 alteri
862 2691 893 2749 in
913 2637 1000 2750 rellan
1021 2712 1185 2770 pauperum
1204 2692 1250 2751 ad·

118 2768 332 2839 ministrandis,
357 2766 442 2825 alteri
467 2770 497 2826 in
518 2767 696 2857 pauperibus
716 2767 784 2844 ipsis
805 2768 938 2826 circandis
958 2767 1100 2827 ecclesiae
1119 2769 1249 2828 sentient

119 2847 249 2906 Tametsi
270 2856 366 2904 autem
387 2865 496 2903 nomen
518 2866 611 2924 ipsum
631 2846 773 2904 διακονίας
790 2844 875 2903 latius
897 2857 993 2923 patet,
1013 2845 1070 2904 boc
1091 2845 1250 2924 specialiter

118 2936 217 2984 tamen
238 2922 377 2983 diaconos
401 2922 545 3000 scriptura
570 2931 728 3000 nuncupat,
748 2941 821 2998 qnos
841 2921 1033 3002 eleemosynis
1054 2920 1249 3000 dispensandis

118 3002 325 3080 gerendaeque
357 3019 516 3076 pauperum
546 3019 633 3056 curae
666 2997 797 3076 praeficit
821 2998 957 3073 eeclesia,
989 3010 1019 3056 et
1038 2997 1121 3058 velut
1145 2996 1249 3077 publici

119 3098 176 3155 pau
200 3097 281 3135 erum
301 3074 405 3133 aerarii
425 3093 606 3133 oeconomos
626 3075 794 3134 corastituit:
827 3096 951 3152 quorum
973 3077 1075 3154 origo,
1107 3074 1248 3135 institutio

120 3174 155 3212 ac
175 3098 288 3210 iunctio
310 3174 325 3210 a
345 3151 426 3208 Luca
447 3150 477 3207 in
498 3150 579 3208 Actis
600 3158 643 3225 (6,
661 3152 705 3227 3.)
727 3152 910 3211 describitur.
950 3152 1051 3225 Quum
1073 3154 1153 3210 enim
1175 3172 1249 3211 mun·

118 3249 185 3285 usur
204 3248 220 3284 a
242 3226 364 3285 Graecis
384 3226 539 3284 excitatum
560 3237 649 3298 esset,
677 3228 757 3304 quod
783 3228 812 3287 in
833 3248 993 3307 pauperum
1013 3226 1181 3290 ministerio
1200 3248 1249 3287 co-

119 3324 184 3363 rutu
204 3301 307 3361 viduae
328 3302 566 3382 negligerentur,
585 3303 722 3379 Apostoli
744 3317 913 3364 excusantes
933 3324 964 3363 se
984 3325 1045 3363 non
1066 3325 1155 3383 posse
1175 3304 1250 3365 sulli-

119 3400 187 3438 cere
212 3378 328 3455 utrique
354 3378 485 3451 aritrneri,
510 3391 540 3436 et
566 3381 775 3457 praedicationi
803 3382 902 3455 verbi,
931 3393 961 3439 et
980 3402 1149 3440 mensarum
1168 3380 1251 3441 mini·

119 3455 227 3527 sterio,
258 3453 409 3532 petierunt
436 3475 452 3513 a
477 3453 663 3514 multitudine
689 3470 721 3516 ut
741 3457 921 3537 eligerentur
939 3458 992 3515 viri
1017 3458 1108 3535 probi
1131 3472 1251 3539 septem,

120 3532 224 3611 quibus
245 3530 274 3589 id
294 3551 402 3608 operae
423 3530 641 3591 demandarent.
680 3533 726 3591 En
748 3534 846 3612 quales
867 3534 1003 3592 babuerit
1016 3534 1250 3627 diaconosllpo-

119 3608 222 3669 stolica
249 3606 385 3678 ecclesia,
415 3607 513 3684 quales
545 3608 581 3667 ad
609 3610 668 3667 eins
690 3609 852 3688 exemplum
878 3611 987 3669 habere
1012 3632 1066 3671 uos
1087 3622 1250 3673 conveniat.

195 3691 241 3749 10.
280 3685 342 3743 lam
363 3705 433 3743 vero
454 3705 543 3762 quum
561 3686 666 3744 ordine
680 3688 779 3746 orrrnia
799 3699 830 3745 et
849 3687 989 3746 decenter
1008 3688 1039 3745 iu
1059 3708 1145 3748 sacro
1166 3700 1251 3749 coetu

117 3764 248 3842 gerenda
269 3762 327 3822 sint
347 3760 386 3838 (l.
408 3761 479 3821 Cor.
501 3768 547 3832 ll,
567 3768 641 3837 dn),
662 3762 735 3821 nibil
755 3775 798 3823 est
818 3764 847 3821 in
869 3785 927 3843 quo
949 3765 978 3822 id
998 3766 1109 3823 servari
1130 3765 1252 3847 diligen·

119 3840 177 3896 tius
198 3850 351 3916 oporteat,
378 3858 463 3915 quarn
484 3836 514 3895 in
535 3841 741 3899 constituenda
761 3841 991 3920 gubernatione:
1023 3842 1091 3919 quia
1114 3862 1252 3921 nusquam

117 3915 209 3972 maius
230 3912 392 3993 periculum
413 3925 466 3986 est,
487 3917 616 3991 quamsi
637 3916 715 3994 quod
736 3918 906 3976 inordinate
926 3918 1049 3997 geritur.
1087 3918 1196 3998 ltaque
1215 3936 1251 3978 ue

118 3991 253 4049 bonnnes
274 3991 397 4067 inquieti
418 4012 450 4049 ac
472 3990 632 4050 turbulenti
653 3994 827 4069 (quodalias
848 3994 978 4053 futurum
990 3997 1070 4070 erat)
1089 4007 1202 4054 temere
1219 4012 1250 4054 se

118 4067 154 4125 ad
176 4066 341 4126 docendum
361 4067 407 4126 vel
427 4068 587 4146 regendum
609 4069 789 4159 ingererent,
808 4073 980 4130 nonnnatinr
1001 4084 1118 4131 cautum
1139 4084 1194 4143 est,
1214 4088 1250 4129 ne

119 4144 182 4221 quis
202 4143 265 4204 sine
286 4143 444 4201 vocatione
469 4142 619 4221 publicum
646 4166 674 4203 ιιι
702 4147 824 4207 ecclesia
845 4170 949 4207 inuitus
970 4147 1025 4207 sibi
1045 4160 1140 4208 sumat
1159 4146 1248 4224 (lleb.

117 4226 147 4292 5,
166 4227 193 4282 d.
219 4221 257 4279 cl.
278 4232 309 4278 et
328 4218 433 4278 lecern.
454 4224 598 4295 17‚16.).
636 4223 718 4301 Ergo
741 4237 773 4283 ut
793 4224 855 4303 quis
876 4238 1030 4284 cernentur
1049 4246 1137 4284 serus
1157 4223 1247 4283 ecele-

116 4298 176 4357 siae
196 4296 344 4373 minister,
368 4296 464 4375 primo
490 4296 545 4357 rite
566 4309 686 4360 vocatus
704 4300 744 4361 sit
762 4312 900 4381 oportet:
926 4302 1033 4362 deiude
1053 4314 1087 4362 ut
1105 4296 1246 4363 vocationi
