2700 4732
505 213 655 276 ernru
695 210 852 301 earn
904 282 907 287 ,
1031 160 1036 169 ’
1087 169 1105 310 Ἰ
1182 216 1241 279 em

108 360 371 424 commendationis
391 357 503 420 habent
522 380 629 441 opera,
653 357 763 418 babere
789 356 975 420 obedientiae
998 357 1121 418 intuitu:
1153 378 1239 437 quam
1287 344 1293 353 ⁴

106 440 200 500 solam
220 438 302 497 Deus
320 436 450 517 respicit,
470 447 504 495 ut
523 448 647 496 testatur
662 456 720 527 per
739 434 919 514 Prophetam
939 433 1129 512 (ler.7,22.):
1148 436 1239 510 „Non

108 516 268 595 „praecepi
291 514 327 573 de
345 513 492 574 sacrificiis
512 526 542 573 et
560 514 698 573 victimis:
719 504 771 571 sed
791 523 904 570 tantum
924 524 957 570 ut
976 511 1121 570 audiendo
1142 511 1240 571 audia-

107 595 168 669 „tis
181 612 281 651 vocem
302 595 427 650 meam.“
464 589 511 647 De
531 590 639 649 fictitiis
659 601 756 647 autem
769 587 908 668 operibus
928 587 999 647 alibi
1018 587 1149 667 loquitur
1169 588 1240 664 (Ics.

106 675 159 741 65,
178 674 206 731 2.
219 680 248 727 et
267 672 316 742 29,
333 668 411 742 13.):
433 665 628 746 ,Appenditis
648 677 799 747 argentum
819 675 958 739 vestrum,
976 675 1007 723 et
1027 685 1086 724 non
1107 666 1136 724 in
1158 665 1241 744 pani·

107 745 217 821 „bus.“
255 744 331 803 Item
351 709 470 877 gllattb.
489 750 541 817 15,
559 747 587 805 8.
603 745 705 817 et9.):
725 742 866 815 „Frustra
888 762 934 800 me
955 739 1058 801 colunt
1079 741 1240 821 praeceptis

108 823 312 911 „bominum.“
381 840 417 878 oc
436 819 535 898 itaque
555 818 637 877 nullo
657 818 747 878 modo
773 816 966 890 excusabunt,
986 818 1065 896 quod
1091 819 1242 898 patiuntur

107 918 244 958 miseram
265 894 383 976 plebem
405 895 435 953 in
457 896 583 954 externis
602 894 660 957 illis
681 895 775 976 nugis,
795 895 932 954 iustitiam
952 915 1038 973 quam
1054 894 1121 956 Deo
1143 916 1240 975 oppo-
1325 907 1328 911 '

108 986 192 1048 nant,
212 986 242 1034 et
261 994 316 1053 qua
334 984 454 1044 sequte
474 972 602 1031 coeleste
622 971 749 1032 tribunal
768 972 941 1045 sustineant,
961 991 1110 1050 quaerere.
1149 973 1241 1032 Prae·
1322 998 1325 1003 ¹

107 1063 192 1111 terea
211 1070 310 1110 annon
332 1047 388 1109 boc
408 1047 530 1130 dignum
549 1049 743 1108 insectatione
762 1048 862 1106 vitium
883 1059 943 1121 est,
969 1048 1047 1126 quod
1069 1069 1129 1108 non
1151 1048 1241 1109 intel-
1286 1058 1289 1067 “

107 1127 199 1188 lectas
219 1127 417 1199 ceremonias,
442 1125 521 1186 velut
545 1125 744 1184 histrionicam
769 1144 884 1184 scenam
911 1136 961 1183 aut
980 1127 1119 1207 magicam
1140 1127 1241 1186 incan-

106 1204 251 1265 tationem
272 1202 439 1262 ostentant?
478 1202 600 1263 Certum
622 1201 700 1262 enim
720 1215 764 1262 est
776 1201 956 1262 ceremonias
977 1218 1241 1283 omncscorruptaa

77 1289 80 1292 ’
108 1301 173 1343 esse
193 1292 223 1340 et
243 1282 352 1356 noxias,
371 1280 425 1340 nisi
445 1278 499 1358 per
518 1301 566 1339 cas
585 1278 717 1339 homines
730 1279 766 1337 ad
778 1277 927 1339 Christum
941 1278 1115 1360 dirigantur.
1156 1280 1242 1355 Quae

107 1372 207 1421 autem
226 1359 256 1418 in
277 1381 330 1419 usu
353 1371 422 1420 sunt
446 1359 631 1417 ceremoniae
650 1355 703 1417 sub
725 1352 852 1435 Papatu',
870 1377 886 1415 a
906 1355 1040 1417 doctriua
1059 1371 1242 1438 separantur,
1258 1382 1261 1393 ¹

108 1451 144 1498 ut
175 1436 307 1496 homines
337 1436 368 1495 in
405 1435 494 1516 siguis
525 1434 606 1494 omni
640 1432 853 1515 significatione
884 1435 1049 1494 carentibus
1085 1435 1241 1497 retineant.

108 1515 266 1575 Postremo
286 1518 334 1591 (ut
352 1512 522 1594 ingeniosus
543 1511 646 1571 artifex
663 1513 835 1587 estventer)
855 1522 976 1591 apparet
994 1509 1098 1572 multas
1118 1514 1154 1573 ab
1175 1533 1241 1574 ava-

108 1591 149 1651 ris
168 1590 335 1651 sacrificulis
354 1590 486 1650 inventas
504 1608 577 1664 esse,
599 1599 631 1647 ut
651 1599 747 1648 essent
765 1589 925 1666 captandae
944 1589 1089 1667 pecuniae
1107 1611 1179 1650 aucu
1203 1595 1241 1652 ia.

109 1669 328 1747 Quamcunque
348 1679 444 1727 autem
464 1664 591 1725 babeant
608 1665 770 1747 originem,
793 1665 835 1724 sic
855 1684 958 1724 omues
976 1676 1045 1725 sunt
1064 1665 1100 1726 ad
1121 1612 1241 1729 suediam

112 1757 262 1825 quaestum
284 1745 467 1823 prostitutae,
492 1754 526 1802 ut
545 1741 654 1802 bonam
673 1753 786 1823 partem
811 1740 977 1802 rescindere
1002 1761 1121 1803 necesse
1141 1745 1193 1819 sit,
1217 1746 1242 1806 si

109 1822 227 1882 elicere
238 1820 382 1898 volumus,
393 1819 548 1901 quominus
558 1817 681 1901 profana
694 1829 723 1878 et
732 1817 875 1901 sacrilega
892 1817 1065 1880 nundinatio
1075 1820 1107 1881 in
1120 1822 1243 1885 ecelesia

108 1911 285 1962 exerceatur.
598 1907 603 1919 “

186 1984 233 2042 16.
272 1975 402 2035 Tametsi
421 1974 526 2036 videor
553 1987 617 2035 non
649 1983 821 2055 perpetuam
846 1971 1009 2033 doctrinam
1040 1973 1076 2033 de
1108 1974 1241 2039 humanis

109 2052 370 2116 constitutionibus
389 2053 526 2128 tradere,
537 2051 616 2132 qnod
636 2052 725 2111 aetati
745 2063 863 2111 nostrae
882 2071 1002 2131 prorsus
1021 2054 1243 2115 accommodata

109 2143 155 2191 est
174 2130 245 2190 baec
265 2131 376 2190 oratio:
397 2128 470 2188 nihil
488 2141 587 2188 tamen
607 2126 807 2219 dictumquod
827 2146 888 2188 non
908 2127 947 2187 sit
965 2128 1101 2190 omnibus
1120 2131 1241 2192 saeculis

108 2208 239 2267 futurum
265 2205 346 2265 utile.
395 2207 469 2265 Nam
496 2205 609 2285 quotics
635 2205 851 2284 obreprthaec
880 2205 1066 2283 superstitio,
1092 2217 1125 2265 ut
1144 2208 1241 2268 Deum

108 2285 167 2345 suis
193 2283 339 2365 figmentis
365 2281 464 2342 colere
489 2283 623 2341 homines
647 2280 754 2356 velint,
784 2301 976 2361 quaecunque
1007 2282 1036 2340 in
1063 2303 1128 2342 eum
1153 2283 1241 2344 finem

108 2363 246 2423 feruntur
266 2358 362 2438 leges,
387 2359 482 2419 statim
508 2358 543 2419 ad
570 2379 680 2419 crassos
705 2357 777 2418 istos
802 2358 907 2418 abusus
927 2358 1118 2439 degenerant.
1157 2362 1241 2423 Hanc

109 2439 189 2498 enim
208 2436 444 2496 maledictionem
464 2456 525 2494 non
546 2436 597 2494 uni
617 2447 668 2495 aut
687 2434 772 2494 alteri
791 2435 890 2507 aetati,
908 2436 959 2495 sed
973 2436 1109 2497 omnibus
1121 2438 1242 2499 saeculis

108 2516 239 2575 minatur
258 2514 354 2585 Deus,
387 2512 467 2647 quod
493 2511 636 2572 coecitate
662 2525 692 2572 et
711 2524 833 2592 stupore
852 2512 997 2592 percutiet
1017 2531 1078 2586 eos,
1098 2534 1113 2573 a
1135 2515 1242 2592 quibus

110 2591 220 2651 colitur
231 2591 370 2650 doctrinis
412 2589 552 2648 ominum.
593 2590 674 2649 llaec
686 2589 852 2648 excoecatio
871 2601 1014 2670 perpetuo
1036 2590 1106 2650 lacit
1124 2604 1158 2649 ut
1176 2592 1242 2650 nul-

110 2669 170 2729 lum
202 2666 386 2727 absurditatis
439 2687 509 2726 enus
530 2667 559 2725 su
583 2668 653 2738 iant,
677 2667 727 2746 qui
753 2668 930 2745 contemptis
953 2677 1001 2724 tot
1025 2666 1082 2724 Dei
1112 2668 1242 2743 monitis,

110 2757 217 2824 sponte
236 2764 267 2804 se
287 2745 317 2802 in
338 2686 463 2802 exitiaies
482 2687 694 2823 istosiaqueos
718 2742 854 2800 induunt
904 2740 1020 2815 Quodsi
1044 2743 1164 2802 remotis
1184 2745 1244 2803 cir-

112 2821 309 2893 cumstantiis,
328 2819 498 2900 simpliciter
517 2818 626 2878 babere
645 2816 734 2890 libet,
755 2835 829 2895 quae
849 2817 906 2875 sint
927 2818 1056 2876 omnium
1076 2831 1244 2899 temporum

111 2897 255 2957 humanae
276 2896 464 2963 traditiones,
489 2916 558 2973 quas
580 2895 615 2952 ab
637 2893 759 2953 ecclesia
780 2893 926 2971 repudiari
947 2905 1011 2952 eta
1034 2895 1086 2972 piis
1106 2896 1244 2958 omnibus

112 2975 271 3053 improbari
291 2971 430 3033 convenit
440 2973 489 3045 *):
515 2972 571 3029 erit
589 2971 653 3043 illa,
675 2991 759 3048 quam
779 2970 923 3045 superius.
953 2969 1096 3046 osuimus,
1115 2985 1194 3033 certa
1214 2985 1246 3033 et

113 3052 190 3111 clara
222 3051 372 3120 definitio,
401 3049 472 3106 Esse
493 3067 594 3106 omnes
620 3046 699 3127 leges
718 3048 782 3106 sine
801 3046 860 3105 Dei
885 2992 977 3105 verbo
1001 3046 1031 3104 in
1058 3047 1135 3108 bunc
1155 3048 1244 3111 finem

112 3130 148 3190 ab
171 3127 337 3188 bominibus
379 3125 475 3198 usitas,
494 3137 528 3183 ut
547 3123 593 3183 vel
613 3123 731 3183 modurn
752 3120 868 3183 colendi
887 3123 945 3182 Dei
966 3124 1175 3202 praescribant,
1195 3127 1246 3186 rel

113 3206 308 3266 conscientias
330 3146 474 3279 religione
494 3201 697 3282 obstringant,
731 3200 811 3279 quasi
837 3199 873 3258 de
898 3200 985 3260 rebus
1010 3203 1191 3281 praecipiant
1209 3204 1245 3264 ad
1291 3218 1307 3282 ',

113 3283 233 3342 salutem
255 3281 432 3343 necessariis.
471 3278 503 3336 Si
524 3278 559 3336 ad
580 3263 709 3412 ancum
723 3275 769 3336 vel
785 3276 824 3335 ed
845 3287 1006 3356 utrumque
1020 3279 1143 3338 istorum
1163 3300 1245 3340 acce·

115 3360 189 3416 dunt
208 3360 262 3416 alia
282 3357 367 3428 vitia,
393 3354 472 3434 quod
499 3375 549 3413 sua
574 3353 670 3413 multit
713 3353 760 3411 ine
781 3352 931 3434 Evangelii
956 3353 1118 3414 claritatem
1138 3355 1246 3416 obscu-

114 3446 198 3493 rent:
219 3434 298 3512 quod
319 3433 390 3490 nibil
411 3430 575 3504 aedificent,
596 3429 645 3490 sed
666 3429 783 3489 inutiles
802 3430 862 3489 sint
882 3450 915 3489 ac
935 3428 1061 3489 lusoriae
1075 3453 1147 3492 occu
1170 3434 1246 3492 atio·
1317 3488 1325 3500 ,

115 3530 185 3581 nes,
215 3511 313 3589 potius
338 3529 424 3585 quam
444 3528 512 3567 vera
539 3507 653 3587 pietatis
678 3506 828 3565 exercitia:
860 3507 939 3584 quod
959 3509 1017 3566 sint
1036 3507 1071 3566 ad
1092 3454 1193 3568 sordes
1213 3531 1246 3570 ac
1285 3566 1290 3580 ,

115 3598 231 3663 turpem
253 3598 403 3664 quaestum
424 3585 584 3662 expositae:
605 3581 685 3661 quod
704 3583 762 3640 sint
781 3581 938 3643 observatu
958 3584 1078 3642 nimium
1099 3585 1247 3645 difficiles:
1275 3633 1277 3638 .

117 3663 198 3740 quod
217 3663 274 3719 sint
294 3659 374 3719 malis
394 3659 648 3737 superstitionibus
668 3658 851 3737 inquinatae:
873 3659 944 3718 baec
964 3672 1052 3719 erunt
1070 3661 1249 3739 adiumenta,

116 3751 149 3796 ut
169 3738 280 3797 facilius
302 3737 336 3795 de
361 3735 551 3794 rehendamus
572 3746 714 3813 quantum
733 3736 771 3794 sit
787 3736 817 3794 in
838 3735 905 3815 ipsis
925 3735 1002 3795 mali.

193 3821 240 3879 17.
279 3757 376 3872 Audio
390 3812 459 3891 quid
480 3811 532 3891 ipsi
554 3830 608 3891 pro
628 3830 659 3869 se
679 3811 889 3889 respondeant,
909 3834 972 3872 suas
994 3811 1165 3873 traditiones
1185 3835 1247 3874 non

117 3912 194 3965 ase,
214 3890 264 3950 sed
285 3911 300 3949 a
320 3889 387 3948 Deo
408 3907 479 3947 esse.
517 3887 677 3948 Ecclesiam
699 3888 777 3946 euim
796 3907 835 3946 ne
855 3908 952 3947 errare
972 3887 1078 3969 possit,
1099 3909 1114 3948 a
1135 3891 1248 3982 Spiritu

116 3981 219 4047 sauctp
238 3968 314 4048 regi,
333 3966 394 4024 eius
414 3984 487 4024 vero
508 3964 711 4024 auctoritatem
729 3983 821 4055 penes
840 3985 871 4026 se
891 3964 1028 4025 residere.
1067 3966 1134 4026 Hoc
1154 3988 1255 4046 tmpe-¹

117 4058 206 4117 trato,
226 4042 310 4103 s'inrul
331 4041 495 4116 conficitur,
516 4061 617 4100 eorum
638 4041 811 4101 traditiones
827 4041 953 4120 Spiritus
973 4042 1064 4101 sancti
1085 4063 1147 4102 esse
1167 4063 1250 4102 reve·

118 4123 258 4196 lationes,
286 4139 359 4199 quac
385 4119 439 4178 nisi
463 4118 553 4199 impie
578 4138 613 4178 ac
639 4129 811 4197 contempto
831 4118 900 4178 Deo
920 4119 1072 4189 contemni
1091 4132 1250 4199 nequeant.

186 4361 215 4430 ')
234 4361 277 4418 Cl.
298 4360 367 4420 Cale.
385 4362 431 4417 lib.
449 4363 483 4418 de
499 4380 595 4417 necem.
610 4352 718 4416 reform:
734 4315 840 4415 mu
