2700 4732
499 218 576 281 ΗΒ.
595 220 650 283 tv.
690 219 779 283 Chi).
799 220 869 283 Vll.
1197 230 1257 294 255

113 366 246 450 imperio
259 365 381 446 loquor,
401 364 480 445 quod
501 386 562 425 non
583 366 623 426 ita
642 365 756 446 pridem
765 366 821 427 sibi
833 366 971 447 arripnit:
990 386 1059 429 nam
1078 369 1108 431 id
1128 370 1255 434 insuram

114 446 218 507 locum
239 444 420 503 disseremus.
459 443 569 502 Verum
591 442 637 502 hic
658 443 755 523 paucis
776 444 906 505 indicare
925 449 1178 526 operaepretium
1200 461 1256 523 est,

114 521 247 614 qualiter
267 520 338 579 olim
360 532 390 579 et
409 518 514 599 quibus
537 519 701 580 rationibus
725 540 789 580 sese
813 522 962 595 extulerit,
991 532 1025 581 ut
1049 524 1157 603 aliquid
1183 525 1255 587 ioris

113 599 176 661 sabi
195 600 224 658 in
244 597 312 657 alias
333 595 468 655 ecclesias
487 608 624 655 sumeret.
670 597 771 671 Quum
792 595 960 658 Orientales
980 599 1121 660 ecclesiae
1145 602 1254 663 divisae

113 687 217 736 essent
236 695 269 734 ac
290 672 425 732 turbatae
445 673 618 731 hrianorum
639 671 827 747 factionibus,
847 673 900 734 sub
918 675 1107 749 Constantio,
1127 679 1254 740 etCon-

110 764 213 813 stante
225 750 410 823 Caesaribus,
425 749 613 809 Constantini
632 750 732 830 Magni
752 749 829 824 filiis,
848 771 882 811 ac
901 752 970 811 sede
989 773 1041 812 sua
1059 752 1158 833 pulsus
1178 767 1255 816 essct

112 828 309 899 Athanasius,
334 826 401 884 fidei
430 827 612 884 orthodoxae
644 828 815 906 praecipuus
839 825 898 887 illic
923 828 1077 890 defensor:
1108 831 1253 909 eiusrqodi

112 906 264 967 calamitas
283 904 377 982 ipsum
398 902 519 961 Romam
539 904 639 962 venire
660 906 773 983 coegit,
804 913 837 962 ut
855 903 1007 964 Romanae
1026 906 1102 967 sedis
1121 908 1253 968 auctori-

61 1042 70 1055 ,
111 994 181 1042 tate
199 993 261 1041 tunt
283 979 410 1039 hostium
435 999 553 1038 suorum
578 979 688 1038 rabiem
710 991 859 1058 utcunque
884 982 1074 1060 reprimeret,
1100 995 1160 1043 tum
1187 983 1254 1063 pios

112 1058 285 1119 laborantes
306 1055 502 1116 confirmaret.
542 1055 700 1134 Susceptus
720 1067 764 1115 est
782 1055 844 1136 ipse
864 1055 1028 1119 honorifice
1046 1080 1062 1117 a
1081 1057 1159 1120 Iulio
1179 1072 1253 1120 tunc

112 1137 277 1215 episcopo,
307 1153 339 1192 ac
371 1130 502 1190 obtinuit
524 1143 558 1190 ut
587 1150 690 1191 causac
715 1151 784 1191 suae
811 1132 1015 1193 defensionem
1045 1132 1253 1196 Occidentales

109 1210 308 1291 susciperent.
352 1208 452 1282 Quum
473 1227 545 1288 ergo
572 1208 611 1287 pii
632 1220 751 1267 externo
772 1207 918 1288 praesidio
938 1231 1118 1291 magnopere
1135 1213 1252 1295 indige-

112 1298 197 1361 rent,
215 1286 246 1345 iu
266 1285 398 1344 Romana
417 1297 513 1344 autem
535 1284 656 1345 ecclesia
676 1297 832 1345 cernerent
850 1285 907 1346 sibi
919 1287 1062 1367 optimum
1083 1309 1146 1350 esse
1165 1310 1252 1381 prae·

109 1363 232 1436 sidium,
252 1360 379 1421 libenter
398 1361 425 1420 ei
444 1359 714 1440 deserebantquam
734 1360 889 1453 plurimum
908 1375 1047 1442 poterant
1060 1368 1251 1426 auctoritatis.

110 1441 229 1499 Verum
254 1438 284 1497 id
308 1449 404 1497 toturn
423 1437 496 1497 nihil
516 1437 593 1497 aliud
614 1449 692 1512 erat,
717 1437 774 1497 nisi
797 1449 831 1498 ut
849 1440 948 1520 magni
968 1442 1170 1502 aestimaretur
1189 1441 1252 1503 eius

110 1516 303 1588 communio,
334 1513 371 1572 ab
392 1533 426 1573 ea
446 1526 543 1573 autern
565 1515 807 1573 excommunicari
836 1516 1063 1597 ignominiosum
1084 1518 1251 1578 duceretur.

110 1628 156 1641 -
188 1593 294 1651 Postea
314 1590 382 1649 mali
406 1602 436 1650 et
461 1589 589 1670 improbi
608 1591 731 1649 multum
751 1591 805 1669 ipsi
825 1613 943 1671 quoque
963 1593 1151 1654 addiderunt:
1181 1616 1249 1654 nam

110 1682 152 1733 nt
168 1668 297 1749 legitima
317 1666 423 1725 iudicia
436 1666 614 1748 effugerent,
635 1666 670 1726 ad
692 1667 749 1727 boe
768 1669 878 1748 asylum
897 1689 929 1727 se
949 1669 1151 1730 conserebant.
1190 1671 1251 1731 Ita·

111 1765 176 1828 que
195 1751 219 1805 si
240 1745 303 1824 quis
323 1744 477 1879 presbyter
497 1766 512 1802 a
532 1764 585 1801 suo
608 1743 763 1822 episcopo,
788 1747 812 1804 si
833 1747 897 1824 quis
918 1748 1072 1825 episcopus
1097 1769 1112 1806 a
1133 1747 1249 1826 synodo

110 1841 186 1885 suae
209 1821 380 1901 provinciae
424 1833 555 1879 amnatus
579 1832 655 1893 erat,
686 1823 782 1879 statim
816 1822 1016 1901 provocabant
1038 1822 1171 1883 Romam.
1210 1824 1250 1883 Et

111 1902 166 1961 has
186 1896 397 1979 appellationes
417 1897 544 1955 Romani
564 1897 693 1975 episcopi
713 1898 844 1976 cupidius
864 1918 950 1977 quam
970 1919 1024 1977 par
1044 1912 1104 1959 erat
1124 1899 1249 1979 recipie-

111 1978 205 2039 bant:
237 1973 317 2054 quod
342 1973 495 2032 videbatur
526 1992 588 2032 csse
622 1973 733 2053 specics
761 1975 1006 2034 extraordinariae
1038 1979 1191 2054 potestatis
1216 1996 1249 2036 se

96 2054 207 2133 ·longe
226 2051 344 2130 lateque
363 2051 401 2109 ita
423 2069 460 2107 ne
483 2051 549 2109 otiis
568 2049 769 2129 interponere.
810 2050 860 2111 Sic
880 2073 969 2131 quum
983 2051 1128 2130 Eutyches
1148 2074 1164 2112 a
1182 2053 1250 2112 Fla·

108 2130 203 2193 viano
224 2069 556 2219 Constantinopolitano
578 2126 728 2186 damnatus
749 2139 839 2197 esset,
862 2129 938 2208 apud
958 2128 1091 2188 Leonem
1116 2149 1249 2207 conque-

108 2216 177 2270 atus
197 2216 241 2265 est
260 2204 364 2263 lactarn
383 2203 438 2264 siba
460 2223 521 2263 esse
540 2203 683 2261 iniuriam.
722 2200 777 2262 Ille
798 2204 867 2263 nibil
889 2217 1033 2277 moratus,
1052 2206 1248 2285 patrocinium

106 2282 207 2345 malae
227 2300 330 2340 causae
350 2301 411 2340 non
431 2284 526 2339 minus
553 2291 664 2338 temere
691 2300 775 2358 quam
799 2280 898 2341 subito
918 2283 1059 2358 suscepit,
1086 2282 1115 2341 in
1135 2283 1159 2340 F
1162 2282 1249 2342 lavia·
1282 2308 1286 2319 ¹

108 2379 187 2421 num
207 2359 333 2439 graviter
352 2358 481 2417 invectus
493 2369 546 2428 est,
566 2356 646 2435 quasi
666 2356 815 2437 incognita
826 2378 910 2419 causa
929 2356 1076 2417 hominem
1097 2359 1248 2418 innoxium

108 2436 292 2497 damnasset:
313 2445 401 2525 atque
422 2434 474 2493 hac
493 2454 544 2492 sua
564 2431 846 2508 ambitioneellecit,
867 2447 900 2494 ut
915 2434 1094 2514 Eutychiana
1115 2435 1249 2514 impietas

108 2512 210 2593 spatio
230 2523 421 2645 temperasse
441 2510 636 2569 confirmaret.
677 2510 713 2567 In
733 2511 833 2570 Africa
853 2512 882 2570 id
893 2512 1005 2590 saepius
1018 2512 1154 2571 accidisse
1175 2533 1248 2571 con·

108 2600 187 2651 stat:
218 2587 290 2649 simu
328 2586 403 2645 enim
431 2608 464 2646 ac
485 2587 593 2645 nebulo
615 2586 754 2665 quispiam
776 2588 805 2645 in
833 2589 983 2647 ordinario
1009 2588 1118 2647 iudicio
1143 2610 1248 2647 succu-

109 2666 230 2738 buerat,
249 2662 403 2723 advolabat
415 2664 549 2735 Romam,
566 2663 663 2722 multis
683 2664 832 2724 calumniis
851 2687 920 2723 suos
940 2663 1093 2744 gravabat:
1113 2664 1248 2723 Romana

110 2751 212 2801 autem
232 2742 315 2800 sedes
335 2741 524 2820 interponere
544 2760 575 2798 se
594 2760 709 2818 semper
729 2753 791 2798 erat
811 2753 919 2817 parata.
964 2741 1049 2811 Quae
1074 2738 1248 2818 improbitas

111 2818 216 2897 coegit
225 2817 378 2876 hlricanos
399 2817 553 2895 episcopos
573 2816 696 2890 sancire,
716 2836 753 2874 ne
774 2817 836 2895 quis
855 2817 909 2877 sub
929 2836 1027 2894 poena
1047 2816 1247 2875 excommuni-

111 2893 240 2955 cationis
259 2893 333 2952 nltra
353 2914 431 2952 mare
451 2903 632 2972 provocaret.

193 2974 220 3033 6.
260 2969 408 3048 Quicquid
430 2981 527 3028 tamen
548 2966 647 3045 fucrit,
666 2968 848 3047 inspiciamus
866 2967 934 3048 quid
958 2967 1027 3027 iuris
1047 2980 1098 3027 aut
1116 2979 1248 3048 potesta·

100 3049 151 3107 -tis
172 3043 305 3105 habuerit
324 3045 535 3106 tuncRomana
557 3045 648 3104 sedes.
688 3046 868 3106 (Iontinctur
886 3056 983 3104 autent
1003 3057 1131 3123 potestas
1153 3045 1247 3105 eccle·

108 3124 229 3187 siastica
251 3121 293 3180 his
313 3135 440 3201 quatuor
458 3120 611 3201 capitibus,
632 3119 828 3182 Ordinatioue
848 3126 1070 3202 episcoporum,
1091 3121 1247 3183 Concilio·

108 3220 178 3261 rum
198 3197 370 3271 indictione,
389 3197 550 3257 Audiendis
570 3198 825 3276 appellationibus,
844 3211 895 3258 aut
913 3198 1126 3271 iurisdictione,
1146 3199 1246 3259 Moni-

106 3275 245 3337 tionibus
266 3276 468 3356 castigatoriis,
489 3286 539 3332 aut
558 3277 696 3333 censuris.
739 3274 882 3335 Ordines-i
900 3278 1047 3349 episcopos
1066 3296 1083 3349 a
1102 3276 1160 3334 suis
1180 3277 1246 3336 tte-

108 3351 262 3429 tropolitis
282 3352 385 3411 iubent
406 3372 507 3411 omnes
531 3363 643 3410 veteres
667 3353 788 3432 synodi,
818 3371 960 3430 nusquam
980 3351 1115 3411 advocari
1134 3351 1245 3411 llonra-

107 3450 186 3489 nurn
199 3428 365 3518 episcopum
387 3429 499 3499 iubent,
519 3428 574 3487 nisi
594 3430 624 3486 in
643 3450 693 3488 sua
705 3428 889 3488 Patriarchia.
929 3427 1044 3487 Sensim
1064 3439 1160 3487 autem
1181 3449 1244 3488 mos

107 3503 261 3579 obtinuit,
290 3516 322 3562 ut
342 3504 436 3563 Italici
464 3504 593 3584 episcopi
618 3505 652 3563 ad
678 3506 833 3584 petendam
864 3505 1114 3564 consecrationem
1142 3524 1245 3564 ornnes

106 3580 236 3642 Romam
256 3581 408 3641 venirent:
429 3582 554 3660 exeeptis
575 3581 790 3661 Metropolitis,
811 3581 910 3661 quise
930 3581 959 3639 in
982 3581 1054 3639 hanc
1074 3583 1244 3640 servitutem

108 3657 208 3737 redigi
234 3657 308 3737 passi
340 3677 400 3715 non
427 3669 507 3716 sunt:
535 3658 584 3716 sed
612 3680 701 3737 quum
722 3657 900 3717 ordinandus
921 3668 984 3715 erat
1008 3655 1110 3736 aliquis
1131 3656 1244 3716 hletro·

105 3733 216 3815 polita,
236 3732 371 3793 mittebat
390 3732 459 3793 illue
478 3755 569 3793 unum
590 3755 623 3793 ex
642 3733 699 3794 suis
719 3734 896 3813 preshyteris
912 3733 1060 3792 Romanus
1081 3731 1178 3809 episco
1201 3754 1245 3807 us,

106 3809 163 3890 qni
183 3821 295 3869 tantum
315 3810 445 3883 adesset,
476 3830 536 3869 non
567 3822 663 3869 autern
688 3820 844 3890 praeesset
897 3808 988 3869 Cuius
1015 3809 1057 3867 rei
1081 3753 1243 3886 exemplum

106 3897 205 3949 exstat
229 3885 305 3965 apud
332 3885 394 3946 Gre
417 3889 510 3946 orium
542 3886 607 3963 (lib.
627 3894 655 3950 2.
683 3907 730 3966 ep.
751 3892 797 3952 68.
819 3898 849 3945 et
868 3888 930 3963 70.)
961 3886 989 3944 in
1022 3886 1244 3945 consecratione

106 3961 283 4023 Constantii
303 3906 542 4036 hlediolanensis,
561 3974 629 4042 post
647 3963 800 4022 Laurentii
820 3962 944 4023 obitum.
984 3962 1161 4039 Quanquam
1181 3982 1244 4022 non

133 4049 185 4097 uto
207 4037 277 4097 illud
304 4040 391 4098 luisse
419 4039 642 4099 vetustissimum
670 4040 849 4103 institution:
876 4038 927 4098 sed
977 4058 1045 4097 uum
1072 4037 1193 4098 honoris
1213 4049 1245 4098 et

75 4186 80 4191 ,
106 4060 336 4175 herrevolcutiae
350 4136 435 4175 causa
444 4114 531 4174 initio
544 4117 734 4175 mitterentet
745 4115 823 4176 ultro
836 4126 867 4175 et
879 4059 1142 4196 citrolegatos,qui
1154 4125 1243 4174 testes

106 4188 213 4250 forent
223 4191 428 4267 ordinationis,
446 4192 482 4250 ad
496 4192 732 4253 communionem
753 4192 929 4251 testandam:
949 4190 1029 4272 quod
1048 4190 1244 4251 voluntarium

109 4278 193 4340 erat,
217 4288 273 4348 pro
294 4268 460 4329 necessario
485 4267 585 4328 haberi
627 4282 707 4329 ostea
729 4268 837 4349 coepit.
877 4269 1035 4347 Utcunque
1054 4267 1108 4343 sit,
1130 4277 1246 4326 constat

107 4342 269 4407 ordinandi
300 4354 477 4424 potestatem
504 4364 568 4406 non
599 4290 688 4408 llere
711 4345 783 4407 olim
806 4344 943 4406 Romano
970 4344 1110 4425 episcopo
1134 4342 1199 4403 niai'
1213 4343 1244 4402 i'n
