2700 4732
111 218 152 280 62
477 211 555 273 tm.
576 212 633 273 lll.
674 214 764 277 CAP.
785 214 882 277 xvn.

112 356 270 433 arrodere,
290 354 340 417 sed
362 354 471 415 nullam
492 356 610 418 interim
632 360 811 441 constituere
830 360 959 421 iustitiae
972 371 1090 435 meum,
1109 360 1165 421 ubi
1185 382 1259 423 con·

111 434 252 497 scientiae
275 435 424 495 sistantur.
462 434 662 515 Triumpbent
689 456 762 521 ergo
787 438 932 513 utlibet,
963 438 1054 498 modo
1080 458 1146 498 non
1173 437 1257 501 aliam

112 514 221 572 iactare
232 512 383 571 victoriam
399 512 517 589 possint
531 533 616 603 quam
631 534 755 583 ¹omnem
776 515 901 574 iustitiae
913 514 1122 575 certitudinem
1141 536 1175 575 se
1193 538 1256 577 sns-

113 588 224 663 tnlisse.
268 588 312 647 Ac
338 588 471 647 miseram
493 589 611 668 quedem
638 589 713 650 banc
731 592 883 652 victoriam
911 591 1109 665 obtinebunt,
1135 592 1189 652 nbi
1209 612 1257 653 ει-

112 666 218 726 stincta
238 664 369 743 veritatis
389 663 471 740 luce,
492 666 712 727 mendaciorum
732 670 869 727 tenebras
890 667 1048 728 offundere
1069 670 1128 727 illis
1148 668 1252 729 Dumi-

112 766 166 801 nns
187 744 347 823 permittet.
386 742 564 820 Ubicunque
589 755 685 802 aretem
711 745 800 803 stabit
820 745 877 803 Dei
902 747 1021 817 veritas,
1056 744 1132 805 nibil
1163 744 1252 825 profi-

112 820 202 881 cient.
250 820 337 901 Nego
370 819 468 897 itaque
499 818 601 877 Iacobi
633 821 823 896 sententiam,
854 844 938 901 quam
970 822 1085 881 assidue
1114 834 1249 915 tanquam

111 896 233 957 Achillis
254 896 392 975 clypeum
413 894 498 955 uobis
514 895 691 968 obtendunt,
709 896 767 957 illis
786 898 832 957 vel
852 897 999 957 tantillum
1019 898 1188 981 suflragari.
1215 898 1248 957 Id

113 995 173 1055 quo
195 974 313 1053 planum
334 974 399 1043 liat,
424 972 583 1032 intuendus
609 975 733 1053 primum
761 975 818 1034 erit
838 975 975 1055 Apostoli
995 996 1119 1055 scopus:
1147 974 1248 1035 deinde

112 1051 327 1112 observandum
358 1048 409 1107 ubi
437 1047 661 1109 ballucincntur.
721 1050 872 1125 Quoniam
905 1065 967 1111 tum
999 1064 1084 1111 erant
1139 1050 1248 1131 lerique

112 1127 208 1208 (quod
228 1125 336 1185 malum
357 1126 386 1184 in
407 1124 528 1185 eeclesia
555 1139 730 1205 perpetuum
758 1147 819 1187 esse
839 1128 947 1206 solet),
978 1129 1028 1207 qui
1048 1128 1099 1187 inb
1124 1128 1247 1189 elitatem

112 1226 192 1265 snam
212 1203 366 1263 manifeste
386 1202 562 1281 prodebant,
582 1223 775 1283 quaecunque
795 1208 915 1285 propria
924 1218 993 1265 sunt
1009 1204 1141 1264 fidelium
1161 1222 1248 1285 opera

111 1280 293 1362 negligendo
313 1301 347 1339 ac
367 1279 550 1353 omittendo,
586 1280 658 1340 salso
687 1293 786 1339 tamen
814 1282 882 1341 fidei
907 1282 1027 1341 nomine
1047 1280 1172 1363 gloriari
1190 1300 1248 1342 non

113 1357 300 1418 desinebant:
327 1355 463 1415 stolidam
483 1355 584 1414 talium
610 1357 743 1417 fiduciam
764 1357 811 1418 bic
831 1359 924 1418 eludit
943 1358 1079 1418 lacobus.
1118 1359 1189 1419 Non
1208 1358 1249 1417 erl

113 1456 186 1517 ergo
212 1432 253 1494 illi
274 1432 458 1514 propositum
478 1452 564 1492 verae
591 1433 658 1491 fidei
679 1435 737 1492 vim
764 1435 822 1493 ulla
849 1455 882 1494 ex
907 1448 992 1517 parte
1016 1435 1169 1511 deterere,
1200 1434 1248 1495 sed

112 1511 271 1572 ostendere
291 1531 377 1589 quarn
409 1511 510 1588 inepte
535 1521 693 1591 nugatores
718 1511 766 1569 isti
786 1532 895 1571 vacuae
915 1516 976 1571 eius
996 1510 1116 1595 imagini
1137 1523 1248 1571 tantum

111 1599 297 1669 arrogarent,
318 1599 351 1645 ut
372 1586 424 1645 bac
444 1586 578 1645 contenti
601 1605 704 1645 secure
730 1587 901 1646 dillluerent
920 1591 950 1647 in
972 1609 1090 1647 omnem
1111 1588 1249 1648 vitiorum

110 1664 268 1727 licentiam.
306 1664 374 1723 Hoc
394 1672 469 1723 statu
490 1675 649 1742 concepto,
670 1662 754 1722 sacilc
767 1666 822 1722 erit
842 1666 1088 1738 animadvertere,
1108 1663 1161 1723 ubi
1181 1682 1250 1745 pec·

111 1756 180 1804 cent
200 1742 294 1802 nostri
314 1739 477 1799 adversarii.
522 1739 661 1798 Incidunt
681 1743 758 1798 eninr
785 1741 814 1799 in
836 1741 981 1822 duplicem
1007 1740 1249 1824 paralogismum:

111 1821 235 1880 alterum
257 1822 286 1878 in
298 1815 377 1895 fidei
400 1815 560 1890 vocabulo,
591 1815 715 1875 alterum
741 1819 770 1875 in
798 1818 890 1877 verbo
914 1816 1103 1892 iustificorrdi.
1157 1818 1247 1895 Quod

110 1897 198 1957 fidem
219 1894 353 1955 nominat
371 1892 548 1974 Apostolus,
573 1892 691 1952 inanem
718 1894 890 1973 opinionem
917 1894 1022 1976 procul
1049 1916 1065 1954 a
1085 1893 1157 1955 fidei
1175 1892 1247 1955 reri·

109 1986 172 2035 tate
191 1974 334 2044 dissitam,
354 1970 552 2031 concessionis
573 1984 617 2029 cst
638 1988 713 2049 quae
733 1971 806 2028 nibil
827 1994 927 2032 causae
949 1973 1087 2052 derogat:
1109 1970 1193 2051 quod
1211 1968 1246 2031 ab

109 2052 223 2112 initio-i
246 2069 277 2108 se
298 2048 478 2108 demonstrat
501 2046 543 2106 bis
563 2046 675 2122 serbis,
705 2047 808 2122 „Quid
830 2051 967 2128 prodest,
998 2049 1103 2108 iratres
1124 2046 1248 2141 mei,ri

131 2127 175 2189 uis
195 2072 283 2186 fidem
304 2126 381 2185 dicat
401 2146 431 2185 se
451 2123 570 2199 babere,
590 2145 680 2204 opera
700 2137 796 2183 autem
819 2146 879 2185 rron
902 2126 1045 2186 babeat?·‘
1077 2126 1149 2185 Non
1171 2124 1247 2199 dreit,

109 2150 142 2266 ii
163 2205 251 2265 fidem
272 2205 336 2282 quis
357 2201 462 2260 babeat
481 2202 545 2260 sine
566 2202 722 2281 operibus:
748 2202 816 2275 sed,
840 2206 863 2261 si
885 2203 981 2263 iactet.
1020 2202 1141 2263 Clarius
1162 2202 1246 2263 etiam

108 2281 301 2365 paulopost,
326 2278 377 2338 ubi
398 2279 575 2337 deteriorem
602 2277 748 2337 diabolica
775 2282 880 2339 notitia
905 2302 960 2359 per
986 2278 1145 2338 ludibrium
1168 2280 1247 2340 lacit:

108 2372 260 2441 postremo
286 2354 338 2416 ubi
366 2366 510 2415 mortuam
530 2366 626 2415 vocat.
671 2354 731 2413 Sed
757 2376 774 2413 a
800 2356 971 2415 delinitione
995 2356 1180 2416 sufficienter
1199 2355 1247 2416 de-

110 2437 274 2518 prehendas
295 2432 364 2513 quid
385 2431 462 2492 velit.
493 2430 562 2506 „Tu
583 2431 688 2505 credis,
710 2432 816 2511 inquit,
837 2434 917 2512 quod
931 2434 1013 2493 Deus
1033 2438 1115 2492 est:“
1134 2452 1208 2493 sane
1225 2428 1248 2491 si

109 2514 181 2574 nibil
203 2514 232 2571 in
253 2514 307 2571 ista
327 2510 384 2569 lide
405 2508 574 2568 continetur
595 2509 648 2567 nisi
669 2518 702 2566 ut
722 2510 859 2569 credatur
878 2512 973 2569 Deum
994 2529 1072 2583 csse,
1097 2509 1156 2571 iarn
1178 2506 1247 2571 nibil

109 2584 214 2650 mirum
236 2600 280 2647 est
298 2587 322 2646 si
344 2608 404 2646 non
424 2586 569 2645 iustificet.
608 2586 751 2644 Necvero
764 2586 832 2645 ‹lrrm
853 2587 910 2647 boc
931 2587 972 2645 illi
993 2587 1142 2660 adimitur,
1165 2592 1247 2667 quie-

109 2680 196 2749 quam
217 2664 352 2745 derogari
373 2674 507 2743 putemus
535 2662 603 2720 fidei
626 2662 824 2738 Christianae,
852 2664 932 2723 cuias
958 2663 1047 2745 louge
1068 2664 1186 2724 diversa
1206 2674 1247 2724 est

108 2746 193 2811 ratio.
234 2743 305 2816 Quo
327 2742 403 2801 eninr
424 2741 514 2799 modo
535 2759 602 2799 vera
623 2740 693 2798 fides
714 2741 863 2811 iustificat,
883 2741 939 2800 nisi
960 2743 1028 2800 dum
1049 2761 1104 2800 nos
1126 2742 1246 2802 libristo

109 2820 308 2903 conglutinat,
340 2830 373 2877 ut
393 2839 482 2876 arnum
504 2839 569 2876 cerm
595 2815 646 2875 illo
673 2814 742 2875 sueti
778 2818 1004 2897 participatione
1036 2818 1165 2878 iustitiae
1187 2820 1250 2879 eius

108 2898 259 2959 fruamur?
289 2917 350 2955 non
372 2916 444 2975 ergo
466 2914 501 2953 eo
524 2894 672 2966 iustificat,
705 2896 783 2972 quod
812 2895 927 2953 divinae
947 2896 1087 2954 essentiae
1108 2896 1245 2957 notitiam

108 2974 270 3054 concipiat,
289 2973 341 3033 sed
361 2972 441 3051 quod
461 2973 489 3029 in
512 2969 729 3030 misericordiae
750 2971 925 3030 certitudine
944 2972 1100 3031 recumbit.

184 3058 230 3115 12.
271 3048 409 3109 Nondum
435 3068 556 3127 scopum
586 3048 749 3127 attigimus,
782 3049 835 3105 uisi
857 3050 1043 3107 discutiamus
1065 3062 1095 3108 ct
1120 3049 1246 3110 alterum

107 3128 351 3211 paralogismum:
372 3125 515 3203 siquidem
537 3125 751 3183 iustificationis
772 3138 883 3215 partem
905 3126 936 3184 in
957 3125 1097 3205 operibus
1117 3127 1247 3187 Iacobus

108 3206 235 3285 reponit.
273 3204 305 3262 Si
326 3214 356 3261 et
374 3202 494 3282 reliquis
516 3202 685 3279 Scripturis,
707 3213 736 3259 et
756 3202 810 3260 sibi
833 3203 886 3281 ipsi
908 3215 1139 3262 cousentaneum
1161 3205 1248 3264 Iaco-

107 3283 178 3341 bum
199 3279 296 3339 sacere
315 3280 401 3351 velis,
422 3278 615 3337 necessarium
637 3290 695 3353 est,
715 3278 893 3357 iustificandi
911 3280 1032 3337 verbum
1053 3280 1112 3340 alio
1133 3279 1249 3365 signib-

108 3370 174 3418 catu
206 3358 355 3436 accipere,
387 3377 473 3433 quam
505 3354 580 3445 apud
609 3354 739 3413 Paulum.
794 3356 945 3414 iustificari
977 3358 1055 3415 enim
1083 3358 1246 3419 dicimur·

106 3434 212 3507 Panlo,
232 3455 320 3512 quum
342 3433 496 3493 obliterata
517 3431 644 3489 iustitiae
664 3444 782 3489 nostrae
802 3435 955 3505 rrrenroria,
976 3433 1042 3493 iusti
1063 3448 1247 3515 reputamur.

106 3514 154 3571 Eo
173 3511 197 3571 si
216 3522 374 3588 spectasset
389 3509 525 3583 lacobus,
546 3520 735 3585 praepostere
757 3510 871 3568 citasset
890 3510 962 3567 illud
983 3512 1127 3570 exblose:
1147 3514 1247 3587 „Cre-

106 3588 201 3663 „didit
221 3585 368 3647 Abrabam
390 3588 490 3657 llen,“
512 3597 567 3643 etc.
608 3585 657 3643 Sic
682 3586 758 3643 enim
781 3588 923 3645 contexit:
954 3588 1125 3659 „Abrabam
1146 3609 1167 3649 o
1190 3590 1250 3649 eri-

106 3666 181 3740 „bus
202 3675 400 3742 consequutus
413 3674 456 3721 est
476 3662 623 3735 iustitiam,
658 3662 716 3721 uod
737 3662 825 3721 filium
846 3663 1011 3739 immolare,
1030 3665 1154 3724 iubente
1201 3686 1250 3743 eo,

105 3761 191 3817 „non
213 3740 367 3800 dubitavit.
407 3738 504 3830 Atque'
525 3739 564 3796 ita
584 3684 702 3816 impleta
724 3752 767 3798 est
786 3740 952 3818 Scriptura,
975 3762 1049 3831 quac
1071 3742 1144 3801 dicit
1164 3742 1247 3803 illurn

105 3817 286 3894 „credidisse
305 3816 385 3890 Dee,
406 3828 435 3875 et
455 3827 628 3894 imputatum
650 3816 676 3873 ei
697 3818 733 3875 acl
753 3817 923 3875 iustitiam.“
958 3817 990 3875 Sr
1012 3818 1172 3879 absurdum
1193 3830 1249 3897 est,

106 3895 247 3954 ellectum
276 3892 364 3953 luisse
390 3913 441 3952 sua
467 3913 551 3951 causa
577 3894 723 4028 priorem,
756 3906 805 3951 aut
836 3894 908 3953 salso
941 3904 1067 3954 testatur
1087 3896 1189 3956 Muses
1209 3916 1247 3957 eo

105 3972 186 4045 loco,
206 3971 375 4049 imputatam
397 3969 575 4029 suisseAbra
597 3991 631 4029 ac
652 3970 739 4028 fidem
760 3970 789 4028 in
811 3971 957 4044 iustitiam,
978 3983 1027 4029 aut
1048 3991 1081 4029 ex
1103 3980 1136 4031 ea
1157 3994 1248 4052 qnam

104 4050 135 4108 in
156 4048 235 4107 lsaac
255 4047 412 4109 offerendo
433 4047 578 4125 praestitit
598 4046 782 4120 obedientia,
807 4048 944 4107 iustitiam
965 4069 1026 4107 non
1047 4048 1105 4107 luit
1124 4068 1248 4129 prome-

105 4126 187 4185 ritrrs.
237 4123 378 4185 Nondum
399 4136 546 4203 concepto
567 4124 705 4197 l'smaelc,
739 4126 788 4183 rui
813 4126 868 4183 iam
895 4124 1063 4184 adoleverat
1087 4138 1247 4207 antequam

103 4203 185 4263 Isaac
206 4213 383 4275 nasceretur,
404 4201 460 4259 fide
480 4222 529 4260 sua
550 4201 717 4261 iustificatos
740 4148 962 4261 iuitAbrabam.
1004 4202 1170 4274 Quomodo
1192 4204 1249 4288 igi·

104 4290 153 4339 tur
166 4279 305 4351 dicemus,
321 4277 491 4340 obedientia
513 4277 561 4337 diu
581 4290 650 4359 post
668 4291 790 4358 sequuta
809 4278 946 4339 iustitiam
966 4278 1023 4338 sibi
1043 4280 1251 4361 comparasse?

8 4395 11 4399 -
106 4354 207 4431 Quare
223 4368 272 4417 arat
292 4374 445 4436 perperam
465 4354 598 4416 ordinem
618 4355 737 4415 invertit
749 4355 873 4443 lacobus
886 4357 979 4437 (quod
992 4357 1126 4437 cogitare
1138 4368 1186 4419 est
1197 4378 1251 4422 ne-
