2700 4732
8 1782 12 1795 .
107 1755 146 1795 ne
165 1740 361 1819 ignorantiam
379 1740 522 1818 impietati
540 1739 751 1799 obtenderent:
774 1752 803 1798 et
823 1759 873 1798 eos
892 1740 1037 1798 interdum
1057 1736 1093 1795 ad

101 224 163 289 tet
496 222 575 285 nn.
593 220 636 284 ΙΙ.
676 168 828 286 Cbl’.1l.

104 362 256 439 homines,
274 364 447 447 dommodo
465 377 557 447 prout
581 368 687 459 cuique
710 365 859 427 distribuit
881 364 1012 446 iupiter,
1040 363 1092 426 sed
1112 358 1178 423 sior
1191 364 1229 427 du

104 432 181 513 ἦμαρ
197 437 290 516 alypon
327 440 367 500 Et
384 452 464 503 certe
484 443 661 522 experientia
674 444 812 515 ostendit,
833 444 902 502 dum
921 441 1040 503 sttoniti
1058 460 1149 523 saepe
1167 438 1229 503 bae

104 527 184 653 beret,
203 516 255 598 qui
272 518 395 577 maxime
414 520 562 611 ingeniosi
582 531 665 579 erant
685 541 718 581 ac
737 520 886 612 spllertes,
904 519 934 578 in
954 538 1043 611 mann
1063 529 1094 578 et
1110 516 1229 581 arbitris

104 595 638 731 ..tt5:⁸‘sttli‘3.l5.t'.¹⁰tlti
658 597 867 752 {eutitii
878 606 1229 761 ''illitt‘tssirtl

105 744 169 819 (Ps.
188 752 255 821 107,
273 750 346 824 tt).
396 749 552 808 Caeterum
585 749 615 807 in
641 748 693 809 bae
720 749 885 809 diversitate
911 747 1106 828 conspicimus
1138 756 1229 807 umet

104 821 213 913 aliquas
233 824 372 913 imagines
384 824 441 882 Dei
460 826 629 903 superstites
650 837 744 901 notas,
763 845 837 906 quae
857 837 952 885 totum
973 823 1132 883 humanum
1144 842 1229 907 genu

105 897 144 957 sb
163 899 225 959 aluis
244 912 385 959 creaturus
405 901 591 981 distinguant.
1226 972 1229 983 Ι

182 982 229 1041 18.
267 975 353 1034 Nunc
373 978 576 1055 exponendum
597 988 651 1049 est,
670 976 738 1056 quid
759 988 858 1037 cernat
876 976 1003 1036 hnmana
1022 975 1111 1047 ratio,
1129 972 1229 1035 ubi-at

102 1052 309 1184 {egnumD'ei
328 1054 443 1111 venitur
463 1064 493 1111 et
511 1053 688 1133 spiritualem
708 1053 786 1112 illam
810 1054 1061 1133 perspicientiam:
1086 1070 1166 1131 quae
1183 1050 1229 1111 iri

107 1150 168 1262 il.
181 1129 474 1294 tilit'ssliili
489 1131 1229 1266 ,liliii’uli‘iiiniiii‘'npiliiiliai‘iieli

104 1277 175 1338 duum
193 1278 281 1361 Legis
302 1282 443 1360 regulam‘,
468 1282 543 1341 vitae
562 1282 717 1343 rationem.
757 1282 833 1341 Cum
854 1282 1002 1360 inprimis
1025 1278 1157 1351 duobus,
1173 1290 1229 1337 tu·

107 1374 178 1416 vero
203 1357 382 1418 insecundo
404 1360 539 1448 proprie,
559 1359 695 1437 quisunt
715 1359 863 1418 bominum
885 1356 1129 1439 ingeniosissimi,
1153 1354 1192 1415 tal
1213 1354 1222 1371 '

105 1443 175 1564 quot
195 1435 354 1565 ¹qneeiores.
393 1434 535 1525 Equidem
555 1456 616 1493 non
636 1434 761 1524 inficior,
781 1435 901 1567 sparsim
913 1432 1052 1513 quaedam
1073 1430 1150 1522 apud
1168 1374 1229 1527 γε

107 1510 1229 1677 ‚steneli:generentts.infistulatus:

107 1658 164 1719 rllss
176 1660 331 1736 Dominus,
351 1674 384 1722 ut
403 1664 606 1741 supradictum
627 1676 680 1736 est,
700 1665 832 1744 exiguum
846 1665 1000 1722 circumlatis
1019 1680 1090 1720 suae
1108 1672 1229 1795 gnata,

108 1813 251 1874 nonnulla
270 1815 398 1895 impulit,
440 1838 543 1876 uorum
564 1815 748 1875 consessione
769 1817 822 1894 ipsi
843 1816 1102 1904 convincerentur:
1126 1732 1229 1874 ‘qq-iq

108 1888 248 1949 viderunt
268 1912 343 1970 quae
362 1892 427 1955 vide
451 1903 517 1967 ant,
543 1904 576 1951 ut
600 1891 650 1951 tali
670 1892 777 1950 intuitu
793 1892 916 1950 minime
936 1891 972 1949 ad
992 1899 1147 1949 veritatem
1167 1886 1229 1949 (ltn-

108 1977 265 2045 gerentur,
289 1968 396 2027 nedum
416 1970 635 2049 pertingerents
660 1967 784 2046 qualiter
804 1968 941 2027 nocturni
963 1964 1079 2045 fulgetri
1100 1980 1229 2025 consus

108 2042 239 2113 tionem,
263 2045 362 2122 quiin
382 2045 479 2104 medio
500 2066 570 2125 agro
591 2057 635 2105 est
652 2046 763 2117 viator,
793 2045 881 2123 longe
909 2044 1025 2121 lateque
1045 2041 1080 2099 ad
1102 2056 1229 2101 moenem

108 2127 172 2176 tum
182 2119 276 2192 videt,
295 2120 346 2181 sed
366 2120 440 2183 adeo
453 2122 577 2180 evanido
591 2133 719 2199 aspectu,
738 2133 771 2180 ut
791 2133 860 2180 ante
878 2121 972 2178 nnsttis
993 2117 1120 2199 caligine
1140 2134 1229 2177 naon

109 2191 231 2269 beatur,
272 2216 337 2255 uam
358 2199 462 2276 pedem
487 2217 605 2256 movere
625 2209 727 2287 queat:
754 2210 866 2256 tantum
886 2196 968 2255 abest
987 2207 1019 2253 ut
1038 2195 1069 2254 in
1088 2194 1167 2253 riam
1186 2188 1229 2253 Ν

99 2268 239 2330 'subsidio
251 2216 420 2334 deducatur.
458 2274 614 2333 Praeterea
634 2272 700 2331 ullae
713 2274 840 2333 veritatis
858 2273 1000 2351 guttulae,
1021 2269 1128 2361 quibus
1147 2266 1229 2329 libret

107 2355 246 2424 tanquam
272 2348 394 2408 fortuito
414 2361 588 2485 aspergunt,
611 2361 685 2484 quot
709 2362 738 2408 et
763 2371 848 2428 quam
875 2361 1054 2427 portentosis
1078 2344 1229 2406 mendacii

109 2435 178 2482 suut
207 2424 395 2502 inquinatae?
475 2427 580 2504 eoique
605 2426 682 2484 iiam
703 2425 815 2484 diuinae
841 2445 907 2506 erga
934 2445 987 2483 uos
1012 2420 1229 2483 benevolentius

109 2499 318 2568 certitudinem
341 2502 420 2580 (sine
439 2524 494 2581 qua
520 2502 644 2561 bominis
662 2502 813 2593 ingenium
834 2502 971 2561 immensa
996 2498 1172 2559 confusione
1188 2516 1229 2559 n·

107 2571 185 2651 pleri
204 2594 324 2635 necesse
344 2581 400 2654 est)
420 2598 459 2637 ne
478 2579 645 2639 olfecerunt
663 2579 779 2655 quidem
806 2599 942 2656 unquam.
989 2574 1036 2634 Ad
1063 2575 1140 2633 bane
1164 2586 1229 2653 erge

108 2651 262 2741 veritatem
283 2672 338 2711 nec
364 2674 456 2733 appro
481 2657 597 2747 inquot,
622 2674 677 2712 nec
697 2656 865 2725 contendit,
890 2675 945 2713 nec
964 2651 1095 2711 collimat
1113 2648 1229 2739 bumaqt

108 2738 248 2882 {2⁰⁹1ss
266 2728 411 2871 {pisiligat
423 2676 489 2871 qqlq
505 2744 649 2881 sqt⁵vqrpq
657 2730 747 2806 Deus,
767 2730 895 2810 qualisve
914 2750 990 2812 erga·
1002 2748 1057 2789 nos
1076 2746 1141 2817 esse
1159 2722 1229 2786 rell

126 2824 251 2863 v.r.
291 2821 450 2868 .c.·.s·
491 2834 633 2867 a..

185 2886 232 2954 19.
270 2882 331 2941 Sed
351 2884 418 2963 quia
438 2883 507 2945 salsa
527 2884 721 2965 perspicaciae
740 2896 858 2941 nostrae
868 2880 1012 2959 opinione
1029 2878 1116 2955 ebrii,
1134 2894 1229 2959 aega·

108 2955 183 3015 rime
203 2957 289 3019 nobis
307 2962 475 3037 persuaderi
494 2962 622 3031 sinimus,
643 2959 719 3019 illam
741 2959 769 3017 in
792 2960 877 3017 rebus
890 2958 992 3017 divinis
1012 2976 1130 3017 coccam
1150 2972 1229 3034 prus·

109 3052 157 3091 sus
178 3052 240 3092 esse
259 3046 290 3093 et
307 3037 465 3115 stupidam:
490 3039 592 3107 satius,
612 3036 737 3115 opinor,
758 3036 847 3095 fucrit
866 3034 1034 3112 Scripturae
1053 3028 1229 3107 testimoniis,

109 3128 196 3185 quam
215 3111 378 3171 rationibus
402 3113 431 3171 id
451 3113 654 3193 comprobare.
704 3115 771 3173 lloc
795 3112 969 3191 pulcerrime
994 3110 1082 3168 docet
1101 3108 1229 3181 loannq

110 3203 255 3264 eoquens
275 3208 373 3267 nuper
390 3189 475 3249 citavi
499 3189 568 3249 loco
589 3190 648 3266 (lo.
669 3196 704 3263 1,
723 3194 784 3266 4.),
815 3210 905 3267 qnum
933 3186 1034 3246 scribit
1062 3184 1091 3244 in
1112 3178 1229 3243 lieni

108 3259 197 3320 initio
219 3262 306 3323 luisse
326 3265 428 3338 uitam,
449 3280 479 3325 et
499 3286 560 3325 cam
580 3268 671 3324 vitam
690 3286 765 3344 quae
785 3272 861 3324 esset
880 3264 925 3322 lux
945 3262 1114 3329 bominoma
1137 3258 1229 3325 luca

109 3334 186 3396 banc
204 3340 234 3397 in
253 3340 384 3400 tenebris
404 3342 518 3416 lucere,
544 3354 574 3403 et
593 3363 608 3400 a
634 3342 764 3400 tenebris
785 3362 844 3400 non
866 3337 1085 3418 comprehendi.
1123 3335 1229 3395 Indiui

109 3412 227 3489 quidem
249 3415 371 3479 bominis
396 3420 520 3479 animam
547 3418 666 3499 fulgore
684 3419 797 3479 divinae
823 3417 894 3475 lucis
919 3414 1068 3491 irradiari,
1103 3424 1138 3473 ut
1161 3430 1229 3471 nas

109 3508 197 3566 quam
217 3490 303 3571 plane
322 3492 368 3551 vel
389 3497 488 3577 exigua
508 3494 608 3555 saltem
630 3495 690 3555 eius
709 3495 835 3566 flamma,
853 3492 900 3551 vel
919 3491 1021 3551 saltem
1040 3488 1165 3549 scintilla
1184 3486 1229 3553 dei

108 3565 263 3627 stitnatur:
288 3570 339 3628 sed
364 3590 397 3628 ea
417 3584 515 3639 tamen
541 3571 753 3630 illuminatione
772 3570 869 3628 Deum
895 3564 1229 3646 noncomprebendm

109 3640 174 3701 Cur
193 3643 242 3704 idi
273 3646 339 3723 quia
369 3648 431 3705 eius
458 3669 596 3720 acumen,
621 3660 760 3726 qnantum
786 3646 821 3705 ad
841 3646 899 3704 Dei
920 3645 1071 3715 notitiam,
1094 3644 1229 3703 mered

107 3718 214 3854 caligo.
254 3720 354 3813 Quum
372 3724 451 3813 epius
469 3724 603 3815 'Spiritus’
619 3723 750 3815 homines
770 3721 897 3856 appellat
916 3720 1063 3792 tenebras,
1082 3738 1135 3780 eos
1153 3706 1229 3803 nd·

108 3799 890 3957 itttbl't‘ttttllli:liliitibitibi?
907 3794 1229 3953 „itltlliiitii

11 3956 21 3973 ‘
107 3951 203 4009 carnis
223 3962 273 4009 ant
290 3951 362 4027 viri,
386 3954 437 4011 sed
466 3972 499 4011 ex
518 3953 585 4012 Deo
606 3966 690 4012 natos
710 3952 812 4011 asserit
831 3950 891 4026 (lo.
914 3958 940 4021 l,
960 3951 1030 4025 itt).
1081 3940 1229 4031 Quasi&

106 4038 201 4097 seret,
219 4047 281 4085 non
302 4047 365 4088 esse
384 4040 443 4099 tam
461 4029 591 4089 sublimis
610 4028 770 4120 sapientiae
790 4046 921 4117 capacem
942 4046 1070 4096 carnem,
1090 4024 1229 4089 utitem

110 4110 141 4159 et
160 4103 240 4181 quod
258 4104 317 4164 Dei
338 4118 398 4182 est,
424 4128 488 4165 susc
523 4108 575 4177 iat,
600 4106 654 4165 nisu
674 4105 731 4162 liei
751 4105 865 4184 Spiritu
890 4104 1080 4161 illuminetur.
1125 4100 1229 4187 qu·

108 4177 265 4239 admodum
287 4194 408 4243 testatos
433 4194 477 4242 est
510 4183 629 4244 :hristus
655 4180 773 4257 (blattb.
792 4187 846 4255 16,
867 4182 946 4256 ᾖ),
977 4178 1053 4238 banc
1082 4170 1229 4259 special!

105 4270 170 4315 esse
188 4254 284 4319 Patris
303 4261 526 4337 revelationem,
546 4258 627 4339 quod
646 4279 664 4319 a
683 4258 776 4319 Petro
795 4267 1015 4340 agnosceretur.
