2700 4732
456 222 534 285 tut
552 222 578 286 Ι.
617 222 709 287 CAP.
727 221 814 285 Vlll.
1163 226 1205 289 ω

79 367 257 431 oblicarerit
275 370 392 444 blosm,
419 368 485 449 quis
503 368 635 504 fingendi
654 367 736 430 locos
756 366 811 429 luit
829 364 907 449 apud
927 366 937 427 i
958 386 1006 428 sos
1025 385 1123 427 rerum
1143 385 1201 447 ge·

79 460 169 507 tarum
189 445 326 507 oculatos
344 444 454 506 testes?
491 446 613 507 Srircet
639 446 794 525 prodiisset
818 445 849 505 io
876 464 922 503 me
943 464 1020 517 rum,
1044 464 1077 504 ac
1123 461 1201 523 opo-

79 544 119 583 rm
138 520 339 594 infidelitatis,
367 523 585 595 contumaciae,
612 520 832 603 ingratitudinis
856 521 1039 599 aliorumque
1056 538 1201 579 socerum

79 618 347 735 norguensgsnam·
362 598 525 690 doctrinm
545 598 598 690 sub
620 600 749 691 ipsorum
771 610 933 689 conspectu
952 597 1087 657 iactasset
1104 596 1200 657 sanci·

79 696 120 735 '⁰
134 693 286 815 amisii
299 674 968 840 ii'iii'l'silii‘iliiulfqi'ilirl'diiili
985 748 1022 808 a
1041 748 1199 823 mersae,
1220 738 1235 777 ⁴

79 824 148 887 inrnl
170 826 275 888 odiose
301 828 442 909 coniungi
466 847 540 905 quae
570 838 666 887 totum
698 826 841 908 populum
864 824 1015 887 stimulare
1045 826 1081 891 ad
1106 825 1200 886 reela·

79 902 200 963 oaodnm
218 914 369 983 poteraut,
389 904 413 962 si
432 902 477 962 vel
497 903 614 962 minima
636 903 737 963 luisset
754 905 886 963 occasio:
906 903 985 961 unde
995 913 1118 983 apparet
1135 921 1197 963 non

79 978 150 1039 liter
172 990 206 1038 nt
228 978 454 1039 subscriberent
480 978 567 1040 fuisse
589 980 747 1054 adductos,
780 981 833 1039 nisi
854 980 921 1059 quia
947 978 1012 1058 plus
1035 978 1103 1038 satis
1122 996 1198 1039 con·

79 1056 129 1115 icti
148 1068 232 1115 erant
254 1077 305 1116 sua
325 1055 514 1135 experientia.
567 1057 725 1117 Caeterum
746 1056 884 1134 quoniam
905 1076 951 1117 res
971 1067 1034 1115 erat
1053 1052 1196 1115 illustrior

79 1152 146 1267 {¹⁸¹2
161 1130 573 1269 ttt'tllla’iltlttltt
588 1132 648 1267 “li
650 1154 713 1267 ’Ὗ
713 1130 1159 1269 ,5⁵⁵‘lt‘t13a2‘lffilt2‘
1171 1149 1196 1265 i

79 1230 236 1374 ismartibns
261 1250 413 1343 aselibens
432 1284 541 1361 (Esod.
559 1229 686 1359 9:³11gg
700 1230 788 1344 sSed
805 1307 861 1365 qoa
884 1230 1054 1345 coniecclbla
1075 1305 1120 1344 ma
1150 1228 1194 1343 grn

79 1380 144 1421 tnse
163 1360 337 1421 insimulant
377 1360 406 1419 oi
426 1372 582 1441 tantopere
602 1361 638 1420 ab
680 1381 712 1420 ac
731 1362 939 1439 superstitione
960 1362 1100 1423 abhorret
1118 1304 1194 1439 flle-

79 1438 105 1495 it.
123 1443 181 1511 3⁰,
200 1438 262 1513 fu),
293 1448 328 1496 ut
355 1381 503 1515 lapidibus
526 1438 655 1497 obmcre
680 1438 779 1497 iubeat
799 1440 848 1518 qui
874 1450 986 1498 tautum
1011 1437 1194 1500 consuluerit

79 1512 365 1652 iliffisissil'ii
378 1513 1194 1668 ·‘stt03¹⁶{ltsltttttttttlitltllla‘¹⁰⁵Q'ttl'

78 1613 164 1727 rtemp
174 1666 296 1727 Moses?
330 1611 417 1726 seg'et
446 1666 566 1727 fratrem
587 1612 737 1727 Aaronenl
759 1667 831 1726 nibil
857 1687 919 1727 esse
938 1666 1064 1729 clamans
1083 1668 1193 1747 (Exod.

79 1746 181 1817 Η),
200 1741 254 1805 aed
275 1753 388 1803 tautum
409 1744 525 1821 exsequi
547 1762 622 1823 quae
643 1744 723 1802 Deus
744 1744 943 1823 praescripsit,
961 1746 1029 1803 satis
1048 1745 1193 1827 abstergit

79 1840 174 1879 nnetn
193 1819 340 1881 ninistrans
360 1831 471 1879 noum.
520 1820 585 1879 lam
609 1820 634 1880 si
654 1840 700 1878 res
725 1821 806 1899 ipsae
831 1820 1069 1893 considerantur,
1100 1842 1192 1901 quae-

79 1916 120 1955 am
138 1895 306 1957 incantatio
328 1895 426 1955 iacere
449 1896 561 1974 potuit,
585 1908 619 1955 ut
638 1897 706 1955 blan
727 1915 744 1954 e
764 1895 850 1956 coelo
871 1896 1005 1975 quotidie
1026 1895 1128 1976 pluens
1152 1898 1191 1958 ad

79 1972 197 2109 που
216 1970 356 2032 alendum
375 1971 538 2031 sufficeret:
562 1973 587 2031 si
607 1974 672 2051 quis
692 1972 756 2052 plus
778 1974 849 2031 iusta
875 1992 1009 2032 mensura
1029 1974 1192 2035 resositottt

78 2069 94 2108 a
166 2060 194 2123 t,
223 2068 259 2109 ea
285 2050 348 2129 ipsa
375 2048 530 2128 putredine
556 2050 680 2109 disceret
701 2050 934 2108 incredulitatem
954 2070 1034 2108 suam
1055 1996 1191 2110 divinitus

80 2124 172 2185 uniri?
208 2123 297 2185 Adde
317 2128 397 2202 qnod
422 2123 519 2184 multis
538 2126 620 2183 seriis
646 2125 869 2205 probationibus
888 2127 929 2183 sie
949 2126 1104 2185 examinari
1124 2148 1191 2205 pas-

79 2222 106 2261 ne
123 2212 169 2261 est
186 2200 268 2261 Dens
286 2222 401 2260 servom
426 2222 527 2271 suram,
550 2215 583 2259 ut
608 2223 687 2260 uuue
712 2201 912 2279 obstrependo
938 2201 1009 2260 nibil
1034 2202 1191 2283 proficiant

79 2277 193 2355 nprobi.
232 2278 362 2352 Quoties
382 2277 459 2336 enim
479 2278 605 2356 superbe
626 2290 657 2335 et
676 2277 842 2355 petulanter
862 2299 939 2337 nuuc
949 2280 1073 2339 surrexit
1092 2300 1189 2361 popo-

79 2375 110 2425 n,
128 2373 211 2415 nunc
229 2353 348 2432 qnidam
368 2352 447 2411 inter
464 2372 496 2413 se
515 2354 723 2432 conspirando,
742 2366 872 2413 sanctum
894 2354 949 2415 llei
969 2376 1085 2414 serrum
1105 2374 1190 2416 ever·

79 2448 118 2489 tre
135 2432 239 2490 conati
263 2441 346 2501 sunt,
376 2450 477 2489 eorum
508 2432 638 2489 sororem
668 2430 829 2509 praestigiis
854 2430 973 2489 eludere
998 2434 1047 2510 qui
1073 2430 1188 2511 potuit?

80 2517 239 2566 tes-entus
271 2506 364 2585 palam
394 2507 496 2580 docet,
527 2505 583 2566 boc
610 2510 700 2567 modo
727 2510 864 2567 sancitam
895 2509 924 2565 iu
951 2510 1050 2569 omnia
1073 2506 1188 2570 saecula

79 2586 138 2643 iisse
158 2584 224 2642 eins
244 2582 418 2641 doctrinam.

125 2666 154 2723 7.
196 2658 319 2717 ddbaec
338 2660 418 2737 quod
438 2658 527 2719 tribui
547 2660 618 2718 luda
638 2661 668 2718 in
690 2681 814 2740 persona
829 2660 1010 2721 Patriarebae
1031 2661 1121 2723 lacob
1141 2682 1187 2721 aa·

79 2747 145 2817 goat
165 2736 363 2815 principatum
384 2734 478 2810 (Gen.
498 2744 547 2810 to,
569 2740 646 2811 tlt),
678 2740 742 2817 quis
767 2752 857 2819 neget
880 2739 983 2817 spiritu
1011 2738 1187 2818 prophetico

80 2824 159 2871 etum
181 2831 262 2871 esse:
289 2814 456 2890 praesertim
476 2815 499 2871 si
519 2834 580 2871 rem
601 2814 708 2891 ipsam,
733 2826 765 2871 ut
786 2828 891 2873 eventu
911 2812 1101 2894 comprobata
1121 2814 1188 2889 tuit,

79 2888 230 2969 agitationi
257 2900 373 2946 nostrae
397 2889 585 2948 subiicimus?
625 2891 718 2969 l'iuge
743 2890 847 2949 blesen
873 2891 996 2967 primurn
1022 2910 1084 2950 esse
1108 2890 1187 2951 rati-

79 2969 116 3024 nis
137 2976 311 3024 auctorem:
340 2986 373 3022 er
393 2986 452 3043 quo
483 2977 580 3024 tamen
606 2966 746 3044 seriptum
777 2968 834 3026 bec
859 2970 1019 3025 memoriae
1066 2966 1187 3041 redidit,

79 3052 246 3103 :aeterennt
266 3041 333 3099 anni
347 3042 565 3121 quadringenti,
580 3044 686 3122 quibus
706 3042 784 3101 nulla
798 3054 841 3101 est
860 3043 891 3101 iu
902 3044 978 3101 tribu
996 2988 1067 3102 lud:
1077 3044 1186 3131 sceptri

81 3119 173 3177 entio.
213 3118 289 3176 Post
309 3118 425 3176 Saulem
447 3119 649 3199 inauguratum
670 3117 784 3177 ridetur
804 3120 883 3199 regia
903 3132 1032 3197 potestas
1052 3118 1082 3177 iu
1103 3118 1183 3178 trsbu

79 3196 204 3255 coia-in
233 3194 361 3252 residere
387 3196 427 3269 (l.
447 3196 527 3253 Sam.
548 3202 602 3265 11,
625 3203 667 3259 15.
689 3200 743 3266 td,
764 3202 835 3271 ·t.3.).
887 3197 987 3271 Quum
1012 3218 1028 3255 a
1048 3194 1186 3254 Samuele

79 3276 171 3351 agitur
190 3270 305 3343 Dauid,
335 3292 475 3349 quaenam
500 3272 563 3329 eius
585 3272 806 3330 transferendae
830 3272 903 3331 ratio
930 3271 1068 3351 apparet?
1108 3270 1187 3345 Quis

79 3358 318 3481 ege-'pperasset
337 3368 370 3405 er
391 3344 504 3426 plebeia
532 3348 657 3405 bominis
684 3348 811 3426 pecuarii
836 3349 926 3407 domo
946 3347 1109 3409 exiturum?
1146 3347 1187 3406 Et

79 3446 205 3559 lbbnssbt?
242 3500 311 3574 Qua
330 3500 436 3557 deinde
457 3501 570 3559 ratione
589 3500 624 3560 ad
645 3521 726 3578 spem
747 3500 831 3579 regni
851 3500 1004 3579 pers-enit?
1035 3499 1112 3573 Quis
1131 3498 1186 3557 lm·

79 3597 140 3634 tana
159 3588 220 3635 arte
235 3576 281 3635 rel
303 3576 441 3635 industria
455 3576 500 3634 vel
520 3576 674 3667 prudentia
696 3576 888 3655 gubernatam
909 3577 996 3635 luisse
1012 3577 1185 3635 unctionem

79 3652 142 3725 icat,
161 3674 193 3713 ae
211 3675 274 3712 non
294 3653 392 3731 potius
412 3654 539 3711 raticinsi
559 3653 692 3712 coelestis
712 3652 960 3731 complementum
981 3652 1062 3712 esse?
1094 3651 1185 3709 Simi-

79 3744 213 3867 tall?
238 3728 501 3865 ‘'allilia“
519 3727 1187 3865 llil¹2⁵„ll„„3⁰ttlt2³⁵2m⁰l33t¹⁶2l⁵tzl

82 3884 152 3942 rino
170 3850 272 3942 aillato
298 3828 392 3962 ipslrm
420 3880 575 3960 loquutum
601 3902 663 3939 csse
690 3882 782 3960 palam
808 3880 937 3940 faciunt?
977 3844 1095 3937 (lmiltu
1115 3876 1186 3935 alias

79 3960 273 4031 afflictiones,
293 3979 368 4038 qnae
380 3958 505 4017 dis-inam
526 3956 733 4016 revelationem
755 3958 794 4016 ita
814 3957 899 4036 plane
918 3958 1039 4035 spirant,
1059 3964 1092 4011 ut
1111 3952 1188 4010 sanis

79 4037 218 4097 ominibus
238 4047 357 4097 constet
374 4035 473 4093 Deum
493 4054 556 4093 esse
576 4035 627 4113 qui
648 4036 787 4113 loquitur.
826 4034 975 4101 Breviter,
996 4050 1084 4089 sinum
1105 4030 1187 4087 (iau-

79 4134 139 4172 rum
164 4114 270 4191 (Dent.
293 4116 359 4189 32)
389 4110 501 4171 illustre
521 4111 672 4191 speculum
700 4122 760 4185 est,
788 4109 817 4169 in
844 4130 904 4189 quo
926 4110 1006 4167 Deus
1037 4106 1189 4165 euidenter

79 4210 156 4249 rare

88 4203 179 4332 pst.
191 4267 226 4327 ln
256 4264 380 4347 reliquis
411 4275 507 4324 antem
537 4263 697 4344 Prophetis
721 4262 816 4324 multo
841 4263 999 4321 etiamnum
1023 4256 1130 4317 elarius
1161 4254 1190 4313 id

195 3424 221 3483 ic
240 3434 352 3502 septem
373 3435 470 3482 essent
489 3424 607 3496 fratres,
633 3425 696 3502 quis
722 3425 842 3483 minimo
870 3436 939 3482 uatu
968 3424 1111 3483 bonorem
1132 3422 1186 3481 de-

79 4346 187 4404 smitnr.
225 4344 328 4405 Pauca
348 4354 463 4402 tontum
483 4342 615 4422 exempla
635 4342 780 4423 deligam,
809 4341 876 4419 quia
898 4340 927 4396 io
948 4335 1086 4397 omuibus
1106 4331 1192 4392 colli-

79 4442 164 4491 Calvisi
178 4446 300 4493 tnstttrts'o
314 4445 337 4489 1.
