<?xml version="1.0" encoding="UTF-8"?>
<!DOCTYPE html PUBLIC "-//W3C//DTD XHTML 1.0 Transitional//EN"
    "http://www.w3.org/TR/xhtml1/DTD/xhtml1-transitional.dtd">
<html xmlns="http://www.w3.org/1999/xhtml" xml:lang="en" lang="en">
 <head>
  <title>
</title>
<meta http-equiv="Content-Type" content="text/html;charset=utf-8" />
  <meta name='ocr-system' content='tesseract 3.04.00' />
  <meta name='ocr-capabilities' content='ocr_page ocr_carea ocr_par ocr_line ocrx_word'/>
</head>
<body>
  <div class='ocr_page' id='page_1' title='image "./ioanniscalvinii02tholgoog/ioanniscalvinii02tholgoog_0194.png"; bbox 0 0 2596 4726; ppageno 0'>
   <div class='ocr_carea' id='block_1_1' title="bbox 484 218 1210 292">
    <p class='ocr_par' dir='ltr' id='par_1_1' title="bbox 484 218 1210 292">
     <span class='ocr_line' id='line_1_1' title="bbox 484 218 1210 292; baseline 0.015 -11"><span class='ocrx_word' id='word_1_1' title='bbox 484 218 560 286; x_wconf 73' lang='grc' dir='ltr'>ΜΒ.</span> <span class='ocrx_word' id='word_1_2' title='bbox 579 219 620 282; x_wconf 86' lang='grc' dir='ltr'>ΙΙ.</span> <span class='ocrx_word' id='word_1_3' title='bbox 660 221 755 285; x_wconf 80' lang='lat' dir='ltr'>CAP..</span> <span class='ocrx_word' id='word_1_4' title='bbox 767 222 809 282; x_wconf 86' lang='lat'>11.</span> <span class='ocrx_word' id='word_1_5' title='bbox 1152 232 1210 292; x_wconf 77' lang='lat'>¹81</span> 
     </span>
    </p>
   </div>
   <div class='ocr_carea' id='block_1_2' title="bbox 10 362 1268 4414">
    <p class='ocr_par' dir='ltr' id='par_1_2' title="bbox 69 362 1268 1208">
     <span class='ocr_line' id='line_1_2' title="bbox 69 362 1208 449; baseline 0.003 -23"><span class='ocrx_word' id='word_1_6' title='bbox 69 362 173 437; x_wconf 88' lang='lat' dir='ltr'>rendo,</span> <span class='ocrx_word' id='word_1_7' title='bbox 193 382 285 445; x_wconf 85' lang='lat' dir='ltr'>quam</span> <span class='ocrx_word' id='word_1_8' title='bbox 305 363 347 425; x_wconf 91' lang='lat' dir='ltr'>sit</span> <span class='ocrx_word' id='word_1_9' title='bbox 365 363 403 424; x_wconf 90' lang='lat' dir='ltr'>ad</span> <span class='ocrx_word' id='word_1_10' title='bbox 423 364 514 445; x_wconf 86' lang='lat' dir='ltr'>ipsam</span> <span class='ocrx_word' id='word_1_11' title='bbox 528 366 725 447; x_wconf 77' lang='lat' dir='ltr'>quaerendam</span> <span class='ocrx_word' id='word_1_12' title='bbox 744 378 777 427; x_wconf 90' lang='lat' dir='ltr'>et</span> <span class='ocrx_word' id='word_1_13' title='bbox 795 365 1001 427; x_wconf 77' lang='lat' dir='ltr'>inveniendam</span> <span class='ocrx_word' id='word_1_14' title='bbox 1019 369 1118 447; x_wconf 90' lang='lat' dir='ltr'>inepta</span> <span class='ocrx_word' id='word_1_15' title='bbox 1138 388 1208 449; x_wconf 92' lang='lat' dir='ltr'>pro·</span> 
     </span>
     <span class='ocr_line' id='line_1_3' title="bbox 72 440 1250 525; baseline 0.003 -23"><span class='ocrx_word' id='word_1_16' title='bbox 72 442 118 503; x_wconf 87' lang='lat' dir='ltr'>dit.</span> <span class='ocrx_word' id='word_1_17' title='bbox 155 442 263 501; x_wconf 79' lang='lat' dir='ltr'>Altera</span> <span class='ocrx_word' id='word_1_18' title='bbox 284 440 396 501; x_wconf 89' lang='lat' dir='ltr'>deinde</span> <span class='ocrx_word' id='word_1_19' title='bbox 414 442 543 501; x_wconf 79' lang='lat' dir='ltr'>vanitate</span> <span class='ocrx_word' id='word_1_20' title='bbox 562 444 691 523; x_wconf 84' lang='lat' dir='ltr'>graviter</span> <span class='ocrx_word' id='word_1_21' title='bbox 710 444 839 503; x_wconf 87' lang='lat' dir='ltr'>laborat:</span> <span class='ocrx_word' id='word_1_22' title='bbox 887 446 945 503; x_wconf 91' lang='lat' dir='ltr'>uod</span> <span class='ocrx_word' id='word_1_23' title='bbox 965 445 996 503; x_wconf 93' lang='lat' dir='ltr'>iu</span> <span class='ocrx_word' id='word_1_24' title='bbox 1016 466 1139 525; x_wconf 91' lang='lat' dir='ltr'>quarum</span> <span class='ocrx_word' id='word_1_25' title='bbox 1161 467 1207 505; x_wconf 91' lang='lat' dir='ltr'>re·</span> <span class='ocrx_word' id='word_1_26' title='bbox 1247 511 1250 515; x_wconf 58' lang='grc'><em>,</em></span> 
     </span>
     <span class='ocr_line' id='line_1_4' title="bbox 70 465 1206 601; baseline 0.003 -23"><span class='ocrx_word' id='word_1_27' title='bbox 70 540 129 579; x_wconf 82' lang='lat' dir='ltr'>ram</span> <span class='ocrx_word' id='word_1_28' title='bbox 149 519 288 577; x_wconf 77' lang='lat' dir='ltr'>notitiam</span> <span class='ocrx_word' id='word_1_29' title='bbox 309 518 483 577; x_wconf 88' lang='lat' dir='ltr'>incumbere</span> <span class='ocrx_word' id='word_1_30' title='bbox 493 521 637 599; x_wconf 79' lang='lat' dir='ltr'>expediat,</span> <span class='ocrx_word' id='word_1_31' title='bbox 656 519 770 599; x_wconf 87' lang='lat' dir='ltr'>saepius</span> <span class='ocrx_word' id='word_1_32' title='bbox 790 541 850 579; x_wconf 91' lang='lat' dir='ltr'>noo</span> <span class='ocrx_word' id='word_1_33' title='bbox 864 465 1013 579; x_wconf 80' lang='lat' dir='ltr'>discernit.</span> <span class='ocrx_word' id='word_1_34' title='bbox 1052 522 1206 601; x_wconf 85' lang='lat' dir='ltr'>ltaquc.in</span> 
     </span>
     <span class='ocr_line' id='line_1_5' title="bbox 72 594 1206 674; baseline 0.001 -18"><span class='ocrx_word' id='word_1_35' title='bbox 72 594 263 674; x_wconf 74' lang='lat' dir='ltr'>disquirendis</span> <span class='ocrx_word' id='word_1_36' title='bbox 279 596 472 673; x_wconf 77' lang='lat' dir='ltr'>supervacuis</span> <span class='ocrx_word' id='word_1_37' title='bbox 490 616 524 655; x_wconf 94' lang='lat' dir='ltr'>ac</span> <span class='ocrx_word' id='word_1_38' title='bbox 551 596 634 655; x_wconf 84' lang='lat' dir='ltr'>nihili</span> <span class='ocrx_word' id='word_1_39' title='bbox 654 596 741 656; x_wconf 87' lang='lat' dir='ltr'>rebus</span> <span class='ocrx_word' id='word_1_40' title='bbox 760 596 881 655; x_wconf 88' lang='lat' dir='ltr'>ridicula</span> <span class='ocrx_word' id='word_1_41' title='bbox 902 598 1070 657; x_wconf 76' lang='lat' dir='ltr'>curiositate</span> <span class='ocrx_word' id='word_1_42' title='bbox 1089 619 1121 656; x_wconf 84' lang='lat' dir='ltr'>se</span> <span class='ocrx_word' id='word_1_43' title='bbox 1140 611 1206 657; x_wconf 88' lang='lat' dir='ltr'>tor-</span> 
     </span>
     <span class='ocr_line' id='line_1_6' title="bbox 72 670 1205 751; baseline 0.004 -22"><span class='ocrx_word' id='word_1_44' title='bbox 72 684 150 751; x_wconf 86' lang='lat' dir='ltr'>quet:</span> <span class='ocrx_word' id='word_1_45' title='bbox 169 670 207 731; x_wconf 85' lang='lat' dir='ltr'>ad</span> <span class='ocrx_word' id='word_1_46' title='bbox 227 691 276 731; x_wconf 88' lang='lat' dir='ltr'>res</span> <span class='ocrx_word' id='word_1_47' title='bbox 296 671 553 749; x_wconf 81' lang='lat' dir='ltr'>marimeeognitu</span> <span class='ocrx_word' id='word_1_48' title='bbox 568 674 741 732; x_wconf 84' lang='lat' dir='ltr'>necessarias</span> <span class='ocrx_word' id='word_1_49' title='bbox 760 684 811 731; x_wconf 90' lang='lat' dir='ltr'>aut</span> <span class='ocrx_word' id='word_1_50' title='bbox 830 693 891 731; x_wconf 92' lang='lat' dir='ltr'>non</span> <span class='ocrx_word' id='word_1_51' title='bbox 912 673 1046 748; x_wconf 87' lang='lat' dir='ltr'>advertit,</span> <span class='ocrx_word' id='word_1_52' title='bbox 1064 687 1114 733; x_wconf 91' lang='lat' dir='ltr'>aut</span> <span class='ocrx_word' id='word_1_53' title='bbox 1133 696 1205 734; x_wconf 89' lang='lat' dir='ltr'>eon·</span> 
     </span>
     <span class='ocr_line' id='line_1_7' title="bbox 72 747 1204 827; baseline 0.001 -19"><span class='ocrx_word' id='word_1_54' title='bbox 72 760 124 808; x_wconf 87' lang='lat' dir='ltr'>tern</span> <span class='ocrx_word' id='word_1_55' title='bbox 147 748 202 807; x_wconf 86' lang='lat' dir='ltr'>tim</span> <span class='ocrx_word' id='word_1_56' title='bbox 223 760 256 807; x_wconf 92' lang='lat' dir='ltr'>et</span> <span class='ocrx_word' id='word_1_57' title='bbox 275 768 344 807; x_wconf 93' lang='lat' dir='ltr'>raro</span> <span class='ocrx_word' id='word_1_58' title='bbox 365 747 510 807; x_wconf 87' lang='lat' dir='ltr'>dellertit:</span> <span class='ocrx_word' id='word_1_59' title='bbox 541 749 669 808; x_wconf 88' lang='lat' dir='ltr'>studium</span> <span class='ocrx_word' id='word_1_60' title='bbox 696 762 776 808; x_wconf 89' lang='lat' dir='ltr'>certe</span> <span class='ocrx_word' id='word_1_61' title='bbox 799 770 883 807; x_wconf 91' lang='lat' dir='ltr'>suum</span> <span class='ocrx_word' id='word_1_62' title='bbox 908 750 953 808; x_wconf 83' lang='lat' dir='ltr'>vix</span> <span class='ocrx_word' id='word_1_63' title='bbox 978 768 1105 827; x_wconf 89' lang='lat' dir='ltr'>uuquam</span> <span class='ocrx_word' id='word_1_64' title='bbox 1125 752 1204 809; x_wconf 91' lang='lat' dir='ltr'>serio</span> 
     </span>
     <span class='ocr_line' id='line_1_8' title="bbox 73 768 1205 905; baseline 0 -20"><span class='ocrx_word' id='word_1_65' title='bbox 73 768 201 905; x_wconf 67' lang='lat' dir='ltr'>appbeat.</span> <span class='ocrx_word' id='word_1_66' title='bbox 252 824 302 883; x_wconf 84' lang='lat' dir='ltr'>lle</span> <span class='ocrx_word' id='word_1_67' title='bbox 327 844 384 903; x_wconf 85' lang='lat' dir='ltr'>qua</span> <span class='ocrx_word' id='word_1_68' title='bbox 416 825 558 902; x_wconf 79' lang='lat' dir='ltr'>pravitate</span> <span class='ocrx_word' id='word_1_69' title='bbox 589 847 677 904; x_wconf 92' lang='lat' dir='ltr'>quum</span> <span class='ocrx_word' id='word_1_70' title='bbox 708 826 813 905; x_wconf 88' lang='lat' dir='ltr'>passim</span> <span class='ocrx_word' id='word_1_71' title='bbox 839 838 1060 903; x_wconf 71' lang='lat' dir='ltr'>conquerantur</span> <span class='ocrx_word' id='word_1_72' title='bbox 1089 826 1205 905; x_wconf 79' lang='lat' dir='ltr'>profani</span> 
     </span>
     <span class='ocr_line' id='line_1_9' title="bbox 72 898 1205 981; baseline 0 -20"><span class='ocrx_word' id='word_1_73' title='bbox 72 902 240 981; x_wconf 86' lang='lat' dir='ltr'>ssriptores,</span> <span class='ocrx_word' id='word_1_74' title='bbox 259 920 364 960; x_wconf 89' lang='lat' dir='ltr'>omnes</span> <span class='ocrx_word' id='word_1_75' title='bbox 386 898 448 960; x_wconf 83' lang='lat' dir='ltr'>iere</span> <span class='ocrx_word' id='word_1_76' title='bbox 467 921 499 961; x_wconf 87' lang='lat' dir='ltr'>se</span> <span class='ocrx_word' id='word_1_77' title='bbox 519 920 552 959; x_wconf 90' lang='lat' dir='ltr'>ea</span> <span class='ocrx_word' id='word_1_78' title='bbox 572 901 749 981; x_wconf 84' lang='lat' dir='ltr'>implicuisse</span> <span class='ocrx_word' id='word_1_79' title='bbox 762 902 994 980; x_wconf 88' lang='lat' dir='ltr'>comperiuntur.</span> <span class='ocrx_word' id='word_1_80' title='bbox 1035 902 1136 975; x_wconf 84' lang='lat' dir='ltr'>Quare</span> <span class='ocrx_word' id='word_1_81' title='bbox 1148 904 1205 961; x_wconf 83' lang='lat' dir='ltr'>Sa-</span> 
     </span>
     <span class='ocr_line' id='line_1_10' title="bbox 72 976 1202 1055; baseline 0.002 -20"><span class='ocrx_word' id='word_1_82' title='bbox 72 976 168 1035; x_wconf 90' lang='lat' dir='ltr'>lornon</span> <span class='ocrx_word' id='word_1_83' title='bbox 188 978 220 1035; x_wconf 92' lang='lat' dir='ltr'>in</span> <span class='ocrx_word' id='word_1_84' title='bbox 242 989 310 1037; x_wconf 86' lang='lat' dir='ltr'>toto</span> <span class='ocrx_word' id='word_1_85' title='bbox 331 997 386 1036; x_wconf 87' lang='lat' dir='ltr'>suo</span> <span class='ocrx_word' id='word_1_86' title='bbox 404 976 598 1049; x_wconf 77' lang='lat' dir='ltr'>Ecclesiaste,</span> <span class='ocrx_word' id='word_1_87' title='bbox 628 978 679 1036; x_wconf 91' lang='lat' dir='ltr'>ubi</span> <span class='ocrx_word' id='word_1_88' title='bbox 699 998 733 1036; x_wconf 91' lang='lat' dir='ltr'>ea</span> <span class='ocrx_word' id='word_1_89' title='bbox 752 977 846 1037; x_wconf 77' lang='lat' dir='ltr'>studia</span> <span class='ocrx_word' id='word_1_90' title='bbox 867 990 910 1035; x_wconf 84' lang='lat' dir='ltr'>cst</span> <span class='ocrx_word' id='word_1_91' title='bbox 931 990 1141 1055; x_wconf 80' lang='lat' dir='ltr'>persequutus,</span> <span class='ocrx_word' id='word_1_92' title='bbox 1172 980 1202 1037; x_wconf 91' lang='lat' dir='ltr'>in</span> 
     </span>
     <span class='ocr_line' id='line_1_11' title="bbox 89 1052 1268 1133; baseline 0.003 -22"><span class='ocrx_word' id='word_1_93' title='bbox 89 1052 171 1113; x_wconf 88' lang='lat' dir='ltr'>uibus</span> <span class='ocrx_word' id='word_1_94' title='bbox 189 1054 248 1113; x_wconf 88' lang='lat' dir='ltr'>sibi</span> <span class='ocrx_word' id='word_1_95' title='bbox 268 1052 408 1113; x_wconf 87' lang='lat' dir='ltr'>ridentur</span> <span class='ocrx_word' id='word_1_96' title='bbox 427 1052 560 1113; x_wconf 85' lang='lat' dir='ltr'>homines</span> <span class='ocrx_word' id='word_1_97' title='bbox 580 1053 665 1113; x_wconf 83' lang='lat' dir='ltr'>valde</span> <span class='ocrx_word' id='word_1_98' title='bbox 694 1072 812 1133; x_wconf 89' lang='lat' dir='ltr'>sapere,</span> <span class='ocrx_word' id='word_1_99' title='bbox 843 1053 940 1112; x_wconf 89' lang='lat' dir='ltr'>inania</span> <span class='ocrx_word' id='word_1_100' title='bbox 966 1066 1063 1113; x_wconf 77' lang='lat' dir='ltr'>tanuen</span> <span class='ocrx_word' id='word_1_101' title='bbox 1091 1074 1153 1114; x_wconf 87' lang='lat' dir='ltr'>esse</span> <span class='ocrx_word' id='word_1_102' title='bbox 1173 1067 1204 1114; x_wconf 92' lang='lat' dir='ltr'>et</span> <span class='ocrx_word' id='word_1_103' title='bbox 1263 1076 1268 1085; x_wconf 76' lang='grc'>’</span> 
     </span>
     <span class='ocr_line' id='line_1_12' title="bbox 71 1074 376 1208; baseline -0.01 -17"><span class='ocrx_word' id='word_1_104' title='bbox 71 1074 168 1191; x_wconf 79' lang='lat' dir='ltr'>birola</span> <span class='ocrx_word' id='word_1_105' title='bbox 189 1129 376 1208; x_wconf 84' lang='lat' dir='ltr'>pronuntiat.</span> 
     </span>
    </p>

    <p class='ocr_par' dir='ltr' id='par_1_3' title="bbox 10 1204 1201 1517">
     <span class='ocr_line' id='line_1_13' title="bbox 138 1204 1201 1284; baseline -0.002 -19"><span class='ocrx_word' id='word_1_106' title='bbox 138 1212 188 1271; x_wconf 61' lang='lat'>13</span> <span class='ocrx_word' id='word_1_107' title='bbox 228 1207 336 1284; x_wconf 89' lang='lat' dir='ltr'>Neque</span> <span class='ocrx_word' id='word_1_108' title='bbox 354 1218 451 1265; x_wconf 89' lang='lat' dir='ltr'>tamen</span> <span class='ocrx_word' id='word_1_109' title='bbox 470 1204 511 1266; x_wconf 90' lang='lat' dir='ltr'>ita</span> <span class='ocrx_word' id='word_1_110' title='bbox 530 1217 654 1266; x_wconf 89' lang='lat' dir='ltr'>conatus</span> <span class='ocrx_word' id='word_1_111' title='bbox 679 1206 741 1266; x_wconf 79' lang='lat' dir='ltr'>eius</span> <span class='ocrx_word' id='word_1_112' title='bbox 761 1224 877 1283; x_wconf 81' lang='lat' dir='ltr'>semper</span> <span class='ocrx_word' id='word_1_113' title='bbox 896 1205 925 1263; x_wconf 89' lang='lat' dir='ltr'>iu</span> <span class='ocrx_word' id='word_1_114' title='bbox 947 1206 1060 1269; x_wconf 83' lang='lat' dir='ltr'>irritum</span> <span class='ocrx_word' id='word_1_115' title='bbox 1081 1206 1201 1277; x_wconf 87' lang='lat' dir='ltr'>cedunt,</span> 
     </span>
     <span class='ocr_line' id='line_1_14' title="bbox 20 1280 1200 1373; baseline 0 -32"><span class='ocrx_word' id='word_1_116' title='bbox 20 1298 23 1314; x_wconf 81' lang='lat'><strong>²</strong></span> <span class='ocrx_word' id='word_1_117' title='bbox 70 1282 134 1373; x_wconf 79' lang='lat' dir='ltr'>goin</span> <span class='ocrx_word' id='word_1_118' title='bbox 154 1280 269 1362; x_wconf 90' lang='lat' dir='ltr'>aliquid</span> <span class='ocrx_word' id='word_1_119' title='bbox 290 1294 473 1361; x_wconf 84' lang='lat' dir='ltr'>assequatur,</span> <span class='ocrx_word' id='word_1_120' title='bbox 497 1284 668 1362; x_wconf 83' lang='lat' dir='ltr'>praesertim</span> <span class='ocrx_word' id='word_1_121' title='bbox 694 1282 745 1341; x_wconf 90' lang='lat' dir='ltr'>ubi</span> <span class='ocrx_word' id='word_1_122' title='bbox 764 1302 797 1341; x_wconf 91' lang='lat' dir='ltr'>se</span> <span class='ocrx_word' id='word_1_123' title='bbox 817 1284 906 1360; x_wconf 90' lang='lat' dir='ltr'>ipsam</span> <span class='ocrx_word' id='word_1_124' title='bbox 927 1282 963 1340; x_wconf 88' lang='lat' dir='ltr'>ad</span> <span class='ocrx_word' id='word_1_125' title='bbox 984 1282 1126 1341; x_wconf 88' lang='lat' dir='ltr'>inscriora</span> <span class='ocrx_word' id='word_1_126' title='bbox 1146 1283 1200 1341; x_wconf 90' lang='lat' dir='ltr'>ista</span> 
     </span>
     <span class='ocr_line' id='line_1_15' title="bbox 10 1358 1199 1438; baseline 0 -21"><span class='ocrx_word' id='word_1_127' title='bbox 10 1387 14 1407; x_wconf 74' lang='grc' dir='ltr'>ι</span> <span class='ocrx_word' id='word_1_128' title='bbox 68 1358 202 1417; x_wconf 76' lang='lat' dir='ltr'>intendit.</span> <span class='ocrx_word' id='word_1_129' title='bbox 243 1358 434 1431; x_wconf 86' lang='lat' dir='ltr'>Quinetiam</span> <span class='ocrx_word' id='word_1_130' title='bbox 455 1378 517 1418; x_wconf 92' lang='lat' dir='ltr'>non</span> <span class='ocrx_word' id='word_1_131' title='bbox 540 1360 581 1418; x_wconf 89' lang='lat' dir='ltr'>ita</span> <span class='ocrx_word' id='word_1_132' title='bbox 606 1360 721 1438; x_wconf 88' lang='lat' dir='ltr'>stupida</span> <span class='ocrx_word' id='word_1_133' title='bbox 742 1371 795 1430; x_wconf 87' lang='lat' dir='ltr'>est,</span> <span class='ocrx_word' id='word_1_134' title='bbox 815 1359 885 1436; x_wconf 91' lang='lat' dir='ltr'>quin</span> <span class='ocrx_word' id='word_1_135' title='bbox 907 1360 950 1417; x_wconf 86' lang='lat' dir='ltr'>exi</span> <span class='ocrx_word' id='word_1_136' title='bbox 974 1380 1041 1417; x_wconf 93' lang='lat' dir='ltr'>uum</span> <span class='ocrx_word' id='word_1_137' title='bbox 1063 1358 1199 1437; x_wconf 81' lang='lat' dir='ltr'>quiddam</span> 
     </span>
     <span class='ocr_line' id='line_1_16' title="bbox 10 1378 1198 1517; baseline 0 -24"><span class='ocrx_word' id='word_1_138' title='bbox 10 1453 12 1467; x_wconf 80' lang='lat'><strong>¹</strong></span> <span class='ocrx_word' id='word_1_139' title='bbox 69 1446 97 1493; x_wconf 91' lang='lat' dir='ltr'>et</span> <span class='ocrx_word' id='word_1_140' title='bbox 113 1434 151 1493; x_wconf 87' lang='lat' dir='ltr'>de</span> <span class='ocrx_word' id='word_1_141' title='bbox 170 1434 375 1513; x_wconf 89' lang='lat' dir='ltr'>superioribus</span> <span class='ocrx_word' id='word_1_142' title='bbox 395 1433 519 1509; x_wconf 89' lang='lat' dir='ltr'>delibet,</span> <span class='ocrx_word' id='word_1_143' title='bbox 544 1447 694 1513; x_wconf 89' lang='lat' dir='ltr'>uteunque</span> <span class='ocrx_word' id='word_1_144' title='bbox 719 1434 914 1517; x_wconf 85' lang='lat' dir='ltr'>negligentius</span> <span class='ocrx_word' id='word_1_145' title='bbox 939 1378 996 1493; x_wconf 81' lang='lat' dir='ltr'>illis</span> <span class='ocrx_word' id='word_1_146' title='bbox 1020 1446 1198 1514; x_wconf 88' lang='lat' dir='ltr'>percontan-</span> 
     </span>
    </p>

    <p class='ocr_par' dir='ltr' id='par_1_4' title="bbox 64 1510 1196 2431">
     <span class='ocr_line' id='line_1_17' title="bbox 68 1510 1196 1590; baseline -0.002 -19"><span class='ocrx_word' id='word_1_147' title='bbox 68 1510 106 1571; x_wconf 86' lang='lat' dir='ltr'>dis</span> <span class='ocrx_word' id='word_1_148' title='bbox 122 1522 228 1571; x_wconf 82' lang='lat' dir='ltr'>vacet:</span> <span class='ocrx_word' id='word_1_149' title='bbox 248 1531 311 1570; x_wconf 92' lang='lat' dir='ltr'>non</span> <span class='ocrx_word' id='word_1_150' title='bbox 332 1510 360 1568; x_wconf 90' lang='lat' dir='ltr'>id</span> <span class='ocrx_word' id='word_1_151' title='bbox 380 1511 496 1589; x_wconf 92' lang='lat' dir='ltr'>quidem</span> <span class='ocrx_word' id='word_1_152' title='bbox 517 1532 608 1589; x_wconf 88' lang='lat' dir='ltr'>aequa</span> <span class='ocrx_word' id='word_1_153' title='bbox 628 1511 776 1573; x_wconf 85' lang='lat' dir='ltr'>facultate.</span> <span class='ocrx_word' id='word_1_154' title='bbox 814 1512 887 1569; x_wconf 79' lang='lat' dir='ltr'>Nam</span> <span class='ocrx_word' id='word_1_155' title='bbox 906 1532 995 1590; x_wconf 91' lang='lat' dir='ltr'>quum</span> <span class='ocrx_word' id='word_1_156' title='bbox 1015 1531 1101 1587; x_wconf 90' lang='lat' dir='ltr'>supra</span> <span class='ocrx_word' id='word_1_157' title='bbox 1121 1511 1196 1569; x_wconf 78' lang='lat' dir='ltr'>ritae</span> 
     </span>
     <span class='ocr_line' id='line_1_18' title="bbox 67 1586 1196 1677; baseline -0.004 -28"><span class='ocrx_word' id='word_1_158' title='bbox 67 1588 226 1677; x_wconf 79' lang='lat' dir='ltr'>praesentis</span> <span class='ocrx_word' id='word_1_159' title='bbox 245 1586 370 1667; x_wconf 88' lang='lat' dir='ltr'>spatium</span> <span class='ocrx_word' id='word_1_160' title='bbox 383 1588 526 1662; x_wconf 88' lang='lat' dir='ltr'>erebitur,</span> <span class='ocrx_word' id='word_1_161' title='bbox 546 1600 606 1647; x_wconf 91' lang='lat' dir='ltr'>tum</span> <span class='ocrx_word' id='word_1_162' title='bbox 627 1590 785 1669; x_wconf 88' lang='lat' dir='ltr'>praecipue</span> <span class='ocrx_word' id='word_1_163' title='bbox 798 1588 913 1645; x_wconf 91' lang='lat' dir='ltr'>demum</span> <span class='ocrx_word' id='word_1_164' title='bbox 926 1587 1109 1646; x_wconf 85' lang='lat' dir='ltr'>convincitur</span> <span class='ocrx_word' id='word_1_165' title='bbox 1127 1606 1196 1645; x_wconf 84' lang='lat' dir='ltr'>suae</span> 
     </span>
     <span class='ocr_line' id='line_1_19' title="bbox 67 1662 1196 1744; baseline -0.001 -21"><span class='ocrx_word' id='word_1_166' title='bbox 67 1662 281 1723; x_wconf 76' lang='lat' dir='ltr'>inbecillitatis.</span> <span class='ocrx_word' id='word_1_167' title='bbox 330 1664 449 1737; x_wconf 84' lang='lat' dir='ltr'>Quare,</span> <span class='ocrx_word' id='word_1_168' title='bbox 473 1676 506 1722; x_wconf 94' lang='lat' dir='ltr'>ut</span> <span class='ocrx_word' id='word_1_169' title='bbox 526 1662 628 1723; x_wconf 88' lang='lat' dir='ltr'>melius</span> <span class='ocrx_word' id='word_1_170' title='bbox 652 1664 861 1744; x_wconf 84' lang='lat' dir='ltr'>perspiciamus</span> <span class='ocrx_word' id='word_1_171' title='bbox 882 1678 1035 1741; x_wconf 83' lang='lat' dir='ltr'>quousque</span> <span class='ocrx_word' id='word_1_172' title='bbox 1054 1684 1109 1742; x_wconf 89' lang='lat' dir='ltr'>pro</span> <span class='ocrx_word' id='word_1_173' title='bbox 1129 1682 1196 1741; x_wconf 86' lang='lat' dir='ltr'>gra·</span> 
     </span>
     <span class='ocr_line' id='line_1_20' title="bbox 67 1738 1195 1820; baseline -0.002 -21"><span class='ocrx_word' id='word_1_174' title='bbox 67 1738 146 1801; x_wconf 78' lang='lat' dir='ltr'>tibus</span> <span class='ocrx_word' id='word_1_175' title='bbox 165 1759 240 1801; x_wconf 84' lang='lat' dir='ltr'>suae</span> <span class='ocrx_word' id='word_1_176' title='bbox 258 1738 404 1799; x_wconf 83' lang='lat' dir='ltr'>facultatis</span> <span class='ocrx_word' id='word_1_177' title='bbox 423 1741 453 1798; x_wconf 93' lang='lat' dir='ltr'>in</span> <span class='ocrx_word' id='word_1_178' title='bbox 474 1760 646 1820; x_wconf 86' lang='lat' dir='ltr'>unaquaque</span> <span class='ocrx_word' id='word_1_179' title='bbox 666 1762 698 1800; x_wconf 90' lang='lat' dir='ltr'>re</span> <span class='ocrx_word' id='word_1_180' title='bbox 722 1741 878 1819; x_wconf 90' lang='lat' dir='ltr'>procedat,</span> <span class='ocrx_word' id='word_1_181' title='bbox 901 1740 1118 1798; x_wconf 87' lang='lat' dir='ltr'>distinctionem</span> <span class='ocrx_word' id='word_1_182' title='bbox 1138 1759 1195 1797; x_wconf 84' lang='lat' dir='ltr'>rso-</span> 
     </span>
     <span class='ocr_line' id='line_1_21' title="bbox 66 1814 1195 1897; baseline -0.004 -20"><span class='ocrx_word' id='word_1_183' title='bbox 66 1814 106 1877; x_wconf 85' lang='lat' dir='ltr'>bir</span> <span class='ocrx_word' id='word_1_184' title='bbox 123 1834 301 1897; x_wconf 89' lang='lat' dir='ltr'>proponere</span> <span class='ocrx_word' id='word_1_185' title='bbox 319 1836 428 1895; x_wconf 87' lang='lat' dir='ltr'>operae</span> <span class='ocrx_word' id='word_1_186' title='bbox 446 1816 570 1895; x_wconf 88' lang='lat' dir='ltr'>pretium</span> <span class='ocrx_word' id='word_1_187' title='bbox 591 1828 644 1875; x_wconf 89' lang='lat' dir='ltr'>est.</span> <span class='ocrx_word' id='word_1_188' title='bbox 690 1817 738 1876; x_wconf 87' lang='lat' dir='ltr'>Sit</span> <span class='ocrx_word' id='word_1_189' title='bbox 758 1836 830 1895; x_wconf 88' lang='lat' dir='ltr'>ergo</span> <span class='ocrx_word' id='word_1_190' title='bbox 856 1816 926 1875; x_wconf 85' lang='lat' dir='ltr'>haec</span> <span class='ocrx_word' id='word_1_191' title='bbox 947 1816 1112 1887; x_wconf 85' lang='lat' dir='ltr'>distinctio,</span> <span class='ocrx_word' id='word_1_192' title='bbox 1132 1833 1195 1873; x_wconf 87' lang='lat' dir='ltr'>esse</span> 
     </span>
     <span class='ocr_line' id='line_1_22' title="bbox 66 1890 1195 1973; baseline -0.004 -20"><span class='ocrx_word' id='word_1_193' title='bbox 66 1894 142 1953; x_wconf 83' lang='lat' dir='ltr'>aliam</span> <span class='ocrx_word' id='word_1_194' title='bbox 163 1893 286 1973; x_wconf 90' lang='lat' dir='ltr'>quidem</span> <span class='ocrx_word' id='word_1_195' title='bbox 312 1914 410 1951; x_wconf 89' lang='lat' dir='ltr'>rerum</span> <span class='ocrx_word' id='word_1_196' title='bbox 430 1905 611 1951; x_wconf 86' lang='lat' dir='ltr'>terrenarum</span> <span class='ocrx_word' id='word_1_197' title='bbox 632 1892 872 1973; x_wconf 83' lang='lat' dir='ltr'>intelligentiam,</span> <span class='ocrx_word' id='word_1_198' title='bbox 891 1891 975 1952; x_wconf 88' lang='lat' dir='ltr'>aliam</span> <span class='ocrx_word' id='word_1_199' title='bbox 997 1911 1067 1950; x_wconf 84' lang='lat' dir='ltr'>vero</span> <span class='ocrx_word' id='word_1_200' title='bbox 1093 1890 1195 1949; x_wconf 86' lang='lat' dir='ltr'>coele-</span> 
     </span>
     <span class='ocr_line' id='line_1_23' title="bbox 64 1966 1194 2053; baseline -0.004 -24"><span class='ocrx_word' id='word_1_201' title='bbox 64 1970 159 2029; x_wconf 75' lang='lat' dir='ltr'>stibus.</span> <span class='ocrx_word' id='word_1_202' title='bbox 196 1968 258 2027; x_wconf 82' lang='lat' dir='ltr'>Res</span> <span class='ocrx_word' id='word_1_203' title='bbox 277 1978 409 2028; x_wconf 89' lang='lat' dir='ltr'>terrenas</span> <span class='ocrx_word' id='word_1_204' title='bbox 428 1989 514 2044; x_wconf 87' lang='lat' dir='ltr'>voco,</span> <span class='ocrx_word' id='word_1_205' title='bbox 535 1990 610 2047; x_wconf 88' lang='lat' dir='ltr'>quae</span> <span class='ocrx_word' id='word_1_206' title='bbox 630 1969 665 2027; x_wconf 92' lang='lat' dir='ltr'>ad</span> <span class='ocrx_word' id='word_1_207' title='bbox 677 1969 774 2027; x_wconf 89' lang='lat' dir='ltr'>Deum</span> <span class='ocrx_word' id='word_1_208' title='bbox 795 1988 976 2053; x_wconf 86' lang='lat' dir='ltr'>regnumque</span> <span class='ocrx_word' id='word_1_209' title='bbox 996 1966 1068 2040; x_wconf 88' lang='lat' dir='ltr'>eius,</span> <span class='ocrx_word' id='word_1_210' title='bbox 1087 1966 1124 2026; x_wconf 90' lang='lat' dir='ltr'>ad</span> <span class='ocrx_word' id='word_1_211' title='bbox 1143 1985 1194 2024; x_wconf 87' lang='lat' dir='ltr'>re-</span> 
     </span>
     <span class='ocr_line' id='line_1_24' title="bbox 66 2042 1192 2125; baseline -0.003 -21"><span class='ocrx_word' id='word_1_212' title='bbox 66 2066 124 2105; x_wconf 88' lang='lat' dir='ltr'>ram</span> <span class='ocrx_word' id='word_1_213' title='bbox 144 2044 304 2116; x_wconf 86' lang='lat' dir='ltr'>iustitiam,</span> <span class='ocrx_word' id='word_1_214' title='bbox 322 2045 359 2105; x_wconf 89' lang='lat' dir='ltr'>ad</span> <span class='ocrx_word' id='word_1_215' title='bbox 380 2044 495 2106; x_wconf 84' lang='lat' dir='ltr'>suturae</span> <span class='ocrx_word' id='word_1_216' title='bbox 514 2046 593 2117; x_wconf 74' lang='lat' dir='ltr'>ritae</span> <span class='ocrx_word' id='word_1_217' title='bbox 613 2044 821 2104; x_wconf 87' lang='lat' dir='ltr'>beatitudinem</span> <span class='ocrx_word' id='word_1_218' title='bbox 843 2066 903 2103; x_wconf 92' lang='lat' dir='ltr'>non</span> <span class='ocrx_word' id='word_1_219' title='bbox 923 2046 1110 2125; x_wconf 86' lang='lat' dir='ltr'>pertingunt:</span> <span class='ocrx_word' id='word_1_220' title='bbox 1141 2042 1192 2101; x_wconf 85' lang='lat' dir='ltr'>sed</span> 
     </span>
     <span class='ocr_line' id='line_1_25' title="bbox 65 2118 1192 2202; baseline -0.004 -21"><span class='ocrx_word' id='word_1_221' title='bbox 65 2122 195 2181; x_wconf 76' lang='lat' dir='ltr'>consita</span> <span class='ocrx_word' id='word_1_222' title='bbox 217 2122 366 2202; x_wconf 88' lang='lat' dir='ltr'>praesenti</span> <span class='ocrx_word' id='word_1_223' title='bbox 386 2124 528 2181; x_wconf 91' lang='lat' dir='ltr'>rationem</span> <span class='ocrx_word' id='word_1_224' title='bbox 548 2122 782 2201; x_wconf 89' lang='lat' dir='ltr'>relationemque</span> <span class='ocrx_word' id='word_1_225' title='bbox 803 2121 912 2180; x_wconf 78' lang='lat' dir='ltr'>liabent</span> <span class='ocrx_word' id='word_1_226' title='bbox 930 2132 960 2179; x_wconf 86' lang='lat' dir='ltr'>ct</span> <span class='ocrx_word' id='word_1_227' title='bbox 994 2118 1192 2181; x_wconf 85' lang='lat' dir='ltr'>uodammodo</span> 
     </span>
     <span class='ocr_line' id='line_1_26' title="bbox 65 2144 1193 2277; baseline -0.004 -20"><span class='ocrx_word' id='word_1_228' title='bbox 65 2198 141 2257; x_wconf 89' lang='lat' dir='ltr'>iutra</span> <span class='ocrx_word' id='word_1_229' title='bbox 158 2199 219 2257; x_wconf 89' lang='lat' dir='ltr'>eius</span> <span class='ocrx_word' id='word_1_230' title='bbox 238 2198 311 2257; x_wconf 85' lang='lat' dir='ltr'>lines</span> <span class='ocrx_word' id='word_1_231' title='bbox 331 2198 528 2257; x_wconf 87' lang='lat' dir='ltr'>continentur.</span> <span class='ocrx_word' id='word_1_232' title='bbox 578 2198 636 2257; x_wconf 87' lang='lat' dir='ltr'>lles</span> <span class='ocrx_word' id='word_1_233' title='bbox 660 2198 818 2270; x_wconf 89' lang='lat' dir='ltr'>coelestes,</span> <span class='ocrx_word' id='word_1_234' title='bbox 843 2218 945 2277; x_wconf 89' lang='lat' dir='ltr'>puram</span> <span class='ocrx_word' id='word_1_235' title='bbox 965 2144 1022 2256; x_wconf 78' lang='lat' dir='ltr'>llei</span> <span class='ocrx_word' id='word_1_236' title='bbox 1048 2196 1193 2269; x_wconf 84' lang='lat' dir='ltr'>notitiam,</span> 
     </span>
     <span class='ocr_line' id='line_1_27' title="bbox 65 2273 1192 2355; baseline -0.004 -21"><span class='ocrx_word' id='word_1_237' title='bbox 65 2292 152 2334; x_wconf 88' lang='lat' dir='ltr'>rerae</span> <span class='ocrx_word' id='word_1_238' title='bbox 171 2274 299 2335; x_wconf 83' lang='lat' dir='ltr'>iustitiae</span> <span class='ocrx_word' id='word_1_239' title='bbox 321 2275 481 2341; x_wconf 89' lang='lat' dir='ltr'>rationem,</span> <span class='ocrx_word' id='word_1_240' title='bbox 505 2296 539 2353; x_wconf 76' lang='lat' dir='ltr'>ac</span> <span class='ocrx_word' id='word_1_241' title='bbox 567 2275 650 2355; x_wconf 91' lang='lat' dir='ltr'>regni</span> <span class='ocrx_word' id='word_1_242' title='bbox 680 2274 814 2334; x_wconf 84' lang='lat' dir='ltr'>coelestis</span> <span class='ocrx_word' id='word_1_243' title='bbox 840 2276 985 2354; x_wconf 86' lang='lat' dir='ltr'>mysteria.</span> <span class='ocrx_word' id='word_1_244' title='bbox 1036 2276 1071 2331; x_wconf 91' lang='lat' dir='ltr'>lu</span> <span class='ocrx_word' id='word_1_245' title='bbox 1092 2273 1192 2353; x_wconf 89' lang='lat' dir='ltr'>priore</span> 
     </span>
     <span class='ocr_line' id='line_1_28' title="bbox 67 2348 1190 2431; baseline -0.004 -22"><span class='ocrx_word' id='word_1_246' title='bbox 67 2370 173 2431; x_wconf 80' lang='lat' dir='ltr'>gessere</span> <span class='ocrx_word' id='word_1_247' title='bbox 188 2362 270 2425; x_wconf 86' lang='lat' dir='ltr'>sunt,</span> <span class='ocrx_word' id='word_1_248' title='bbox 311 2350 404 2423; x_wconf 82' lang='lat' dir='ltr'>olitis,</span> <span class='ocrx_word' id='word_1_249' title='bbox 424 2350 608 2423; x_wconf 89' lang='lat' dir='ltr'>oeconomia,</span> <span class='ocrx_word' id='word_1_250' title='bbox 628 2363 704 2411; x_wconf 90' lang='lat' dir='ltr'>artes</span> <span class='ocrx_word' id='word_1_251' title='bbox 724 2372 827 2410; x_wconf 83' lang='lat' dir='ltr'>omnes</span> <span class='ocrx_word' id='word_1_252' title='bbox 846 2352 1042 2423; x_wconf 79' lang='lat' dir='ltr'>mechanicae,</span> <span class='ocrx_word' id='word_1_253' title='bbox 1062 2348 1190 2428; x_wconf 89' lang='lat' dir='ltr'>discipli-</span> 
     </span>
    </p>

    <p class='ocr_par' dir='ltr' id='par_1_5' title="bbox 10 2370 1190 2659">
     <span class='ocr_line' id='line_1_29' title="bbox 10 2370 1190 2509; baseline -0.001 -24"><span class='ocrx_word' id='word_1_254' title='bbox 10 2466 13 2509; x_wconf 63' lang='grc'>;</span> <span class='ocrx_word' id='word_1_255' title='bbox 69 2446 177 2505; x_wconf 83' lang='lat' dir='ltr'>uaeque</span> <span class='ocrx_word' id='word_1_256' title='bbox 193 2370 341 2487; x_wconf 82' lang='lat' dir='ltr'>liberales.</span> <span class='ocrx_word' id='word_1_257' title='bbox 394 2428 429 2486; x_wconf 93' lang='lat' dir='ltr'>ln</span> <span class='ocrx_word' id='word_1_258' title='bbox 453 2427 584 2499; x_wconf 86' lang='lat' dir='ltr'>seeundo</span> <span class='ocrx_word' id='word_1_259' title='bbox 603 2427 656 2503; x_wconf 92' lang='lat' dir='ltr'>(de</span> <span class='ocrx_word' id='word_1_260' title='bbox 676 2425 782 2507; x_wconf 89' lang='lat' dir='ltr'>quibus</span> <span class='ocrx_word' id='word_1_261' title='bbox 801 2449 824 2486; x_wconf 88' lang='lat' dir='ltr'>s.</span> <span class='ocrx_word' id='word_1_262' title='bbox 843 2432 890 2492; x_wconf 73' lang='grc'>18.</span> <span class='ocrx_word' id='word_1_263' title='bbox 909 2430 976 2503; x_wconf 76' lang='lat' dir='ltr'>ss),</span> <span class='ocrx_word' id='word_1_264' title='bbox 1005 2428 1063 2501; x_wconf 79' lang='lat' dir='ltr'>llei</span> <span class='ocrx_word' id='word_1_265' title='bbox 1089 2448 1123 2485; x_wconf 90' lang='lat' dir='ltr'>ac</span> <span class='ocrx_word' id='word_1_266' title='bbox 1147 2426 1190 2484; x_wconf 91' lang='lat' dir='ltr'>di·</span> 
     </span>
     <span class='ocr_line' id='line_1_30' title="bbox 10 2502 1189 2585; baseline -0.003 -23"><span class='ocrx_word' id='word_1_267' title='bbox 10 2550 13 2562; x_wconf 87' lang='lat'><em>.</em></span> <span class='ocrx_word' id='word_1_268' title='bbox 68 2502 148 2562; x_wconf 88' lang='lat' dir='ltr'>rinae</span> <span class='ocrx_word' id='word_1_269' title='bbox 165 2504 323 2563; x_wconf 83' lang='lat' dir='ltr'>voluntatis</span> <span class='ocrx_word' id='word_1_270' title='bbox 346 2504 497 2585; x_wconf 74' lang='lat' dir='ltr'>cognitio,</span> <span class='ocrx_word' id='word_1_271' title='bbox 527 2516 557 2562; x_wconf 85' lang='lat' dir='ltr'>et</span> <span class='ocrx_word' id='word_1_272' title='bbox 576 2504 651 2563; x_wconf 86' lang='lat' dir='ltr'>vitae</span> <span class='ocrx_word' id='word_1_273' title='bbox 674 2504 834 2563; x_wconf 87' lang='lat' dir='ltr'>seeundum</span> <span class='ocrx_word' id='word_1_274' title='bbox 858 2525 921 2562; x_wconf 85' lang='lat' dir='ltr'>eam</span> <span class='ocrx_word' id='word_1_275' title='bbox 947 2503 1118 2561; x_wconf 81' lang='lat' dir='ltr'>formandae</span> <span class='ocrx_word' id='word_1_276' title='bbox 1141 2522 1189 2560; x_wconf 89' lang='lat' dir='ltr'>re-</span> 
     </span>
     <span class='ocr_line' id='line_1_31' title="bbox 70 2576 1190 2659; baseline -0.004 -20"><span class='ocrx_word' id='word_1_277' title='bbox 70 2576 140 2659; x_wconf 73' lang='lat' dir='ltr'>gala.</span> <span class='ocrx_word' id='word_1_278' title='bbox 174 2580 223 2639; x_wconf 85' lang='lat' dir='ltr'>De</span> <span class='ocrx_word' id='word_1_279' title='bbox 243 2580 337 2659; x_wconf 85' lang='lat' dir='ltr'>priori</span> <span class='ocrx_word' id='word_1_280' title='bbox 356 2593 452 2640; x_wconf 88' lang='lat' dir='ltr'>autem</span> <span class='ocrx_word' id='word_1_281' title='bbox 476 2580 518 2639; x_wconf 91' lang='lat' dir='ltr'>sic</span> <span class='ocrx_word' id='word_1_282' title='bbox 543 2579 706 2643; x_wconf 84' lang='lat' dir='ltr'>latenduma</span> <span class='ocrx_word' id='word_1_283' title='bbox 732 2580 880 2653; x_wconf 83' lang='lat' dir='ltr'>Quoniam</span> <span class='ocrx_word' id='word_1_284' title='bbox 906 2580 994 2640; x_wconf 88' lang='lat' dir='ltr'>bomo</span> <span class='ocrx_word' id='word_1_285' title='bbox 1020 2577 1126 2638; x_wconf 87' lang='lat' dir='ltr'>auirual</span> <span class='ocrx_word' id='word_1_286' title='bbox 1146 2590 1190 2635; x_wconf 88' lang='lat' dir='ltr'>est</span> 
     </span>
    </p>

    <p class='ocr_par' dir='ltr' id='par_1_6' title="bbox 10 2592 1190 3194">
     <span class='ocr_line' id='line_1_32' title="bbox 10 2592 1190 2739; baseline -0.001 -27"><span class='ocrx_word' id='word_1_287' title='bbox 10 2592 20 2726; x_wconf 83' lang='lat' dir='ltr'>l</span> <span class='ocrx_word' id='word_1_288' title='bbox 73 2666 165 2715; x_wconf 82' lang='lat' dir='ltr'>natura</span> <span class='ocrx_word' id='word_1_289' title='bbox 181 2656 307 2730; x_wconf 89' lang='lat' dir='ltr'>sociale,</span> <span class='ocrx_word' id='word_1_290' title='bbox 327 2657 450 2715; x_wconf 88' lang='lat' dir='ltr'>naturali</span> <span class='ocrx_word' id='word_1_291' title='bbox 470 2676 588 2739; x_wconf 89' lang='lat' dir='ltr'>quoquc</span> <span class='ocrx_word' id='word_1_292' title='bbox 608 2657 762 2729; x_wconf 86' lang='lat' dir='ltr'>instinctu,</span> <span class='ocrx_word' id='word_1_293' title='bbox 782 2658 817 2715; x_wconf 90' lang='lat' dir='ltr'>ad</span> <span class='ocrx_word' id='word_1_294' title='bbox 838 2656 993 2715; x_wconf 84' lang='lat' dir='ltr'>serendam</span> <span class='ocrx_word' id='word_1_295' title='bbox 1015 2675 1190 2715; x_wconf 84' lang='lat' dir='ltr'>conservan-</span> 
     </span>
     <span class='ocr_line' id='line_1_33' title="bbox 13 2730 1190 2811; baseline 0 -24"><span class='ocrx_word' id='word_1_296' title='bbox 13 2733 19 2787; x_wconf 69' lang='grc' dir='ltr'>ἴ</span> <span class='ocrx_word' id='word_1_297' title='bbox 75 2730 186 2811; x_wconf 81' lang='lat' dir='ltr'>danque</span> <span class='ocrx_word' id='word_1_298' title='bbox 204 2752 269 2791; x_wconf 89' lang='lat' dir='ltr'>earu</span> <span class='ocrx_word' id='word_1_299' title='bbox 282 2734 453 2793; x_wconf 87' lang='lat' dir='ltr'>societatem</span> <span class='ocrx_word' id='word_1_300' title='bbox 473 2732 649 2811; x_wconf 88' lang='lat' dir='ltr'>propendet,</span> <span class='ocrx_word' id='word_1_301' title='bbox 668 2733 795 2811; x_wconf 87' lang='lat' dir='ltr'>ideoque</span> <span class='ocrx_word' id='word_1_302' title='bbox 808 2732 899 2791; x_wconf 82' lang='lat' dir='ltr'>civilis</span> <span class='ocrx_word' id='word_1_303' title='bbox 918 2732 1064 2791; x_wconf 86' lang='lat' dir='ltr'>cuiusdam</span> <span class='ocrx_word' id='word_1_304' title='bbox 1086 2743 1117 2789; x_wconf 89' lang='lat' dir='ltr'>et</span> <span class='ocrx_word' id='word_1_305' title='bbox 1136 2731 1190 2788; x_wconf 89' lang='lat' dir='ltr'>bo-</span> 
     </span>
     <span class='ocr_line' id='line_1_34' title="bbox 78 2807 1189 2887; baseline -0.002 -22"><span class='ocrx_word' id='word_1_306' title='bbox 78 2808 180 2869; x_wconf 83' lang='lat' dir='ltr'>nestatis</span> <span class='ocrx_word' id='word_1_307' title='bbox 199 2819 229 2867; x_wconf 86' lang='lat' dir='ltr'>et</span> <span class='ocrx_word' id='word_1_308' title='bbox 248 2808 544 2869; x_wconf 84' lang='lat' dir='ltr'>ordinisuniversales</span> <span class='ocrx_word' id='word_1_309' title='bbox 563 2809 768 2887; x_wconf 85' lang='lat' dir='ltr'>impressiones</span> <span class='ocrx_word' id='word_1_310' title='bbox 787 2809 882 2869; x_wconf 87' lang='lat' dir='ltr'>inesse</span> <span class='ocrx_word' id='word_1_311' title='bbox 896 2810 1025 2867; x_wconf 89' lang='lat' dir='ltr'>omnium</span> <span class='ocrx_word' id='word_1_312' title='bbox 1040 2807 1189 2866; x_wconf 86' lang='lat' dir='ltr'>homiuum</span> 
     </span>
     <span class='ocr_line' id='line_1_35' title="bbox 79 2880 1189 2966; baseline -0.003 -25"><span class='ocrx_word' id='word_1_313' title='bbox 79 2885 165 2944; x_wconf 80' lang='lat' dir='ltr'>aunis</span> <span class='ocrx_word' id='word_1_314' title='bbox 182 2886 387 2966; x_wconf 84' lang='lat' dir='ltr'>conspicimus.</span> <span class='ocrx_word' id='word_1_315' title='bbox 427 2886 505 2945; x_wconf 86' lang='lat' dir='ltr'>lliuc</span> <span class='ocrx_word' id='word_1_316' title='bbox 525 2885 558 2943; x_wconf 84' lang='lat' dir='ltr'>fit</span> <span class='ocrx_word' id='word_1_317' title='bbox 576 2896 609 2944; x_wconf 93' lang='lat' dir='ltr'>ut</span> <span class='ocrx_word' id='word_1_318' title='bbox 629 2906 716 2945; x_wconf 89' lang='lat' dir='ltr'>uerno</span> <span class='ocrx_word' id='word_1_319' title='bbox 737 2886 911 2965; x_wconf 85' lang='lat' dir='ltr'>reperiatur,</span> <span class='ocrx_word' id='word_1_320' title='bbox 930 2887 980 2963; x_wconf 92' lang='lat' dir='ltr'>qui</span> <span class='ocrx_word' id='word_1_321' title='bbox 1000 2904 1059 2941; x_wconf 92' lang='lat' dir='ltr'>noo</span> <span class='ocrx_word' id='word_1_322' title='bbox 1081 2880 1189 2941; x_wconf 87' lang='lat' dir='ltr'>intelli·</span> 
     </span>
     <span class='ocr_line' id='line_1_36' title="bbox 80 2960 1188 3042; baseline -0.004 -23"><span class='ocrx_word' id='word_1_323' title='bbox 80 2970 132 3037; x_wconf 72' lang='lat' dir='ltr'>gat,</span> <span class='ocrx_word' id='word_1_324' title='bbox 147 2974 287 3041; x_wconf 85' lang='lat' dir='ltr'>oportere</span> <span class='ocrx_word' id='word_1_325' title='bbox 306 2962 424 3040; x_wconf 86' lang='lat' dir='ltr'>quosvis</span> <span class='ocrx_word' id='word_1_326' title='bbox 450 2961 602 3020; x_wconf 90' lang='lat' dir='ltr'>bominum</span> <span class='ocrx_word' id='word_1_327' title='bbox 627 2974 729 3021; x_wconf 86' lang='lat' dir='ltr'>coetus</span> <span class='ocrx_word' id='word_1_328' title='bbox 756 2962 868 3042; x_wconf 86' lang='lat' dir='ltr'>legibus</span> <span class='ocrx_word' id='word_1_329' title='bbox 893 2961 1054 3031; x_wconf 90' lang='lat' dir='ltr'>contineri,</span> <span class='ocrx_word' id='word_1_330' title='bbox 1079 2960 1188 3037; x_wconf 89' lang='lat' dir='ltr'>quique</span> 
     </span>
     <span class='ocr_line' id='line_1_37' title="bbox 83 3036 1187 3119; baseline -0.001 -26"><span class='ocrx_word' id='word_1_331' title='bbox 83 3054 129 3093; x_wconf 81' lang='lat' dir='ltr'>uon</span> <span class='ocrx_word' id='word_1_332' title='bbox 143 3054 239 3095; x_wconf 92' lang='lat' dir='ltr'>earum</span> <span class='ocrx_word' id='word_1_333' title='bbox 262 3037 358 3119; x_wconf 86' lang='lat' dir='ltr'>legum</span> <span class='ocrx_word' id='word_1_334' title='bbox 384 3038 525 3118; x_wconf 87' lang='lat' dir='ltr'>principia</span> <span class='ocrx_word' id='word_1_335' title='bbox 552 3050 653 3097; x_wconf 86' lang='lat' dir='ltr'>mente</span> <span class='ocrx_word' id='word_1_336' title='bbox 677 3037 900 3115; x_wconf 86' lang='lat' dir='ltr'>complectatur.</span> <span class='ocrx_word' id='word_1_337' title='bbox 950 3038 1028 3094; x_wconf 89' lang='lat' dir='ltr'>llinc</span> <span class='ocrx_word' id='word_1_338' title='bbox 1048 3036 1098 3093; x_wconf 87' lang='lat' dir='ltr'>ille</span> <span class='ocrx_word' id='word_1_339' title='bbox 1119 3054 1187 3113; x_wconf 90' lang='lat' dir='ltr'>per·</span> 
     </span>
     <span class='ocr_line' id='line_1_38' title="bbox 84 3110 1188 3194; baseline -0.002 -25"><span class='ocrx_word' id='word_1_340' title='bbox 84 3122 165 3187; x_wconf 74' lang='lat' dir='ltr'>petrus</span> <span class='ocrx_word' id='word_1_341' title='bbox 183 3126 241 3172; x_wconf 89' lang='lat' dir='ltr'>tam</span> <span class='ocrx_word' id='word_1_342' title='bbox 263 3112 404 3173; x_wconf 88' lang='lat' dir='ltr'>Gentium</span> <span class='ocrx_word' id='word_1_343' title='bbox 425 3116 570 3187; x_wconf 90' lang='lat' dir='ltr'>omnium,</span> <span class='ocrx_word' id='word_1_344' title='bbox 596 3136 682 3193; x_wconf 91' lang='lat' dir='ltr'>quam</span> <span class='ocrx_word' id='word_1_345' title='bbox 707 3114 887 3194; x_wconf 88' lang='lat' dir='ltr'>singulorum</span> <span class='ocrx_word' id='word_1_346' title='bbox 908 3112 1073 3173; x_wconf 80' lang='lat' dir='ltr'>mortalium</span> <span class='ocrx_word' id='word_1_347' title='bbox 1093 3112 1123 3169; x_wconf 92' lang='lat' dir='ltr'>in</span> <span class='ocrx_word' id='word_1_348' title='bbox 1146 3110 1188 3167; x_wconf 89' lang='lat' dir='ltr'>le-</span> 
     </span>
    </p>

    <p class='ocr_par' dir='ltr' id='par_1_7' title="bbox 29 3188 1204 4109">
     <span class='ocr_line' id='line_1_39' title="bbox 29 3188 1204 3270; baseline 0 -25"><span class='ocrx_word' id='word_1_349' title='bbox 29 3206 35 3245; x_wconf 77' lang='grc' dir='ltr'><strong><em>τ</em></strong></span> <span class='ocrx_word' id='word_1_350' title='bbox 84 3202 122 3265; x_wconf 76' lang='lat' dir='ltr'>gu</span> <span class='ocrx_word' id='word_1_351' title='bbox 134 3209 305 3263; x_wconf 85' lang='lat' dir='ltr'>eonsensus,</span> <span class='ocrx_word' id='word_1_352' title='bbox 324 3193 391 3269; x_wconf 88' lang='lat' dir='ltr'>quia</span> <span class='ocrx_word' id='word_1_353' title='bbox 411 3191 494 3251; x_wconf 90' lang='lat' dir='ltr'>insita</span> <span class='ocrx_word' id='word_1_354' title='bbox 513 3202 581 3251; x_wconf 86' lang='lat' dir='ltr'>sunt</span> <span class='ocrx_word' id='word_1_355' title='bbox 599 3191 756 3263; x_wconf 81' lang='lat' dir='ltr'>universis,</span> <span class='ocrx_word' id='word_1_356' title='bbox 786 3191 895 3270; x_wconf 88' lang='lat' dir='ltr'>absque</span> <span class='ocrx_word' id='word_1_357' title='bbox 915 3191 1055 3270; x_wconf 88' lang='lat' dir='ltr'>magistro</span> <span class='ocrx_word' id='word_1_358' title='bbox 1075 3200 1127 3247; x_wconf 85' lang='lat' dir='ltr'>aut</span> <span class='ocrx_word' id='word_1_359' title='bbox 1145 3188 1204 3245; x_wconf 86' lang='lat' dir='ltr'>le-¹</span> 
     </span>
     <span class='ocr_line' id='line_1_40' title="bbox 30 3262 1189 3350; baseline -0.001 -25"><span class='ocrx_word' id='word_1_360' title='bbox 30 3288 39 3350; x_wconf 52' lang='grc' dir='ltr'>ξ</span> <span class='ocrx_word' id='word_1_361' title='bbox 81 3262 210 3343; x_wconf 70' lang='lat' dir='ltr'>gilaure,</span> <span class='ocrx_word' id='word_1_362' title='bbox 234 3268 361 3345; x_wconf 90' lang='lat' dir='ltr'>ipsarum</span> <span class='ocrx_word' id='word_1_363' title='bbox 384 3267 504 3327; x_wconf 84' lang='lat' dir='ltr'>semina.</span> <span class='ocrx_word' id='word_1_364' title='bbox 552 3268 657 3345; x_wconf 89' lang='lat' dir='ltr'>Neque</span> <span class='ocrx_word' id='word_1_365' title='bbox 680 3288 783 3327; x_wconf 88' lang='lat' dir='ltr'>moror</span> <span class='ocrx_word' id='word_1_366' title='bbox 801 3267 993 3327; x_wconf 84' lang='lat' dir='ltr'>dissensiones</span> <span class='ocrx_word' id='word_1_367' title='bbox 1013 3277 1043 3325; x_wconf 88' lang='lat' dir='ltr'>et</span> <span class='ocrx_word' id='word_1_368' title='bbox 1067 3285 1189 3344; x_wconf 85' lang='lat' dir='ltr'>pugqas,</span> 
     </span>
     <span class='ocr_line' id='line_1_41' title="bbox 31 3342 1187 3429; baseline 0.001 -32"><span class='ocrx_word' id='word_1_369' title='bbox 31 3361 43 3429; x_wconf 67' lang='lat' dir='ltr'>p</span> <span class='ocrx_word' id='word_1_370' title='bbox 81 3360 139 3417; x_wconf 86' lang='lat' dir='ltr'>quae</span> <span class='ocrx_word' id='word_1_371' title='bbox 154 3364 220 3401; x_wconf 84' lang='lat' dir='ltr'>mox</span> <span class='ocrx_word' id='word_1_372' title='bbox 239 3357 411 3424; x_wconf 85' lang='lat' dir='ltr'>emergunt,</span> <span class='ocrx_word' id='word_1_373' title='bbox 437 3344 504 3401; x_wconf 91' lang='lat' dir='ltr'>dum</span> <span class='ocrx_word' id='word_1_374' title='bbox 525 3342 572 3401; x_wconf 91' lang='lat' dir='ltr'>alii</span> <span class='ocrx_word' id='word_1_375' title='bbox 591 3342 712 3422; x_wconf 89' lang='lat' dir='ltr'>cupiunt</span> <span class='ocrx_word' id='word_1_376' title='bbox 736 3344 779 3403; x_wconf 92' lang='lat' dir='ltr'>ius</span> <span class='ocrx_word' id='word_1_377' title='bbox 800 3356 830 3403; x_wconf 88' lang='lat' dir='ltr'>et</span> <span class='ocrx_word' id='word_1_378' title='bbox 855 3342 897 3401; x_wconf 89' lang='lat' dir='ltr'>las</span> <span class='ocrx_word' id='word_1_379' title='bbox 916 3361 1006 3401; x_wconf 86' lang='lat' dir='ltr'>omne</span> <span class='ocrx_word' id='word_1_380' title='bbox 1029 3342 1187 3414; x_wconf 85' lang='lat' dir='ltr'>inversum,</span> 
     </span>
     <span class='ocr_line' id='line_1_42' title="bbox 78 3416 1187 3501; baseline 0 -26"><span class='ocrx_word' id='word_1_381' title='bbox 78 3416 153 3475; x_wconf 70' lang='lat' dir='ltr'>mista</span> <span class='ocrx_word' id='word_1_382' title='bbox 172 3418 269 3500; x_wconf 90' lang='lat' dir='ltr'>legum</span> <span class='ocrx_word' id='word_1_383' title='bbox 292 3419 439 3501; x_wconf 80' lang='lat' dir='ltr'>repagula,</span> <span class='ocrx_word' id='word_1_384' title='bbox 459 3418 611 3478; x_wconf 85' lang='lat' dir='ltr'>libidinem</span> <span class='ocrx_word' id='word_1_385' title='bbox 630 3418 722 3479; x_wconf 85' lang='lat' dir='ltr'>solem</span> <span class='ocrx_word' id='word_1_386' title='bbox 742 3439 797 3499; x_wconf 93' lang='lat' dir='ltr'>pro</span> <span class='ocrx_word' id='word_1_387' title='bbox 819 3421 881 3478; x_wconf 89' lang='lat' dir='ltr'>iure</span> <span class='ocrx_word' id='word_1_388' title='bbox 902 3418 1036 3499; x_wconf 87' lang='lat' dir='ltr'>grassari,</span> <span class='ocrx_word' id='word_1_389' title='bbox 1055 3430 1088 3476; x_wconf 89' lang='lat' dir='ltr'>ut</span> <span class='ocrx_word' id='word_1_390' title='bbox 1108 3418 1187 3475; x_wconf 83' lang='lat' dir='ltr'>iures</span> 
     </span>
     <span class='ocr_line' id='line_1_43' title="bbox 79 3492 1188 3577; baseline 0.003 -28"><span class='ocrx_word' id='word_1_391' title='bbox 79 3492 249 3556; x_wconf 83' lang='lat' dir='ltr'>etlatrones:</span> <span class='ocrx_word' id='word_1_392' title='bbox 268 3496 322 3555; x_wconf 84' lang='lat' dir='ltr'>alii¹</span> <span class='ocrx_word' id='word_1_393' title='bbox 334 3498 430 3575; x_wconf 89' lang='lat' dir='ltr'>(quod</span> <span class='ocrx_word' id='word_1_394' title='bbox 451 3497 553 3553; x_wconf 84' lang='lat' dir='ltr'>vitium</span> <span class='ocrx_word' id='word_1_395' title='bbox 574 3495 735 3575; x_wconf 83' lang='lat' dir='ltr'>plusquam</span> <span class='ocrx_word' id='word_1_396' title='bbox 755 3497 875 3577; x_wconf 85' lang='lat' dir='ltr'>vulgare</span> <span class='ocrx_word' id='word_1_397' title='bbox 896 3498 953 3567; x_wconf 86' lang='lat' dir='ltr'>est)</span> <span class='ocrx_word' id='word_1_398' title='bbox 972 3495 1103 3572; x_wconf 86' lang='lat' dir='ltr'>iniquum</span> <span class='ocrx_word' id='word_1_399' title='bbox 1124 3512 1188 3554; x_wconf 88' lang='lat' dir='ltr'>esse</span> 
     </span>
     <span class='ocr_line' id='line_1_44' title="bbox 78 3570 1185 3653; baseline -0.003 -24"><span class='ocrx_word' id='word_1_400' title='bbox 78 3580 164 3645; x_wconf 70' lang='lat' dir='ltr'>uuor</span> <span class='ocrx_word' id='word_1_401' title='bbox 181 3573 261 3650; x_wconf 92' lang='lat' dir='ltr'>quod</span> <span class='ocrx_word' id='word_1_402' title='bbox 284 3592 338 3653; x_wconf 90' lang='lat' dir='ltr'>pro</span> <span class='ocrx_word' id='word_1_403' title='bbox 358 3593 452 3650; x_wconf 91' lang='lat' dir='ltr'>aequo</span> <span class='ocrx_word' id='word_1_404' title='bbox 471 3572 507 3630; x_wconf 87' lang='lat' dir='ltr'>ab</span> <span class='ocrx_word' id='word_1_405' title='bbox 528 3572 589 3632; x_wconf 85' lang='lat' dir='ltr'>aliis</span> <span class='ocrx_word' id='word_1_406' title='bbox 608 3574 750 3631; x_wconf 85' lang='lat' dir='ltr'>sanciturr</span> <span class='ocrx_word' id='word_1_407' title='bbox 771 3584 874 3631; x_wconf 88' lang='lat' dir='ltr'>contra</span> <span class='ocrx_word' id='word_1_408' title='bbox 894 3570 1040 3630; x_wconf 88' lang='lat' dir='ltr'>laudabile</span> <span class='ocrx_word' id='word_1_409' title='bbox 1060 3582 1185 3629; x_wconf 88' lang='lat' dir='ltr'>couten-</span> 
     </span>
     <span class='ocr_line' id='line_1_45' title="bbox 77 3644 1186 3727; baseline -0.001 -24"><span class='ocrx_word' id='word_1_410' title='bbox 77 3644 136 3707; x_wconf 86' lang='lat' dir='ltr'>daot</span> <span class='ocrx_word' id='word_1_411' title='bbox 152 3649 231 3725; x_wconf 91' lang='lat' dir='ltr'>quod</span> <span class='ocrx_word' id='word_1_412' title='bbox 251 3648 288 3707; x_wconf 92' lang='lat' dir='ltr'>ab</span> <span class='ocrx_word' id='word_1_413' title='bbox 309 3648 373 3708; x_wconf 92' lang='lat' dir='ltr'>aliis</span> <span class='ocrx_word' id='word_1_414' title='bbox 385 3660 507 3707; x_wconf 86' lang='lat' dir='ltr'>vetatur.</span> <span class='ocrx_word' id='word_1_415' title='bbox 548 3648 699 3727; x_wconf 87' lang='lat' dir='ltr'>Siquidem</span> <span class='ocrx_word' id='word_1_416' title='bbox 721 3647 761 3706; x_wconf 91' lang='lat' dir='ltr'>illi</span> <span class='ocrx_word' id='word_1_417' title='bbox 782 3670 843 3708; x_wconf 93' lang='lat' dir='ltr'>non</span> <span class='ocrx_word' id='word_1_418' title='bbox 863 3648 932 3707; x_wconf 92' lang='lat' dir='ltr'>ideo</span> <span class='ocrx_word' id='word_1_419' title='bbox 954 3646 1033 3727; x_wconf 85' lang='lat' dir='ltr'>leges</span> <span class='ocrx_word' id='word_1_420' title='bbox 1047 3646 1186 3713; x_wconf 85' lang='lat' dir='ltr'>oderunt,</span> 
     </span>
     <span class='ocr_line' id='line_1_46' title="bbox 76 3722 1186 3805; baseline -0.003 -24"><span class='ocrx_word' id='word_1_421' title='bbox 76 3722 138 3799; x_wconf 81' lang='lat' dir='ltr'>qood</span> <span class='ocrx_word' id='word_1_422' title='bbox 156 3728 296 3805; x_wconf 78' lang='lat' dir='ltr'>ignorent</span> <span class='ocrx_word' id='word_1_423' title='bbox 315 3724 408 3783; x_wconf 85' lang='lat' dir='ltr'>bonas</span> <span class='ocrx_word' id='word_1_424' title='bbox 428 3736 458 3782; x_wconf 93' lang='lat' dir='ltr'>et</span> <span class='ocrx_word' id='word_1_425' title='bbox 476 3737 589 3783; x_wconf 86' lang='lat' dir='ltr'>sanctas</span> <span class='ocrx_word' id='word_1_426' title='bbox 609 3742 684 3783; x_wconf 87' lang='lat' dir='ltr'>esse:</span> <span class='ocrx_word' id='word_1_427' title='bbox 708 3724 760 3785; x_wconf 86' lang='lat' dir='ltr'>sed</span> <span class='ocrx_word' id='word_1_428' title='bbox 787 3724 939 3805; x_wconf 90' lang='lat' dir='ltr'>praecipiti</span> <span class='ocrx_word' id='word_1_429' title='bbox 959 3723 1120 3803; x_wconf 83' lang='lat' dir='ltr'>cupiditate</span> <span class='ocrx_word' id='word_1_430' title='bbox 1139 3722 1186 3779; x_wconf 80' lang='lat' dir='ltr'>lu·</span> 
     </span>
     <span class='ocr_line' id='line_1_47' title="bbox 75 3796 1184 3880; baseline -0.002 -23"><span class='ocrx_word' id='word_1_431' title='bbox 75 3810 171 3872; x_wconf 81' lang='lat' dir='ltr'>restes,</span> <span class='ocrx_word' id='word_1_432' title='bbox 199 3818 266 3861; x_wconf 84' lang='lat' dir='ltr'>cunr</span> <span class='ocrx_word' id='word_1_433' title='bbox 293 3802 446 3860; x_wconf 75' lang='lat' dir='ltr'>manifesta</span> <span class='ocrx_word' id='word_1_434' title='bbox 475 3803 589 3859; x_wconf 89' lang='lat' dir='ltr'>ratione</span> <span class='ocrx_word' id='word_1_435' title='bbox 620 3812 767 3880; x_wconf 88' lang='lat' dir='ltr'>pugnant,</span> <span class='ocrx_word' id='word_1_436' title='bbox 795 3814 825 3859; x_wconf 87' lang='lat' dir='ltr'>et</span> <span class='ocrx_word' id='word_1_437' title='bbox 849 3801 929 3880; x_wconf 89' lang='lat' dir='ltr'>quod</span> <span class='ocrx_word' id='word_1_438' title='bbox 949 3800 1054 3859; x_wconf 89' lang='lat' dir='ltr'>mentis</span> <span class='ocrx_word' id='word_1_439' title='bbox 1074 3796 1184 3856; x_wconf 85' lang='lat' dir='ltr'>intelli-</span> 
     </span>
     <span class='ocr_line' id='line_1_48' title="bbox 74 3876 1184 3955; baseline 0 -24"><span class='ocrx_word' id='word_1_440' title='bbox 74 3876 153 3951; x_wconf 81' lang='lat' dir='ltr'>gentia</span> <span class='ocrx_word' id='word_1_441' title='bbox 173 3880 312 3955; x_wconf 80' lang='lat' dir='ltr'>probant,</span> <span class='ocrx_word' id='word_1_442' title='bbox 332 3898 386 3955; x_wconf 87' lang='lat' dir='ltr'>pre</span> <span class='ocrx_word' id='word_1_443' title='bbox 406 3898 456 3935; x_wconf 86' lang='lat' dir='ltr'>sua</span> <span class='ocrx_word' id='word_1_444' title='bbox 477 3876 598 3935; x_wconf 86' lang='lat' dir='ltr'>libidine</span> <span class='ocrx_word' id='word_1_445' title='bbox 617 3877 833 3936; x_wconf 89' lang='lat' dir='ltr'>abominantur.</span> <span class='ocrx_word' id='word_1_446' title='bbox 872 3876 1022 3936; x_wconf 84' lang='lat' dir='ltr'>Postorius</span> <span class='ocrx_word' id='word_1_447' title='bbox 1037 3886 1184 3932; x_wconf 85' lang='lat' dir='ltr'>certarnen</span> 
     </span>
     <span class='ocr_line' id='line_1_49' title="bbox 73 3950 1185 4032; baseline -0.001 -26"><span class='ocrx_word' id='word_1_448' title='bbox 73 3950 119 4007; x_wconf 86' lang='lat' dir='ltr'>tale</span> <span class='ocrx_word' id='word_1_449' title='bbox 134 3967 185 4023; x_wconf 85' lang='lat' dir='ltr'>est,</span> <span class='ocrx_word' id='word_1_450' title='bbox 205 3968 237 4013; x_wconf 91' lang='lat' dir='ltr'>ut</span> <span class='ocrx_word' id='word_1_451' title='bbox 258 3955 383 4032; x_wconf 85' lang='lat' dir='ltr'>primaru</span> <span class='ocrx_word' id='word_1_452' title='bbox 401 3952 478 4013; x_wconf 87' lang='lat' dir='ltr'>illam</span> <span class='ocrx_word' id='word_1_453' title='bbox 498 3952 724 4032; x_wconf 84' lang='lat' dir='ltr'>conceptionem</span> <span class='ocrx_word' id='word_1_454' title='bbox 744 3954 895 4031; x_wconf 88' lang='lat' dir='ltr'>aequitatis</span> <span class='ocrx_word' id='word_1_455' title='bbox 915 3973 976 4013; x_wconf 91' lang='lat' dir='ltr'>uon</span> <span class='ocrx_word' id='word_1_456' title='bbox 996 3952 1125 4009; x_wconf 85' lang='lat' dir='ltr'>dirimat:</span> <span class='ocrx_word' id='word_1_457' title='bbox 1145 3951 1185 4006; x_wconf 81' lang='lat' dir='ltr'>si-</span> 
     </span>
     <span class='ocr_line' id='line_1_50' title="bbox 73 4026 1183 4109; baseline 0 -26"><span class='ocrx_word' id='word_1_458' title='bbox 73 4026 172 4103; x_wconf 87' lang='lat' dir='ltr'>quidem</span> <span class='ocrx_word' id='word_1_459' title='bbox 192 4030 228 4088; x_wconf 92' lang='lat' dir='ltr'>de</span> <span class='ocrx_word' id='word_1_460' title='bbox 250 4030 350 4109; x_wconf 86' lang='lat' dir='ltr'>legum</span> <span class='ocrx_word' id='word_1_461' title='bbox 371 4030 513 4108; x_wconf 82' lang='lat' dir='ltr'>capitibus</span> <span class='ocrx_word' id='word_1_462' title='bbox 540 4030 607 4089; x_wconf 85' lang='lat' dir='ltr'>dum</span> <span class='ocrx_word' id='word_1_463' title='bbox 634 4030 711 4087; x_wconf 86' lang='lat' dir='ltr'>iuter</span> <span class='ocrx_word' id='word_1_464' title='bbox 735 4050 767 4088; x_wconf 86' lang='lat' dir='ltr'>se</span> <span class='ocrx_word' id='word_1_465' title='bbox 790 4031 953 4107; x_wconf 86' lang='lat' dir='ltr'>disceptant</span> <span class='ocrx_word' id='word_1_466' title='bbox 980 4027 1128 4097; x_wconf 87' lang='lat' dir='ltr'>homiues,</span> <span class='ocrx_word' id='word_1_467' title='bbox 1155 4027 1183 4083; x_wconf 92' lang='lat' dir='ltr'>iu</span> 
     </span>
    </p>

    <p class='ocr_par' dir='ltr' id='par_1_8' title="bbox 10 4100 1186 4414">
     <span class='ocr_line' id='line_1_51' title="bbox 10 4100 1185 4194; baseline -0.008 -27"><span class='ocrx_word' id='word_1_468' title='bbox 10 4150 12 4167; x_wconf 88' lang='grc'>.</span> <span class='ocrx_word' id='word_1_469' title='bbox 74 4106 196 4179; x_wconf 79' lang='lat' dir='ltr'>quandam</span> <span class='ocrx_word' id='word_1_470' title='bbox 217 4107 374 4185; x_wconf 86' lang='lat' dir='ltr'>aequitatis</span> <span class='ocrx_word' id='word_1_471' title='bbox 399 4126 538 4164; x_wconf 76' lang='lat' dir='ltr'>sirrumam</span> <span class='ocrx_word' id='word_1_472' title='bbox 566 4106 763 4164; x_wconf 85' lang='lat' dir='ltr'>consentiunt.</span> <span class='ocrx_word' id='word_1_473' title='bbox 805 4106 849 4162; x_wconf 91' lang='lat' dir='ltr'>&#39;ln</span> <span class='ocrx_word' id='word_1_474' title='bbox 870 4126 929 4194; x_wconf 90' lang='lat' dir='ltr'>quo</span> <span class='ocrx_word' id='word_1_475' title='bbox 951 4100 1084 4161; x_wconf 81' lang='lat' dir='ltr'>debilitas·</span> <span class='ocrx_word' id='word_1_476' title='bbox 1103 4114 1185 4158; x_wconf 84' lang='lat' dir='ltr'>certe</span> 
     </span>
     <span class='ocr_line' id='line_1_52' title="bbox 10 4174 1186 4261; baseline -0.005 -22"><span class='ocrx_word' id='word_1_477' title='bbox 10 4232 13 4239; x_wconf 93' lang='lat'>.</span> <span class='ocrx_word' id='word_1_478' title='bbox 73 4174 195 4243; x_wconf 72' lang='lat' dir='ltr'>lausanae</span> <span class='ocrx_word' id='word_1_479' title='bbox 220 4182 330 4242; x_wconf 83' lang='lat' dir='ltr'>userrtis</span> <span class='ocrx_word' id='word_1_480' title='bbox 355 4182 499 4261; x_wconf 74' lang='lat' dir='ltr'>arguitur,</span> <span class='ocrx_word' id='word_1_481' title='bbox 532 4201 623 4259; x_wconf 83' lang='lat' dir='ltr'>quae,</span> <span class='ocrx_word' id='word_1_482' title='bbox 656 4182 744 4241; x_wconf 82' lang='lat' dir='ltr'>etiam</span> <span class='ocrx_word' id='word_1_483' title='bbox 769 4182 836 4238; x_wconf 91' lang='lat' dir='ltr'>dum</span> <span class='ocrx_word' id='word_1_484' title='bbox 861 4202 934 4238; x_wconf 81' lang='lat' dir='ltr'>vrum</span> <span class='ocrx_word' id='word_1_485' title='bbox 959 4179 1041 4255; x_wconf 88' lang='lat' dir='ltr'>sequi</span> <span class='ocrx_word' id='word_1_486' title='bbox 1062 4176 1186 4250; x_wconf 86' lang='lat' dir='ltr'>videtur,</span> 
     </span>
     <span class='ocr_line' id='line_1_53' title="bbox 10 4253 1186 4347; baseline 0 -36"><span class='ocrx_word' id='word_1_487' title='bbox 10 4297 15 4305; x_wconf 84' lang='lat'>.</span> <span class='ocrx_word' id='word_1_488' title='bbox 46 4292 49 4301; x_wconf 90' lang='lat'>·</span> <span class='ocrx_word' id='word_1_489' title='bbox 74 4254 194 4319; x_wconf 79' lang='lat' dir='ltr'>claudicat</span> <span class='ocrx_word' id='word_1_490' title='bbox 214 4272 245 4319; x_wconf 90' lang='lat' dir='ltr'>et</span> <span class='ocrx_word' id='word_1_491' title='bbox 265 4257 391 4317; x_wconf 74' lang='lat' dir='ltr'>vacillat,</span> <span class='ocrx_word' id='word_1_492' title='bbox 438 4258 536 4315; x_wconf 85' lang='lat' dir='ltr'>blaoet</span> <span class='ocrx_word' id='word_1_493' title='bbox 557 4269 652 4316; x_wconf 87' lang='lat' dir='ltr'>tamen</span> <span class='ocrx_word' id='word_1_494' title='bbox 673 4257 760 4329; x_wconf 89' lang='lat' dir='ltr'>illud,</span> <span class='ocrx_word' id='word_1_495' title='bbox 782 4257 941 4336; x_wconf 84' lang='lat' dir='ltr'>inspersum</span> <span class='ocrx_word' id='word_1_496' title='bbox 964 4273 1025 4312; x_wconf 88' lang='lat' dir='ltr'>esse</span> <span class='ocrx_word' id='word_1_497' title='bbox 1045 4253 1186 4347; x_wconf 75' lang='lat' dir='ltr'>rrrsivepsis</span> 
     </span>
     <span class='ocr_line' id='line_1_54' title="bbox 10 4330 1186 4414; baseline 0.003 -31"><span class='ocrx_word' id='word_1_498' title='bbox 10 4372 14 4383; x_wconf 93' lang='lat'>.</span> <span class='ocrx_word' id='word_1_499' title='bbox 73 4349 151 4394; x_wconf 82' lang='lat' dir='ltr'>seuseu</span> <span class='ocrx_word' id='word_1_500' title='bbox 170 4334 295 4413; x_wconf 91' lang='lat' dir='ltr'>aliquod</span> <span class='ocrx_word' id='word_1_501' title='bbox 314 4334 428 4393; x_wconf 89' lang='lat' dir='ltr'>ordinis</span> <span class='ocrx_word' id='word_1_502' title='bbox 447 4333 570 4413; x_wconf 86' lang='lat' dir='ltr'>politici.</span> <span class='ocrx_word' id='word_1_503' title='bbox 619 4335 718 4414; x_wconf 76' lang='lat' dir='ltr'>Atque</span> <span class='ocrx_word' id='word_1_504' title='bbox 747 4334 803 4392; x_wconf 86' lang='lat' dir='ltr'>hoc</span> <span class='ocrx_word' id='word_1_505' title='bbox 828 4330 957 4413; x_wconf 88' lang='lat' dir='ltr'>amplum</span> <span class='ocrx_word' id='word_1_506' title='bbox 982 4342 1186 4412; x_wconf 80' lang='lat' dir='ltr'>argumentum</span> 
     </span>
    </p>
   </div>
   <div class='ocr_carea' id='block_1_3' title="bbox 0 0 1302 4726">
    <p class='ocr_par' dir='ltr' id='par_1_9' title="bbox 0 0 1302 4726">
     <span class='ocr_line' id='line_1_55' title="bbox 0 0 1302 4726; baseline 0 3"><span class='ocrx_word' id='word_1_507' title='bbox 0 0 1302 4726; x_wconf 95' lang='lat' dir='ltr'> </span> 
     </span>
    </p>
   </div>
  </div>
 </body>
</html>
