2596 4726
119 198 217 271 ess*
328 226 331 233 ·
519 182 596 263 nin.
615 200 671 262 tv.
707 199 798 265 cae.
816 188 854 261 νᾳ

123 350 278 411 acentn'm
298 346 433 408 annisris
452 348 644 409 centesimum
664 364 749 427 quern
773 364 810 407 ne
828 344 917 406 inisse
932 342 1071 418 electum,
1090 340 1141 423 qni
1159 354 1248 405 stent

125 424 278 486 doetrinae
297 422 405 503 aliquid
429 435 556 485 teneret.
582 368 810 503 ,Superioribus
833 420 955 482 saeculis
979 442 1040 481 non
1067 420 1138 481 ideo
1156 439 1248 511 parep,

119 501 206 583 'quod
226 499 319 559 multo
340 499 461 561 meliora
481 502 606 575 luerint,
630 500 679 561 sed
700 499 779 579 qnod
801 497 837 558 de
858 498 1004 579 praesenti
1023 495 1115 557 modo
1135 495 1248 557 ecelesia

125 576 212 638 nobis
232 577 363 657 quaestio
384 588 436 637 est.
457 612 493 623 -
523 578 602 637 Side
620 576 751 636 moribus
770 576 820 635 fiat
839 593 971 645 censura,
989 593 1101 653 paucos
1121 583 1172 632 aut
1186 592 1246 654 pro·

125 652 284 739 pemndum
305 652 401 713 nullos
421 654 508 714 luisse
527 653 717 735 reperiemus,
738 672 810 732 quos
825 672 886 712 non
906 651 1044 732 indignos
1061 660 1179 709 veteres
1197 648 1247 709 Ct-

126 732 221 789 non'es
240 729 425 790 iudicassent.
466 730 528 805 Qui
549 752 608 789 non
631 729 687 788 luit
705 728 855 801 ebriosus,
882 726 937 787 luit
956 736 1118 788 scortator:
1148 724 1198 805 qul
1212 722 1244 783 ab

124 804 183 865 ll'oc
203 814 322 893 quoqne
339 805 451 866 scelere
469 826 559 885 purus
580 806 651 877 luit,
677 815 727 864 aut
746 804 811 864 aleo
832 804 901 877 luit,
929 814 979 863 aut
997 812 1139 876 senator,
1156 812 1205 861 aut
1218 800 1245 859 in

125 880 222 959 aliqua
242 893 326 963 parte
344 882 419 941 vitae
440 881 603 941 dissolutus.
643 880 721 940 Sunt
739 883 817 940 enim
837 877 1036 951 levioraeitia,
1078 898 1132 937 uae
1151 896 1246 938 seeun-

126 957 195 1017 dum
222 969 351 1018 vetustos
377 958 515 1017 Canones
539 956 687 1017 hominem
712 957 748 1016 ab
778 957 949 1037 episcopatu
981 900 1148 1014 excludunt.
1189 952 1247 1011 lloo

125 1053 196 1094 vero
216 1032 307 1115 longe
324 1033 571 1107 absurdissimum,
590 1034 668 1113 quod
688 1034 840 1115 puerique
865 1052 901 1091 ue
919 1031 964 1091 vix
984 1031 1142 1103 decennes,
1160 1028 1247 1109 Papae

126 1110 328 1184 concessione,
347 1109 445 1189 episen
468 1109 476 1168 i
496 1122 564 1169 sunt
583 1110 662 1169 lacti.
701 1108 746 1169 Eo
767 1054 964 1189 impudentiae
983 1128 1016 1167 ae
1033 1106 1165 1199 stuporis
1183 1122 1247 1185 pro·

126 1186 203 1245 secti
219 1197 297 1262 sunt,
320 1197 354 1244 ut
373 1205 411 1243 ne
429 1130 501 1244 illud
522 1185 638 1264 quidem
659 1196 816 1244 extremum
837 1196 867 1245 et
886 1184 961 1245 adeo
981 1183 1182 1265 prodigiosum
1200 1180 1248 1239 lla-

148 1261 231 1319 itium
250 1254 422 1333 horrerent,
454 1263 533 1341 quod
553 1262 589 1321 ab
620 1262 685 1342 ipso
711 1276 831 1321 naturae
855 1280 941 1321 sensu
966 1260 1082 1341 penitus
1106 1258 1248 1318 abborret.

125 1280 207 1469 iliqe
224 1349 344 1471 apparep
368 1358 453 1416 quana
478 1339 632 1421 religiosae
658 1338 769 1399 irretiat
792 1337 969 1412 electiones,
992 1334 1045 1396 ubi
1067 1346 1128 1395 tana
1151 1332 1248 1414 supina

126 1432 165 1471 ne
198 1426 308 1473 rentur
342 1416 391 1473 nit.

165 1432 231 1555 ὅῖὅ
269 1490 336 1549 lam'
352 1490 379 1549 in
394 1488 530 1573 eligendo
550 1502 646 1553 totum
666 1491 737 1551 illud
757 1490 800 1551 ius
812 1488 916 1572 populi
934 1488 1078 1550 sublatum
1090 1498 1144 1549 est.
1163 1488 1250 1561 Vota,

126 1584 272 1639 assensus,
303 1566 531 1648 subscriptiones
555 1579 586 1627 et
611 1568 708 1628 omnia
729 1568 870 1628 eiusmodi
890 1577 1085 1629 evanuerunt:
1119 1562 1250 1647 adsolet

127 1641 296 1702 Canoniees
315 1646 430 1726 integra
451 1656 577 1725 potestas
588 1644 726 1705 translata
743 1656 795 1704 est.
833 1644 891 1718 llli,
910 1643 939 1701 in
953 1639 1163 1720 quemvolunt,
1181 1659 1251 1701 con-

126 1717 226 1777 serunt
238 1722 450 1799 episcopatum:
471 1742 536 1779 curn
557 1742 623 1779 mox
642 1722 672 1780 in
693 1732 881 1801 conspectum
901 1717 996 1798 plebis
1029 1718 1186 1790 reducunt,
1203 1714 1252 1775 scd

127 1794 324 1869 adorandum,
354 1818 414 1855 non
445 1799 670 1857 examinandum.
720 1797 811 1877 atqui
840 1796 978 1856 reclamat
1000 1740 1064 1853 lieo
1089 1794 1251 1873 (epistsu

128 1892 189 1950 cap.
209 1875 268 1948 2.),
299 1872 407 1932 nullam
433 1874 577 1933 rationem
603 1875 632 1933 id
653 1874 764 1949 sinere,
794 1894 827 1934 ac
852 1872 1011 1933 violentam
1037 1870 1253 1952 impositionem

126 1966 189 2005 esse
209 1950 388 2027 pronuntiat.
439 1950 600 2040 Cyprianus
620 1951 686 2029 (lib.
706 1956 734 2013 2.
754 1970 800 2029 ep.
819 1952 879 2029 5.),
905 1968 994 2027 quum
1019 1946 1114 2006 fluere
1140 1966 1175 2006 ex
1192 1946 1253 2006 inec

128 2022 226 2082 divino
247 2035 379 2099 testatur,
400 2047 437 2085 ne
457 2030 507 2085 liat
526 2026 581 2087 nisi
601 2047 634 2085 ex
654 2046 798 2087 consensu
817 2024 934 2160 populi,
959 2042 1090 2105 pugnare
1110 2022 1253 2084 diversunt

125 2118 239 2159 morem
260 2121 325 2160 cum
344 2102 506 2162 verbollei
526 2103 663 2163 ostendit.
701 2103 764 2163 Tot
782 2123 854 2184 syno
877 2121 961 2161 orum
981 2102 1099 2160 decreta
1118 2118 1158 2159 ne
1176 2118 1255 2160 secus

126 2174 179 2234 fiat
197 2176 376 2236 severissime
400 2178 575 2257 probibent:
607 2200 656 2251 ac,
680 2180 705 2243 si
725 2179 830 2239 lactum
850 2179 903 2252 sit,
927 2175 1031 2236 iubent
1050 2194 1113 2236 esse
1133 2176 1254 2235 irritum.

127 2250 162 2309 si
182 2251 251 2312 laaec
270 2273 338 2313 vera
357 2264 441 2328 sunt,
469 2255 549 2315 nulla
578 2256 666 2315 hodie
697 2275 795 2335 neque
820 2255 917 2315 divino
942 2272 1041 2333 neque
1062 2252 1255 2314 ecclesiastico

128 2327 194 2385 inre
214 2327 365 2389 Canoniea
385 2330 490 2391 electio
511 2332 542 2391 in
561 2333 749 2411 totoPapatu
768 2342 909 2412 superest.
948 2330 1059 2389 Verum
1079 2330 1194 2390 etiamsi
1211 2328 1257 2388 ni·

126 2400 168 2461 bil
189 2403 266 2462 aliud
296 2406 364 2465 mali
389 2406 481 2481 soret,
502 2408 551 2488 qui
579 2420 673 2468 tamen
696 2408 752 2468 linc
778 2426 913 2468 excusare
938 2416 1096 2485 poterunt,
1117 2406 1199 2485 quod
1216 2406 1255 2465 ita

127 2478 318 2558 spoliaverint
337 2503 389 2541 suo
411 2482 474 2542 iure
496 2483 653 2545 ecclesiam.
673 2517 713 2530 -
751 2483 842 2562 Atqui
867 2485 925 2557 ita,
947 2482 1101 2562 inquiunt,
1128 2481 1258 2565 exigebat

125 2565 185 2614 tem
210 2577 293 2616 orum
313 2559 478 2638 corruptio,
499 2571 531 2617 ut
552 2560 689 2640 quoniam
710 2560 785 2638 apud
807 2560 923 2640 plebem
943 2572 973 2617 et
993 2559 1178 2639 magistratus
1197 2559 1257 2641 plus

126 2577 263 2692 valebant
283 2634 349 2692 odia
370 2646 400 2692 et
418 2635 512 2694 studia
532 2636 562 2693 in
583 2639 758 2697 assumendis
780 2637 938 2716 episcopis,
969 2656 1055 2714 quarn
1081 2648 1196 2695 rectum
1215 2656 1257 2695 sa·

126 2728 256 2789 numque
276 2710 425 2784 iudicium,
446 2711 505 2772 eins
526 2714 567 2772 rei
588 2712 738 2772 arbitrium
755 2716 851 2791 paucis
864 2712 1036 2771 deferretur.
1075 2710 1258 2771 Fueritsane

125 2783 185 2846 boc
205 2797 363 2847 extremum
384 2789 450 2848 ntuli
471 2792 500 2848 in
521 2791 607 2849 rebus
621 2789 776 2869 deploratis
787 2789 954 2851 remedium.
993 2788 1178 2855 Verumubi
1197 2808 1259 2848 me-

128 2860 225 2923 dicina
245 2863 351 2924 morbo
372 2866 435 2943 ipso
457 2869 614 2926 nocentior
632 2868 774 2945 apparuit,
794 2888 845 2925 cnr
865 2886 925 2925 non
946 2875 976 2923 et
995 2883 1073 2923 novo
1094 2864 1165 2925 buic
1183 2866 1259 2926 malo

125 2941 324 3001 succurritur?
362 2942 423 3001 Sed
442 2955 496 3013 est,
514 2945 660 3021 inquiunt,
680 2943 746 3021 ipsis
761 2943 1259 3023 Canonicisexacteprae'scriptntn,

127 3015 197 3094 quid
218 3036 248 3075 se
271 3017 300 3074 ui
319 3017 347 3075 in
370 3018 515 3077 electione
535 3019 669 3090 debeant.
709 3020 767 3077 Sed
788 3040 824 3077 an
845 3018 1008 3077 dubitamus
1020 3018 1092 3096 quin
1113 3019 1259 3079 sanctissi-

127 3092 181 3149 mis
202 3090 258 3171 legi
283 3116 315 3152 ns
336 3093 403 3153 olim
424 3095 508 3173 plebs
532 3116 563 3153 se
589 3096 708 3176 astringi
738 3094 930 3175 intelligeret,
960 3116 1048 3172 quum
1068 3094 1188 3154 rideret
1205 3095 1260 3155 sibi

127 3167 258 3246 regulam
284 3170 409 3229 everlso
432 3171 487 3229 llei
512 3173 707 3249 propositam,
739 3173 806 3229 dnm
833 3171 867 3229 ad
894 3171 1063 3249 episcopum
1090 3169 1259 3253 eligendum

128 3244 318 3304 conveniret?
358 3248 507 3324 Siquidem
528 3248 575 3305 illa
596 3269 652 3305 una
674 3270 727 3306 vox
745 3249 818 3318 Dei,
839 3269 893 3327 qua
915 3247 1052 3305 describit
1071 3266 1175 3308 reram
1194 3248 1259 3327 epi-

127 3317 210 3395 scopi
231 3318 373 3398 effigiem,
393 3324 497 3382 merito
518 3323 607 3401 pluris
628 3344 691 3381 esse
709 3324 835 3382 debebat
854 3344 938 3401 quoni
960 3324 1091 3382 infinitae
1100 3324 1261 3384 (latronum

127 3393 282 3473 myriades.
322 3396 380 3454 Sed
401 3399 604 3471 nihilominus,
630 3400 753 3477 pessimo
775 3401 881 3459 allecto
903 3412 1056 3477 corrupta,
1077 3400 1190 3460 nullane
1212 3401 1260 3460 ba·

127 3469 217 3529 bebat
237 3468 309 3550 legis
329 3484 379 3531 aut
398 3474 550 3551 aequitatis
562 3477 713 3535 cntionem.
754 3476 803 3535 Sic
825 3476 912 3536 bodie
924 3480 976 3536 etsi
988 3479 1117 3555 optimae
1134 3478 1191 3537 scri
1214 3488 1261 3536 tae

127 3558 196 3608 sunt
215 3544 304 3629 leges,
323 3562 443 3608 manent
462 3564 558 3609 tamen
580 3554 608 3611 in
629 3553 733 3613 chartis
752 3552 892 3632 sepultae.
912 3583 951 3597 -
989 3554 1113 3611 Interim
1133 3498 1261 3633 utplitri·

127 3644 208 3683 mum
228 3622 359 3682 moribus
379 3639 529 3705 receptum
551 3642 605 3703 est,
625 3643 654 3688 et
674 3632 770 3707 (qnasi
792 3630 906 3688 ratione
926 3631 991 3706 liat)
1012 3630 1098 3688 etiam
1111 3631 1261 3709 approba·

127 3712 202 3771 tum,
221 3713 254 3759 ut
273 3699 393 3775 ebriosi,
413 3714 598 3779 scortatores,
618 3706 736 3765 aleones
756 3706 857 3785 passim
872 3706 906 3763 ad
928 3705 1004 3765 lione
1025 3706 1173 3766 bonorem
1186 3726 1261 3799 pro-

128 3787 319 3836 moveantur:
339 3798 441 3856 parum
462 3778 543 3839 dico:
563 3793 596 3839 ut
615 3784 794 3861 episcopatus
815 3782 1023 3841 adulteriorum
1044 3793 1075 3841 et
1094 3780 1261 3842 lenocinio·

126 3874 195 3915 rum
215 3855 272 3912 sint
292 3856 429 3932 praernia.
480 3856 554 3914 Nam
576 3880 662 3950 quum
688 3860 873 3916 testatoribus
905 3871 934 3916 et
958 3858 1120 3937 aucupibus
1141 3860 1260 3932 dantur,

126 3929 275 4015 praeclare
295 3950 340 3989 res
361 3932 496 3991 cecidisse
516 3934 699 3993 existimanda
727 3946 778 3993 est.
821 3936 943 3993 'saritam
968 3935 1177 4015 indignitatem
1197 3935 1258 3994 ullo

126 4006 217 4065 modo
239 4028 384 4080 excusare,
404 4009 487 4067 nimis
507 4010 672 4089 improbum
694 4021 745 4068 est.
784 4011 929 4083 Habebat,
948 4011 1078 4090 inquam,
1098 4012 1258 4089 olimopti·

127 4102 206 4140 mum
232 4103 374 4142 canonem
407 4084 548 4163 populns,
580 4085 626 4146 eni
656 4087 872 4163 praescribebat
892 4088 948 4145 llei
968 4088 1090 4146 verbum
1117 4088 1157 4166 (l.
1179 4088 1256 4148 Tim.

126 4164 157 4232 3,
176 4160 235 4234 2),
256 4172 396 4237 oportere
415 4163 584 4253 episcopum
611 4181 673 4219 esse
693 4163 994 4242 irreprebensibilem,
1020 4164 1173 4223 doctorem
1194 4184 1255 4223 nen

126 4254 290 4315 pugnacem
310 4247 367 4297 etc.
420 4241 483 4298 (Jur
513 4259 585 4321 ergo
611 4238 739 4317 eligendi
770 4241 921 4319 provincia
951 4262 967 4299 a
992 4260 1032 4321 po
1054 4240 1104 4299 nlo
1129 4241 1165 4299 ad
1185 4242 1254 4300 istos

125 4309 263 4372 translata
282 4312 348 4375 est?
388 4312 464 4388 Quia
483 4315 593 4377 scilieet
605 4312 682 4375 inter
701 4318 805 4396 populi
824 4316 964 4379 tumultus
985 4330 1016 4378 et
1035 4262 1180 4381 lectiones
1190 4336 1253 4381 sen
