2700 4732
101 166 162 227 31⁰
498 154 576 217 ΗΒ.
597 154 651 213 tu.
694 151 782 213 (ΞΜ).
802 150 855 209 lx.

105 297 281 380 simpliciter
299 298 330 359 in
350 296 407 359 illis
427 296 501 359 locis
519 294 675 379 Evangelii
694 294 967 376 praedicationem:
1001 310 1063 351 nee
1098 300 1156 349 tan
1174 298 1245 371 potc-

107 390 215 441 statem
242 395 411 454 essequam
431 375 641 447 ministerium,
672 374 710 434 si.
724 372 759 432 ad
791 371 926 431 homines
960 366 1153 449 respicimus.
1192 366 1247 431 tin

109 458 187 515 enim
208 452 376 513 hominibus
396 450 471 511 hane
493 463 667 531 potestatem
689 449 809 531 proprie
822 446 960 510 Christus
979 445 1080 520 dedit,
1100 443 1152 505 sed
1172 441 1248 505 recle

109 552 175 605 suo,
196 531 277 590 cuins
299 529 432 588 homines
453 530 603 587 ministros
625 527 704 587 fecit.
1040 556 1049 565 ·

185 612 214 670 2
234 603 319 665 aner
339 627 425 697 quem
447 606 483 663 de
503 604 613 687 ligandi
633 616 664 663 et
682 602 815 663 solvendi
835 611 988 682 potestate
998 610 1123 659 exstare
1135 594 1251 669 dirius,

111 681 580 746 locuslllatthacr18.habetur:
615 660 666 740 ulai
692 680 733 739 ait
757 679 892 739 Christus
916 680 1069 753 (v.17.):
1103 672 1161 747 „Si
1180 672 1252 731 frater

111 758 240 838 „aliquis
259 757 413 817 ecclesiam
438 779 499 817 non
519 757 661 828 audierit,
690 758 729 815 sit
749 756 802 815 tibi
822 756 899 816 sicut
916 753 1063 814 etlmicue
1085 763 1120 811 et
1137 748 1251 830 publiea·

111 857 198 911 „nne
236 835 333 893 Amen
354 835 421 892 dico
441 836 534 905 vobis,
554 854 747 913 quaecunque
760 830 1024 911 ligaveritissuper
1038 840 1167 896 terram,
1184 836 1252 884 eruet

112 911 224 992 „ligata
246 923 275 968 et
295 911 324 968 in
346 910 446 969 coelo:
468 930 662 990 quaecunque
681 909 837 981 solveritis,
856 907 954 968 soluta
976 910 1111 965 erunt.“
1150 902 1204 961 Hic
1219 901 1252 961 lo·

114 1008 164 1048 cus
183 1008 246 1045 non
268 987 390 1046 omnino
412 998 455 1045 est
474 987 566 1064 priori
585 986 703 1056 similis,
734 987 784 1045 sed
814 985 902 1063 paulo
928 983 961 1042 in
984 983 1142 1041 diversam
1161 990 1253 1059 parte·

114 1061 323 1144 intelligendus
355 1074 407 1122 est.
456 1064 525 1122 Non
558 1075 655 1122 autern
676 1063 717 1122 sic
739 1062 867 1121 diversos
887 1060 984 1134 facio,
1004 1070 1044 1118 ut
1065 1079 1133 1117 non
1153 1054 1252 1115 multare

115 1138 245 1199 habeant
257 1140 334 1198 inter
346 1160 377 1198 se
390 1138 572 1199 affinitatem.
598 1140 665 1200 lloc
687 1141 810 1218 primum
824 1136 986 1213 utrobique
998 1134 1106 1195 simile
1118 1146 1174 1206 est,
1192 1128 1252 1207 quel

115 1227 239 1293 utraque
259 1226 303 1274 cst
322 1216 467 1295 generalis
487 1218 648 1286 sententia,
674 1216 776 1274 cadem
796 1235 911 1292 semper
930 1212 1054 1294 ligandi
1076 1207 1253 1285 solvendique

115 1303 246 1371 potestas
267 1297 389 1370 (nempe
411 1312 464 1370 per
484 1294 604 1352 verbum
618 1292 701 1366 Dei),
721 1292 798 1350 idem
818 1289 1002 1360 mandatnm,
1025 1287 1139 1347 eadem
1148 1283 1253 1362 promi·

116 1367 171 1427 sio.
211 1368 256 1426 Eo
278 1379 374 1425 autem
396 1367 549 1433 differunt,
571 1367 650 1445 quod
674 1368 753 1443 princ
774 1367 856 1426 locus
877 1362 1078 1442 peculiariter
1100 1360 1138 1419 de
1159 1356 1254 1437 praedi-

118 1441 237 1503 catione
258 1453 311 1515 est,
330 1462 386 1521 qna
408 1442 490 1500 verbi
510 1442 634 1501 ministri
657 1441 833 1522 funguntur:
868 1439 914 1497 liic
935 1439 974 1498 ad
1002 1435 1196 1515 disciplinam
1218 1453 1253 1491 et·

118 1518 394 1577 communicationis
413 1519 556 1596 pertinet,
576 1538 649 1596 (purae
672 1518 812 1577 ecclcsiae
834 1515 970 1596 permissa
994 1526 1052 1573 est.
1102 1512 1190 1593 Ligat
1216 1530 1254 1568 ae·

117 1605 179 1653 tem
199 1593 321 1653 ecclesia
343 1614 428 1672 quern
451 1595 694 1653 excommunicat:
717 1616 777 1653 non
799 1592 878 1672 qnod
900 1592 929 1651 in
951 1601 1138 1671 perpetuam
1159 1589 1253 1646 ruinart

119 1689 154 1729 ac
175 1670 410 1746 desperationem
432 1671 582 1743 coniiciat,
603 1670 653 1729 sed
675 1671 743 1748 quia
764 1670 825 1729 cius
844 1670 932 1729 uitam
953 1689 988 1726 ac
1009 1686 1119 1726 nrores
1139 1665 1253 1724 damnat:

120 1765 170 1819 ac,
203 1746 257 1805 nisi
282 1746 454 1825 resipuerit,
487 1748 544 1805 iam
572 1768 637 1804 enm
664 1767 732 1805 suae
759 1745 951 1805 damnationis
973 1744 1136 1802 admonet.
1176 1737 1254 1799 satri:

42 1846 49 1861 ·
122 1843 210 1900 quem
232 1823 262 1880 in
283 1825 523 1882 communionem
545 1822 664 1900 recipit:
696 1823 763 1901 quia
789 1822 869 1881 velut
893 1820 1077 1900 participent
1110 1814 1268 1879 eumfacit·

120 1898 252 1971 unitatis,
272 1920 357 1989 quam
379 1900 516 1958 haletin
539 1900 657 1961 Christo
679 1900 755 1959 Iesu.
795 1899 839 1957 Ne
861 1901 925 1977 quis
944 1917 1020 1977 ergo
1054 1893 1255 1955 contumaciter

123 1973 262 2035 ecclesiae
282 1975 419 2035 indicium
442 1990 629 2048 contemnat,
662 1987 713 2035 aut
737 1978 817 2055 parvi
843 1976 930 2034 faciat
953 1994 987 2033 se
1008 1972 1150 2031 fidelium
1169 1968 1255 2031 suffra·

122 2051 176 2130 giis
199 2051 384 2111 damnatum:
404 2065 528 2111 testatur
548 2054 694 2113 Dominus
715 2054 771 2111 tale
792 2052 918 2111 fidelium
940 2050 1087 2109 indicium
1110 2070 1175 2109 non
1192 2042 1255 2105 aliud

122 2147 290 2206 essequam
317 2133 481 2187 sententiae
501 2150 569 2189 suae
597 2129 884 2206 promulgationem,
917 2139 1079 2204 ratumque
1110 2121 1255 2203 laberii!

123 2204 214 2263 coelis
236 2206 320 2285 qnod,
336 2205 379 2263 illi
398 2207 427 2262 in
449 2217 525 2264 terra
547 2207 670 2286 egerint.
719 2207 840 2265 liabent
859 2205 936 2265 enim
957 2203 1087 2262 uerbum
1109 2201 1186 2273 Dei,
1208 2216 1255 2290 pre

122 2300 277 2358 perversos
298 2283 452 2341 damnent:
484 2281 595 2341 liabent
613 2284 750 2357 verbum,
782 2303 841 2361 qno
861 2281 1073 2359 resipiscentes
1096 2278 1128 2338 in
1149 2288 1255 2359 gratu!

121 2356 275 2434 recipiant.
316 2358 424 2415 lirrare
444 2371 541 2417 antem
563 2382 621 2418 aron
644 2372 777 2438 possunt,
797 2379 852 2417 nce
872 2357 956 2416 aDei
969 2356 1087 2416 iudicio
1102 2355 1254 2417 dissentire:

124 2433 191 2511 quia
212 2431 328 2491 nonnisi
350 2435 469 2513 exlege
490 2435 546 2492 Dei
567 2436 712 2508 iudicant,
740 2455 815 2515 quae
840 2456 900 2493 non
927 2434 1042 2492 ineerta
1073 2444 1122 2493 eet
1141 2442 1192 2497 aut
1209 2442 1255 2489 ter·

123 2529 195 2568 rena
216 2509 332 2587 opinio,
353 2510 403 2568 sed
415 2524 515 2570 sancta
528 2512 584 2569 Dei
599 2513 742 2586 voluntas,
763 2524 793 2571 et
813 2511 940 2572 coeleste
960 2507 1132 2569 oraculum.
1159 2506 1256 2567 Existi:

124 2584 240 2644 duobus
261 2585 349 2657 locis,
378 2608 451 2664 quos
478 2599 510 2646 ut
535 2587 680 2659 breviter,
706 2594 744 2648 ira
767 2588 945 2647 familiariter
973 2597 1004 2644 et
1024 2606 1103 2645 vere
1124 2600 1256 2645 enarrasse

117 2660 197 2722 'mihi
219 2662 336 2736 videor,
357 2662 459 2722 furiosi
481 2665 537 2737 iffi,
559 2665 640 2723 nullo
662 2667 843 2738 discrimine,
873 2674 963 2743 prout
976 2684 1034 2721 sua
1058 2662 1207 2744 vertigine
1224 2659 1256 2717 fe·

124 2752 240 2813 rentur,
262 2762 340 2798 nnnc
360 2740 591 2814 confessionem,
612 2764 690 2801 nnnc
712 2741 1066 2813 excommunicationem,
1089 2760 1172 2798 :runc
1191 2737 1258 2797 iuris·

126 2814 296 2887 dictionem,
317 2838 395 2875 nnnc
417 2817 459 2876 ins
480 2818 627 2877 condendi
649 2820 739 2898 leges,
760 2841 836 2878 nnnc
857 2816 1059 2896 indulgentias
1079 2827 1259 2876 statuerece·
1295 2804 1297 2817 Ι

125 2905 242 2951 uantur.
282 2894 415 2952 Priorem
448 2915 518 2953 vero
551 2896 586 2953 ad
618 2895 804 2955 astruendum
832 2894 981 2951 Romanae
1013 2892 1097 2951 seclis
1119 2893 1259 2971 primaten

126 2967 268 3060 allegant:
299 2972 339 3028 ita
373 2985 484 3029 nerunt
515 2970 610 3032 clares
637 2994 699 3030 suas
721 2972 825 3049 qrrilrus
846 2971 935 3029 visum
957 2982 1001 3028 est
1022 2981 1132 3047 aptare
1151 2970 1258 3028 serisrt

126 3046 224 3117 ostiis,
244 3060 276 3105 ut
296 3047 373 3104 ‹lieas
393 3058 455 3105 tota
476 3048 532 3106 vita
554 3070 604 3106 eos
625 3061 717 3106 artem
741 3047 872 3106 fabrilem
894 3046 1071 3104 exercuisse.

202 3129 230 3186 3.
269 3125 343 3182 Nam
366 3125 445 3199 quod
467 3126 600 3182 nonnulli
622 3127 719 3182 omnia
741 3125 788 3183 illa
810 3125 986 3201 temporaria
1002 3121 1095 3180 fuisse
1110 3121 1260 3204 imaginae·

125 3209 191 3272 tur,
213 3221 302 3276 quum
322 3200 506 3276 magistratus
526 3221 542 3258 a
563 3202 713 3279 religionis
734 3214 832 3259 nostra
854 3200 1040 3278 professione
1068 3197 1162 3257 alieni
1183 3198 1262 3257 adice

126 3274 241 3334 forent:
261 3275 291 3332 in
314 3296 349 3335 eo
372 3276 522 3344 falluntur,
543 3281 622 3366 qrrod
644 3300 703 3336 rron
725 3277 968 3350 anirnarlvertnnt,
988 3287 1138 3355 quantum
1158 3275 1198 3335 sit
1216 3272 1263 3331 dir·

127 3352 237 3411 crimen
270 3363 300 3410 et
330 3353 422 3430 qualis
454 3354 654 3413 dissinnlitndn
687 3353 897 3412 ecclesiasticae
923 3365 953 3410 et
987 3351 1083 3410 civilis
1111 3350 1263 3430 potestatis

126 3429 232 3507 Neque
258 3428 335 3486 enim
363 3431 406 3488 ius
430 3429 520 3511 gladii
547 3429 636 3490 habet
662 3429 796 3503 ecclesia,
828 3450 886 3508 quo
912 3429 1015 3508 puniat
1039 3427 1091 3485 vel
1124 3436 1263 3499 coerceat,

126 3526 187 3565 non
210 3506 247 3562 im
273 3504 363 3564 erinm
386 3518 417 3565 ut
436 3519 533 3586 cogat,
555 3530 614 3566 non
633 3529 791 3580 carcerem,
812 3528 871 3564 non
894 3527 1004 3584 poenas
1025 3504 1111 3578 alias,
1131 3525 1207 3583 quae
1224 3523 1263 3562 so·

126 3580 190 3641 lent
209 3525 271 3641 inlli
294 3581 303 3638 i
323 3602 338 3641 a
359 3585 537 3663 magistratu.
586 3584 701 3644 Deinde
732 3606 791 3642 non
826 3582 881 3640 hoc
907 3584 976 3663 agit,
1002 3595 1036 3641 ιιι
1063 3583 1118 3659 qui
1139 3578 1264 3660 peccarit

127 3659 237 3717 invitus
257 3602 416 3738 piectatur:
443 3661 493 3719 sed
515 3672 546 3719 ut
566 3661 727 3720 voluntaria
749 3660 939 3740 castigatione
960 3658 1183 3737 poenitentiam
1203 3676 1264 3736 pro·

127 3736 251 3795 fiteatur.
303 3734 355 3794 Est
382 3737 470 3816 igitur
495 3737 584 3817 longe
610 3738 719 3795 diversa
745 3738 836 3795 ratio:
870 3736 937 3814 quia
959 3755 1014 3793 nec
1035 3735 1199 3814 quicquam
1218 3732 1265 3792 siti

126 3812 214 3872 sumit
234 3811 371 3887 ecclesia,
393 3813 472 3892 quod
492 3814 529 3873 sit
548 3814 698 3893 proprium
721 3816 919 3892 magistratus,
940 3831 1038 3889 neque
1068 3811 1130 3871 hoe
1155 3810 1265 3869 efficere

126 3900 227 3978 potest
246 3888 426 3969 uragistratns
447 3891 526 3968 qued
544 3893 580 3949 ab
602 3892 720 3950 ecclesia
740 3890 899 3970 peragitur.
950 3887 1099 3966 Exemplo
1134 3887 1187 3946 fiel
1216 3885 1264 3944 lroe

127 3963 251 4025 facilins.
302 3965 467 4025 Inebriatus
488 3979 530 4025 est
551 3967 671 4046 aliquis?
701 3969 729 4026 in
758 3967 829 4024 urlre
858 3966 934 4025 bene
962 3966 1145 4039 constituta,
1175 3980 1265 4043 poena

125 4041 184 4101 erit
204 4062 318 4102 carcer:
339 4056 481 4102 scortatus
503 4043 564 4103 est?
585 4057 634 4103 aut
654 4044 769 4115 similis,
789 4055 838 4101 aut
864 4042 960 4120 potius
987 4043 1093 4100 maior.
1145 4039 1191 4099 lta
1216 4037 1267 4097 erit

126 4118 304 4179 satisfactum
325 4132 354 4178 et
374 4120 497 4201 legibus,
524 4132 554 4179 et
573 4122 768 4201 magistratui,
793 4132 822 4178 et
842 4132 963 4178 externo
983 4118 1107 4178 iudicio.
1147 4117 1189 4177 A:
1209 4114 1266 4175 lieri

88 4202 91 4213 ’
124 4195 240 4275 poterit
259 4207 290 4254 ιιι
310 4195 419 4267 nnllam
441 4197 490 4254 det
509 4199 712 4278 poenitentiae
732 4195 994 4287 significationem,
1015 4197 1090 4286 qpip
1107 4194 1214 4333 potius
1237 4200 1265 4249 ιι

75 4364 86 4373 .
123 4268 504 4345 obmurmuretrelfremat.
522 4272 921 4345 Auilliecessabitecclenai
934 4270 1107 4354 Atreupra
1134 4270 1264 4335 Coeum
