2596 4726
371 204 447 268 uu.
466 204 492 275 l.
529 203 618 270 CAP.
637 196 713 307 ΥΠ.
1064 203 1107 271 ⁸¹1

51 347 147 409 Verbi
165 348 245 410 linea
262 349 296 409 ln
315 349 410 430 iprum
430 348 603 443 dirigamurr
622 358 658 409 ιιι
675 346 763 435 eatiua
780 345 819 408 eit
834 345 869 409 ln
887 344 1004 439 btcyla
1023 344 1106 407 elau-

51 445 73 486 e
92 447 180 507 qnam
206 438 285 486 extra
310 446 373 486 eam
398 426 551 487 celerrime
574 443 704 491 currere.
752 423 858 504 ltaque
876 442 990 558 eaeprue
1008 420 1106 485 David

54 506 105 568 99-
125 508 174 567 96.
192 508 241 569 99.
259 510 307 568 99.
321 502 460 577 etsimil.)
479 500 703 581 rupemtitionee
722 517 740 560 e
757 498 869 561 mundo
888 510 920 560 to
934 498 1033 561 lendae
1049 498 1107 561 do-

51 622 61 653 ,
82 599 144 659 quo
163 600 237 660 pura
257 580 355 660 vigeat
372 577 476 659 religio
496 579 593 638 Deum
617 587 790 659 regnantem
809 574 937 639 inducit:
962 575 1108 659 regnandi

50 657 100 715 ine
119 674 181 715 uon
201 666 375 735 potestatem
394 655 559 749 aipnificana
579 675 635 734 qua
661 652 810 735 praeditur
829 664 889 730 eat,
915 662 947 714 et
1004 646 1050 715 altr
1074 653 1107 714 in

51 751 112 791 erra
131 743 254 791 naturae
273 731 489 813 gubernatrone
510 742 637 791 exercet:
657 728 709 791 red
728 728 864 790 doctrina
882 749 939 810 qua
956 729 1012 790 arbi
1032 728 1110 815 legi·

51 804 813 945 ''atltt‘tlltzz‘tltl”ftnttttsbnttli
848 814 943 943 “3⁰22
958 806 1109 944 ‘inid'

51 967 82 1025 4.
121 960 254 1020 Proinde
272 926 356 1019 idern¹
370 906 520 1040 Propbela
538 960 705 1037 (1²2.19,1·
723 961 779 1037 b),
796 957 849 1019 ubi
859 902 1111 1039 cornmgenmorivit,

51 1038 106 1097 lam
125 1037 186 1098 Dei
204 1057 222 1098 a
242 1035 332 1096 coelia
352 1038 499 1114 enarrari,
523 1056 613 1116 opera
636 1055 773 1096 manuum
798 1035 947 1098 enuntiari
972 1058 989 1098 a
1011 1036 1112 1099 firma·

51 1125 100 1187 to,
133 1112 171 1173 ab
202 1112 337 1173 ordinata
368 1113 480 1174 dierum
511 1113 702 1192 noctiumque
731 1111 806 1173 cerie
834 1113 1014 1175 maleetatem
1047 1114 1112 1176 eine

51 1190 156 1252 dicarit
185 1189 293 1250 deinde
317 1189 353 1250 ed
374 1190 467 1250 Verbi
491 1191 673 1249 mentionem
690 1187 857 1265 descendit,
886 1190 987 1264 „Ler,
1004 1190 1035 1250 io
1058 1190 1114 1268 nit,

51 1267 125 1327 mini
135 1265 329 1341 immaculata,
348 1265 655 1328 convertensanimae:
674 1260 870 1327 te'atirnonium
881 1266 1003 1327 Domini
1015 1210 1114 1343 biele,

50 1344 174 1405 ientia
185 1355 335 1423 praestana
354 1343 493 1424 parvolis:
513 1342 640 1402 iustitiae
651 1341 775 1402 Domini
793 1353 903 1420 rectae,
922 1341 1113 1406 laetificante

51 1421 106 1482 dae
127 1440 234 1501 praece
257 1431 318 1512 tum
328 1420 449 1481 Domini
468 1418 609 1492 lucidum,
628 1417 939 1513 illuminanqoculop.“
957 1419 1021 1482 Eut
1033 1418 1114 1482 enin

51 1517 203 1650 ιἰέιῖῗῗέῗὶῗ
217 1493 1115 1664 ,galettimitmt‘lssxlfft‘liat'¹'ll:n¹.¹b3;,‘:t.l;

51 1651 107 1711 rloa
128 1651 165 1710 ad
186 1669 219 1710 ae
238 1650 342 1710 invitet
361 1649 437 1711 coeli
454 1662 611 1728 terraeque
630 1658 751 1722 unturtu,
770 1647 918 1711 baneeaee
936 1650 1115 1743 peculiarem

51 1750 107 1788 nm
128 1726 191 1788 Dei
215 1725 354 1787 nebulam.
396 1724 511 1785 Eodem
534 1736 648 1805 epectat
670 1724 801 1786 Paalmne
818 1730 877 1801 99,
895 1724 947 1786 obn
966 1725 1117 1809 Propheta

51 1805 178 1865 ionatna
198 1802 237 1863 de
256 1801 382 1862 terribili
401 1802 460 1862 Dei
478 1821 568 1875 voce,
587 1819 663 1881 qnae
682 1801 713 1860 in
733 1802 858 1879 tonitru,
878 1803 990 1878 nentia,
1013 1802 1116 1864 inlbri'·

77 1879 253 1943 turbinibus
274 1891 305 1940 et
325 1878 465 1972 procellis
495 1891 602 1939 terram
627 1877 774 1955 concutit,
802 1878 968 1939 tremefacit
989 1888 1118 1955 montee,

51 1979 84 2020 ee
108 1955 292 2051 confringite
324 1976 354 2016 ιιι
385 1955 444 2016 fine
473 1954 593 2046 tqndem
615 1953 748 2046 eubiicit,
776 1954 842 2015 cani
871 1954 933 2014 eiua
962 1952 1062 2017 laudea
1084 1955 1119 2051 in

51 2031 712 2199 walt*§lcttltl‘btlt‘saltt
728 2030 1120 2199 bjit‘z'fflbetlt

51 2184 129 2249 bilta
147 2187 261 2246 ssuctua
280 2185 375 2258 maria,
393 2186 435 2246 ita
453 2184 577 2243 claudit:
596 2182 797 2257 „Teatrmonra
816 2196 866 2245 tua
876 2183 1022 2246 verilitate
1039 2206 1073 2247 an

51 2282 96 2324 :nr
109 2261 217 2342 templi
236 2263 291 2335 tui,
310 2261 446 2322 sanctitas
465 2261 495 2321 in
515 2261 566 2320 lon
591 2259 730 2321 itudinem
746 2260 889 2321 dierum.“
913 2260 993 2322 lline
1006 2260 1098 2323 etilln

51 2351 98 2402 nat
123 2339 210 2432 quod
236 2338 437 2429 Sarnapitanae
466 2335 583 2398 mulieri
611 2336 728 2398 dicebat
752 2336 886 2399 Chriatue
910 2336 971 2474 Slo·
990 2343 1027 2412 4,
1042 2340 1121 2415 22),

51 2414 413 2581 :dodilliaeetlllriiuiueiit
430 2433 550 2551 ociillaiin
557 2412 969 2571 pqppilpqoeadorpppmqnqom
995 2490 1122 2554 bumana

51 2593 63 2632 ι
82 2592 140 2650 pro
162 2589 216 2630 eua
238 2566 439 2627 imbecrlhtate
459 2566 615 2648 pervenire
635 2566 671 2626 ad
690 2566 787 2627 Deum
807 2566 890 2627 nullo
910 2566 1000 2628 modo
1022 2579 1122 2646 queat,

60 2667 149 2708 aacro
178 2647 240 2704 eiua
260 2644 354 2704 verbo
378 2643 474 2703 adiuta
500 2655 531 2703 et
554 2642 718 2717 sublevata,
747 2661 850 2704 omuea
872 2655 945 2704 tunc
969 2643 1122 2721 mortalee,

51 2724 109 2804 ptia
129 2719 266 2794 Indaeis,
297 2719 366 2799 quia
384 2720 482 2779 Deum
505 2720 570 2780 sine
589 2720 680 2784 verbo
705 2720 902 2802 quaerebant,
925 2739 1046 2784 necem
1064 2720 1123 2786 tnta

51 2801 162 2863 unitate
182 2809 274 2879 atque
294 2816 397 2860 errore
414 2797 548 2877 necteria

955 2415 1120 2477 neeeireota

370 3084 625 3160 CAPUT
673 3083 750 3158 v11.

51 3240 332 3328 o⁸teatimonio
357 3260 585 3343 scripturam
609 3273 785 3342 oporteat
810 3260 966 3338 sanciri,
995 3278 1124 3345 nempe

54 3359 168 3433 ritua,
198 3368 239 3415 ut
264 3365 369 3415 certa
393 3366 543 3441 constet
569 3354 649 3414 eiua
674 3355 896 3417 auctoritas:
928 3352 1036 3437 atque
1063 3357 1125 3421 im·

51 3474 83 3514 nn
108 3469 193 3514 erae
219 3457 475 3524 commentum,
502 3448 613 3514 sidem
644 3448 722 3510 einr
748 3447 979 3530 pendereab
998 3449 1125 3515 Eccle-

435 3542 514 3604 aiae
532 3540 682 3603 iudicio.

63 3714 92 3773 1.
131 3704 249 3765 Verum
275 3711 432 3781 antequam
462 3701 579 3784 longius
607 3702 796 3784 progrediar,
825 3703 965 3783 quaedem
995 3706 1127 3767 {namen

51 3803 99 3845 rae
118 3782 250 3863 pretium
271 3790 317 3840 eat
335 3779 371 3838 de
383 3778 551 3858 Scripturae
569 3784 756 3856 auctoritate,
776 3798 851 3859 quae
869 3802 931 3842 non
950 3783 1042 3843 modo
1061 3781 1127 3842 ani·

51 3882 56 3920 ι
85 3880 157 3940 prae
179 3867 269 3917 arent
298 3855 333 3917 ad
365 3856 425 3919 eiua
449 3854 660 3930 reverentiam,
692 3856 742 3916 sed
769 3876 886 3916 omnem
911 3858 1128 3919 dubitationem

51 3949 125 3997 nant.
192 3953 267 3994 orro
292 3932 344 3991 ubi
363 3950 528 3991 sermonem
549 3930 606 3989 Dei
626 3951 687 3992 ease
708 3932 759 4024 qui
777 3934 974 4024 proponitur,
1000 3935 1032 3994 in
1052 3955 1128 3995 eon-

51 4023 149 4088 neat,
179 4030 274 4071 nemo
296 4020 341 4067 eat
358 4021 418 4071 tam
442 4006 610 4086 deploratae
630 4010 782 4082 audaciae,
812 4010 868 4069 naai
893 4010 973 4071 sorte
992 4023 1023 4071 et
1041 4030 1128 4073 eeneu

51 4090 156 4166 amnui,
188 4097 221 4147 et
246 4085 426 4146 humanitate
472 4103 569 4164 uoque
600 4084 662 4165 ipae
690 4085 863 4161 destitutus,
880 4086 946 4168 'qui
970 4085 1058 4151 fidem
1082 4086 1128 4148 lo-

51 4167 95 4229 nti
112 4167 262 4246 derogare
281 4161 363 4223 aurit
402 4105 467 4220 sel
483 4160 621 4240 quoniam
641 4182 702 4222 non
722 4163 894 4242 quotidiana
914 4182 931 4222 e
950 4163 1042 4225 coelia
1059 4162 1129 4224 red·

51 4254 101 4303 rtur
119 4240 255 4314 oracula,
274 4249 306 4296 et
324 4237 495 4316 scripturae
516 4236 598 4297 aulae
622 4250 746 4312 enatant,
765 4238 872 4317 quibua
889 4239 980 4300 visum
1000 4251 1046 4301 eat
1062 4239 1129 4298 Do-

51 4338 77 4381 ro
98 4340 179 4381 auam
207 4327 373 4398 perpetuae
396 4313 558 4376 memoriae
582 4315 732 4377 veritatem
757 4334 946 4379 connectant:
978 4337 1041 4377 non
1070 4317 1129 4377 alio
