<?xml version="1.0" encoding="UTF-8"?>
<!DOCTYPE html PUBLIC "-//W3C//DTD XHTML 1.0 Transitional//EN"
    "http://www.w3.org/TR/xhtml1/DTD/xhtml1-transitional.dtd">
<html xmlns="http://www.w3.org/1999/xhtml" xml:lang="en" lang="en">
 <head>
  <title>
</title>
<meta http-equiv="Content-Type" content="text/html;charset=utf-8" />
  <meta name='ocr-system' content='tesseract 3.04.00' />
  <meta name='ocr-capabilities' content='ocr_page ocr_carea ocr_par ocr_line ocrx_word'/>
</head>
<body>
  <div class='ocr_page' id='page_1' title='image "./ioanniscalvinii02tholgoog/ioanniscalvinii02tholgoog_0728.png"; bbox 0 0 2700 4732; ppageno 0'>
   <div class='ocr_carea' id='block_1_1' title="bbox 495 146 1245 271">
    <p class='ocr_par' dir='ltr' id='par_1_1' title="bbox 406 146 1245 271">
     <span class='ocr_line' id='line_1_1' title="bbox 495 146 1245 271; baseline 0.005 -6.576"><span class='ocrx_word' id='word_1_1' title='bbox 495 190 646 265; x_wconf 66' lang='lat' dir='ltr'>uusssrv.</span> <span class='ocrx_word' id='word_1_2' title='bbox 684 196 847 267; x_wconf 74' lang='lat' dir='ltr'>etun.</span> <span class='ocrx_word' id='word_1_3' title='bbox 920 254 925 271; x_wconf 81' lang='grc'><strong><em>,</em></strong></span> <span class='ocrx_word' id='word_1_4' title='bbox 1167 146 1245 268; x_wconf 37' lang='grc' dir='ltr'>’κω</span> 
     </span>
    </p>
   </div>
   <div class='ocr_carea' id='block_1_2' title="bbox 83 340 1255 2417">
    <p class='ocr_par' dir='ltr' id='par_1_2' title="bbox 83 340 1255 2417">
     <span class='ocr_line' id='line_1_2' title="bbox 105 340 1243 427; baseline -0.007 -13"><span class='ocrx_word' id='word_1_5' title='bbox 105 348 209 415; x_wconf 85' lang='lat' dir='ltr'>eedem</span> <span class='ocrx_word' id='word_1_6' title='bbox 259 347 363 411; x_wconf 84' lang='lat' dir='ltr'>rimam</span> <span class='ocrx_word' id='word_1_7' title='bbox 392 344 554 410; x_wconf 82' lang='lat' dir='ltr'>habuerat?</span> <span class='ocrx_word' id='word_1_8' title='bbox 592 345 654 422; x_wconf 85' lang='lat' dir='ltr'>Qui</span> <span class='ocrx_word' id='word_1_9' title='bbox 675 346 782 408; x_wconf 88' lang='lat' dir='ltr'>lactum</span> <span class='ocrx_word' id='word_1_10' title='bbox 803 358 848 408; x_wconf 91' lang='lat' dir='ltr'>cst</span> <span class='ocrx_word' id='word_1_11' title='bbox 871 340 982 427; x_wconf 69' lang='lat' dir='ltr'>igitur,</span> <span class='ocrx_word' id='word_1_12' title='bbox 1002 356 1036 408; x_wconf 88' lang='lat' dir='ltr'>ot</span> <span class='ocrx_word' id='word_1_13' title='bbox 1054 343 1243 407; x_wconf 72' lang='lat' dir='ltr'>Antiochiam</span> 
     </span>
     <span class='ocr_line' id='line_1_3' title="bbox 106 369 1243 517; baseline -0.008 -26"><span class='ocrx_word' id='word_1_14' title='bbox 106 369 287 491; x_wconf 70' lang='lat' dir='ltr'>Alexandiia</span> <span class='ocrx_word' id='word_1_15' title='bbox 312 423 520 509; x_wconf 78' lang='lat' dir='ltr'>praecederet?</span> <span class='ocrx_word' id='word_1_16' title='bbox 564 424 627 498; x_wconf 81' lang='lat' dir='ltr'>Qui</span> <span class='ocrx_word' id='word_1_17' title='bbox 652 424 791 486; x_wconf 82' lang='lat' dir='ltr'>convenit</span> <span class='ocrx_word' id='word_1_18' title='bbox 815 422 949 517; x_wconf 87' lang='lat' dir='ltr'>discipuli</span> <span class='ocrx_word' id='word_1_19' title='bbox 977 423 1063 483; x_wconf 86' lang='lat' dir='ltr'>unius</span> <span class='ocrx_word' id='word_1_20' title='bbox 1090 422 1243 514; x_wconf 74' lang='lat' dir='ltr'>ecclesiam</span> 
     </span>
     <span class='ocr_line' id='line_1_4' title="bbox 108 498 1244 590; baseline -0.006 -24"><span class='ocrx_word' id='word_1_21' title='bbox 108 505 294 586; x_wconf 88' lang='lat' dir='ltr'>superiorem</span> <span class='ocrx_word' id='word_1_22' title='bbox 315 521 378 564; x_wconf 87' lang='lat' dir='ltr'>esse</span> <span class='ocrx_word' id='word_1_23' title='bbox 397 501 466 562; x_wconf 86' lang='lat' dir='ltr'>sede</span> <span class='ocrx_word' id='word_1_24' title='bbox 485 500 585 560; x_wconf 78' lang='lat' dir='ltr'>Petri?</span> <span class='ocrx_word' id='word_1_25' title='bbox 609 500 642 560; x_wconf 91' lang='lat' dir='ltr'>Si</span> <span class='ocrx_word' id='word_1_26' title='bbox 663 502 768 580; x_wconf 87' lang='lat' dir='ltr'>cuique</span> <span class='ocrx_word' id='word_1_27' title='bbox 788 500 928 561; x_wconf 74' lang='lat' dir='ltr'>ecclesiae</span> <span class='ocrx_word' id='word_1_28' title='bbox 947 520 1003 580; x_wconf 92' lang='lat' dir='ltr'>pro</span> <span class='ocrx_word' id='word_1_29' title='bbox 1018 498 1178 590; x_wconf 74' lang='lat' dir='ltr'>lupdatorrs</span> <span class='ocrx_word' id='word_1_30' title='bbox 1197 500 1244 560; x_wconf 87' lang='lat' dir='ltr'>sui</span> 
     </span>
     <span class='ocr_line' id='line_1_5' title="bbox 110 575 1244 712; baseline -0.004 -71"><span class='ocrx_word' id='word_1_31' title='bbox 110 581 257 663; x_wconf 86' lang='lat' dir='ltr'>dignitate</span> <span class='ocrx_word' id='word_1_32' title='bbox 277 579 376 640; x_wconf 88' lang='lat' dir='ltr'>honor</span> <span class='ocrx_word' id='word_1_33' title='bbox 394 577 541 669; x_wconf 71' lang='lat' dir='ltr'>debetur,</span> <span class='ocrx_word' id='word_1_34' title='bbox 554 576 624 657; x_wconf 85' lang='lat' dir='ltr'>quid</span> <span class='ocrx_word' id='word_1_35' title='bbox 645 577 683 637; x_wconf 90' lang='lat' dir='ltr'>de</span> <span class='ocrx_word' id='word_1_36' title='bbox 702 577 928 712; x_wconf 69' lang='lat' dir='ltr'>reliquisdetiam</span> <span class='ocrx_word' id='word_1_37' title='bbox 950 575 1078 708; x_wconf 63' lang='lat' dir='ltr'>ecclepus</span> <span class='ocrx_word' id='word_1_38' title='bbox 1098 575 1244 637; x_wconf 76' lang='lat' dir='ltr'>dicemus?</span> 
     </span>
     <span class='ocr_line' id='line_1_6' title="bbox 110 695 1245 821; baseline -0.005 -27"><span class='ocrx_word' id='word_1_39' title='bbox 110 733 266 807; x_wconf 86' lang='lat' dir='ltr'>Iacobum,</span> <span class='ocrx_word' id='word_1_40' title='bbox 285 696 459 792; x_wconf 43' lang='lat' dir='ltr'>Petrhm&#39;ct</span> <span class='ocrx_word' id='word_1_41' title='bbox 476 730 633 789; x_wconf 88' lang='lat' dir='ltr'>loannem:</span> <span class='ocrx_word' id='word_1_42' title='bbox 653 695 727 820; x_wconf 57' lang='lat' dir='ltr'>si’ip</span> <span class='ocrx_word' id='word_1_43' title='bbox 749 731 891 790; x_wconf 86' lang='lat' dir='ltr'>honorem</span> <span class='ocrx_word' id='word_1_44' title='bbox 908 729 993 821; x_wconf 66' lang='lat' dir='ltr'>J’ctri</span> <span class='ocrx_word' id='word_1_45' title='bbox 1013 729 1168 819; x_wconf 65' lang='lat' dir='ltr'>Romanae¹</span> <span class='ocrx_word' id='word_1_46' title='bbox 1182 729 1245 788; x_wconf 92' lang='lat' dir='ltr'>sedi</span> 
     </span>
     <span class='ocr_line' id='line_1_7' title="bbox 108 653 1246 822; baseline -0.007 -104"><span class='ocrx_word' id='word_1_47' title='bbox 108 657 219 718; x_wconf 77' lang='lat' dir='ltr'>Paulus</span> <span class='ocrx_word' id='word_1_48' title='bbox 238 654 313 734; x_wconf 89' lang='lat' dir='ltr'>(Gal</span> <span class='ocrx_word' id='word_1_49' title='bbox 341 656 435 822; x_wconf 31' lang='lat'>2⁹93</span> <span class='ocrx_word' id='word_1_50' title='bbox 461 665 595 713; x_wconf 75' lang='lat' dir='ltr'>nominat</span> <span class='ocrx_word' id='word_1_51' title='bbox 618 665 677 714; x_wconf 88' lang='lat' dir='ltr'>tres</span> <span class='ocrx_word' id='word_1_52' title='bbox 721 675 771 733; x_wconf 77' lang='lat' dir='ltr'>pur</span> <span class='ocrx_word' id='word_1_53' title='bbox 796 653 970 714; x_wconf 78' lang='lat' dir='ltr'>urebantur</span> <span class='ocrx_word' id='word_1_54' title='bbox 993 672 1028 712; x_wconf 90' lang='lat' dir='ltr'>co</span> <span class='ocrx_word' id='word_1_55' title='bbox 1043 672 1147 711; x_wconf 89' lang='lat' dir='ltr'>umnae</span> <span class='ocrx_word' id='word_1_56' title='bbox 1172 671 1246 723; x_wconf 86' lang='lat' dir='ltr'>esse,</span> 
     </span>
     <span class='ocr_line' id='line_1_8' title="bbox 109 804 1246 893; baseline -0.004 -25"><span class='ocrx_word' id='word_1_57' title='bbox 109 810 223 893; x_wconf 85' lang='lat' dir='ltr'>primus</span> <span class='ocrx_word' id='word_1_58' title='bbox 243 808 325 869; x_wconf 84' lang='lat' dir='ltr'>locus</span> <span class='ocrx_word' id='word_1_59' title='bbox 343 807 493 880; x_wconf 75' lang='lat' dir='ltr'>tribuitur,</span> <span class='ocrx_word' id='word_1_60' title='bbox 513 826 613 866; x_wconf 88' lang='lat' dir='ltr'>nonne</span> <span class='ocrx_word' id='word_1_61' title='bbox 634 827 795 885; x_wconf 77' lang='lat' dir='ltr'>proximum</span> <span class='ocrx_word' id='word_1_62' title='bbox 806 819 835 865; x_wconf 87' lang='lat' dir='ltr'>ct</span> <span class='ocrx_word' id='word_1_63' title='bbox 847 818 964 865; x_wconf 79' lang='lat' dir='ltr'>tertium</span> <span class='ocrx_word' id='word_1_64' title='bbox 984 817 1134 864; x_wconf 89' lang='lat' dir='ltr'>merentur</span> <span class='ocrx_word' id='word_1_65' title='bbox 1146 804 1246 885; x_wconf 82' lang='lat' dir='ltr'>bpbe-</span> 
     </span>
     <span class='ocr_line' id='line_1_9' title="bbox 110 881 1246 973; baseline -0.005 -26"><span class='ocrx_word' id='word_1_66' title='bbox 110 888 187 957; x_wconf 84' lang='lat' dir='ltr'>sina,</span> <span class='ocrx_word' id='word_1_67' title='bbox 206 896 237 945; x_wconf 91' lang='lat' dir='ltr'>et</span> <span class='ocrx_word' id='word_1_68' title='bbox 255 883 535 972; x_wconf 75' lang='lat' dir='ltr'>Hierosolynsitaua,</span> <span class='ocrx_word' id='word_1_69' title='bbox 554 882 604 941; x_wconf 92' lang='lat' dir='ltr'>ubi</span> <span class='ocrx_word' id='word_1_70' title='bbox 625 883 763 943; x_wconf 90' lang='lat' dir='ltr'>sederunt</span> <span class='ocrx_word' id='word_1_71' title='bbox 782 883 908 973; x_wconf 77' lang='lat' dir='ltr'>loannes</span> <span class='ocrx_word' id='word_1_72' title='bbox 927 894 958 945; x_wconf 85' lang='lat' dir='ltr'>ct</span> <span class='ocrx_word' id='word_1_73' title='bbox 973 881 1116 942; x_wconf 83' lang='lat' dir='ltr'>lacobus?</span> <span class='ocrx_word' id='word_1_74' title='bbox 1154 882 1246 960; x_wconf 75' lang='lat' dir='ltr'>Atqui</span> 
     </span>
     <span class='ocr_line' id='line_1_10' title="bbox 110 957 1247 1040; baseline -0.006 -17"><span class='ocrx_word' id='word_1_75' title='bbox 110 962 195 1023; x_wconf 86' lang='lat' dir='ltr'>inter</span> <span class='ocrx_word' id='word_1_76' title='bbox 211 961 389 1020; x_wconf 86' lang='lat' dir='ltr'>Patriarchss</span> <span class='ocrx_word' id='word_1_77' title='bbox 409 960 543 1019; x_wconf 79' lang='lat' dir='ltr'>ultimum</span> <span class='ocrx_word' id='word_1_78' title='bbox 567 957 664 1018; x_wconf 91' lang='lat' dir='ltr'>locum</span> <span class='ocrx_word' id='word_1_79' title='bbox 686 958 787 1019; x_wconf 87' lang='lat' dir='ltr'>habuit</span> <span class='ocrx_word' id='word_1_80' title='bbox 806 959 876 1018; x_wconf 81' lang='lat' dir='ltr'>olim</span> <span class='ocrx_word' id='word_1_81' title='bbox 896 957 1109 1040; x_wconf 79' lang='lat' dir='ltr'>Hierosolyma.</span> <span class='ocrx_word' id='word_1_82' title='bbox 1147 958 1247 1037; x_wconf 85' lang='lat' dir='ltr'>Ephe·</span> 
     </span>
     <span class='ocr_line' id='line_1_11' title="bbox 92 1034 1248 1117; baseline -0.005 -16"><span class='ocrx_word' id='word_1_83' title='bbox 92 1054 164 1101; x_wconf 84' lang='lat' dir='ltr'>&#39;sus</span> <span class='ocrx_word' id='word_1_84' title='bbox 184 1056 222 1097; x_wconf 90' lang='lat' dir='ltr'>ne</span> <span class='ocrx_word' id='word_1_85' title='bbox 241 1038 345 1097; x_wconf 92' lang='lat' dir='ltr'>ultimo</span> <span class='ocrx_word' id='word_1_86' title='bbox 365 1036 482 1117; x_wconf 87' lang='lat' dir='ltr'>quidem</span> <span class='ocrx_word' id='word_1_87' title='bbox 504 1034 614 1116; x_wconf 87' lang='lat' dir='ltr'>angulo</span> <span class='ocrx_word' id='word_1_88' title='bbox 634 1036 754 1095; x_wconf 90' lang='lat' dir='ltr'>haerere</span> <span class='ocrx_word' id='word_1_89' title='bbox 773 1036 880 1114; x_wconf 88' lang='lat' dir='ltr'>potuit.</span> <span class='ocrx_word' id='word_1_90' title='bbox 930 1035 1110 1113; x_wconf 72' lang='lat' dir='ltr'>Praeteritae</span> <span class='ocrx_word' id='word_1_91' title='bbox 1128 1046 1196 1095; x_wconf 89' lang='lat' dir='ltr'>sunt</span> <span class='ocrx_word' id='word_1_92' title='bbox 1217 1047 1248 1095; x_wconf 88' lang='lat' dir='ltr'>et</span> 
     </span>
     <span class='ocr_line' id='line_1_12' title="bbox 113 1110 1247 1205; baseline -0.002 -31"><span class='ocrx_word' id='word_1_93' title='bbox 113 1115 190 1175; x_wconf 82' lang='lat' dir='ltr'>aliae</span> <span class='ocrx_word' id='word_1_94' title='bbox 210 1113 367 1205; x_wconf 72' lang='lat' dir='ltr'>ecclcsiae,</span> <span class='ocrx_word' id='word_1_95' title='bbox 394 1124 457 1173; x_wconf 90' lang='lat' dir='ltr'>tum</span> <span class='ocrx_word' id='word_1_96' title='bbox 478 1132 606 1204; x_wconf 71' lang='lat' dir='ltr'>quascun</span> <span class='ocrx_word' id='word_1_97' title='bbox 629 1131 666 1171; x_wconf 91' lang='lat' dir='ltr'>ue</span> <span class='ocrx_word' id='word_1_98' title='bbox 691 1111 822 1203; x_wconf 74' lang='lat' dir='ltr'>fundavit</span> <span class='ocrx_word' id='word_1_99' title='bbox 842 1110 967 1186; x_wconf 81' lang='lat' dir='ltr'>Paulus,</span> <span class='ocrx_word' id='word_1_100' title='bbox 992 1124 1053 1171; x_wconf 91' lang='lat' dir='ltr'>tum</span> <span class='ocrx_word' id='word_1_101' title='bbox 1074 1110 1179 1204; x_wconf 73' lang='lat' dir='ltr'>quihus</span> <span class='ocrx_word' id='word_1_102' title='bbox 1199 1110 1247 1203; x_wconf 75' lang='lat' dir='ltr'>alii</span> 
     </span>
     <span class='ocr_line' id='line_1_13' title="bbox 83 1187 1249 1355; baseline -0.003 -28"><span class='ocrx_word' id='word_1_103' title='bbox 83 1250 86 1255; x_wconf 82' lang='lat'>·</span> <span class='ocrx_word' id='word_1_104' title='bbox 111 1188 494 1345; x_wconf 60' lang='lat' dir='ltr'>htt‘ltttttl‘ttth</span> <span class='ocrx_word' id='word_1_105' title='bbox 513 1188 605 1355; x_wconf 42' lang='lat' dir='ltr'>„iii”</span> <span class='ocrx_word' id='word_1_106' title='bbox 622 1199 1030 1345; x_wconf 60' lang='lat' dir='ltr'>rttttlhttlzltllt</span> <span class='ocrx_word' id='word_1_107' title='bbox 1049 1187 1249 1324; x_wconf 64' lang='lat' dir='ltr'>{illidii</span> 
     </span>
     <span class='ocr_line' id='line_1_14' title="bbox 114 1340 1249 1479; baseline -0.002 -76"><span class='ocrx_word' id='word_1_108' title='bbox 114 1354 239 1404; x_wconf 78' lang='lat' dir='ltr'>teantur</span> <span class='ocrx_word' id='word_1_109' title='bbox 258 1342 361 1477; x_wconf 60' lang='lat' dir='ltr'>luipsep</span> <span class='ocrx_word' id='word_1_110' title='bbox 381 1353 432 1479; x_wconf 60' lang='lat' dir='ltr'>angl</span> <span class='ocrx_word' id='word_1_111' title='bbox 442 1340 536 1477; x_wconf 67' lang='lat' dir='ltr'>lpobrs</span> <span class='ocrx_word' id='word_1_112' title='bbox 561 1342 740 1477; x_wconf 55' lang='lat' dir='ltr'>goncedant,</span> <span class='ocrx_word' id='word_1_113' title='bbox 762 1362 827 1476; x_wconf 73' lang='lat' dir='ltr'>pon</span> <span class='ocrx_word' id='word_1_114' title='bbox 848 1360 909 1400; x_wconf 85' lang='lat' dir='ltr'>csse</span> <span class='ocrx_word' id='word_1_115' title='bbox 930 1341 986 1401; x_wconf 89' lang='lat' dir='ltr'>boc</span> <span class='ocrx_word' id='word_1_116' title='bbox 1004 1353 1196 1477; x_wconf 66' lang='lat' dir='ltr'>perpetpunp,</span> <span class='ocrx_word' id='word_1_117' title='bbox 1216 1353 1249 1402; x_wconf 91' lang='lat' dir='ltr'>ut</span> 
     </span>
     <span class='ocr_line' id='line_1_15' title="bbox 116 1420 1250 1512; baseline -0.002 -32"><span class='ocrx_word' id='word_1_118' title='bbox 116 1420 227 1512; x_wconf 78' lang='lat' dir='ltr'>cuique</span> <span class='ocrx_word' id='word_1_119' title='bbox 246 1437 385 1481; x_wconf 80' lang='lat' dir='ltr'>eccesiae</span> <span class='ocrx_word' id='word_1_120' title='bbox 426 1429 547 1478; x_wconf 86' lang='lat' dir='ltr'>ceatur</span> <span class='ocrx_word' id='word_1_121' title='bbox 587 1430 687 1479; x_wconf 84' lang='lat' dir='ltr'>ouorrs</span> <span class='ocrx_word' id='word_1_122' title='bbox 707 1437 758 1501; x_wconf 87' lang='lat' dir='ltr'>gra</span> <span class='ocrx_word' id='word_1_123' title='bbox 781 1439 830 1494; x_wconf 85' lang='lat' dir='ltr'>us,</span> <span class='ocrx_word' id='word_1_124' title='bbox 855 1434 1086 1498; x_wconf 83' lang='lat' dir='ltr'>quem‘qursque</span> <span class='ocrx_word' id='word_1_125' title='bbox 1124 1439 1162 1477; x_wconf 89' lang='lat' dir='ltr'>uu</span> <span class='ocrx_word' id='word_1_126' title='bbox 1184 1429 1250 1478; x_wconf 90' lang='lat' dir='ltr'>ator</span> 
     </span>
     <span class='ocr_line' id='line_1_16' title="bbox 118 1496 1251 1652; baseline 0 -20"><span class='ocrx_word' id='word_1_127' title='bbox 118 1496 242 1638; x_wconf 54' lang='lat' dir='ltr'>babuli.</span> <span class='ocrx_word' id='word_1_128' title='bbox 281 1570 456 1652; x_wconf 80' lang='lat' dir='ltr'><strong>Quanquam</strong></span> <span class='ocrx_word' id='word_1_129' title='bbox 478 1571 562 1652; x_wconf 15' lang='lat' dir='ltr'>,quod</span> <span class='ocrx_word' id='word_1_130' title='bbox 588 1572 625 1631; x_wconf 94' lang='lat' dir='ltr'>de</span> <span class='ocrx_word' id='word_1_131' title='bbox 656 1526 785 1631; x_wconf 84' lang='lat' dir='ltr'>sessione</span> <span class='ocrx_word' id='word_1_132' title='bbox 810 1571 891 1630; x_wconf 84' lang='lat' dir='ltr'>Petri</span> <span class='ocrx_word' id='word_1_133' title='bbox 915 1571 946 1630; x_wconf 93' lang='lat' dir='ltr'>in</span> <span class='ocrx_word' id='word_1_134' title='bbox 971 1571 1104 1632; x_wconf 83' lang='lat' dir='ltr'>Romans</span> <span class='ocrx_word' id='word_1_135' title='bbox 1129 1570 1251 1634; x_wconf 87' lang='lat' dir='ltr'>ecclesis</span> 
     </span>
     <span class='ocr_line' id='line_1_17' title="bbox 115 1647 1252 1726; baseline 0 -16"><span class='ocrx_word' id='word_1_136' title='bbox 115 1648 270 1723; x_wconf 83' lang='lat' dir='ltr'>relerunt,</span> <span class='ocrx_word' id='word_1_137' title='bbox 297 1670 358 1708; x_wconf 92' lang='lat' dir='ltr'>non</span> <span class='ocrx_word' id='word_1_138' title='bbox 383 1649 468 1710; x_wconf 86' lang='lat' dir='ltr'>video</span> <span class='ocrx_word' id='word_1_139' title='bbox 517 1648 563 1707; x_wconf 92' lang='lat' dir='ltr'>uid</span> <span class='ocrx_word' id='word_1_140' title='bbox 593 1648 662 1707; x_wconf 85' lang='lat' dir='ltr'>fidei</span> <span class='ocrx_word' id='word_1_141' title='bbox 693 1647 802 1707; x_wconf 83' lang='lat' dir='ltr'>hahere</span> <span class='ocrx_word' id='word_1_142' title='bbox 828 1648 942 1706; x_wconf 79' lang='lat' dir='ltr'>debent.</span> <span class='ocrx_word' id='word_1_143' title='bbox 991 1648 1082 1708; x_wconf 82' lang='lat' dir='ltr'>Certe</span> <span class='ocrx_word' id='word_1_144' title='bbox 1107 1649 1186 1726; x_wconf 86' lang='lat' dir='ltr'>quod</span> <span class='ocrx_word' id='word_1_145' title='bbox 1207 1662 1252 1710; x_wconf 89' lang='lat' dir='ltr'>cst</span> 
     </span>
     <span class='ocr_line' id='line_1_18' title="bbox 116 1671 1250 1807; baseline 0 -21"><span class='ocrx_word' id='word_1_146' title='bbox 116 1726 198 1805; x_wconf 81' lang='lat' dir='ltr'>apud</span> <span class='ocrx_word' id='word_1_147' title='bbox 213 1724 382 1800; x_wconf 80' lang='lat' dir='ltr'>Eusebium,</span> <span class='ocrx_word' id='word_1_148' title='bbox 402 1671 559 1807; x_wconf 76' lang='lat' dir='ltr'>praefuisse</span> <span class='ocrx_word' id='word_1_149' title='bbox 579 1724 638 1785; x_wconf 88' lang='lat' dir='ltr'>illic</span> <span class='ocrx_word' id='word_1_150' title='bbox 653 1724 757 1805; x_wconf 85' lang='lat' dir='ltr'>viginti</span> <span class='ocrx_word' id='word_1_151' title='bbox 773 1725 902 1804; x_wconf 86' lang='lat' dir='ltr'>quinque</span> <span class='ocrx_word' id='word_1_152' title='bbox 912 1745 1015 1793; x_wconf 87' lang='lat' dir='ltr'>annos,</span> <span class='ocrx_word' id='word_1_153' title='bbox 1030 1724 1112 1783; x_wconf 91' lang='lat' dir='ltr'>nullo</span> <span class='ocrx_word' id='word_1_154' title='bbox 1129 1745 1164 1783; x_wconf 86' lang='lat' dir='ltr'>ne</span> <span class='ocrx_word' id='word_1_155' title='bbox 1188 1728 1250 1787; x_wconf 87' lang='lat' dir='ltr'>otio</span> 
     </span>
     <span class='ocr_line' id='line_1_19' title="bbox 115 1801 1253 1880; baseline 0.001 -18"><span class='ocrx_word' id='word_1_156' title='bbox 115 1802 274 1862; x_wconf 76' lang='lat' dir='ltr'>refellitur.</span> <span class='ocrx_word' id='word_1_157' title='bbox 314 1801 440 1862; x_wconf 78' lang='lat' dir='ltr'><strong>Constat</strong></span> <span class='ocrx_word' id='word_1_158' title='bbox 465 1803 540 1860; x_wconf 86' lang='lat' dir='ltr'>enim</span> <span class='ocrx_word' id='word_1_159' title='bbox 569 1821 601 1859; x_wconf 81' lang='lat' dir='ltr'>ex</span> <span class='ocrx_word' id='word_1_160' title='bbox 650 1802 723 1860; x_wconf 91' lang='lat' dir='ltr'>rimo</span> <span class='ocrx_word' id='word_1_161' title='bbox 745 1811 774 1859; x_wconf 86' lang='lat' dir='ltr'>et</span> <span class='ocrx_word' id='word_1_162' title='bbox 798 1801 928 1860; x_wconf 86' lang='lat' dir='ltr'>secundo</span> <span class='ocrx_word' id='word_1_163' title='bbox 950 1801 1045 1880; x_wconf 85' lang='lat' dir='ltr'>capite</span> <span class='ocrx_word' id='word_1_164' title='bbox 1064 1802 1098 1861; x_wconf 84' lang='lat' dir='ltr'>ad</span> <span class='ocrx_word' id='word_1_165' title='bbox 1120 1801 1166 1860; x_wconf 88' lang='lat' dir='ltr'>Ga</span> <span class='ocrx_word' id='word_1_166' title='bbox 1180 1815 1253 1863; x_wconf 85' lang='lat' dir='ltr'>atas</span> 
     </span>
     <span class='ocr_line' id='line_1_20' title="bbox 599 1823 931 1892; baseline 0 -1"><span class='ocrx_word' id='word_1_167' title='bbox 599 1823 647 1892; x_wconf 76' lang='lat' dir='ltr'>,l</span> <span class='ocrx_word' id='word_1_168' title='bbox 819 1877 826 1891; x_wconf 95' lang='lat'><strong><em>.</em></strong></span> <span class='ocrx_word' id='word_1_169' title='bbox 924 1877 931 1891; x_wconf 91' lang='lat'><strong>.</strong></span> 
     </span>
     <span class='ocr_line' id='line_1_21' title="bbox 117 1876 1252 1960; baseline -0.001 -21"><span class='ocrx_word' id='word_1_170' title='bbox 117 1877 238 1939; x_wconf 78' lang='lat' dir='ltr'>circiter</span> <span class='ocrx_word' id='word_1_171' title='bbox 255 1878 361 1960; x_wconf 81' lang='lat' dir='ltr'>viginti</span> <span class='ocrx_word' id='word_1_172' title='bbox 381 1899 473 1938; x_wconf 90' lang='lat' dir='ltr'>annos</span> <span class='ocrx_word' id='word_1_173' title='bbox 498 1899 514 1937; x_wconf 87' lang='lat' dir='ltr'>a</span> <span class='ocrx_word' id='word_1_174' title='bbox 535 1877 644 1938; x_wconf 78' lang='lat' dir='ltr'>Christi</span> <span class='ocrx_word' id='word_1_175' title='bbox 664 1890 759 1936; x_wconf 92' lang='lat' dir='ltr'>morte</span> <span class='ocrx_word' id='word_1_176' title='bbox 785 1876 873 1937; x_wconf 77' lang='lat' dir='ltr'>luisse</span> <span class='ocrx_word' id='word_1_177' title='bbox 893 1878 1120 1960; x_wconf 70' lang='lat' dir='ltr'>Hierosolymis,</span> <span class='ocrx_word' id='word_1_178' title='bbox 1139 1878 1252 1940; x_wconf 81' lang='lat' dir='ltr'>venisse</span> 
     </span>
     <span class='ocr_line' id='line_1_22' title="bbox 116 1953 1253 2046; baseline 0.001 -31"><span class='ocrx_word' id='word_1_179' title='bbox 116 1955 230 2015; x_wconf 91' lang='lat' dir='ltr'>deinde</span> <span class='ocrx_word' id='word_1_180' title='bbox 248 1954 450 2014; x_wconf 76' lang='lat' dir='ltr'>Antiochiam:</span> <span class='ocrx_word' id='word_1_181' title='bbox 476 1954 528 2013; x_wconf 91' lang='lat' dir='ltr'>uhi</span> <span class='ocrx_word' id='word_1_182' title='bbox 555 1953 690 2046; x_wconf 77' lang='lat' dir='ltr'>quamdiu</span> <span class='ocrx_word' id='word_1_183' title='bbox 712 1954 802 2014; x_wconf 89' lang='lat' dir='ltr'>luerit</span> <span class='ocrx_word' id='word_1_184' title='bbox 826 1953 969 2013; x_wconf 87' lang='lat' dir='ltr'>incertum</span> <span class='ocrx_word' id='word_1_185' title='bbox 996 1967 1048 2013; x_wconf 87' lang='lat' dir='ltr'>est.</span> <span class='ocrx_word' id='word_1_186' title='bbox 1087 1954 1253 2036; x_wconf 77' lang='lat' dir='ltr'>Gregorius</span> 
     </span>
     <span class='ocr_line' id='line_1_23' title="bbox 118 2029 1251 2112; baseline 0.002 -23"><span class='ocrx_word' id='word_1_187' title='bbox 118 2043 250 2112; x_wconf 75' lang='lat' dir='ltr'>septem,</span> <span class='ocrx_word' id='word_1_188' title='bbox 271 2030 412 2091; x_wconf 78' lang='lat' dir='ltr'>Eusebius</span> <span class='ocrx_word' id='word_1_189' title='bbox 431 2042 528 2090; x_wconf 81' lang='lat' dir='ltr'>autern</span> <span class='ocrx_word' id='word_1_190' title='bbox 548 2031 653 2112; x_wconf 73' lang='lat' dir='ltr'>viginti</span> <span class='ocrx_word' id='word_1_191' title='bbox 675 2029 805 2109; x_wconf 88' lang='lat' dir='ltr'>quinque</span> <span class='ocrx_word' id='word_1_192' title='bbox 830 2050 924 2089; x_wconf 85' lang='lat' dir='ltr'>annos</span> <span class='ocrx_word' id='word_1_193' title='bbox 944 2043 1085 2095; x_wconf 83' lang='lat' dir='ltr'>numerat.</span> <span class='ocrx_word' id='word_1_194' title='bbox 1123 2033 1214 2111; x_wconf 77' lang='lat' dir='ltr'>Atqui</span> <span class='ocrx_word' id='word_1_195' title='bbox 1235 2052 1251 2092; x_wconf 89' lang='lat' dir='ltr'>a</span> 
     </span>
     <span class='ocr_line' id='line_1_24' title="bbox 115 2106 1254 2189; baseline 0 -21"><span class='ocrx_word' id='word_1_196' title='bbox 115 2118 219 2169; x_wconf 78' lang='lat' dir='ltr'>morte</span> <span class='ocrx_word' id='word_1_197' title='bbox 239 2107 349 2169; x_wconf 83' lang='lat' dir='ltr'>Christi</span> <span class='ocrx_word' id='word_1_198' title='bbox 368 2127 460 2186; x_wconf 90' lang='lat' dir='ltr'>usque</span> <span class='ocrx_word' id='word_1_199' title='bbox 479 2106 515 2167; x_wconf 86' lang='lat' dir='ltr'>ad</span> <span class='ocrx_word' id='word_1_200' title='bbox 535 2106 622 2165; x_wconf 84' lang='lat' dir='ltr'>linem</span> <span class='ocrx_word' id='word_1_201' title='bbox 643 2106 757 2185; x_wconf 88' lang='lat' dir='ltr'>imperii</span> <span class='ocrx_word' id='word_1_202' title='bbox 769 2106 895 2166; x_wconf 88' lang='lat' dir='ltr'>Neronis</span> <span class='ocrx_word' id='word_1_203' title='bbox 915 2107 983 2182; x_wconf 89' lang='lat' dir='ltr'>(sub</span> <span class='ocrx_word' id='word_1_204' title='bbox 1001 2127 1061 2186; x_wconf 89' lang='lat' dir='ltr'>quo</span> <span class='ocrx_word' id='word_1_205' title='bbox 1081 2109 1174 2189; x_wconf 87' lang='lat' dir='ltr'>ipsum</span> <span class='ocrx_word' id='word_1_206' title='bbox 1186 2129 1254 2168; x_wconf 87' lang='lat' dir='ltr'>cae-</span> 
     </span>
     <span class='ocr_line' id='line_1_25' title="bbox 117 2182 1253 2264; baseline 0.002 -21"><span class='ocrx_word' id='word_1_207' title='bbox 117 2205 187 2257; x_wconf 80' lang='lat' dir='ltr'>sum</span> <span class='ocrx_word' id='word_1_208' title='bbox 207 2184 293 2243; x_wconf 86' lang='lat' dir='ltr'>luisse</span> <span class='ocrx_word' id='word_1_209' title='bbox 317 2184 497 2259; x_wconf 89' lang='lat' dir='ltr'>memorant)</span> <span class='ocrx_word' id='word_1_210' title='bbox 527 2183 713 2263; x_wconf 83' lang='lat' dir='ltr'>reperientur</span> <span class='ocrx_word' id='word_1_211' title='bbox 745 2195 857 2242; x_wconf 90' lang='lat' dir='ltr'>tantum</span> <span class='ocrx_word' id='word_1_212' title='bbox 886 2182 1006 2263; x_wconf 88' lang='lat' dir='ltr'>triginta</span> <span class='ocrx_word' id='word_1_213' title='bbox 1036 2196 1147 2264; x_wconf 88' lang='lat' dir='ltr'>septem</span> <span class='ocrx_word' id='word_1_214' title='bbox 1174 2187 1253 2245; x_wconf 89' lang='lat' dir='ltr'>anni.</span> 
     </span>
     <span class='ocr_line' id='line_1_26' title="bbox 116 2259 1254 2349; baseline 0.001 -28"><span class='ocrx_word' id='word_1_215' title='bbox 116 2262 227 2322; x_wconf 84' lang='lat' dir='ltr'>Passus</span> <span class='ocrx_word' id='word_1_216' title='bbox 247 2260 325 2320; x_wconf 90' lang='lat' dir='ltr'>enim</span> <span class='ocrx_word' id='word_1_217' title='bbox 349 2271 393 2320; x_wconf 90' lang='lat' dir='ltr'>cst</span> <span class='ocrx_word' id='word_1_218' title='bbox 413 2259 557 2319; x_wconf 89' lang='lat' dir='ltr'>Dominus</span> <span class='ocrx_word' id='word_1_219' title='bbox 577 2261 630 2319; x_wconf 90' lang='lat' dir='ltr'>suh</span> <span class='ocrx_word' id='word_1_220' title='bbox 651 2259 791 2333; x_wconf 74' lang='lat' dir='ltr'>Tiberio,</span> <span class='ocrx_word' id='word_1_221' title='bbox 814 2280 892 2319; x_wconf 89' lang='lat' dir='ltr'>anno</span> <span class='ocrx_word' id='word_1_222' title='bbox 918 2259 1032 2339; x_wconf 87' lang='lat' dir='ltr'>imperii</span> <span class='ocrx_word' id='word_1_223' title='bbox 1057 2262 1117 2321; x_wconf 85' lang='lat' dir='ltr'>eius</span> <span class='ocrx_word' id='word_1_224' title='bbox 1138 2261 1254 2349; x_wconf 80' lang='lat' dir='ltr'>decimo</span> 
     </span>
     <span class='ocr_line' id='line_1_27' title="bbox 118 2335 1255 2417; baseline 0.002 -19"><span class='ocrx_word' id='word_1_225' title='bbox 118 2349 242 2398; x_wconf 80' lang='lat' dir='ltr'>octavo.</span> <span class='ocrx_word' id='word_1_226' title='bbox 281 2337 314 2397; x_wconf 91' lang='lat' dir='ltr'>Si</span> <span class='ocrx_word' id='word_1_227' title='bbox 332 2335 434 2417; x_wconf 85' lang='lat' dir='ltr'>viginti</span> <span class='ocrx_word' id='word_1_228' title='bbox 455 2356 548 2396; x_wconf 88' lang='lat' dir='ltr'>annos</span> <span class='ocrx_word' id='word_1_229' title='bbox 569 2336 698 2409; x_wconf 81' lang='lat' dir='ltr'>decidas,</span> <span class='ocrx_word' id='word_1_230' title='bbox 718 2336 824 2416; x_wconf 88' lang='lat' dir='ltr'>quihus</span> <span class='ocrx_word' id='word_1_231' title='bbox 843 2335 986 2395; x_wconf 86' lang='lat' dir='ltr'>habitasse</span> <span class='ocrx_word' id='word_1_232' title='bbox 1004 2335 1124 2397; x_wconf 87' lang='lat' dir='ltr'>Petrum</span> <span class='ocrx_word' id='word_1_233' title='bbox 1145 2337 1255 2400; x_wconf 88' lang='lat' dir='ltr'>llicro-</span> 
     </span>
    </p>
   </div>
   <div class='ocr_carea' id='block_1_3' title="bbox 119 2411 1255 2703">
    <p class='ocr_par' dir='ltr' id='par_1_3' title="bbox 119 2411 1255 2703">
     <span class='ocr_line' id='line_1_28' title="bbox 119 2411 1255 2551; baseline -0.001 -74"><span class='ocrx_word' id='word_1_234' title='bbox 119 2413 243 2495; x_wconf 76' lang='lat' dir='ltr'>solymis</span> <span class='ocrx_word' id='word_1_235' title='bbox 262 2414 342 2473; x_wconf 92' lang='lat' dir='ltr'>testis</span> <span class='ocrx_word' id='word_1_236' title='bbox 363 2425 407 2472; x_wconf 88' lang='lat' dir='ltr'>est</span> <span class='ocrx_word' id='word_1_237' title='bbox 420 2411 538 2485; x_wconf 86' lang='lat' dir='ltr'>Paulus,</span> <span class='ocrx_word' id='word_1_238' title='bbox 557 2412 710 2471; x_wconf 91' lang='lat' dir='ltr'>restabunt</span> <span class='ocrx_word' id='word_1_239' title='bbox 728 2412 926 2493; x_wconf 87' lang='lat' dir='ltr'>septendecim</span> <span class='ocrx_word' id='word_1_240' title='bbox 946 2413 984 2472; x_wconf 79' lang='lat' dir='ltr'>sd</span> <span class='ocrx_word' id='word_1_241' title='bbox 1003 2434 1160 2475; x_wconf 85' lang='lat' dir='ltr'>summum:</span> <span class='ocrx_word' id='word_1_242' title='bbox 1181 2434 1255 2551; x_wconf 67' lang='lat' dir='ltr'>oppos</span> 
     </span>
     <span class='ocr_line' id='line_1_29' title="bbox 121 2489 1254 2571; baseline 0.002 -21"><span class='ocrx_word' id='word_1_243' title='bbox 121 2510 205 2551; x_wconf 89' lang='lat' dir='ltr'>nuuc</span> <span class='ocrx_word' id='word_1_244' title='bbox 231 2490 310 2548; x_wconf 90' lang='lat' dir='ltr'>inter</span> <span class='ocrx_word' id='word_1_245' title='bbox 333 2490 407 2548; x_wconf 86' lang='lat' dir='ltr'>duos</span> <span class='ocrx_word' id='word_1_246' title='bbox 439 2489 623 2568; x_wconf 82' lang='lat' dir='ltr'>episcopatus</span> <span class='ocrx_word' id='word_1_247' title='bbox 654 2490 755 2568; x_wconf 91' lang='lat' dir='ltr'>partiri</span> <span class='ocrx_word' id='word_1_248' title='bbox 780 2500 909 2571; x_wconf 88' lang='lat' dir='ltr'>oportet.</span> <span class='ocrx_word' id='word_1_249' title='bbox 960 2490 992 2548; x_wconf 85' lang='lat' dir='ltr'>Si</span> <span class='ocrx_word' id='word_1_250' title='bbox 1012 2490 1062 2549; x_wconf 91' lang='lat' dir='ltr'>diu</span> <span class='ocrx_word' id='word_1_251' title='bbox 1081 2492 1189 2552; x_wconf 75' lang='lat' dir='ltr'>Antioc</span> <span class='ocrx_word' id='word_1_252' title='bbox 1211 2494 1254 2552; x_wconf 88' lang='lat' dir='ltr'>iae</span> 
     </span>
     <span class='ocr_line' id='line_1_30' title="bbox 119 2564 1255 2703; baseline 0 -76"><span class='ocrx_word' id='word_1_253' title='bbox 119 2578 254 2628; x_wconf 88' lang='lat' dir='ltr'>moratos</span> <span class='ocrx_word' id='word_1_254' title='bbox 274 2578 333 2640; x_wconf 87' lang='lat' dir='ltr'>est,</span> <span class='ocrx_word' id='word_1_255' title='bbox 358 2586 418 2625; x_wconf 92' lang='lat' dir='ltr'>non</span> <span class='ocrx_word' id='word_1_256' title='bbox 439 2569 536 2644; x_wconf 90' lang='lat' dir='ltr'>potuit</span> <span class='ocrx_word' id='word_1_257' title='bbox 555 2565 668 2625; x_wconf 83' lang='lat' dir='ltr'>Romae</span> <span class='ocrx_word' id='word_1_258' title='bbox 687 2567 805 2640; x_wconf 87' lang='lat' dir='ltr'>sedere,</span> <span class='ocrx_word' id='word_1_259' title='bbox 830 2564 886 2625; x_wconf 87' lang='lat' dir='ltr'>nisi</span> <span class='ocrx_word' id='word_1_260' title='bbox 906 2584 960 2645; x_wconf 83' lang='lat' dir='ltr'>per</span> <span class='ocrx_word' id='word_1_261' title='bbox 978 2566 1111 2647; x_wconf 82' lang='lat' dir='ltr'>exiguum</span> <span class='ocrx_word' id='word_1_262' title='bbox 1132 2581 1255 2703; x_wconf 62' lang='lat' dir='ltr'>tempus.</span> 
     </span>
    </p>
   </div>
   <div class='ocr_carea' id='block_1_4' title="bbox 71 2641 1310 4328">
    <p class='ocr_par' dir='ltr' id='par_1_4' title="bbox 120 2641 1260 3486">
     <span class='ocr_line' id='line_1_31' title="bbox 121 2641 1256 2722; baseline -0.001 -19"><span class='ocrx_word' id='word_1_263' title='bbox 121 2643 217 2718; x_wconf 88' lang='lat' dir='ltr'>Quod</span> <span class='ocrx_word' id='word_1_264' title='bbox 238 2643 332 2721; x_wconf 89' lang='lat' dir='ltr'>ipsum</span> <span class='ocrx_word' id='word_1_265' title='bbox 353 2642 456 2701; x_wconf 87' lang='lat' dir='ltr'>clarius</span> <span class='ocrx_word' id='word_1_266' title='bbox 476 2641 570 2702; x_wconf 91' lang='lat' dir='ltr'>adhuc</span> <span class='ocrx_word' id='word_1_267' title='bbox 587 2643 788 2702; x_wconf 88' lang='lat' dir='ltr'>demonstrare</span> <span class='ocrx_word' id='word_1_268' title='bbox 807 2642 886 2701; x_wconf 78' lang='lat' dir='ltr'>licet.</span> <span class='ocrx_word' id='word_1_269' title='bbox 926 2642 1049 2722; x_wconf 84' lang='lat' dir='ltr'>Scripsit</span> <span class='ocrx_word' id='word_1_270' title='bbox 1068 2644 1173 2704; x_wconf 89' lang='lat' dir='ltr'>Paulus</span> <span class='ocrx_word' id='word_1_271' title='bbox 1221 2667 1256 2702; x_wconf 93' lang='lat'>0-</span> 
     </span>
     <span class='ocr_line' id='line_1_32' title="bbox 120 2717 1256 2800; baseline 0.002 -20"><span class='ocrx_word' id='word_1_272' title='bbox 120 2720 218 2780; x_wconf 87' lang='lat' dir='ltr'>manis</span> <span class='ocrx_word' id='word_1_273' title='bbox 235 2726 301 2796; x_wconf 73' lang='lat'>(15,</span> <span class='ocrx_word' id='word_1_274' title='bbox 320 2727 366 2784; x_wconf 76' lang='lat'>15.</span> <span class='ocrx_word' id='word_1_275' title='bbox 388 2731 418 2777; x_wconf 89' lang='lat' dir='ltr'>ct</span> <span class='ocrx_word' id='word_1_276' title='bbox 437 2720 501 2795; x_wconf 86' lang='lat'>16.)</span> <span class='ocrx_word' id='word_1_277' title='bbox 521 2739 554 2777; x_wconf 85' lang='lat' dir='ltr'>ex</span> <span class='ocrx_word' id='word_1_278' title='bbox 574 2719 696 2792; x_wconf 88' lang='lat' dir='ltr'>itinere,</span> <span class='ocrx_word' id='word_1_279' title='bbox 720 2741 808 2798; x_wconf 91' lang='lat' dir='ltr'>quum</span> <span class='ocrx_word' id='word_1_280' title='bbox 830 2717 1068 2795; x_wconf 85' lang='lat' dir='ltr'>Hierosolymam</span> <span class='ocrx_word' id='word_1_281' title='bbox 1088 2720 1256 2800; x_wconf 86' lang='lat' dir='ltr'>prolicisce-</span> 
     </span>
     <span class='ocr_line' id='line_1_33' title="bbox 122 2794 1256 2885; baseline 0.002 -30"><span class='ocrx_word' id='word_1_282' title='bbox 122 2807 224 2885; x_wconf 65' lang='lat' dir='ltr'>retur,</span> <span class='ocrx_word' id='word_1_283' title='bbox 247 2794 298 2854; x_wconf 90' lang='lat' dir='ltr'>ubi</span> <span class='ocrx_word' id='word_1_284' title='bbox 323 2807 422 2873; x_wconf 90' lang='lat' dir='ltr'>captus</span> <span class='ocrx_word' id='word_1_285' title='bbox 443 2794 513 2868; x_wconf 89' lang='lat' dir='ltr'>luit,</span> <span class='ocrx_word' id='word_1_286' title='bbox 537 2807 568 2885; x_wconf 81' lang='lat' dir='ltr'>et</span> <span class='ocrx_word' id='word_1_287' title='bbox 586 2796 709 2854; x_wconf 81' lang='lat' dir='ltr'>Romam</span> <span class='ocrx_word' id='word_1_288' title='bbox 731 2796 880 2884; x_wconf 84' lang='lat' dir='ltr'>adductus.</span> <span class='ocrx_word' id='word_1_289' title='bbox 921 2795 1088 2855; x_wconf 67' lang='lat' dir='ltr'>Verisimile</span> <span class='ocrx_word' id='word_1_290' title='bbox 1109 2817 1181 2877; x_wconf 85' lang='lat' dir='ltr'>ergo</span> <span class='ocrx_word' id='word_1_291' title='bbox 1202 2811 1256 2871; x_wconf 86' lang='lat' dir='ltr'>est,</span> 
     </span>
     <span class='ocr_line' id='line_1_34' title="bbox 122 2870 1259 3027; baseline 0.001 -18"><span class='ocrx_word' id='word_1_292' title='bbox 122 2870 1259 3027; x_wconf 55' lang='lat' dir='ltr'>{till-‘ttlt&#39;tttltttltrfttinttt&#39;tth“thlt&#39;t&#39;tlttttlt</span> 
     </span>
     <span class='ocr_line' id='line_1_35' title="bbox 121 3022 1259 3164; baseline -0.003 -78"><span class='ocrx_word' id='word_1_293' title='bbox 121 3025 150 3086; x_wconf 86' lang='lat' dir='ltr'>ai</span> <span class='ocrx_word' id='word_1_294' title='bbox 172 3022 420 3085; x_wconf 85' lang='lat' dir='ltr'>ecclcsiamillam</span> <span class='ocrx_word' id='word_1_295' title='bbox 441 3025 568 3083; x_wconf 79' lang='lat' dir='ltr'>rexisset.</span> <span class='ocrx_word' id='word_1_296' title='bbox 613 3023 695 3096; x_wconf 81' lang='lat' dir='ltr'>Quin</span> <span class='ocrx_word' id='word_1_297' title='bbox 717 3024 801 3082; x_wconf 87' lang='lat' dir='ltr'>etiam</span> <span class='ocrx_word' id='word_1_298' title='bbox 822 3025 851 3082; x_wconf 90' lang='lat' dir='ltr'>in</span> <span class='ocrx_word' id='word_1_299' title='bbox 879 3023 937 3082; x_wconf 88' lang='lat' dir='ltr'>line</span> <span class='ocrx_word' id='word_1_300' title='bbox 974 3023 1259 3164; x_wconf 61' lang='lat' dir='ltr'>llom.16,1.ss.g,</span> 
     </span>
     <span class='ocr_line' id='line_1_36' title="bbox 124 3100 1257 3182; baseline 0.003 -22"><span class='ocrx_word' id='word_1_301' title='bbox 124 3102 197 3160; x_wconf 88' lang='lat' dir='ltr'>dum</span> <span class='ocrx_word' id='word_1_302' title='bbox 218 3101 338 3182; x_wconf 86' lang='lat' dir='ltr'>longum</span> <span class='ocrx_word' id='word_1_303' title='bbox 359 3102 474 3181; x_wconf 89' lang='lat' dir='ltr'>piorum</span> <span class='ocrx_word' id='word_1_304' title='bbox 499 3102 663 3181; x_wconf 82' lang='lat' dir='ltr'>catalogum</span> <span class='ocrx_word' id='word_1_305' title='bbox 696 3100 800 3160; x_wconf 89' lang='lat' dir='ltr'>recitat</span> <span class='ocrx_word' id='word_1_306' title='bbox 823 3119 898 3178; x_wconf 91' lang='lat' dir='ltr'>quos</span> <span class='ocrx_word' id='word_1_307' title='bbox 928 3122 958 3160; x_wconf 93' lang='lat' dir='ltr'>sa</span> <span class='ocrx_word' id='word_1_308' title='bbox 972 3101 1046 3160; x_wconf 83' lang='lat' dir='ltr'>utari</span> <span class='ocrx_word' id='word_1_309' title='bbox 1077 3101 1175 3180; x_wconf 91' lang='lat' dir='ltr'>iubet,</span> <span class='ocrx_word' id='word_1_310' title='bbox 1206 3104 1257 3163; x_wconf 90' lang='lat' dir='ltr'>ui</span> 
     </span>
     <span class='ocr_line' id='line_1_37' title="bbox 123 3175 1258 3258; baseline 0 -19"><span class='ocrx_word' id='word_1_311' title='bbox 123 3177 237 3239; x_wconf 83' lang='lat' dir='ltr'>seilicet</span> <span class='ocrx_word' id='word_1_312' title='bbox 262 3198 364 3237; x_wconf 89' lang='lat' dir='ltr'>omnes</span> <span class='ocrx_word' id='word_1_313' title='bbox 388 3177 444 3237; x_wconf 88' lang='lat' dir='ltr'>sihi</span> <span class='ocrx_word' id='word_1_314' title='bbox 469 3190 557 3236; x_wconf 92' lang='lat' dir='ltr'>notos</span> <span class='ocrx_word' id='word_1_315' title='bbox 584 3175 712 3258; x_wconf 81' lang='lat' dir='ltr'>colligit,</span> <span class='ocrx_word' id='word_1_316' title='bbox 743 3177 779 3235; x_wconf 92' lang='lat' dir='ltr'>de</span> <span class='ocrx_word' id='word_1_317' title='bbox 803 3176 894 3236; x_wconf 87' lang='lat' dir='ltr'>Petro</span> <span class='ocrx_word' id='word_1_318' title='bbox 919 3198 1038 3256; x_wconf 88' lang='lat' dir='ltr'>prorsus</span> <span class='ocrx_word' id='word_1_319' title='bbox 1061 3178 1155 3239; x_wconf 85' lang='lat' dir='ltr'>adhuc</span> <span class='ocrx_word' id='word_1_320' title='bbox 1182 3178 1258 3240; x_wconf 87' lang='lat' dir='ltr'>silet.</span> 
     </span>
     <span class='ocr_line' id='line_1_38' title="bbox 121 3253 1260 3344; baseline 0.003 -30"><span class='ocrx_word' id='word_1_321' title='bbox 121 3254 232 3344; x_wconf 77' lang='lat' dir='ltr'>Neque</span> <span class='ocrx_word' id='word_1_322' title='bbox 253 3253 300 3312; x_wconf 90' lang='lat' dir='ltr'>hic</span> <span class='ocrx_word' id='word_1_323' title='bbox 320 3254 408 3334; x_wconf 86' lang='lat' dir='ltr'>longa</span> <span class='ocrx_word' id='word_1_324' title='bbox 429 3266 480 3317; x_wconf 86' lang='lat' dir='ltr'>aut</span> <span class='ocrx_word' id='word_1_325' title='bbox 498 3253 596 3312; x_wconf 90' lang='lat' dir='ltr'>subtili</span> <span class='ocrx_word' id='word_1_326' title='bbox 617 3253 865 3313; x_wconf 88' lang='lat' dir='ltr'>demonstratione</span> <span class='ocrx_word' id='word_1_327' title='bbox 886 3273 959 3332; x_wconf 86' lang='lat' dir='ltr'>opus</span> <span class='ocrx_word' id='word_1_328' title='bbox 980 3264 1024 3313; x_wconf 89' lang='lat' dir='ltr'>est</span> <span class='ocrx_word' id='word_1_329' title='bbox 1041 3254 1116 3335; x_wconf 91' lang='lat' dir='ltr'>apud</span> <span class='ocrx_word' id='word_1_330' title='bbox 1136 3258 1260 3318; x_wconf 86' lang='lat' dir='ltr'>sanioris</span> 
     </span>
     <span class='ocr_line' id='line_1_39' title="bbox 124 3329 1260 3411; baseline 0.003 -22"><span class='ocrx_word' id='word_1_331' title='bbox 124 3329 230 3391; x_wconf 78' lang='lat' dir='ltr'>iudicii</span> <span class='ocrx_word' id='word_1_332' title='bbox 250 3330 399 3391; x_wconf 86' lang='lat' dir='ltr'>homines:</span> <span class='ocrx_word' id='word_1_333' title='bbox 420 3350 467 3389; x_wconf 90' lang='lat' dir='ltr'>res</span> <span class='ocrx_word' id='word_1_334' title='bbox 479 3330 556 3388; x_wconf 92' lang='lat' dir='ltr'>enim</span> <span class='ocrx_word' id='word_1_335' title='bbox 576 3331 638 3409; x_wconf 86' lang='lat' dir='ltr'>ipsa</span> <span class='ocrx_word' id='word_1_336' title='bbox 658 3342 689 3389; x_wconf 89' lang='lat' dir='ltr'>et</span> <span class='ocrx_word' id='word_1_337' title='bbox 708 3342 804 3389; x_wconf 89' lang='lat' dir='ltr'>totum</span> <span class='ocrx_word' id='word_1_338' title='bbox 819 3330 965 3407; x_wconf 84' lang='lat' dir='ltr'>epistolae·</span> <span class='ocrx_word' id='word_1_339' title='bbox 976 3344 1180 3411; x_wconf 86' lang='lat' dir='ltr'>argumentum</span> <span class='ocrx_word' id='word_1_340' title='bbox 1201 3334 1260 3394; x_wconf 85' lang='lat' dir='ltr'>cla·</span> 
     </span>
     <span class='ocr_line' id='line_1_40' title="bbox 125 3406 1058 3486; baseline 0 -20"><span class='ocrx_word' id='word_1_341' title='bbox 125 3417 201 3481; x_wconf 55' lang='lat' dir='ltr'>mat</span> <span class='ocrx_word' id='word_1_342' title='bbox 220 3426 283 3466; x_wconf 85' lang='lat' dir='ltr'>uon</span> <span class='ocrx_word' id='word_1_343' title='bbox 302 3407 436 3466; x_wconf 84' lang='lat' dir='ltr'>debuisse</span> <span class='ocrx_word' id='word_1_344' title='bbox 455 3407 575 3465; x_wconf 90' lang='lat' dir='ltr'>Petrum</span> <span class='ocrx_word' id='word_1_345' title='bbox 597 3406 754 3486; x_wconf 84' lang='lat' dir='ltr'>praeterire</span> <span class='ocrx_word' id='word_1_346' title='bbox 773 3407 796 3465; x_wconf 87' lang='lat' dir='ltr'>si</span> <span class='ocrx_word' id='word_1_347' title='bbox 817 3407 931 3466; x_wconf 86' lang='lat' dir='ltr'>Romae</span> <span class='ocrx_word' id='word_1_348' title='bbox 950 3406 1058 3467; x_wconf 83' lang='lat' dir='ltr'>luisset.</span> 
     </span>
    </p>

    <p class='ocr_par' dir='ltr' id='par_1_5' title="bbox 121 3482 1282 3944">
     <span class='ocr_line' id='line_1_41' title="bbox 207 3482 1261 3562; baseline 0.005 -21"><span class='ocrx_word' id='word_1_349' title='bbox 207 3487 254 3548; x_wconf 84' lang='lat'>15.</span> <span class='ocrx_word' id='word_1_350' title='bbox 291 3483 456 3543; x_wconf 78' lang='lat' dir='ltr'>Adducitur</span> <span class='ocrx_word' id='word_1_351' title='bbox 476 3482 582 3541; x_wconf 83' lang='lat' dir='ltr'>deinde</span> <span class='ocrx_word' id='word_1_352' title='bbox 601 3485 713 3541; x_wconf 85' lang='lat' dir='ltr'>vinctus</span> <span class='ocrx_word' id='word_1_353' title='bbox 724 3483 854 3540; x_wconf 82' lang='lat' dir='ltr'>Romam.</span> <span class='ocrx_word' id='word_1_354' title='bbox 894 3483 1052 3562; x_wconf 79' lang='lat' dir='ltr'>Exceptum</span> <span class='ocrx_word' id='word_1_355' title='bbox 1074 3483 1185 3544; x_wconf 84' lang='lat' dir='ltr'>inissea</span> <span class='ocrx_word' id='word_1_356' title='bbox 1202 3485 1261 3547; x_wconf 85' lang='lat' dir='ltr'>lra-</span> 
     </span>
     <span class='ocr_line' id='line_1_42' title="bbox 123 3557 1282 3633; baseline 0.001 -13"><span class='ocrx_word' id='word_1_357' title='bbox 123 3557 225 3621; x_wconf 89' lang='lat' dir='ltr'>tribus</span> <span class='ocrx_word' id='word_1_358' title='bbox 243 3561 459 3633; x_wconf 87' lang='lat' dir='ltr'>narratLucas,</span> <span class='ocrx_word' id='word_1_359' title='bbox 478 3559 515 3617; x_wconf 88' lang='lat' dir='ltr'>de</span> <span class='ocrx_word' id='word_1_360' title='bbox 528 3560 618 3619; x_wconf 87' lang='lat' dir='ltr'>Petro</span> <span class='ocrx_word' id='word_1_361' title='bbox 638 3559 719 3617; x_wconf 88' lang='lat' dir='ltr'>nihil.</span> <span class='ocrx_word' id='word_1_362' title='bbox 760 3560 871 3619; x_wconf 89' lang='lat' dir='ltr'>Scribit</span> <span class='ocrx_word' id='word_1_363' title='bbox 890 3558 969 3618; x_wconf 89' lang='lat' dir='ltr'>illinc</span> <span class='ocrx_word' id='word_1_364' title='bbox 990 3560 1026 3618; x_wconf 91' lang='lat' dir='ltr'>ad</span> <span class='ocrx_word' id='word_1_365' title='bbox 1046 3561 1150 3619; x_wconf 85' lang='lat' dir='ltr'>multus</span> <span class='ocrx_word' id='word_1_366' title='bbox 1167 3561 1282 3631; x_wconf 74' lang='lat' dir='ltr'>eccle-,</span> 
     </span>
     <span class='ocr_line' id='line_1_43' title="bbox 125 3634 1262 3713; baseline 0.001 -16"><span class='ocrx_word' id='word_1_367' title='bbox 125 3638 194 3698; x_wconf 79' lang='lat' dir='ltr'>sias.</span> <span class='ocrx_word' id='word_1_368' title='bbox 231 3636 350 3695; x_wconf 78' lang='lat' dir='ltr'>hlicubi</span> <span class='ocrx_word' id='word_1_369' title='bbox 372 3638 458 3694; x_wconf 85' lang='lat' dir='ltr'>etiam</span> <span class='ocrx_word' id='word_1_370' title='bbox 479 3636 662 3713; x_wconf 87' lang='lat' dir='ltr'>quorundam</span> <span class='ocrx_word' id='word_1_371' title='bbox 687 3637 808 3693; x_wconf 92' lang='lat' dir='ltr'>nomine</span> <span class='ocrx_word' id='word_1_372' title='bbox 826 3634 1014 3695; x_wconf 85' lang='lat' dir='ltr'>salutationes</span> <span class='ocrx_word' id='word_1_373' title='bbox 1034 3636 1167 3695; x_wconf 86' lang='lat' dir='ltr'>ascribit:</span> <span class='ocrx_word' id='word_1_374' title='bbox 1200 3659 1262 3698; x_wconf 92' lang='lat' dir='ltr'>non</span> 
     </span>
     <span class='ocr_line' id='line_1_44' title="bbox 126 3711 1262 3790; baseline 0 -18"><span class='ocrx_word' id='word_1_375' title='bbox 126 3732 193 3772; x_wconf 91' lang='lat' dir='ltr'>uno</span> <span class='ocrx_word' id='word_1_376' title='bbox 202 3714 294 3773; x_wconf 79' lang='lat' dir='ltr'>verbo</span> <span class='ocrx_word' id='word_1_377' title='bbox 306 3712 424 3785; x_wconf 84' lang='lat' dir='ltr'>indicat,</span> <span class='ocrx_word' id='word_1_378' title='bbox 437 3712 557 3770; x_wconf 86' lang='lat' dir='ltr'>Petrum</span> <span class='ocrx_word' id='word_1_379' title='bbox 568 3711 627 3770; x_wconf 91' lang='lat' dir='ltr'>illic</span> <span class='ocrx_word' id='word_1_380' title='bbox 637 3711 814 3770; x_wconf 87' lang='lat' dir='ltr'>tunc&#39;luisse.</span> <span class='ocrx_word' id='word_1_381' title='bbox 835 3712 891 3771; x_wconf 83' lang='lat' dir='ltr'>Cui</span> <span class='ocrx_word' id='word_1_382' title='bbox 904 3713 1028 3772; x_wconf 89' lang='lat' dir='ltr'>obsecro</span> <span class='ocrx_word' id='word_1_383' title='bbox 1042 3712 1182 3771; x_wconf 85' lang='lat' dir='ltr'>credibile</span> <span class='ocrx_word' id='word_1_384' title='bbox 1194 3716 1262 3790; x_wconf 90' lang='lat' dir='ltr'>erit,</span> 
     </span>
     <span class='ocr_line' id='line_1_45' title="bbox 125 3787 1263 3869; baseline -0.002 -21"><span class='ocrx_word' id='word_1_385' title='bbox 125 3788 218 3851; x_wconf 83' lang='lat' dir='ltr'>silere</span> <span class='ocrx_word' id='word_1_386' title='bbox 239 3790 378 3868; x_wconf 92' lang='lat' dir='ltr'>potuisse,</span> <span class='ocrx_word' id='word_1_387' title='bbox 397 3788 421 3848; x_wconf 93' lang='lat' dir='ltr'>si</span> <span class='ocrx_word' id='word_1_388' title='bbox 441 3788 595 3847; x_wconf 82' lang='lat' dir='ltr'>adfuisset?</span> <span class='ocrx_word' id='word_1_389' title='bbox 625 3787 689 3846; x_wconf 91' lang='lat' dir='ltr'>Imo</span> <span class='ocrx_word' id='word_1_390' title='bbox 709 3788 743 3846; x_wconf 91' lang='lat' dir='ltr'>ad</span> <span class='ocrx_word' id='word_1_391' title='bbox 758 3787 970 3867; x_wconf 87' lang='lat' dir='ltr'>Philippenses,</span> <span class='ocrx_word' id='word_1_392' title='bbox 988 3788 1040 3847; x_wconf 92' lang='lat' dir='ltr'>ubi</span> <span class='ocrx_word' id='word_1_393' title='bbox 1062 3788 1131 3847; x_wconf 83' lang='lat' dir='ltr'>dixit</span> <span class='ocrx_word' id='word_1_394' title='bbox 1143 3792 1263 3869; x_wconf 67' lang='lat' dir='ltr'>(mit.)</span> 
     </span>
     <span class='ocr_line' id='line_1_46' title="bbox 121 3863 1263 3944; baseline 0.002 -19"><span class='ocrx_word' id='word_1_395' title='bbox 121 3867 282 3925; x_wconf 84' lang='lat' dir='ltr'>&#39;neminem</span> <span class='ocrx_word' id='word_1_396' title='bbox 304 3885 334 3924; x_wconf 89' lang='lat' dir='ltr'>se</span> <span class='ocrx_word' id='word_1_397' title='bbox 356 3865 475 3938; x_wconf 80' lang='lat' dir='ltr'>hahere,</span> <span class='ocrx_word' id='word_1_398' title='bbox 494 3864 543 3943; x_wconf 91' lang='lat' dir='ltr'>qui</span> <span class='ocrx_word' id='word_1_399' title='bbox 563 3865 602 3923; x_wconf 90' lang='lat' dir='ltr'>ita</span> <span class='ocrx_word' id='word_1_400' title='bbox 623 3863 748 3922; x_wconf 86' lang='lat' dir='ltr'>fideliter</span> <span class='ocrx_word' id='word_1_401' title='bbox 768 3877 851 3924; x_wconf 89' lang='lat' dir='ltr'>curet</span> <span class='ocrx_word' id='word_1_402' title='bbox 870 3884 943 3944; x_wconf 88' lang='lat' dir='ltr'>opus</span> <span class='ocrx_word' id='word_1_403' title='bbox 964 3863 1085 3922; x_wconf 88' lang='lat' dir='ltr'>Domini</span> <span class='ocrx_word' id='word_1_404' title='bbox 1106 3875 1138 3924; x_wconf 93' lang='lat' dir='ltr'>ut</span> <span class='ocrx_word' id='word_1_405' title='bbox 1158 3867 1184 3924; x_wconf 91' lang='lat' dir='ltr'>T</span> <span class='ocrx_word' id='word_1_406' title='bbox 1188 3869 1263 3927; x_wconf 89' lang='lat' dir='ltr'>imo-</span> 
     </span>
    </p>

    <p class='ocr_par' dir='ltr' id='par_1_6' title="bbox 71 3936 1310 4250">
     <span class='ocr_line' id='line_1_47' title="bbox 71 3936 1262 4020; baseline 0 -18"><span class='ocrx_word' id='word_1_407' title='bbox 71 3936 78 3953; x_wconf 87' lang='lat'>&#39;</span> <span class='ocrx_word' id='word_1_408' title='bbox 126 3943 228 4014; x_wconf 92' lang='lat' dir='ltr'>theus,</span> <span class='ocrx_word' id='word_1_409' title='bbox 248 3942 440 4020; x_wconf 88' lang='lat' dir='ltr'>conqueritur</span> <span class='ocrx_word' id='word_1_410' title='bbox 460 3961 562 4000; x_wconf 90' lang='lat' dir='ltr'>omnes</span> <span class='ocrx_word' id='word_1_411' title='bbox 582 3959 724 4018; x_wconf 88' lang='lat' dir='ltr'>quaerere</span> <span class='ocrx_word' id='word_1_412' title='bbox 744 3960 818 4019; x_wconf 86' lang='lat' dir='ltr'>quae</span> <span class='ocrx_word' id='word_1_413' title='bbox 838 3961 888 3999; x_wconf 87' lang='lat' dir='ltr'>sus</span> <span class='ocrx_word' id='word_1_414' title='bbox 908 3951 983 4000; x_wconf 89' lang='lat' dir='ltr'>sunt.</span> <span class='ocrx_word' id='word_1_415' title='bbox 1023 3939 1061 3999; x_wconf 87' lang='lat' dir='ltr'>Et</span> <span class='ocrx_word' id='word_1_416' title='bbox 1080 3940 1115 3998; x_wconf 94' lang='lat' dir='ltr'>ad</span> <span class='ocrx_word' id='word_1_417' title='bbox 1137 3942 1262 4003; x_wconf 88' lang='lat' dir='ltr'>eundem</span> 
     </span>
     <span class='ocr_line' id='line_1_48' title="bbox 128 4017 1263 4109; baseline 0.002 -31"><span class='ocrx_word' id='word_1_418' title='bbox 128 4018 324 4078; x_wconf 84' lang='lat' dir='ltr'>Timotheum</span> <span class='ocrx_word' id='word_1_419' title='bbox 346 4018 403 4108; x_wconf 71' lang='grc' dir='ltr'><strong>(ΙΙ.</strong></span> <span class='ocrx_word' id='word_1_420' title='bbox 424 4039 469 4097; x_wconf 89' lang='lat' dir='ltr'>cp.</span> <span class='ocrx_word' id='word_1_421' title='bbox 489 4021 605 4093; x_wconf 82' lang='grc'>4,16.)</span> <span class='ocrx_word' id='word_1_422' title='bbox 625 4017 741 4109; x_wconf 84' lang='lat' dir='ltr'>gravior</span> <span class='ocrx_word' id='word_1_423' title='bbox 766 4029 810 4076; x_wconf 88' lang='lat' dir='ltr'>cst</span> <span class='ocrx_word' id='word_1_424' title='bbox 836 4017 1035 4096; x_wconf 88' lang='lat' dir='ltr'>querimonia,</span> <span class='ocrx_word' id='word_1_425' title='bbox 1062 4019 1141 4096; x_wconf 89' lang='lat' dir='ltr'>quod</span> <span class='ocrx_word' id='word_1_426' title='bbox 1166 4018 1263 4081; x_wconf 89' lang='lat' dir='ltr'>nullus</span> 
     </span>
     <span class='ocr_line' id='line_1_49' title="bbox 128 4093 1303 4172; baseline 0.001 -19"><span class='ocrx_word' id='word_1_427' title='bbox 128 4093 175 4153; x_wconf 87' lang='lat' dir='ltr'>illi</span> <span class='ocrx_word' id='word_1_428' title='bbox 194 4094 322 4153; x_wconf 84' lang='lat' dir='ltr'>adluerit</span> <span class='ocrx_word' id='word_1_429' title='bbox 351 4116 381 4152; x_wconf 91' lang='lat' dir='ltr'>1n</span> <span class='ocrx_word' id='word_1_430' title='bbox 435 4094 714 4168; x_wconf 77' lang='lat' dir='ltr'>rima&#39;tlefensrone‚</span> <span class='ocrx_word' id='word_1_431' title='bbox 747 4094 798 4152; x_wconf 92' lang='lat' dir='ltr'>sed</span> <span class='ocrx_word' id='word_1_432' title='bbox 822 4113 925 4152; x_wconf 86' lang='lat' dir='ltr'>omnes</span> <span class='ocrx_word' id='word_1_433' title='bbox 952 4113 1018 4152; x_wconf 88' lang='lat' dir='ltr'>eum</span> <span class='ocrx_word' id='word_1_434' title='bbox 1045 4093 1264 4172; x_wconf 89' lang='lat' dir='ltr'>dereliquerint.</span> <span class='ocrx_word' id='word_1_435' title='bbox 1299 4134 1303 4143; x_wconf 54' lang='grc' dir='ltr'><em>ι</em></span> 
     </span>
     <span class='ocr_line' id='line_1_50' title="bbox 129 4115 1310 4250; baseline 0.003 -23"><span class='ocrx_word' id='word_1_436' title='bbox 129 4170 195 4228; x_wconf 88' lang='lat' dir='ltr'>Ubi</span> <span class='ocrx_word' id='word_1_437' title='bbox 215 4182 286 4229; x_wconf 88' lang='lat' dir='ltr'>tunc</span> <span class='ocrx_word' id='word_1_438' title='bbox 305 4170 395 4250; x_wconf 91' lang='lat' dir='ltr'>igitur</span> <span class='ocrx_word' id='word_1_439' title='bbox 413 4115 538 4230; x_wconf 67' lang='lat' dir='ltr'>leteris?</span> <span class='ocrx_word' id='word_1_440' title='bbox 575 4169 650 4227; x_wconf 90' lang='lat' dir='ltr'>Nam</span> <span class='ocrx_word' id='word_1_441' title='bbox 670 4169 694 4227; x_wconf 86' lang='lat' dir='ltr'>si</span> <span class='ocrx_word' id='word_1_442' title='bbox 713 4168 825 4229; x_wconf 83' lang='lat' dir='ltr'>Romae</span> <span class='ocrx_word' id='word_1_443' title='bbox 845 4169 932 4229; x_wconf 86' lang='lat' dir='ltr'>luisse</span> <span class='ocrx_word' id='word_1_444' title='bbox 951 4169 1047 4243; x_wconf 88' lang='lat' dir='ltr'>aiunt,</span> <span class='ocrx_word' id='word_1_445' title='bbox 1086 4182 1202 4230; x_wconf 79' lang='lat' dir='ltr'>uantum</span> <span class='ocrx_word' id='word_1_446' title='bbox 1218 4171 1266 4249; x_wconf 24' lang='lat' dir='ltr'>&#39;illi</span> <span class='ocrx_word' id='word_1_447' title='bbox 1299 4220 1310 4237; x_wconf 85' lang='lat'>,</span> 
     </span>
    </p>

    <p class='ocr_par' dir='ltr' id='par_1_7' title="bbox 133 4190 1267 4328">
     <span class='ocr_line' id='line_1_51' title="bbox 133 4190 1267 4328; baseline 0.004 -24"><span class='ocrx_word' id='word_1_448' title='bbox 133 4246 142 4262; x_wconf 87' lang='lat'><strong>‘</strong></span> <span class='ocrx_word' id='word_1_449' title='bbox 167 4247 325 4305; x_wconf 89' lang='lat' dir='ltr'>nominiam</span> <span class='ocrx_word' id='word_1_450' title='bbox 345 4247 435 4304; x_wconf 89' lang='lat' dir='ltr'>inurit</span> <span class='ocrx_word' id='word_1_451' title='bbox 454 4245 577 4320; x_wconf 87' lang='lat' dir='ltr'>Paulus,</span> <span class='ocrx_word' id='word_1_452' title='bbox 601 4244 680 4323; x_wconf 82' lang='lat' dir='ltr'>quod</span> <span class='ocrx_word' id='word_1_453' title='bbox 702 4246 836 4304; x_wconf 89' lang='lat' dir='ltr'>desertor</span> <span class='ocrx_word' id='word_1_454' title='bbox 859 4245 948 4305; x_wconf 88' lang='lat' dir='ltr'>suerit</span> <span class='ocrx_word' id='word_1_455' title='bbox 966 4190 1128 4328; x_wconf 69' lang='lat' dir='ltr'>evangilil?</span> <span class='ocrx_word' id='word_1_456' title='bbox 1166 4247 1267 4327; x_wconf 81' lang='lat' dir='ltr'>Siqui-</span> 
     </span>
    </p>
   </div>
   <div class='ocr_carea' id='block_1_5' title="bbox 157 4320 1269 4413">
    <p class='ocr_par' dir='ltr' id='par_1_8' title="bbox 157 4320 1269 4413">
     <span class='ocr_line' id='line_1_52' title="bbox 157 4320 1269 4413; baseline 0 -30"><span class='ocrx_word' id='word_1_457' title='bbox 157 4342 203 4383; x_wconf 89' lang='lat' dir='ltr'>em</span> <span class='ocrx_word' id='word_1_458' title='bbox 215 4321 556 4413; x_wconf 81' lang='lat' dir='ltr'>defidelibusloquitur:</span> <span class='ocrx_word' id='word_1_459' title='bbox 576 4323 644 4402; x_wconf 83' lang='lat' dir='ltr'>quia</span> <span class='ocrx_word' id='word_1_460' title='bbox 655 4320 816 4406; x_wconf 79' lang='lat' dir='ltr'>subiungit,</span> <span class='ocrx_word' id='word_1_461' title='bbox 834 4321 936 4400; x_wconf 82' lang='lat' dir='ltr'>„Deus</span> <span class='ocrx_word' id='word_1_462' title='bbox 954 4321 1013 4384; x_wconf 88' lang='lat' dir='ltr'>illis</span> <span class='ocrx_word' id='word_1_463' title='bbox 1031 4341 1095 4385; x_wconf 89' lang='lat' dir='ltr'>nou</span> <span class='ocrx_word' id='word_1_464' title='bbox 1111 4322 1269 4404; x_wconf 73' lang='lat' dir='ltr'>imputett‘</span> 
     </span>
    </p>
   </div>
   <div class='ocr_carea' id='block_1_6' title="bbox 0 0 1382 4732">
    <p class='ocr_par' dir='ltr' id='par_1_9' title="bbox 0 0 1382 4732">
     <span class='ocr_line' id='line_1_53' title="bbox 0 0 1382 4732; baseline 0 0"><span class='ocrx_word' id='word_1_465' title='bbox 0 0 1382 4732; x_wconf 95' lang='lat' dir='ltr'> </span> 
     </span>
    </p>
   </div>
  </div>
 </body>
</html>
