2700 4732
101 230 160 288 eii
470 220 546 282 sin.
567 220 609 282 11.
650 220 738 283 cie.
762 220 845 280 vin.
905 174 909 181 ¹

107 320 194 446 Legis
215 366 406 446 interpretem
426 364 544 443 (tasiitt
564 368 593 436 5,
612 368 659 429 22·
678 368 726 431 28.
747 370 777 427 et
796 367 866 439 dt).
912 364 1014 439 Quum
1040 364 1107 425 eisin

107 447 166 505 saei
179 464 320 531 ¹perversa
340 442 483 522 opinione
503 440 644 523 populum
663 443 846 516 imbuissent,
876 440 987 524 Legem
1007 442 1107 578 perlici

109 526 230 580 esterno
252 536 343 601 opere
363 519 435 577 nihil
465 520 600 578 adversus
627 521 738 602 Legeita
755 530 975 600 perpetrasset:
1036 538 1094 579 unc

108 597 279 657 losissiiiium
300 614 431 655 errorcin
452 596 559 674 arguit,
580 606 608 654 ct
628 596 806 685 impudicum
825 596 954 654 mulieris
981 606 1107 674 aspectui

110 674 251 733 tationem
273 691 334 732 esse
356 674 541 751 pronuntiat:
574 671 733 731 homicidas
760 684 899 745 testatur,
929 673 1097 752 quicunque

109 750 236 810 oderint
262 748 347 808 Facit
366 748 442 806 enini
464 769 529 807 reos
550 748 670 822 iudicio,
690 750 741 827 qui
759 750 803 808 vel
824 749 894 807 irani
915 748 1013 807 animo
1034 770 1107 808 conc

109 846 175 887 reos
196 825 331 896 consilio,
350 825 400 903 qui
418 825 627 884 murmurando
649 836 697 884 aut
718 825 871 884 fremendo
892 824 1017 904 aliquam
1034 825 1108 884 ossei

107 905 129 962 si
153 902 351 963 nificationem
373 900 521 959 dederint:
542 920 608 959 reos
629 901 781 980 gehennae
801 901 886 983 ignis,
907 901 957 979 qui
978 902 1107 961 convicii

108 923 264 1041 leiicentia
283 978 312 1036 in
333 988 463 1068 apertam
482 977 553 1037 iram
579 977 765 1056 prosilierint.
824 980 904 1036 llaec
935 979 984 1056 qui
1009 998 1070 1037 nou
1095 1000 1107 1037 i

108 1057 254 1115 linierunt
285 1052 436 1115 Christum
465 1052 588 1114 alterutti
620 1053 740 1128 Mosen,
767 1053 855 1136 Legis
887 1053 1080 1134 Evaiigelicae

107 1148 183 1211 quae
202 1130 350 1190 delectum
371 1130 517 1188 lllosaicae
535 1129 613 1188 illius
638 1129 824 1211 suppleverit.
882 1130 971 1189 Unde
997 1128 1068 1188 illud
1092 1153 1107 1191 ti

107 1211 219 1270 axioma
247 1207 283 1266 de
308 1205 493 1287 perfectione
518 1205 609 1285 Legis
632 1206 713 1265 Evan
737 1206 841 1280 elieae,
871 1227 946 1285 quae
975 1204 1084 1298 Legem

107 1284 199 1369 longo
219 1281 375 1343 intervallo
394 1293 527 1363 superet:
556 1283 636 1360 quod
662 1227 759 1343 maliis
778 1282 872 1342 modis
893 1294 937 1342 est
957 1284 1107 1361 perniciosi

108 1363 236 1421 Nam-'ei
254 1361 319 1440 ipso
339 1358 438 1433 Mose,
456 1358 509 1418 ubi
530 1370 631 1437 postea
674 1378 759 1419 raece
783 1372 878 1417 torum
899 1380 1039 1419 sumniam
1058 1359 1105 1419 col

108 1437 326 1517 pa'tebit'qoam
346 1433 496 1516 indignam
516 1380 723 1496 contumeliam
749 1381 862 1495 divinae
886 1436 960 1515 Legi
981 1437 1085 1495 inurat.

108 1520 195 1574 certe'
208 1512 428 1572 sanctimoniam
449 1532 510 1572 non
531 1511 635 1590 procul
655 1510 691 1570 ab
713 1511 858 1592 hypocrisi
876 1511 1001 1571 abluisse
1013 1511 1107 1572 insiuu

32 1615 36 1641 i
108 1608 166 1671 que
186 1589 222 1648 ab
243 1609 300 1648 uiia
320 1586 368 1648 illa
396 1600 426 1647 et
449 1600 590 1667 perpetua
614 1587 741 1647 iustitiae
771 1588 872 1670 regula
905 1588 1033 1646 deducit
1092 1589 1107 1648 1

106 1676 205 1726 autem
226 1677 270 1725 est
289 1665 397 1724 erroris
417 1665 598 1723 confutatio:
642 1667 723 1754 quod
749 1675 886 1743 putarunt
907 1664 1055 1724 Christum
1075 1665 1107 1724 Li

106 1761 184 1815 cere,
205 1740 255 1800 sibi
275 1763 343 1803 suae
364 1751 474 1802 tautum
495 1740 655 1822 integritati
676 1740 813 1814 restituit,
833 1741 900 1800 duni
915 1741 1107 1802 Pharisaeoru

107 1819 195 1881 deciis
215 1818 398 1881 obscuratam
419 1828 450 1877 et
468 1815 614 1877 fermento
635 1817 814 1897 inquinatam
835 1818 937 1877 asserit
956 1830 986 1876 et
1004 1838 1107 1901 repurp

144 1910 148 1917 ·
182 1898 210 1960 8.
251 1895 332 1955 llaec
353 1894 440 1954 nobis
458 1894 585 1973 secunda
604 1895 642 1953 sit
666 1893 847 1967 observatio,
878 1893 941 1973 plus
961 1894 1056 1954 inesse
1074 1916 1106 1955 se

108 1971 270 2051 praeceptis
289 1992 324 2031 ac
343 1971 509 2031 interdictis
529 1991 615 2050 quam
635 1970 731 2031 verbis
753 1972 943 2049 exprimatur:
975 1971 1056 2049 quod
1079 1981 1107 2031 ta

107 2048 327 2127 temperandum
354 2059 414 2119 cst,
445 2066 484 2105 ne
504 2047 541 2106 sit
560 2046 646 2107 nobis
666 2047 755 2107 instar
775 2046 897 2106 Lesbiae
917 2049 1052 2127 regulae,
1084 2069 1107 2127 q*

8 2128 11 2135 ’
108 2124 288 2205 Scripturam
309 2123 463 2184 licentiose
487 2134 734 2203 contorquentes,
765 2122 921 2203 quodlibet
949 2144 966 2183 e
991 2123 1107 2203 quolibi

107 2220 180 2261 mus.
231 2201 356 2259 Faciunt
375 2201 452 2259 enim
474 2199 591 2279 quidam
612 2201 665 2258 hac
685 2201 876 2259 immoderata
902 2201 1073 2259 excurrendi
1092 2200 1107 2259 ll

108 2279 140 2335 ut
159 2277 236 2357 apud
257 2277 331 2337 alios
349 2277 469 2337 vilescat
488 2276 575 2357 Legis
595 2277 761 2349 auctoritas,
780 2276 841 2337 aliis
860 2297 925 2337 sies
946 2276 1107 2358 intelligent

108 2354 196 2413 sidat.
235 2352 330 2434 igitur
340 2353 363 2413 si
376 2353 438 2411 lieri
459 2365 568 2432 potest,
590 2353 714 2411 ineunda
737 2364 780 2412 est
801 2354 842 2411 iiia
864 2300 969 2431 iiiique,
982 2374 1056 2432 quae
1070 2374 1107 2414 no

107 2429 289 2489 voluntatem
313 2441 394 2489 recto
416 2450 448 2488 ac
468 2429 564 2489 solido
582 2450 682 2511 gressu
696 2429 829 2487 deducat.
870 2430 1091 2504 Quaerendum,

108 2512 257 2586 quatenus·
272 2505 412 2564 excedere
431 2505 588 2564 verborum
615 2505 686 2563 fines
713 2506 819 2565 debeat
843 2506 1063 2584 interpretatio:
1094 2529 1107 2565 u

109 2592 185 2656 reat,
217 2602 278 2641 non
302 2594 437 2641 attentam
466 2602 526 2641 esse
547 2582 619 2663 Legi
640 2582 754 2640 divinae
774 2605 807 2640 ex
827 2581 958 2642 humanis
977 2583 1079 2663 glossis
1099 2603 1107 2642 a

108 2679 183 2733 cem,
202 2659 253 2718 sed
274 2679 377 2738 puruiii
397 2679 628 2741 germanumque
649 2659 836 2741 legislatoris
856 2680 970 2718 seiisuni
998 2658 1107 2718 fidelite

109 2742 179 2794 tuni.
229 2735 308 2794 Sane
328 2736 403 2795 adeo
424 2734 452 2793 in
474 2736 611 2795 omuibus
633 2735 694 2793 ieie
717 2735 876 2816 praeceptis
896 2737 1066 2795 manifestae
1086 2759 1107 2795 si

108 2810 266 2883 ecdochae,
286 2824 319 2870 ut
339 2811 500 2871 ileridiculo
523 2812 584 2870 iure
602 2813 639 2872 sit
661 2812 784 2882 iuturus,
805 2815 854 2890 qui
874 2811 960 2891 Legis
976 2833 1092 2872 sensum

108 2890 214 2948 horum
234 2889 381 2969 angustias
407 2889 584 2983 restringere
607 2887 688 2946 velit.
745 2888 829 2947 Ultra
858 2889 947 2947 verba
978 2890 1075 2967 itaque
1101 2892 1107 2973 j

56 3012 60 3019 .
108 2964 237 3035 sobriam
249 2964 338 3046 Legis
348 2964 425 3024 inter
447 2977 620 3025 rotationem
642 2964 735 3043 palam
756 2977 815 3023 est:
835 2965 886 3023 sed
899 2985 1063 3043 quousque,
1082 2985 1102 3024 o

109 3052 219 3112 manet,
238 3041 268 3100 ni
290 3041 391 3100 modus
411 2986 514 3120 aliquis
538 3041 664 3102 finiatur.
723 3042 811 3100 lluiic
843 3062 914 3121 ergo
946 3044 1064 3099 niodum
1098 3062 1107 3101 t

109 3115 174 3175 iore
195 3137 313 3190 censeo,
332 3117 355 3176 si
376 3117 411 3177 ad
432 3118 581 3197 praecepti
601 3116 745 3177 rationem
766 3116 921 3198 ilirigatur:
943 3137 1049 3197 nempe
1070 3129 1102 3176 ut

109 3211 229 3283 quoque
244 3180 408 3327 praecepio
429 3194 616 3273 expendatur,
637 3215 689 3252 cur
713 3193 811 3252 datum
832 3193 917 3253 nobis
952 3194 1048 3253 fuerit.

164 3280 213 3340 tia,
275 3289 342 3327 inne
362 3281 550 3350 praeceptum
571 3281 621 3328 aut
640 3270 840 3347 imperativum
862 3282 914 3340 est,
934 3282 983 3328 aiit
1004 3269 1107 3349 proliib

141 3344 271 3423 tritisque
290 3347 405 3427 generis
424 3346 530 3405 veritas
549 3345 645 3405 statim
668 3346 796 3404 occurrit
822 3346 844 3404 si
865 3348 1025 3422 rationein,
1056 3365 1107 3407 ceu

108 3422 281 3487 intuemurt,
303 3433 337 3481 ut
356 3423 504 3501 praecepti
524 3422 619 3512 quinti
641 3422 704 3480 finis
725 3433 784 3496 est,
815 3421 958 3481 honorem
980 3442 1042 3483 esse
1059 3422 1095 3483 iis

109 3495 190 3571 dum,
210 3496 315 3577 quibus
335 3518 400 3555 eum
421 3498 554 3557 attribuit
572 3497 662 3557 Deus.
721 3499 802 3557 llaec
833 3498 921 3577 igitur
942 3500 1092 3579 praecepti

108 3582 220 3633 rectum
241 3572 313 3648 esse}
331 3573 458 3655 Deoque
477 3575 646 3654 placerent
666 3594 715 3634 eos
729 3575 918 3650 honoremus,
938 3576 1042 3667 quibus
1062 3576 1107 3635 alii

110 3646 264 3709 cellentiae
283 3650 402 3733 laigitus
422 3661 477 3710 est:
508 3662 711 3730 contemptum
742 3662 772 3709 et
791 3664 1004 3711 contumaciam
1023 3652 1107 3712 adver

110 3725 321 3786 ihominationi
343 3746 412 3786 esse.
452 3727 543 3786 Primi
563 3729 713 3805 praecepti
735 3728 809 3787 ratio
830 3739 888 3801 est,
909 3740 941 3786 ut
961 3728 1042 3787 Deos
1061 3728 1105 3789 sol

108 3813 166 3862 tur.
205 3804 324 3862 Summa
344 3803 435 3885 igitur
454 3804 602 3883 praecepti
623 3805 689 3877 erit,
709 3825 807 3863 seram
829 3805 978 3883 pietatem,
1000 3805 1057 3866 hoc
1071 3826 1107 3865 esi

109 3878 153 3939 nis
173 3879 217 3939 sui
238 3881 347 3939 cultum
366 3880 433 3938 Deo
455 3880 537 3939 cordi
558 3901 636 3939 esse:
657 3882 835 3958 impietatem
856 3882 1028 3942 abominari.
1067 3881 1107 3940 Sii

130 3952 184 4014 'ulis
205 3957 366 4036 praeceptis
386 3955 610 4035 inspiciendum,
631 3979 685 4034 qua
707 3957 743 4015 de
764 3979 795 4015 re
819 3980 833 4014 a
858 3970 936 4016 atur:
969 3957 1075 4016 deinde
1096 3980 1107 4017 c

108 3973 162 4090 dus
183 4031 257 4107 finis,
278 4032 373 4093 donec
393 4054 424 4092 re
447 4035 570 4093 aciamus
611 4035 659 4092 uid
680 4034 800 4113 proprie
821 3977 879 4093 iliti-
900 4048 1023 4094 testetur
1049 4035 1104 4094 sibi

107 4102 285 4189 Legislator,
301 4107 347 4170 vel
368 4055 530 4189 dispiicere.
588 4056 714 4168 hemum
735 4111 770 4168 ali
793 4134 828 4169 eo
849 4112 913 4190 ipso
934 4111 968 4171 ad
989 4123 1107 4170 contras

109 4184 202 4243 tenda
221 4185 419 4261 ratiocinatio,
439 4187 469 4245 in
490 4186 566 4245 hune
587 4189 717 4259 moduni,
737 4188 768 4245 Si
787 4187 948 4265 placethoc
958 4188 1037 4263 Deo,
1059 4208 1107 4247 coi

108 4258 257 4338 displicet:
275 4263 300 4322 si
313 4262 370 4326 hoc
383 4263 526 4345 displicet,
545 4263 721 4321 contrarium
743 4263 852 4343 placet:
873 4267 896 4323 si
916 4264 973 4324 hoc
992 4265 1107 4343 praecip

107 4335 226 4396 tracium
247 4351 341 4402 vetat:
365 4341 465 4403 sihor
487 4350 573 4411 vetat,
593 4340 770 4399 contisi-iiiiii
793 4340 941 4420 praecipit.
