2596 4726
454 213 530 277 ΗΒ.
549 213 591 276 11.
630 214 721 279 cte.
740 214 777 275 v.
1120 222 1180 285 uta

37 358 126 423 subin
209 376 258 419 arn
276 376 342 421 esse
360 369 395 420 nt
413 357 577 420 abundaret
590 358 743 420 delictum:
764 359 800 419 ad
820 374 935 422 nostrus
954 361 1029 422 vires
1049 358 1176 422 limitan-

39 436 105 497 dsrn
139 437 225 511 uine,
244 454 285 495 ne
304 436 411 497 frustra
430 436 568 498 daretur?
607 436 690 510 Quin
710 438 808 529 potius
829 437 918 529 longe
937 460 1025 518 supra
1044 460 1099 497 nos
1109 459 1175 573 po·

38 514 140 585 sitam,
165 533 226 592 quo
246 512 453 593 impotentiam
479 525 610 571 nostram
631 526 829 573 convinceret.
876 518 967 573 berte
987 535 1020 571 ex
1046 514 1105 573 eins
1128 535 1174 574 em

39 588 213 651 delinitione
232 588 301 648 linis
321 588 409 669 Legis
429 610 462 648 ac
482 590 731 667 complementum
753 602 796 648 est
816 591 919 649 caritas
939 589 1068 666 (I.Tim.
1081 598 1109 662 1,
1121 591 1173 666 5.).

40 666 130 745 Atqui
150 665 220 723 dum
241 685 275 724 ca
296 665 602 724 Thessalonicensium
628 667 739 725 animos
760 665 867 744 repleri
888 678 987 745 optat,
1009 666 1079 724 satis
1100 668 1179 725 fate-n

42 754 89 803 nu
107 742 172 800 sine
190 742 330 821 prosectu
349 743 379 801 in
400 741 518 800 auribus
542 742 650 801 uostris
669 764 774 801 sonare
785 744 907 822 Legem,
928 743 983 800 nisi
1002 755 1093 801 totam
1115 745 1175 803 eius

39 839 178 878 sommam
196 816 338 878 cordibus
362 818 469 877 nostris
488 817 570 877 Deus
589 819 713 899 inspiret
732 820 771 897 (l.
793 818 896 877 Thess.
915 824 945 888 3,
965 821 1036 895 12).

115 900 144 959 7.
183 894 208 951 t:
232 893 330 952 uidem
350 894 374 951 si
384 893 537 973 Scriptura
558 895 629 952 nibil
649 895 726 954 aliud
747 896 975 973 duceret,quam
989 896 1099 974 Legem
1112 914 1174 953 esse

42 970 120 1029 ritae
143 914 293 1051 regillam,
319 969 461 1049 adquam
487 968 581 1029 studia
601 983 701 1030 nostra
721 991 901 1050 componere
922 970 1095 1044 debeamus,
1115 992 1173 1051 ego

42 1065 160 1125 quoque
184 1046 257 1106 citra
284 1066 396 1105 moram
423 1045 547 1124 pedibus
572 1048 601 1105 in
629 1068 731 1106 eorum
756 1048 930 1106 sententiam
951 1046 1171 1106 descenderem:

43 1122 91 1183 sed
110 1144 200 1201 quom
221 1120 411 1202 multiplicem
429 1123 517 1203 Legis
541 1145 623 1181 usum
649 1124 807 1205 diligenter
836 1146 870 1183 ec
902 1125 1055 1203 perspicue
1086 1122 1174 1183 nobis

44 1198 174 1277 explicet,
194 1217 230 1257 ex
246 1197 298 1257 ille
319 1199 415 1277 potius
435 1199 690 1277 interpretatione,
711 1201 779 1278 quid
800 1201 860 1257 Lex
879 1200 908 1257 iu
930 1199 1048 1259 bomine
1066 1198 1174 1271 valeat,

45 1274 228 1335 considerare
247 1275 400 1341 convenit.
441 1275 593 1348 Quantum
622 1276 782 1364 praesentis
802 1296 903 1339 causae
923 1275 1028 1345 refert,
1053 1274 1173 1335 simulac

47 1351 110 1431 quid
127 1350 277 1431 agendum
296 1350 334 1408 sit
353 1348 438 1410 nohis
457 1353 654 1429 praescripsit,
674 1352 832 1411 obediendi
852 1353 988 1410 virtutem
1008 1352 1095 1411 aDei
1115 1350 1172 1410 ho-

47 1430 130 1486 nitete
149 1444 214 1486 esse
235 1425 338 1485 docet:
358 1425 484 1506 ideoque
504 1428 539 1485 ad
561 1447 662 1506 preces
681 1426 985 1506 invitet,quihuseam
1005 1428 1091 1488 nohis
1111 1427 1173 1486 dari

49 1499 233 1581 postulemus.
273 1502 306 1560 Si
325 1502 420 1561 solum
441 1514 564 1562 exstaret
583 1504 746 1583 imperinm,
766 1505 845 1563 nulla
865 1505 1037 1583 promissio,
1054 1515 1174 1563 tentan-

51 1582 96 1637 dae
125 1591 226 1638 essent
251 1577 325 1637 vires
356 1599 392 1637 an
419 1580 455 1638 ad
488 1581 724 1658 respondendum
756 1580 880 1660 imperio
904 1581 1090 1640 sufficerent:
1121 1580 1174 1639 sed

52 1676 130 1734 quem
153 1653 242 1714 simul
271 1654 480 1734 promissiones
505 1669 734 1731 connectantur,
765 1679 839 1736 quae
867 1658 895 1716 in
922 1657 1037 1717 divinae
1061 1658 1173 1737 gratiae

52 1731 144 1790 auxilio
164 1752 228 1790 non
248 1730 337 1791 modo
356 1730 532 1802 subsidium,
560 1733 611 1791 sed
632 1746 724 1793 totam
744 1735 880 1793 virtutem
902 1731 987 1792 nobis
1008 1754 1070 1791 esse
1089 1733 1192 1796 sitam.

55 1807 178 1882 clamem,
197 1807 345 1868 illaesatis
364 1830 396 1867 su
420 1827 512 1886 erque
530 1821 685 1883 testantur,
705 1832 759 1870 nos
780 1831 898 1888 prorsus
919 1811 1046 1887 ineptos,
1065 1809 1172 1868 nedum

54 1884 163 1963 impares
183 1828 464 1965 ohsemndaeLegi
486 1905 557 1943 esse.
597 1884 698 1957 Quare
719 1906 756 1944 ne
776 1885 897 1964 amplius
918 1885 972 1943 ista
992 1885 1096 1943 virium
1117 1905 1173 1943 no·

55 1964 171 2019 ttnmm'
187 1981 255 2019 cum
280 1959 368 2040 Legis
393 1962 556 2039 praeceptis
587 1962 743 2041 proportio
764 1972 919 2043 urgeatur,
940 1962 998 2021 acsi
1017 1959 1174 2032 Dominus,

56 2056 127 2125 quan
146 2036 176 2094 in
196 2036 280 2117 Lege
299 2036 417 2096 daturus
437 2050 502 2096 erat
523 2038 648 2097 iustitiae
668 2036 809 2110 reenlam,
828 2038 863 2097 ad
883 2036 1036 2098 modulum
1056 2048 1173 2096 nostrae

57 2110 251 2173 inbecillitatis
272 2112 427 2192 exegisset,
446 2113 536 2206 magis
555 2134 588 2172 er
603 2135 687 2193 prom
752 2115 846 2173 ‚nitus
862 2114 1067 2194 reputandum,
1086 2134 1174 2192 quam

10 2154 12 2253 l
58 2186 130 2248 sinos
148 2190 203 2281 ipsi
223 2208 239 2247 a
259 2187 345 2249 nohis
369 2189 408 2249 im
432 2204 519 2259 arati,
552 2191 602 2269 qui
632 2212 712 2251 onam
743 2192 774 2251 in
827 2202 889 2249 arte
923 2201 1080 2270 tantopere
1111 2189 1173 2249 eius

10 2258 13 2327 l
59 2264 135 2343 gratia
152 2265 325 2347 indigemus.
364 2211 483 2325 Sedcui
497 2266 607 2344 (aiunt)
627 2267 783 2327 verisimile
802 2214 861 2339 iet,
881 2267 1043 2327 Dominum
1063 2268 1173 2326 truncis

10 2354 12 2369 ¹
59 2360 87 2399 te
108 2340 248 2421 lapidibus
271 2342 381 2423 Legem
406 2342 583 2403 destinasse?
630 2344 735 2422 Neque
764 2343 793 2402 id
823 2343 965 2434 quispiam
997 2342 1173 2422 persuadere

10 2398 18 2535 l
60 2416 170 2479 uultur.
208 2418 277 2476 Non
299 2420 376 2481 enim
396 2431 446 2478 aut
466 2419 549 2497 impii
568 2441 631 2479 saxa
648 2431 716 2479 sulit
735 2432 785 2479 aut
804 2422 927 2498 stipites,
947 2421 1015 2478 dum
1027 2418 1173 2478 adversari

61 2490 114 2553 Deo
129 2516 191 2555 snas
211 2494 347 2555 libidines
367 2516 421 2575 per
438 2495 548 2575 Legem
570 2495 684 2571 edocti,
708 2518 762 2555 suo
787 2499 917 2587 ipsorum
940 2495 1110 2555 testimonio
1130 2494 1174 2553 rei

12 2566 16 2603 ³
62 2566 132 2630 tut:
154 2583 204 2631 aut
223 2571 280 2650 pii,
301 2572 369 2631 dum
388 2592 458 2631 suae
478 2573 668 2652 impotentiae
688 2573 844 2645 admonui,
869 2572 904 2630 ad
924 2573 1046 2654 gratiam
1067 2570 1183 2630 conlo--

14 2630 20 2703 l
62 2645 134 2725 prot.
172 2646 245 2721 Quo
272 2650 421 2727 pertinent
445 2651 517 2707 istae
542 2648 690 2708 sollennes
716 2650 921 2730 Augustini
946 2647 1171 2724 sententiae*):

63 2722 326 2802 ,luhetDeusquae
346 2744 406 2783 non
426 2746 589 2804 possumus,
611 2738 643 2785 ut
662 2726 828 2786 noverimus
839 2725 908 2804 quid
929 2725 965 2783 ab
987 2724 1050 2802 ipso
1071 2734 1174 2802 petere

63 2799 230 2877 debeamus,
281 2802 389 2881 blegne
414 2814 458 2860 est
483 2814 708 2881 praeceptorum
738 2800 860 2875 utilitas,
891 2801 915 2861 si
935 2800 1030 2860 lihero
1050 2800 1173 2859 arbitrio

16 2910 20 2947 3
63 2886 173 2947 ,hatum
194 2877 297 2952 detur,
328 2889 360 2936 ut
379 2880 469 2958 gratia
489 2878 547 2936 Dei
568 2878 689 2959 amplius
715 2877 887 2938 honoretur.
930 2877 1017 2935 Fides
1036 2876 1175 2954 impetrat

18 3000 21 3011 .
63 2954 142 3029 ,quod
158 2954 220 3012 Les
238 2956 375 3034 imperat:
394 2957 454 3013 imo
476 2954 543 3015 ideo
555 2955 614 3013 Lex
634 2955 769 3034 imperat,
789 2967 822 3014 ut
841 2955 981 3032 impetret
999 2952 1081 3024 fides,
1093 2949 1173 3029 quod

62 3030 235 3109 ,imperatum
256 3042 319 3089 erat
339 3050 392 3110 per
409 3032 534 3111 Legem:
555 3033 615 3091 imo
634 3031 722 3090 fidem
741 3033 831 3110 ipsam
845 3031 960 3111 erigita
982 3028 1067 3089 uubis
1080 3028 1172 3099 Deus,

62 3118 98 3177 ,tt
113 3128 172 3166 non
192 3108 309 3166 invenit
328 3106 407 3186 quod
435 3107 543 3187 exigat,
569 3108 625 3166 nisi
649 3108 765 3167 dederit
783 3108 863 3187 quod
884 3106 1043 3168 inveniat.“
1081 3103 1171 3164 Item:

62 3180 124 3253 ,Det
141 3184 234 3257 Deus,
254 3184 334 3261 quod
355 3183 447 3257 iubet,
468 3198 496 3242 et
516 3184 616 3244 iubeat
635 3184 713 3262 quod
733 3185 834 3245 relit.“

118 3265 145 3325 8.
181 3260 234 3334 ld,
260 3260 447 3320 recensendis
466 3259 559 3319 trihus
601 3272 805 3339 raeceptorum
829 3260 931 3321 formis
951 3280 1072 3338 quassu
1098 3259 1174 3318 erius

62 3336 206 3417 attigimus,
224 3335 329 3397 clarius
349 3348 496 3397 cernetur.
540 3283 629 3396 lohet
652 3337 765 3416 saepius
785 3338 931 3397 Dominus
950 3347 1011 3394 tum
1031 3335 1062 3393 in
1109 3353 1175 3415 ege,

62 3422 106 3471 uu
125 3412 152 3472 in
172 3414 347 3493 Prophetis,
366 3425 400 3472 ut
422 3412 458 3471 ad
483 3432 514 3472 se
539 3425 744 3475 convertamur
756 3414 820 3491 tte),
864 3417 906 3472 At
925 3412 1049 3472 succinit
1069 3432 1102 3472 ex
1122 3412 1174 3470 ad-

61 3508 127 3549 ιιιιο
145 3491 312 3570 Propheta:
342 3488 516 3565 „Converte
535 3510 582 3549 me
600 3489 748 3567 Domine,
774 3503 805 3551 et
823 3501 993 3551 convertar:
1018 3499 1173 3568 postquam

17 3581 21 3607 ¹
62 3566 122 3625 nim
139 3568 310 3628 convertisti
330 3586 393 3639 me,
419 3566 466 3647 egi
485 3566 719 3645 poenitentiam“
745 3578 801 3626 etc.
849 3567 938 3625 Inhet
962 3577 995 3623 nt
1021 3563 1175 3645 praeputia

16 3644 23 3765 i
62 3643 138 3703 turdis
157 3644 251 3705 nostri
271 3642 520 3703 circumcidamus.
557 3644 599 3702 m
619 3662 673 3720 per
691 3643 796 3703 lllosen
816 3642 987 3711 denuntiat,
1012 3642 1095 3700 istam
1115 3641 1174 3697 cir-

63 3721 251 3781 cuncisionem
275 3741 364 3778 niano
389 3739 439 3778 sua
463 3719 536 3778 lieri.
587 3718 694 3779 Cordis
723 3720 882 3779 novitatem
907 3720 1013 3798 passim
1037 3713 1170 3793 requirit:

63 3796 101 3853 nt
116 3797 182 3856 alibi
201 3817 217 3855 a
239 3816 270 3855 se
290 3796 352 3854 dari
371 3805 501 3854 testatur.
538 3795 652 3868 „Quod
673 3807 770 3858 autem
792 3795 938 3876 promittit
957 3795 1049 3865 Deus,
1068 3790 1174 3850 othn-

64 3872 175 3947 gutum
193 3873 234 3933 ait
256 3872 309 3952 [de
331 3873 424 3930 doctr.
445 3870 553 3933 Christ.
574 3872 624 3930 lib.
643 3871 702 3951 3.],
727 3893 787 3931 non
808 3872 929 3933 facimus
949 3870 1003 3950 ipsi
1023 3889 1076 4005 ger
1095 3865 1173 3926 arhi-

63 3947 133 4009 trion
149 3949 196 4012 vel
213 3963 366 4010 naturam:
391 3947 443 4009 sed
472 3946 541 4009 iacit
566 3949 628 4028 ipse
647 3969 701 4029 per
720 3950 871 4029 gratiam.“
909 3953 1008 4025 Atque
1047 3964 1098 4005 aec
1117 3941 1174 4001 ob-

118 4136 142 4201 *l
158 4138 262 4200 August.
279 4133 386 4187 Euctus.
404 4136 436 4186 ad
453 4136 573 4187 Inurent.
591 4136 623 4187 tle
641 4135 721 4200 gratia
737 4150 762 4188 et
779 4136 824 4189 lib.
841 4135 915 4186 arbit.
934 4132 1046 4204 esp-16·
1065 4158 1096 4171 -
1116 4127 1174 4179 llo·

64 4197 106 4251 md.
118 4204 155 4256 22
172 4206 199 4257 in
217 4204 310 4254 loann.
326 4229 358 4242 -
375 4201 458 4271 Epist.
469 4204 511 4257 24.

18 4318 23 4337 ,
108 4276 146 4335 κ)
162 4271 225 4325 nu.
240 4273 268 4328 a
285 4274 328 4325 :a
360 4269 407 4321 ιιι.
423 4273 467 4333 ³1.
482 4272 523 4323 se.
556 4271 635 4324 neue
654 4271 694 4333 ιο,
711 4270 752 4325 to.
785 4267 852 4320 lbit.
863 4270 906 4331 ³⁰.
922 4267 946 4322 6·
982 4264 1175 4327 Enetseno.
1259 4326 1264 4336 ,

18 4388 21 4401 Ι
65 4330 152 4401 bell,
169 4340 208 4396 18
244 4336 303 4389 vid
321 4336 395 4393 cati.
412 4341 468 4397 adv,
487 4339 614 4405 l'igbium.
