2596 4726
57 366 123 410 esse
142 356 278 408 naturam
298 357 429 408 oostmm
445 343 644 409 eonvincitur.
681 347 801 408 Maneat
818 365 892 431 ergo
911 348 984 426 hoo,
1008 370 1084 413 non·
1126 370 1198 416 am

58 427 200 486 duntaxat
218 422 440 485 consuetudinis
458 423 531 486 vitio
550 422 623 485 tales
647 443 711 484 esse
730 423 881 501 homines,
900 427 1000 505 quales
1019 428 1067 489 hie
1108 428 1197 490 eseri⁴

58 501 190 577 buntur,¹
212 500 270 585 sed
295 512 418 561 naturae
438 520 558 580 qnoque
577 500 729 581 pravitate.
766 501 895 576 Quando
921 523 982 563 non
1009 504 1095 565 aliter
1118 517 1196 567 stare

58 590 162 659 potest
179 575 318 656 Apostoli
349 577 582 658 argumentatio:
621 575 730 638 nullam
761 598 824 638 esse
849 577 962 639 homini
985 579 1107 642 salutern
1138 581 1195 645 nisi

59 674 75 714 a
100 654 226 713 Domini
250 652 463 714 misericordia:
505 652 573 733 quia
596 652 627 713 in
652 672 683 715 se
707 653 839 744 perditus
871 666 915 714 est
948 667 979 715 et
1014 657 1194 738 deploratus.-

59 731 131 791 Non
152 730 199 790 bic
218 727 361 789 laborabo
381 728 412 788 in
432 729 622 821 approbanda
647 734 884 791 testimoniorum
908 732 1123 812 applicatione,
1154 753 1195 795 ne

60 807 106 869 cui
126 806 282 866 videantur
304 806 396 864 intem
419 817 510 866 estsve
537 818 681 886 usurpata.
726 807 855 887 Perinde
878 828 962 891 agam
987 809 1045 869 acsi
1064 832 1080 870 a
1099 811 1195 872 Paulo

59 883 187 964 primum
209 882 280 941 haec
300 880 377 942 dicta
396 826 507 955 lorent,
526 902 588 943 non
608 903 625 943 e
644 882 801 963 Prophetis
823 883 985 964 desumpta.
1024 885 1114 947 Initio
1133 885 1196 949 adi·¹

60 959 113 1019 mit
133 957 247 1020 bomini
266 957 417 1032 iustitiam,
437 958 465 1018 id
485 970 541 1033 est,
559 958 757 1042 integritatem
778 971 809 1019 et
827 962 1000 1041 puritatem:
1021 962 1128 1023 deinde
1147 963 1197 1023 in·-

59 1034 268 1118 telligentiaso·
323 1032 542 1117 Intelligentiae
571 1048 669 1096 autem
702 1036 849 1097 desectum
879 1037 977 1118 arguit
1004 1060 1019 1098 a
1043 1039 1146 1101 ostasia
1177 1059 1196 1103 Ι

59 1111 143 1171 Deo:
175 1130 264 1190 quem
283 1110 434 1191 requirere
464 1113 573 1191 primns
598 1123 643 1172 est
660 1114 819 1193 sapientiae
843 1114 966 1196 gradus:
1000 1059 1070 1174 illud
1096 1128 1195 1178 autem

59 1207 182 1251 necesse
201 1199 247 1248 est
270 1187 304 1247 iis
325 1187 441 1247 evenire
461 1187 512 1267 qni
538 1189 641 1249 aDeo
666 1188 849 1249 deiecerunt
894 1189 1066 1266 subnectit,
1090 1208 1195 1255 omnes

60 1262 239 1336 declinasse,
264 1275 296 1323 et
314 1263 395 1342 quasi
414 1264 549 1344 putridos
569 1284 631 1325 ease
650 1265 795 1327 redditos:
817 1265 933 1327 ¹nullum
953 1287 1016 1328 esse
1035 1268 1085 1349 qni
1106 1269 1196 1330 saciat

58 1338 188 1400 bonum:
208 1351 270 1399 tum
289 1339 415 1422 flagitia,
434 1339 541 1420 quibus
560 1339 673 1424 singula
692 1363 742 1402 soa
761 1342 890 1404 membra
912 1345 1121 1420 contaminant,
1143 1343 1195 1426 qni

56 1415 88 1477 in
106 1415 272 1496 nequitiam
292 1415 381 1477 semel
399 1416 489 1477 soluti
507 1429 585 1494 sunt,
604 1418 744 1501 adiungit
782 1419 937 1480 Postremo
957 1422 1064 1481 timore
1075 1420 1133 1482 Dei
1145 1442 1195 1483 va·

58 1513 130 1554 coos
150 1503 286 1567 testatur,
305 1493 340 1552 ad
361 1493 442 1553 euius
462 1493 591 1575 regulam
612 1494 726 1577 gressus
739 1498 831 1556 nostri
850 1495 905 1556 dir'
928 1496 1120 1561 ‘debuerant
1159 1496 1195 1559 Si

58 1569 131 1630 istae
149 1581 222 1628 aunt
239 1567 449 1629 haereditariae
480 1570 597 1630 humani
628 1571 744 1651 generis
769 1572 870 1648 dotes,
914 1585 1007 1633 rostra
1032 1574 1062 1634 in
1089 1584 1195 1635 natura

57 1656 160 1707 nostra
180 1643 288 1725 aliquid
306 1645 558 1782 bonirepuiritur.
595 1647 739 1727 Equidem
756 1649 944 1741 'lateqrpnon
955 1650 1053 1710 omnia
1070 1649 1143 1742 haee
1160 1650 1194 1712 in

56 1742 246 1935 {tt-ltili
266 1722 890 1881 'itt‘,giltirtmffttttntltzt
903 1737 1004 1861 ”tlt
1024 1727 1195 1883 ltetgt:

77 1892 128 1935 nm
148 1873 207 1934 ianr
227 1875 325 1935 morbi
344 1896 457 1935 causam
476 1888 507 1936 et
525 1877 676 1937 materiam
694 1875 834 1937 inclusam
854 1878 885 1938 in
899 1897 937 1938 se
956 1877 1055 1952 fovet,
1080 1877 1196 1939 etiamsi

57 1951 193 2012 nondum
212 1950 325 2019 ferveat
343 1951 446 2027 dolor,
470 1972 531 2013 non
557 1953 672 2013 dicetur
694 1974 811 2013 sanum:
841 1953 888 2015 ita·
901 1973 958 2015 nec
977 1954 1091 2031 anima,
1122 1954 1193 2015 duan

57 2026 169 2089 talibus
193 2027 330 2089 vitiorum
355 2028 466 2089 morbis
489 2041 599 2105 scatet,
626 2049 695 2090 sana
720 2028 901 2091 censebitur:
930 2051 1008 2110 quan
1031 2051 1097 2091 nam
1128 2048 1193 2092 non

37 2124 115 2240 ‚per
133 2105 234 2165 omnia
253 2103 377 2185 quadrat
396 2105 565 2165 similitudo.
611 2106 646 2165 ln
674 2124 802 2186 corpore
827 2106 905 2166 enim
925 2052 1089 2187 quamlibet
1112 2127 1193 2168 anor·

81 2180 134 2240 ido
153 2180 239 2262 sigor
267 2181 344 2242 vitae
368 2192 516 2261 superest:
546 2181 642 2242 anima
671 2202 744 2242 vero
772 2182 831 2249 isto
846 2183 966 2243 -ssitiali
994 2184 1115 2266 gurgite
1137 2184 1194 2243 ina·

58 2276 258 2393 romanon
282 2277 318 2318 ex
334 2257 412 2322 vitiis
436 2257 527 2320 modo
551 2257 684 2337 laborat,
712 2258 764 2320 sed
789 2260 871 2321 omni
897 2260 980 2337 bono
999 2280 1120 2351 prorsus
1138 2280 1192 2324 va-

59 2352 119 2394 cua
261 2352 266 2363 ¹
1029 2382 1033 2389 .
1099 2374 1103 2383 ι

137 2414 168 2475 3·
204 2407 317 2471 Eadem
336 2407 410 2485 iere,
430 2430 504 2492 quae
523 2410 603 2492 prius
622 2408 717 2473 soluta
736 2422 780 2472 est
791 2412 934 2494 quaestio,
952 2434 988 2475 ex
1005 2411 1124 2497 integro
1135 2432 1193 2475 no·

59 2484 107 2546 bis
125 2507 176 2547 sur
197 2486 231 2545 ‘t
281 2485 427 2548 Omnibus
448 2488 526 2548 enim
546 2489 667 2548 saeculis
688 2489 861 2550 exstiterunt
880 2489 986 2570 aliqui,
1017 2492 1067 2572 qui
1088 2502 1192 2550 natura

55 2562 171 2629 ,ducea
212 2561 349 2623 virtutem
369 2575 431 2624 tota
451 2567 509 2624 vita
529 2566 638 2625 intenti
658 2578 764 2625 essent.
807 2567 914 2647 Neque
940 2588 1041 2627 moror
1058 2567 1082 2627 si
1108 2565 1193 2627 multi

58 2638 156 2720 lapsus
186 2639 217 2698 in
243 2658 346 2699 eorum
371 2640 503 2700 moribus
532 2642 630 2700 notari
664 2645 790 2722 possint:
820 2643 886 2723 ipso
906 2655 1004 2703 tamen
1028 2641 1193 2706 honestatis

58 2716 156 2777 studio
178 2717 386 2775 documentum
408 2717 578 2791 ediderunt,
597 2717 733 2778 nonnihil
755 2718 841 2777 luisse
865 2719 895 2777 in
916 2732 1020 2780 natura
1039 2740 1090 2780 sna
1111 2719 1193 2798 puri-

57 2792 137 2854 tatis.
179 2793 260 2868 Quid
281 2793 367 2872 pretii
388 2793 514 2854 habeant
533 2815 632 2854 coram
652 2794 719 2854 Deo
741 2794 905 2855 huiusmodi
923 2796 1060 2869 virtutes,
1079 2794 1193 2854 tametsi

59 2869 177 2949 plenius
196 2869 407 2943 edisseremus,
427 2868 479 2929 ubi
505 2883 610 2952 agetur
629 2870 665 2930 de
685 2890 809 2949 operum
829 2873 955 2946 meritis,
974 2871 1130 2931 dicendum
1149 2881 1195 2930 to·

58 2966 127 3006 nen
148 2958 194 3006 est
213 2946 270 3004 hoo
289 2966 408 3026 quoqne
427 2945 512 3020 loco,
537 2959 681 3026 quatenus
707 2947 742 3005 ad
768 2941 928 3025 praesentis
953 2949 1119 3028 argumenti
1144 2966 1194 3006 ex·
1280 2996 1289 3013 Ι

58 3021 247 3103 plicationem
267 3041 387 3084 necesse
406 3028 469 3083 est'
496 3022 635 3104 Exempla
654 3022 743 3105 igitur
759 3023 813 3083 ista
833 3043 955 3084 monere
973 3044 1029 3084 nos
1048 3022 1194 3098 videntur,

58 3118 97 3158 ne
117 3098 244 3160 hominis
268 3110 400 3159 naturam
426 3099 456 3159 in
485 3110 580 3160 totum
600 3100 734 3160 vitiosam
760 3111 912 3179 putemus:
943 3099 1024 3180 quod
1054 3098 1116 3160 cius
1146 3100 1193 3160 in-

57 3174 169 3236 stinctu
194 3175 310 3255 qnidam
337 3196 398 3236 non
429 3176 519 3236 modo
545 3176 656 3236 eximiis
686 3175 867 3236 facinoribus
893 3176 1110 3250 excelluerunt,
1140 3174 1193 3236 sed

58 3262 205 3333 perpetuo
225 3263 331 3311 tenore
350 3253 425 3313 vitae
445 3253 648 3313 honestissime
666 3272 698 3313 se
721 3262 885 3329 gesserunt.
927 3252 988 3313 Sed
1007 3251 1054 3312 bic
1073 3272 1193 3312 succur-

58 3349 124 3388 rere
144 3327 232 3389 nobis
253 3328 351 3402 debet,
370 3328 449 3388 inter
467 3330 546 3389 illam
566 3342 688 3388 naturae
700 3329 922 3409 corruptionem
935 3348 997 3390 esse
1016 3327 1193 3389 nonnullum

57 3405 169 3542 ianm
194 3404 252 3464 Dei
276 3404 390 3476 locum,
420 3427 483 3465 non
508 3425 582 3485 quae
606 3404 683 3465 illam
710 3417 834 3496 purget,
862 3404 914 3464 sed
940 3405 1018 3465 intua
1044 3405 1191 3465 cohibeat.

86 3502 132 3541 am
160 3480 186 3541 si
214 3479 397 3562 singulorum
426 3482 539 3542 animos
568 3479 634 3542 laxis
666 3481 787 3541 habenis
815 3480 962 3541 Dominus
992 3480 1023 3540 in
1056 3480 1193 3541 libidines

58 3555 205 3637 quaslibet
224 3557 367 3616 exsultare
392 3559 592 3638 permitteret,
621 3577 709 3617 nemo
735 3556 811 3616 haud
838 3555 927 3616 dubie
954 3569 1030 3618 esset
1054 3558 1104 3635 qui
1131 3578 1193 3615 non

57 3654 90 3693 re
108 3634 173 3714 ipsa
195 3632 281 3692 fidem
303 3633 422 3708 laceret,
433 3635 581 3694 verissime
600 3634 631 3693 in
651 3654 682 3694 se
695 3644 864 3712 competere
876 3632 972 3692 omnia
992 3632 1074 3706 mala,
1087 3632 1193 3711 quibus

57 3710 221 3770 nniversam
241 3722 372 3777 naturam
392 3710 509 3770 damnat
528 3709 635 3770 Paulus
654 3710 871 3790 (Rom.cap.3·
892 3710 930 3768 cl.
951 3710 998 3769 Ps.
1010 3718 1057 3783 tt,
1067 3715 1095 3772 3.
1106 3711 1192 3787 sqq).

58 3785 137 3860 Quid
160 3785 260 3845 enim?
298 3786 383 3845 Tene
402 3807 505 3847 eorum
524 3807 649 3846 numero
670 3785 784 3858 eximas,
815 3806 941 3865 qnorum
960 3786 1049 3864 pedes
1069 3784 1104 3842 ad
1125 3804 1193 3841 san-

56 3863 178 3944 guinem
204 3862 417 3922 effundendum
441 3862 573 3936 veloces,
603 3884 704 3923 manns
723 3859 833 3942 rapinis
853 3873 884 3920 et
904 3860 1067 3920 homicidiis
1089 3859 1192 3918 foeda-

10 3976 12 4011 ,
55 3950 116 4013 tae,
143 3948 264 4020 guttura
283 3939 423 4018 sepulcris
442 3940 611 4032 patentibus
631 3937 750 4016 similia,
771 3936 889 4019 linguae
903 3936 1120 4008 fraudulentae,
1138 3954 1193 3994 re-

54 4027 163 4076 nenata
193 4012 284 4085 labia,
321 4035 410 4095 opera
440 4016 571 4092 inutilia,
602 4015 716 4095 iniqua,
754 4013 890 4093 putrida,
920 4011 1029 4081 letalia:
1067 4031 1192 4089 quornm

10 4104 14 4157 ε
55 4091 168 4152 animus
188 4091 252 4150 sine
274 4091 355 4167 Deo,
381 4113 507 4170 quorum
527 4092 629 4152 intima
649 4090 821 4171 pravitates,
847 4109 972 4169 quorum
993 4086 1070 4147 oculi
1091 4087 1125 4146 ad
1146 4087 1192 4145 in-

10 4178 14 4241 j
55 4167 161 4242 sidias,
190 4167 280 4227 animi
305 4168 342 4227 ad
363 4167 557 4228 insultandum
578 4169 661 4240 elati,
682 4186 785 4225 omnes
805 4166 934 4243 denique
955 4174 1050 4243 partes
1071 4164 1106 4222 ad
1127 4162 1195 4220 inh-

28 4249 30 4259 '
55 4243 117 4304 nita
146 4241 260 4324 flagitia
291 4243 504 4305 concinnatae?
568 4244 601 4303 Si
634 4242 770 4303 omnibus
796 4239 939 4301 eiusmodi
963 4239 1111 4317 portentis
1137 4237 1194 4298 oh-

55 4320 141 4379 noxia
167 4328 213 4379 est
236 4338 430 4401 unaquaeque
453 4321 550 4381 anima
573 4318 836 4400 (quemadmodum
856 4315 1000 4400 audacter
1024 4315 1196 4396 pronuntiat
1239 4379 1243 4391 s

78 4417 338 4464 cuvsnstassssanot.
956 4398 997 4460 tt
