2700 4732
70 161 130 226 aas
173 156 176 161 ’
455 155 542 247 ιω.
563 158 603 219 11.
643 156 732 219 css.
752 154 804 216 xc

71 317 161 383 quern
179 309 333 363 aeternum
351 297 396 361 illi
415 298 566 362 deleratur
583 300 794 376 sacerdotium,
818 293 931 360 certum
957 308 1002 360 est
1024 293 1139 363 aboleri
1156 316 1205 359 sa-

71 375 237 438 cerdotium
256 376 345 452 illud,
368 377 420 438 ubi
439 379 487 438 alii
506 378 569 440 aliis
589 398 769 440 successores
789 376 921 456 quotidie
945 373 1205 438 substituebantur.

71 453 246 514 Praevalere
264 466 362 515 autem
381 454 452 515 novi
469 454 553 516 istius
562 453 729 515 Sacerdotis
748 454 962 513 institutionem
984 449 1102 545 prohat,
1122 449 1206 542 quod

72 530 238 592 iuramento
249 530 404 592 stabilitur.
442 531 603 614 Subiungit
614 543 725 612 postea,
743 531 773 589 in
794 549 825 589 ea
838 529 994 589 sacerdotis
1014 526 1206 587 translatione

72 607 149 669 verti
169 606 255 672 etiarn
276 606 457 667 Testamenti
483 609 684 668 mutationem.
735 608 833 685 Atque
853 606 882 664 id
902 603 1096 665 necessarium
1116 603 1206 664 luisse

73 683 191 745 ratione
211 682 381 759 confirmat,
413 684 551 763 quoniam
571 705 603 744 ea
624 696 688 744 erat
705 682 792 765 Legis
813 682 1011 755 imbecillitas,
1037 701 1111 759 quae
1131 678 1206 740 nihil

28 832 33 840 .
74 759 220 821 adducere
240 759 276 821 ad
320 760 513 820 erlecticncm
534 772 641 841 posset.
680 760 758 819 Tum
781 759 886 818 deinde
905 759 1109 850 prosequitur,
1130 775 1206 835 quae

26 846 42 921 Ι·
74 835 122 897 illa
148 835 237 898 suerit
261 780 461 897 imbecillitas:
493 856 599 918 nempe
622 837 703 916 quod
728 847 859 897 externas
885 833 1126 896 carnissustitias
1152 832 1206 893 ha·

74 912 188 987 buerit,
216 933 291 993 quae
322 913 451 974 cultores
482 934 551 975 suos
575 935 637 974 non
660 924 782 994 possent
805 912 964 972 secundum
994 909 1206 989 conscientiam

74 989 224 1070 perlectos
244 989 380 1064 reddere,
399 989 480 1070 quod
500 990 644 1082 pecudum
665 989 785 1051 victimis
805 1009 861 1048 nec
880 997 1000 1067 peccata
1019 987 1129 1059 delere,
1149 1007 1206 1047 nec

73 1085 170 1127 veram
194 1065 377 1126 sanctitatem
407 1066 566 1135 concihare
600 1077 725 1147 poterat.
764 1064 925 1130 Concludit
953 1084 1043 1145 ergo,
1069 1063 1207 1122 umbram

75 1141 166 1210 [tutte
185 1141 216 1202 in
241 1143 304 1222 ipsa
328 1142 494 1204 futurorum
519 1143 685 1217 bonorum,
715 1162 777 1203 non
807 1142 901 1204 vivam
931 1161 1030 1200 rerum
1060 1140 1208 1223 effigiem:

74 1211 284 1297 ideoque‘non
302 1218 381 1281 aliud
401 1220 534 1282 habuisse
545 1220 646 1294 officii,
665 1220 720 1281 nisi
738 1230 771 1279 ut
790 1218 971 1279 introductio
985 1227 1060 1278 esset
1077 1217 1109 1276 in
1122 1236 1207 1296 spem

76 1295 246 1371 meliorem,
271 1299 397 1378 quaein
416 1297 577 1382 Evangelio
598 1298 761 1359 exhibetur.
812 1297 869 1356 Hic
889 1295 1045 1356 videndum
1064 1306 1124 1369 est,
1149 1315 1206 1373 qua

75 1384 159 1453 parte
179 1373 284 1435 foedus
302 1374 412 1457 Legale
431 1397 496 1436 curn
517 1375 639 1436 loedere
658 1374 854 1456 Evangelico,
881 1371 992 1435 Christi
1012 1371 1207 1433 ministerium

75 1471 142 1511 cum
166 1449 302 1513 Mosaico
327 1451 507 1513 conferatur.
556 1453 632 1513 Nam
651 1451 676 1514 si
699 1452 736 1513 ad
761 1453 988 1533 promissionum
1015 1449 1208 1511 substantiam

75 1527 239 1606 pertineret
268 1530 467 1607 comparatio,
495 1549 634 1612 magnum
665 1540 789 1590 exstaret
818 1529 898 1588 inter
928 1528 987 1588 duo
1016 1528 1208 1588 Testamenta

75 1602 239 1665 dissidium:
259 1605 312 1665 sed
331 1627 421 1685 quum
440 1617 530 1666 statum
550 1605 727 1686 quaestionis
746 1607 806 1666 alio
825 1626 881 1666 nos
902 1605 1004 1679 ducat,
1023 1623 1060 1663 eo
1081 1604 1207 1663 tenden-

76 1679 145 1743 dum
167 1692 226 1756 est,
250 1693 403 1743 utrarum
427 1682 613 1762 reperiamus.
651 1682 769 1743 Foedus
790 1703 880 1764 ergo,
903 1681 983 1761 quod
1003 1692 1154 1741 aeternum
1174 1690 1207 1742 et

76 1777 228 1836 nunquam
246 1757 433 1821 interiturum
452 1758 542 1823 semel
566 1758 703 1836 sancivit,
733 1759 766 1821 in
788 1758 885 1818 medio
909 1769 1076 1819 statuamus.
1124 1755 1207 1817 lllius

76 1833 335 1914 complementum,
353 1834 433 1895 unde
451 1836 570 1897 tandem
582 1833 671 1897 habet
680 1848 714 1896 ut
723 1846 829 1896 statum
840 1848 993 1915 ratumque
1004 1836 1054 1909 sit,
1073 1833 1208 1896 Christus

77 1922 130 1970 est.
169 1912 250 1974 Talis
271 1911 456 1972 confirmatio
476 1913 544 1973 dum
565 1925 764 1992 exspectatur,
787 1913 969 1973 ceremonias
988 1913 1134 1981 Ilominns
1152 1930 1209 1991 per

76 1986 183 2049 Mosen
224 1988 392 2064 raescribit,
421 2009 494 2081 quae
518 2001 590 2050 sunt
609 1988 690 2051 velut
712 1989 856 2051 sollennia
876 1989 1108 2050 confirmationis
1127 2010 1208 2078 sym-

76 2061 155 2125 bola.
203 2009 240 2125 ld
260 2065 289 2124 in
311 2078 534 2127 contentionem
552 2065 705 2141 seniebat,
730 2067 875 2138 cederene
899 2077 1053 2146 oporteret
1074 2065 1208 2142 Christo,

77 2160 153 2278 puae
172 2141 202 2200 in
222 2142 305 2224 Lege
324 2141 476 2203 ordinatae
495 2155 580 2203 erant
598 2144 792 2207 ceremoniae.
831 2143 896 2202 Hae
915 2163 986 2204 rcro
1005 2143 1121 2203 tametsi
1142 2142 1208 2207 ioe-

98 2217 155 2279 eris
175 2217 311 2279 duntaxat
329 2219 488 2280 accidentia
506 2230 600 2293 erant,
619 2219 665 2279 rel
685 2233 765 2280 certe
784 2220 965 2280 accessiones
983 2239 1158 2291 scannesa,
1178 2229 1209 2279 et

77 2293 242 2376 (utvulgus
263 2295 409 2376 loquitur)
427 2296 601 2357 accessoria:
642 2296 688 2358 uia
706 2308 805 2357 tamen
824 2297 1017 2356 instrumenta
1030 2308 1112 2355 erant
1131 2295 1208 2355 illius

77 2369 307 2442 administrandi,
327 2372 454 2433 loedcris
473 2392 583 2433 nomen
595 2372 636 2433 ha
658 2374 722 2434 ent:
743 2371 870 2508 qpaliter
889 2385 920 2432 et
938 2371 1000 2435 aliis
1012 2372 1208 2432 sacramentis

79 2446 140 2505 dari
159 2447 245 2506 solet.
285 2448 425 2523 Proinde,
445 2449 476 2509 in
495 2470 623 2523 summa,
648 2462 730 2509 vetus
779 2461 972 2510 estamentnm
992 2449 1134 2509 hocloco
1154 2469 1208 2525 ap·

101 2521 206 2582 ellatur
224 2522 366 2586 sollennis
392 2525 585 2586 confirmandi
610 2526 738 2587 foederis
759 2527 852 2599 ratio,
876 2525 1054 2587 ceremoniis
1068 2536 1100 2583 et
1118 2523 1207 2583 sacri-

77 2544 150 2660 letis
170 2600 393 2680 comprehensa.
433 2603 469 2661 In
490 2622 523 2662 ea
544 2603 681 2682 quoniam
706 2602 778 2662 nihil
798 2602 922 2663 solidum
942 2600 1057 2677 subest,
1081 2599 1135 2659 nisi
1160 2597 1206 2657 ul-

77 2674 170 2736 terius
189 2688 369 2752 transeatur,
393 2680 560 2759 oportuisse
584 2678 727 2759 antiquari
747 2691 777 2739 et
797 2676 934 2760 abrogari
954 2677 1106 2738 contendit
1125 2677 1208 2755 Apo·

77 2752 170 2835 stplus
191 2753 299 2831 (liebr.
319 2760 352 2830 7,
370 2760 449 2835 22),
479 2768 512 2816 ut
532 2754 650 2818 Christo
676 2755 800 2837 potioris
819 2753 1001 2817 Testamenti
1018 2754 1155 2835 sponsori
1172 2774 1210 2814 ec

78 2828 234 2890 mediatori
254 2829 335 2892 locus
356 2832 489 2907 daretur,
513 2852 567 2914 per
586 2854 673 2914 quern
692 2845 811 2893 aeterna
831 2831 1022 2893 sanctificatio
1043 2831 1142 2891 electis
1162 2850 1210 2889 se-

79 2905 138 2965 mel
166 2906 304 2985 acquisita
324 2919 381 2968 ests
413 2921 444 2970 et
466 2911 711 3004 transgressiones
736 2909 945 2982 obliteratae,
971 2929 1025 2968 uae
1054 2908 1107 2968 suh
1127 2908 1211 2986 Lege

80 2983 250 3044 manebant.
295 2984 410 3058 Quodsi
431 2986 528 3060 malis,
553 2999 592 3047 sta
613 2987 728 3065 accipe:
753 2998 835 3044 vetus
857 2985 944 3045 luisse
994 2984 1085 3044 omini
1105 2984 1212 3042 Testa·

79 3071 228 3132 mentum,
252 3062 331 3141 quod
358 3062 504 3123 umbratili
529 3076 560 3124 et
581 3062 725 3123 inefficaci
751 3062 983 3121 ceremoniarum
1003 3059 1211 3120 observatione

81 3133 243 3196 involutum
268 3136 453 3199 tradebatur:
477 3139 606 3220 ideoque
625 3139 835 3218 temporarium
855 3138 960 3212 luisse,
981 3137 1047 3216 quia
1068 3136 1158 3195 veluti
1178 3136 1211 3195 in

10 3244 13 3252 ·
79 3232 221 3289 suspenso
241 3225 314 3288 erat,
334 3213 430 3276 donec
449 3215 531 3277 firma
552 3229 582 3276 et
600 3214 782 3277 substantiali
801 3214 1025 3275 confirmatione
1044 3213 1211 3273 subnitere-

81 3298 137 3346 tur.
178 3290 254 3348 Tum
275 3310 346 3350 vero
367 3292 483 3352 demum
503 3314 613 3353 norum
633 3305 782 3353 aeternnm
805 3290 970 3350 nefastum
992 3289 1102 3360 luisse,
1128 3300 1212 3368 post·

80 3383 167 3455 qnam
189 3365 299 3426 Christi
320 3370 462 3449 sanguine
487 3380 689 3430 consecratum
714 3312 933 3447 stabilitumqne
952 3367 1016 3426 luit.
1055 3365 1143 3423 Unde
1164 3387 1213 3425 ca·

82 3440 183 3514 licem,
214 3463 301 3576 spuens
326 3444 472 3525 discipulis
496 3447 526 3505 in
548 3445 653 3507 Coena
681 3445 809 3526 porrigit
828 3443 977 3518 Christus,
1006 3443 1083 3502 Novi
1104 3442 1211 3501 Testa-

81 3518 173 3575 menti
193 3538 224 3577 ca
238 3520 310 3580 icem
330 3535 415 3582 vocat
433 3523 465 3581 in
485 3543 539 3583 suo
558 3521 715 3603 sanguine:
736 3531 770 3579 ut
788 3521 950 3602 significet,
982 3532 1045 3579 turn
1065 3538 1133 3577 vere
1152 3518 1212 3577 Dei

81 3593 273 3656 Testamento
293 3618 372 3658 suam
393 3611 528 3659 constare
546 3601 718 3673 veritatem,
744 3618 798 3676 per
818 3618 904 3678 qnam
930 3617 1037 3657 novum
1062 3595 1095 3655 lit
1115 3606 1144 3654 et
1164 3615 1213 3654 ae·

81 3681 208 3746 ternum,
228 3672 295 3733 dum
315 3675 457 3756 sangnine
476 3696 530 3737 suo
550 3674 731 3757 obsignatur.

158 3754 186 3812 5.
225 3749 304 3808 Hinc
324 3749 425 3842 liquet,
445 3764 505 3830 q'uo
525 3771 612 3812 sensu
631 3753 736 3812 dixerit
744 3748 906 3832 Apostolus
926 3746 1009 3842 (Gal.
1019 3754 1107 3823 set.
1118 3753 1148 3822 4,
1159 3748 1214 3826 1.),

81 3824 169 3905 Legis
194 3824 375 3908 paedagogia
395 3828 536 3889 deductos
555 3828 643 3888 luisse
663 3828 788 3906 ludaeos
814 3827 849 3886 ad
870 3826 1035 3900 Christum,
1056 3838 1214 3902 antequam

83 3901 144 3978 ip‘se
164 3901 193 3960 in
215 3923 303 3961 carne
323 3903 517 3963 exhiberetur.
537 3904 609 3964 Illos
621 3925 739 3983 quoque
759 3904 833 3964 filios
853 3916 884 3963 et
903 3902 1041 3962 haeredes
1053 3902 1110 3960 Dei
1124 3902 1214 3961 luisse

84 3977 206 4037 letetur:
226 3979 278 4038 sed
299 3980 346 4058 qui
399 3994 490 4059 opter
510 3980 664 4061 pueritiam
683 3982 737 4040 sub
757 3980 921 4062 paedagogi
933 3978 1063 4038 custodia
1083 3975 1215 4036 habendi

84 4067 193 4113 essent
215 3998 423 4117 Conveniebat
435 4058 524 4133 enim,
543 4057 616 4117 Sole
627 4057 754 4118 iustitiae
765 4058 897 4117 nondum
909 4067 1021 4128 exorto,
1033 4074 1088 4114 nec
1099 4065 1215 4113 tantum

83 4149 144 4189 csse
156 4131 343 4193 revelationis
355 4134 512 4215 frrlgorem,
530 4154 586 4194 nec
598 4145 707 4193 tantam
724 4132 910 4214 intelligendi
920 4130 1138 4212 perspicaciam.
1163 4129 1216 4189 Sic

82 4226 155 4287 ergo
176 4207 258 4268 verbi
277 4210 320 4269 sui
340 4210 436 4272 lucem
455 4210 510 4270 illis
526 4209 674 4271 Dominus
693 4209 879 4291 dispensavit,
897 4220 930 4268 ut
949 4229 1011 4268 eam
1032 4207 1144 4266 eminus
1164 4205 1216 4265 ad·

84 4281 140 4346 huc
165 4294 196 4344 ct
222 4283 349 4348 obscure
378 4299 545 4349 cernerent.
595 4286 670 4350 ldeo
701 4286 776 4350 hanc
804 4284 1016 4368 intelligentiae
1040 4284 1215 4345 tenuitatem
