2700 4732
511 190 588 252 LlB.
609 186 665 251 lll.
706 190 796 256 cde.
815 190 857 253 lt
1196 199 1256 265 873

113 346 240 417 paterne
258 333 318 395 Dei
336 334 440 409 iacies,
459 336 540 416 ipsae
559 356 619 418 qno
641 356 679 396 ue
695 337 829 398 miseriae
849 335 952 398 beatae
972 347 1075 411 erunt,
1095 334 1161 417 quia
1180 357 1250 398 ver-

112 424 220 474 tentur
236 412 268 472 in
287 410 387 500 salutis
406 412 582 474 adiumenta.
621 357 715 503 liegii
733 412 841 474 Paulus
860 433 906 473 res
927 432 1030 474 omnes
1050 412 1182 474 adversas
1201 436 1251 475 ac-

114 488 283 565 cumulans,
309 487 454 581 glorratur
471 501 569 549 tamen
589 489 691 565 (Rom.
710 497 744 564 8,
762 498 809 555 35.
832 534 841 565 ,
867 510 921 569 per
940 488 1001 550 illas
1021 511 1075 551 nos
1093 488 1129 549 ab
1150 510 1251 551 amore

112 564 256 656 Dei-non
276 564 417 651 disiungi:
447 576 478 625 et
502 566 534 624 in
556 568 618 659 suis
643 567 806 658 precationi
829 586 1004 658 ”³.⁸‘3¹!¹P“
1027 566 1131 657 incipit
1154 568 1249 659 aDei

111 640 807 811 dits..¹2¹3‘'tt'':t'ttt‘tt'tdttttt't.
825 643 997 779 ..illiti
1010 642 1250 793 tttlfflss‘tt

111 792 302 855 ambulavero
322 814 353 853 ιιι
373 794 472 854 medio
492 794 612 855 umbrae
624 796 728 856 mortis
744 796 855 875 (inquit
871 795 921 855 Ps.
930 802 978 869 23,
987 794 1041 870 1.),
1061 816 1123 854 nou
1133 794 1248 857 timebo

109 870 201 931 mdes
227 870 368 949 qnoniam
393 882 427 929 tu
447 891 560 930 mecum
582 878 642 932 es.“
686 872 725 931 lit
749 874 890 931 sentimus
914 890 1031 950 semper
1053 873 1166 931 animos
1193 892 1249 931 no·

111 958 194 1008 atros
211 945 362 1019 vacillare,
386 947 442 1007 nisi
460 947 519 1005 Dei
538 948 630 1028 gratia
651 948 799 1023 contenti,
844 968 925 1008 asem
952 969 1031 1006 suam
1052 948 1082 1006 in
1103 968 1136 1006 ea
1157 967 1248 1026 qnae·

113 1030 204 1095 runt,
229 1033 258 1081 et
275 1021 392 1101 penitus
421 1023 539 1083 infixum
572 1024 682 1083 babent
705 1025 785 1103 quod
818 969 925 1085 dieitur
944 1023 1060 1084 Psalmo
1081 1028 1151 1103 (33,
1170 1026 1246 1115 1⁸2.):

112 1096 245 1235 Ε’Βωιω
263 1098 405 1179 populus,
426 1098 506 1159 euius
525 1099 656 1161 lehovab
676 1113 720 1163 est
739 1101 835 1177 Deos,
855 1112 885 1161 et
903 1121 977 1183 gens
996 1119 1084 1181 quam
1105 1100 1196 1181 elegit
1214 1121 1244 1160 m

154 1173 325 1235 ereditatem
343 1174 431 1234 sibi.“

188 1255 240 1317 D.
277 1248 361 1310 Fidei
374 1251 593 1312 fundamentum
610 1253 730 1313 iacimus
741 1254 897 1335 gratuitam
910 1252 1146 1331 promissionem,
1166 1252 1248 1332 quod
1269 1286 1274 1295 ·

108 1326 143 1387 in
162 1326 225 1405 ipsa
248 1327 369 1407 proprie
395 1329 467 1389 fides
493 1330 643 1390 consistat.
691 1330 822 1390 Tametsi
853 1330 930 1388 enirn
951 1329 1048 1390 Deum
1073 1350 1128 1410 per
1146 1332 1246 1391 omnia

107 1421 245 1463 veracem
266 1422 328 1463 esse
346 1415 468 1479 statuat,
497 1406 557 1465 sive
577 1405 692 1477 iubeat,
723 1409 784 1465 sive
803 1405 975 1486 probibeat:
1004 1407 1065 1465 sive
1084 1405 1248 1486 promittat,

107 1478 171 1539 sire
189 1478 334 1538 minetur:
365 1483 440 1540 iussa
460 1480 546 1540 etiam
572 1482 632 1543 cius
652 1482 828 1542 obedienter
846 1482 988 1561 excipiat,
1015 1482 1170 1542 interdicta
1189 1480 1247 1542 ob·

108 1566 226 1629 servet,
244 1554 281 1615 ad
300 1556 390 1617 minas
410 1556 631 1617 animadvertat:
662 1559 783 1638 proprie
801 1571 899 1618 tamen
919 1578 936 1617 a
957 1558 1151 1636 promissione
1170 1557 1246 1617 inei-

108 1633 167 1710 pit,
184 1630 217 1691 in
235 1632 297 1712 ipsa
317 1645 442 1705 constat,
462 1634 492 1692 in
512 1635 602 1712 ipsam
622 1634 737 1693 desinit.
778 1635 874 1693 Vitam
895 1633 972 1693 enirn
992 1632 1023 1692 in
1037 1633 1104 1693 Deo
1119 1634 1246 1713 quaerit,

109 1727 186 1788 quae
206 1728 269 1767 non
289 1708 319 1767 in
337 1708 478 1769 mandatis
498 1722 549 1769 ant
568 1730 727 1788 poenarum
739 1710 850 1784 edictis,
867 1707 919 1770 sed
938 1709 1155 1769 misericordiae
1175 1729 1247 1788 pro·

108 1783 251 1845 missione
269 1785 435 1865 reperitur,
455 1804 548 1865 eaque
568 1787 687 1845 nonnisi
707 1787 844 1868 gratuita:
866 1785 1005 1866 quoniam
1026 1784 1247 1861 conditionalis,

110 1880 169 1951 qna
188 1859 226 1920 ad
244 1880 336 1951 opera
356 1873 456 1921 nostra
466 1863 664 1954 ,remitti-mur,
683 1883 745 1922 non
765 1863 851 1954 aliter
868 1864 956 1952 vitam
976 1862 1138 1940 promittit,
1157 1882 1245 1941 quam

107 1954 497 2103 :astitissent
515 1939 841 2093 {tlttttbitt
847 1937 1157 2093 'rddidi‘ipliili
1159 1957 1246 2093 'tit

108 2110 128 2151 a
146 2088 297 2164 Domino,
322 2088 402 2149 nltro
422 2111 455 2151 ac
476 2090 653 2162 liberaliter,
678 2092 835 2169 potiusque
859 2090 992 2149 miseriae
1019 2102 1136 2149 nostrae
1157 2110 1244 2169 quam

107 2165 260 2261 dignitatis
279 2177 413 2246 respectu
437 2168 589 2227 offeratur.
639 2168 740 2240 Quare
760 2165 920 2247 Apostolus
940 2167 997 2226 hoc
1016 2165 1176 2247 Evangelio
1196 2178 1244 2227 te·

106 2242 280 2305 stimonium
299 2242 406 2315 defert,
424 2243 503 2322 quod
523 2244 562 2303 sit
580 2243 701 2303 verbum
721 2244 788 2302 lidei
808 2244 909 2321 (Rom.
927 2250 976 2316 tt),
995 2246 1053 2319 8.):
1072 2243 1115 2301 Le
1139 2240 1166 2302 is
1181 2253 1245 2301 tuns

105 2319 366 2458 11111111
386 2319 897 2456 eruistis,serioue
918 2262 1245 2454 :rosetus

105 2416 293 2535 reconciliil.
331 2438 405 2530 lride
426 2483 456 2531 et
474 2473 550 2552 apud
571 2471 695 2531 eundem
715 2416 818 2532 irebr’a
839 2418 906 2530 loci
926 2483 956 2530 et
973 2469 1123 2551 Evangelii
1144 2490 1244 2530 eorre-

106 2548 192 2611 latlo·
203 2547 306 2627 (Rom.
326 2555 355 2621 1,
374 2555 402 2612 5.
421 2554 469 2621 16,
488 2552 567 2622 17.),
597 2548 665 2608 dum
685 2547 839 2629 Evangelii
869 2548 1060 2607 ministerium
1081 2547 1136 2606 sibi
1162 2568 1244 2607 eom·

106 2626 230 2686 missum
252 2624 340 2683 docet
360 2625 390 2682 in
411 2625 478 2683 fidei
499 2624 712 2685 obedientiam:
733 2624 803 2689 illud
825 2644 887 2683 esse
906 2625 1043 2684 virtutem
1059 2624 1128 2697 Dei,
1148 2625 1178 2682 in
1198 2644 1244 2683 sa-

106 2701 202 2761 lntem
215 2701 298 2759 omni
316 2701 463 2760 eredenti:
484 2702 515 2760 in
535 2701 585 2759 illo
607 2702 729 2760 revelari
741 2701 797 2760 Dei
818 2701 954 2759 iustitiam
966 2720 999 2758 er
1018 2700 1075 2757 fide
1096 2700 1127 2756 in
1147 2699 1243 2757 fidem.

108 2778 177 2837 Nee
194 2779 315 2836 mirum:
341 2777 483 2856 siquidem
505 2799 593 2857 quum
614 2777 804 2859 Evangelium
828 2778 865 2835 sit
889 2774 1138 2836 reconciliationis
1158 2776 1245 2835 mini·

111 2852 302 2929 eteriumssl.
323 2854 549 2929 Cor.5,18.),
576 2853 685 2912 nullum
710 2853 787 2913 aliud
810 2853 879 2912 satis
904 2852 1018 2910 firmum
1040 2851 1153 2909 divinae
1174 2871 1243 2929 erga
1328 2882 1331 2887 ·

109 2950 169 2989 nos
187 2928 412 2989 benevolentiae
431 2931 630 2989 testimonium
652 2942 760 3005 exstat,
785 2929 864 2988 euius
890 2928 1072 3007 agnitionem
1097 2926 1168 2986 fides
1194 2947 1244 2986 re-

133 3004 211 3065 uirit.
266 3006 367 3080 Quum
396 3026 468 3087 ergo
493 3007 578 3066 fidem
607 3007 752 3085 gratuitae
781 3004 968 3085 promissioni
990 3002 1078 3063 inniti
1103 3013 1244 3082 oportere

109 3027 245 3158 dicimus,
264 3102 325 3141 non
345 3102 485 3164 negamus
505 3084 575 3162 quin
587 3082 644 3141 Dei
664 3083 784 3144 verbum
805 3081 886 3140 omni
908 3100 941 3139 ex
958 3090 1043 3170 parte
1064 3078 1244 3160 amplectan-

106 3171 160 3220 tur
179 3168 212 3251 et
228 3158 388 3237 suscipiant
412 3159 528 3249 fideles:
552 3159 604 3219 sed
628 3157 847 3218 misericordiae
871 3156 1093 3248 promissionem
1121 3155 1187 3213 fidei
1211 3155 1243 3214 in

106 3230 1244 3397 tatttttitttlttttttt.igtttltltttlt‘tll‘litt

113 3388 298 3449 elementiam
330 3410 385 3469 pro
409 3389 451 3447 rie
481 3391 648 3449 intuentur:
689 3387 806 3466 quando
837 3386 901 3446 talis
930 3384 1156 3445 considerandus
1187 3382 1244 3443 illis

115 3463 300 3538 describitur,
320 3465 370 3544 qui
389 3411 554 3525 ienevolns
565 3466 602 3523 sit
622 3476 652 3524 et
671 3463 847 3536 misericors,
866 3460 972 3541 procul
991 3462 1043 3535 ira,
1062 3461 1170 3520 multus
1190 3460 1245 3519 bo·

111 3540 218 3615 nitate,
234 3542 326 3602 suavis
348 3541 499 3615 universis,
518 3561 606 3621 super
625 3544 722 3599 omnia
738 3559 828 3618 opera
847 3558 897 3598 sua
916 3538 1145 3598 misericordiam
1164 3556 1245 3597 suam

110 3616 271 3679 effundens
290 3618 353 3695 (Ps.
371 3624 421 3690 86,
440 3625 467 3682 b
489 3629 518 3675 et
538 3623 605 3690 103,
624 3622 652 3680 8.
674 3628 703 3676 et
722 3622 789 3691 145,
808 3616 861 3693 8.).

189 3700 238 3760 30.
277 3697 341 3754 Nec
360 3714 431 3754 vero
443 3693 541 3773 Pigbii
561 3705 611 3753 aut
629 3692 765 3752 similium
785 3712 889 3751 canum
900 3689 1020 3750 latratus
1040 3709 1153 3763 moror,
1175 3687 1244 3745 dum

108 3770 189 3831 ltanc
207 3771 423 3832 restrictionem
437 3771 595 3849 exagitant,
615 3769 695 3848 quasi
716 3767 801 3826 fidem
822 3765 990 3840 lacerando,
1010 3767 1136 3825 fructum
1157 3783 1247 3823 unum

108 3847 244 3929 arripiat.
282 3848 392 3906 l'ateor
412 3848 520 3905 utiam
541 3846 614 3919 dixi,
637 3844 774 3926 generale
793 3843 863 3903 fidei
881 3841 1031 3902 obiectum
1051 3842 1100 3918 (ut
1118 3841 1248 3918 loquun-

109 3926 179 3999 tur)
203 3942 266 3984 esse
285 3923 343 3981 Dei
369 3923 535 3982 veritatem:
567 3923 630 3982 sive
655 3922 798 3994 minetur,
829 3920 889 3979 sive
913 3938 994 3998 spem
1017 3917 1105 3976 saciat
1128 3916 1248 3997 gratiae.

112 3998 220 4075 Q'uare
245 3998 406 4079 Apostolus
431 3999 498 4057 fidei
521 3997 588 4058 boc¹
604 3997 733 4071 ascribit,
762 3994 840 4075 quod
866 3995 934 4056 Noie
961 3993 1063 4054 mundi
1087 3991 1250 4065 interitum,

111 4096 206 4157 quum
227 4074 358 4136 nondum
377 4075 549 4147 videbatur,
575 4074 704 4134 timuerit
722 4072 832 4150 (llebr.
851 4077 901 4147 11,
922 4072 993 4146 17.).
1031 4068 1064 4128 Si
1083 4069 1174 4127 timor
1193 4068 1250 4126 im·

111 4152 255 4214 minentis
274 4171 406 4231 poenae,
430 4151 499 4210 fidei
519 4150 574 4210 luit
592 4171 682 4232 opus,
712 4170 773 4209 non
794 4146 905 4208 debent
923 4147 1020 4207 minae
1039 4144 1076 4202 ab
1097 4146 1158 4203 eius
1177 4141 1251 4202 deli-

112 4229 230 4290 nitione
250 4227 374 4288 excludi.
411 4229 480 4288 lloc
493 4226 610 4305 quidem
629 4246 730 4288 rernm
750 4235 804 4299 est,
822 4223 873 4286 sed
894 4243 948 4284 nos
966 4221 1114 4280 immerito
1131 4229 1253 4300 gravant

114 4304 361 4381 calumniatores,
381 4306 439 4367 acsi
458 4322 649 4386 negaremus,
674 4301 760 4363 fidem
781 4299 889 4362 babere
909 4308 1074 4380 respectum
1092 4295 1129 4357 ad
1150 4312 1253 4358 omnes
