2700 4732
506 213 584 275 aaa.
604 215 657 273 av.
697 212 786 277 oar.
805 213 903 276 xvir.
1149 306 1151 310 Α
1205 194 1266 281 ‘aaa

204 365 231 423 1.
271 358 429 438 Postquam
450 379 505 419 nos
524 359 616 419 semel
636 360 667 417 in
688 356 823 419 familiam
843 376 923 418 suam
944 354 1056 436 recepit
1078 354 1174 432 Deus,
1206 377 1263 419 nec

128 445 242 494 tantum
263 447 296 495 ut
315 456 465 496 servorum
485 435 552 496 loco
575 457 629 494 nos
650 434 770 510 habeat,
791 435 842 496 sed
862 432 1007 506 filiorum,
1038 442 1071 492 ut
1089 444 1186 512 partes
1206 437 1263 494 im·
1340 438 1345 445 ’

126 513 206 591 pleat
226 511 328 590 optimi
348 512 437 591 patris
458 523 488 573 et
508 512 544 571 de
564 535 615 571 sua
634 533 688 591 pro
711 512 778 573 enie
802 509 926 582 soliciti,
947 510 1089 568 continuo
1109 510 1197 570 etiam
1217 512 1260 571 vi·

127 601 175 646 tae
196 610 281 646 cursu
302 610 355 647 nos
375 587 495 648 alendos
514 589 644 667 suscipit.
683 533 746 647 lise
773 609 810 647 eo
830 596 1003 660 contentus,
1036 586 1104 645 dato
1125 587 1257 719 pignore

127 684 182 739 nos
202 664 285 724 huius
305 666 463 724 continuae
483 664 662 725 liberalitatis
681 650 967 725 certiores’xedders
985 660 1087 722 voluit.
1142 683 1160 720 n
1182 664 1259 724 bunc

127 761 199 819 ergo
220 741 307 798 finem
327 741 450 799 alterum
474 741 612 801 ecclesiae
632 760 700 800 suae
719 740 942 801 Sacramentum
963 739 1043 797 dedit
1066 755 1121 817 per
1139 736 1258 801 m'anum

126 817 271 896 unigeniti
290 817 368 889 Filii,
386 816 536 896 spirituale
557 816 675 896 epulum
694 813 890 892 scilicet,·ubi
910 835 942 875 se
962 814 1097 877 Christus
1114 814 1259 877 vivificum

127 911 189 952 esse
210 913 313 972 panem
333 905 457 953 testatur
476 894 536 970 (lo.
556 900 586 968 6,
607 896 685 971 bb),
705 914 764 973 quo
784 892 896 953 animae
916 904 1035 952 nostrae
1055 890 1092 951 ad
1110 910 1207 951 veram
1227 905 1259 953 et

126 968 241 1029 beatam
261 969 507 1028 immortalitatem
517 982 693 1060 pascuntur.
734 969 885 1044 Quoniam
909 988 983 1028 vero
1002 966 1135 1047 apprime
1154 987 1257 1030 neces·

125 1046 199 1104 saria
228 1057 272 1105 est
302 1045 376 1104 tanti
396 1049 524 1125 mysterii
545 1047 694 1128 cognitio,
720 1057 750 1105 et
770 1067 824 1124 pro
844 1065 895 1106 sua
915 1042 1118 1126 magnitudine
1138 1064 1257 1106 accura-

124 1132 183 1180 tam
205 1121 424 1200 explicationem
445 1122 589 1203 postulat,
609 1134 639 1180 et
659 1123 758 1197 Satan,
779 1135 810 1181 ut
830 1121 887 1182 boc
902 1119 1107 1180 inaestimabili
1119 1119 1256 1182 thesauro

126 1198 276 1257 ecclesiam
296 1198 438 1276 privaret,
464 1199 577 1277 pridem
597 1198 737 1272 nebulas,
767 1198 873 1257 deinde
898 1197 1035 1257 tenebras
1055 1196 1257 1267 obscurandae

125 1273 186 1333 eius
206 1274 265 1334 luci
283 1274 407 1347 induxit,
428 1286 489 1333 tum
516 1275 724 1335 contentiones
745 1287 775 1334 et
793 1295 905 1357 pugnas
925 1274 1028 1346 movit,
1048 1292 1123 1352 quae
1143 1273 1180 1332 ab
1201 1274 1257 1334 bu·

123 1350 167 1409 ius
187 1351 260 1410 sacri
281 1351 410 1410 alimenti
436 1362 521 1432 gustu
547 1350 909 1430 alienarentsimplieium
934 1362 1062 1424 mentes,
1095 1359 1125 1408 et
1154 1362 1257 1412 nostra

124 1427 211 1485 etiam
232 1439 327 1487 aetate
352 1428 428 1486 idem
454 1427 608 1486 artificium
639 1427 774 1487 tentavit:
800 1426 851 1486 ubi
882 1447 1021 1490 summam
1055 1445 1109 1504 pro
1140 1426 1258 1487 rudium

122 1514 207 1580 captu
227 1503 394 1582 complexus
414 1503 510 1577 suero,
530 1503 625 1563 nodos
644 1503 721 1580 illos,
741 1503 846 1584 quibus
866 1503 1004 1562 mundum
1024 1501 1182 1579 illaqueare
1202 1502 1257 1563 Sa·

123 1590 172 1637 tan
202 1580 320 1639 molitus
353 1592 412 1653 est,
445 1579 595 1670 expediam
629 1583 660 1658 (a
680 1592 751 1640 sect.
770 1588 817 1645 12.
838 1601 870 1639 us
893 1579 954 1638 .ad
975 1578 1049 1657 fin).
1073 1609 1111 1621 —
1149 1577 1252 1640 Primo

120 1655 202 1734 signa
222 1667 290 1714 sant
309 1659 389 1733 panis
410 1667 440 1714 et
458 1676 574 1727 vinum,
606 1677 680 1735 quae
704 1655 850 1716 invisibile
870 1601 1055 1730 ilimentum,
1083 1654 1164 1732 quod
1183 1674 1254 1745 per-

121 1732 241 1809 cipimus
262 1752 296 1789 er
316 1751 405 1790 carne
425 1744 455 1790 et
473 1733 614 1813 sanguine
636 1732 757 1808 Christi,
782 1732 868 1792 nobis
898 1751 930 1790 re
953 1741 1127 1791 raesentaut.
1166 1730 1251 1792 Srcut

123 1808 200 1865 enim
222 1807 251 1865 in
278 1806 421 1887 baptismo
442 1830 496 1869 nos
516 1828 694 1889 regenerans
713 1809 809 1885 Deus,
829 1809 859 1866 in
880 1753 1019 1869 ecclisiae
1039 1826 1108 1867 suae
1126 1806 1254 1866 societa-

121 1895 180 1940 tem
202 1883 317 1957 inserit,
350 1897 380 1943 et
398 1885 559 1964 adoptione
583 1906 650 1946 suos
671 1885 756 1960 facit,
787 1886 826 1944 ita
846 1885 967 1945 diximus
987 1882 1118 1944 officium
1137 1883 1254 1962 providi

121 1960 334 2037 patrisfamilias
354 1962 383 2020 in
406 1982 442 2021 eo
463 1973 625 2040 praestare,
656 1963 735 2042 quod
756 1960 853 2022 cibum
873 1961 984 2021 assidue
1004 1960 1161 2036 ministrat,
1192 1981 1252 2040 quo

120 2037 224 2095 nos'in
245 2057 279 2097 ea
298 2038 356 2098 vita
376 2039 517 2098 sustineat
537 2060 570 2097 ac
592 2051 755 2115 conservet,
775 2041 805 2098 in
826 2060 913 2117 quam
933 2058 988 2098 nos
1006 2035 1102 2096 verbo
1121 2057 1175 2096 suo
1196 2056 1252 2118 ge·

120 2114 193 2170 nuit.
231 2112 328 2174 Porro
348 2115 449 2174 unicus
475 2114 587 2174 animae
611 2125 730 2176 nostrae
761 2114 844 2176 cibus
869 2115 1003 2175 Christus
1033 2124 1092 2188 est,
1120 2114 1250 2193 ideoque

120 2188 156 2246 acl
178 2208 242 2246 eum
263 2210 317 2250 nos
337 2191 438 2250 invitat
458 2189 591 2251 coelestis
603 2192 703 2265 Pater,
722 2203 756 2251 ut
774 2191 835 2252 eius
856 2190 1120 2250 communicatione
1139 2189 1253 2267 resecti,
1344 2241 1347 2245 .

120 2265 252 2345 vigorem
273 2266 396 2325 subinde
417 2267 601 2346 colligamus,
632 2269 729 2327 donec
758 2268 794 2327 ad
819 2267 977 2327 coelestem
1001 2264 1250 2326 immortalitatem

120 2353 291 2420 perventum
322 2342 419 2401 suerit.
469 2345 620 2417 Quoniam
639 2363 710 2404 vero
730 2346 899 2424 mysterium
919 2343 976 2403 hoc
996 2363 1119 2403 arcanae
1140 2343 1250 2404 Christi

119 2439 184 2476 cum
213 2418 267 2496 piis
296 2419 410 2478 unionis
436 2432 538 2478 natura
563 2420 660 2479 incom
686 2420 861 2480 rebensibile
885 2433 944 2480 est:
974 2419 1095 2500 figuram
1127 2420 1188 2478 eius
1219 2432 1251 2480 et

119 2494 273 2575 imaginem
295 2495 324 2553 in
343 2496 433 2575 signis
452 2495 615 2556 visibilibus
636 2442 752 2558 exbibet
776 2500 811 2558 ad
836 2497 986 2557 modulum
1007 2505 1140 2557 nostrum
1159 2496 1249 2631 aptis-

116 2571 208 2631 simis:
240 2571 300 2631 imo
331 2576 410 2633 velut
441 2572 513 2632 datis
540 2573 632 2632 arrhis
657 2596 691 2634 ac
710 2575 826 2634 tesseris
851 2586 910 2634 tam
931 2583 1043 2633 certum
1063 2572 1148 2631 nobis
1182 2574 1249 2650 acit,

115 2670 199 2726 quam
220 2649 244 2707 si
264 2649 356 2708 oculis
377 2662 557 2723 cerneretur,
577 2651 644 2729 quia
663 2650 693 2710 in
707 2652 889 2715 crassissimas
910 2670 1038 2729 quasque
1051 2661 1163 2707 mentes
1176 2649 1249 2708 baec

114 2736 174 2782 tam
196 2724 339 2784 familiaris
359 2726 516 2799 similitudo
539 2736 694 2804 penetrata
708 2750 769 2786 non
788 2748 871 2786 secus
890 2728 998 2784 animas
1019 2724 1136 2784 Christo
1159 2726 1248 2804 pasci,

116 2820 202 2877 quam
224 2800 303 2877 panis
324 2813 354 2858 et
373 2804 470 2860 vinum
492 2802 675 2880 corporalem
695 2805 783 2862 vitam
803 2813 975 2861 sustentant.
1021 2800 1083 2858 lam
1104 2820 1175 2880 ergo
1196 2800 1248 2861 ha·

115 2875 229 2948 bemus,
249 2876 277 2932 in
293 2895 378 2952 quem
398 2877 484 2935 finem
505 2890 617 2954 spectet
637 2880 755 2958 mystica
776 2879 846 2938 haec
868 2877 1050 2936 benedictina
1069 2896 1175 2955 nempe
1187 2897 1247 2956 quo

116 2950 203 3010 nobis
223 2949 387 3025 confirmet,
407 2973 512 3029 corpus
533 2954 653 3012 Domini
678 2956 718 3013 sic
739 2975 793 3033 pro
814 2953 901 3014 nobis
920 2952 1092 3012 semelesse
1112 2954 1247 3014 immola·

113 3040 188 3102 tum,
210 3040 241 3086 ut
255 3049 333 3086 nunc
354 3048 389 3088 eo
409 3048 568 3102 vescamur,
588 3051 621 3088 ac
641 3031 785 3089 vescendo
805 3030 883 3089 unici
903 3029 978 3090 illius
997 3028 1129 3088 sacrificii
1149 3028 1247 3091 effica-

115 3107 188 3164 ciam
208 3105 237 3162 in
259 3105 344 3163 nobis
364 3105 535 3164 sentiamus:
568 3106 739 3187 sanguinem
767 3107 827 3166 eius
846 3108 888 3166 sic
908 3127 963 3186 pro
984 3103 1069 3165 nobis
1089 3104 1178 3165 semel
1198 3106 1246 3166 su·

113 3203 193 3253 sum,
214 3193 246 3240 ut
265 3181 302 3240 sit
322 3183 406 3242 nobis
428 3193 584 3260 perpetuus
604 3194 700 3260 potus.
738 3182 837 3261 Atque
869 3183 909 3242 ita
933 3193 1039 3242 sonant
1058 3182 1145 3241 verba
1173 3204 1244 3261 pro-

112 3258 257 3317 missionis
277 3257 335 3317 illic
356 3258 486 3317 additae:
507 3257 672 3336 „Accipite,
693 3257 749 3318 hoc
769 3271 814 3318 est
832 3281 939 3338 corpus
958 3279 1066 3333 meum,
1086 3260 1165 3338 quod
1188 3280 1242 3338 pro

114 3334 197 3393 vobis
217 3334 361 3393 traditur“
380 3337 478 3412 (lllatt.
497 3341 546 3409 26,
567 3340 614 3398 ⁶26.
634 3346 665 3394 et
683 3333 777 3411 alibi).
812 3336 935 3413 Corpus
956 3355 1039 3418 ergo,
1059 3337 1137 3413 quod
1159 3336 1244 3397 obla·

114 3421 178 3467 tum
197 3409 285 3468 semel
299 3424 341 3470 est
361 3413 389 3469 in
411 3412 530 3471 salutem
544 3422 681 3484 nostram,
699 3410 835 3470 iubemur
846 3413 978 3490 achperc
994 3424 1023 3470 et
1033 3413 1198 3488 comedere,
1211 3424 1245 3472 ut

114 3487 181 3543 dum
204 3486 285 3546 buius
306 3487 368 3546 fieri
390 3509 442 3547 nos
462 3488 592 3547 videmus
614 3489 787 3566 participes,
815 3488 943 3549 vivificae
964 3487 1039 3547 illius
1058 3489 1162 3548 mortis
1182 3489 1242 3548 vir·

111 3573 204 3620 tutem
226 3576 308 3623 certo
329 3577 484 3624 statuamus
504 3565 533 3622 in
555 3563 641 3623 nobis
660 3563 808 3624 efficacem
830 3565 903 3624 sore.
955 3565 1043 3622 Unde
1066 3577 1097 3624 et
1122 3565 1243 3626 calicem

112 3637 216 3697 foedus
236 3652 322 3698 vocat
342 3642 370 3698 in
391 3662 442 3699 suo
463 3640 614 3720 sanguine.
652 3641 770 3701 Foedus
798 3642 891 3715 enim,
922 3642 1001 3720 quod
1022 3642 1161 3722 sanguiue
1185 3663 1240 3702 suo

112 3713 202 3773 semel
222 3717 354 3791 sancivit,
375 3716 591 3794 quodammodo
613 3730 750 3792 renovat,
769 3717 815 3777 vel
836 3717 934 3797 potius
954 3717 1122 3791 continuat,
1147 3718 1243 3807 quan-⁸

111 3802 174 3848 tum
196 3791 230 3849 ad
252 3792 319 3850 fidei
341 3805 457 3851 nostrae
478 3791 731 3853 confirmationem
750 3796 870 3870 attinet,
890 3797 1005 3875 quoties
1024 3815 1136 3855 sacrum
1157 3794 1240 3855 allum

110 3867 281 3948 sanguinem
302 3869 449 3928 libandum
471 3869 555 3927 nobis
576 3871 709 3959 porrigit

187 3952 214 4007 2.
254 3946 393 4025 Magnum
413 3946 624 4024 veroxfiducrae
644 3966 678 4006 ac
697 3947 844 4007 suavitatis
864 3945 990 4006 fructum
1018 3966 1051 4006 ex
1070 3946 1127 4006 hoc
1146 3968 1240 4007 sacra·

109 4032 211 4079 mento
233 4021 374 4103 colligere
394 4033 515 4101 possunt
540 4024 605 4102 piae
629 4024 759 4095 animae,
791 4023 869 4102 quod
900 4027 1098 4084 testimonium
1119 4022 1239 4100 habent,
1310 4063 1314 4072 -

107 4097 139 4154 in
161 4119 249 4155 unum
271 4120 377 4177 corpus
398 4119 449 4155 nos
471 4118 536 4156 cum
556 4099 675 4160 Christo
694 4100 847 4173 coaluisse,
866 4112 899 4158 ut
919 4100 1055 4178 quIcquid
1075 4101 1164 4179 ipsius
1185 4112 1239 4175 est,

108 4184 241 4232 nostrum
262 4195 366 4234 vocare
387 4174 480 4234 liceat.
520 4176 597 4236 Hinc
625 4176 774 4254 sequitur,
804 4187 837 4234 ut
861 4176 946 4237 nobis
970 4196 1072 4236 secure
1090 4176 1240 4255 spondere

107 4248 272 4324 audeamus,
293 4252 378 4312 vitam
398 4264 548 4313 aeternam
567 4263 696 4313 nostram
717 4272 789 4328 esse,
809 4252 889 4312 cuius
908 4253 970 4333 ipse
987 4263 1031 4313 est
1043 4253 1161 4314 haeres:
1182 4271 1239 4312 nee

107 4343 233 4402 regnum
253 4327 415 4402 coelorum,
435 4350 495 4407 quo
515 4329 571 4390 iam
591 4328 738 4413 ingressus
759 4340 817 4408 est,
836 4349 923 4411 posse
946 4330 1039 4411 magis
1058 4329 1144 4392 nobis
1163 4329 1240 4390 cxci·

910 4411 913 4418 ¹
998 4416 1006 4437 1

132 4425 223 4474 (delsini
236 4428 353 4474 lustitutio
368 4429 401 4475 11.
504 4472 516 4497 ,
