2596 4726
124 165 186 229 m
537 156 686 226 ttts.1V.
724 160 815 227 (ΞΛΡ.
834 160 871 221 V.

126 307 281 371 nominato
301 302 500 395 qualicunque
519 303 606 365 titulo
627 305 786 385 promittit,
806 325 843 367 eo
863 324 896 367 se
915 304 981 367 lore
993 318 1183 371 contentum.
1218 310 1272 373 Eo·

148 396 215 446 acto
235 382 271 443 ab
284 380 490 442 alimentorum
503 381 620 440 actione
629 381 793 461 depellitur.
833 384 933 444 Taceo
953 384 1034 445 mille
1053 384 1185 463 fraudes,
1194 406 1263 467 quae

125 408 175 525 bic
195 462 282 521 bunt:
313 448 459 536 ut'quum
491 456 539 517 alii
565 458 665 519 inanes
690 458 922 520 sacerdotiorum
947 460 1051 523 titulos
1071 464 1263 539 mentiuntur,

127 538 207 601 unde
233 538 363 615 quinque
384 556 459 593 asses
484 536 632 594 annuatim
653 536 800 595 conticere
821 548 983 615 nequeantz
1017 537 1067 598 alii
1086 539 1144 600 sub
1163 562 1261 601 areana

127 613 317 696 stipulatione
342 611 504 671 sacerdotia
533 613 719 672 commodato
745 613 902 691 accipiunt,
921 633 995 693 quae
1014 616 1116 676 statim
1137 616 1260 677 redditu·

126 714 177 755 ros
198 710 229 751 se
248 688 443 771 pollicentur,
462 688 513 748 sed
534 688 679 747 interdum
700 709 761 748 non
782 689 918 750 reddunt.
955 690 996 751 Et
1015 692 1070 754 alia
1092 692 1158 755 eius
1177 714 1280 775 geue·-

126 767 334 830 mmmm

204 790 235 909 ὅν.
253 858 256 863 ’
272 844 383 902 Verum
397 839 508 899 etiamsi
529 838 569 897 illi
589 838 694 900 abusus
706 840 861 900 crassiores
881 840 1059 918 tolerentur,
1078 866 1183 907 annon
1195 844 1259 905 illud

126 942 244 1000 semper
268 918 427 980 absurdum
451 928 509 987 est,
536 916 738 996 presbyterum
758 917 938 978 constituere
958 921 1004 980 cui
1031 920 1134 983 locum
1154 922 1257 981 nullutn

125 996 273 1079 assignes?
305 994 453 1054 neminem
478 992 556 1051 enim
588 992 727 1051 ordinant
751 993 805 1052 uisi
831 994 866 1052 ad
897 996 1132 1058 sacrificandum.
1175 998 1257 1091 Atqui

125 1074 258 1158 legitima
278 1069 442 1152 presbyteri
462 1068 609 1129 ordinatio
631 1080 684 1141 est,
703 1068 740 1128 ad
761 1068 899 1132 ecclesiae
940 1072 1184 1135 uberuationem:
1204 1074 1259 1135 dra·

128 1150 209 1227 coni,
229 1149 266 1209 ad
286 1148 491 1225 eleemosynae
512 1146 749 1223 procurationem
769 1152 879 1206 vocari.
952 1150 1019 1209 ultis
1040 1150 1162 1229 quidem
1183 1171 1259 1231 poan·

126 1229 171 1309 pis
190 1222 366 1287 adumbrant
385 1221 414 1279 id
436 1223 514 1300 quod
535 1234 640 1303 agunt:
662 1242 721 1301 quo
741 1222 839 1301 specie
860 1226 920 1303 ipsa
940 1226 1167 1287 venerationem
1187 1226 1258 1308 apud

126 1301 272 1383 simplices
293 1298 434 1358 babeant:
456 1298 506 1357 sed
527 1299 604 1378 apud
623 1320 709 1359 sanos
722 1300 792 1377 quid
805 1300 900 1361 valere
921 1315 1044 1383 possunt
1064 1304 1139 1363 istac
1158 1302 1259 1377 larvae,

125 1380 179 1441 ubi
198 1375 272 1437 nibil
290 1374 379 1437 solidi
400 1386 450 1435 aut
470 1375 535 1447 reri
550 1374 669 1435 subest?
707 1374 779 1435 Nam
800 1380 982 1439 ceremonias
1001 1378 1146 1440 adhibent
1165 1378 1210 1440 vel
1229 1400 1259 1439 es

126 1455 276 1517 Iudaismo
295 1456 460 1526 arcessitos,
486 1450 531 1510 vel
552 1472 586 1511 er
604 1472 635 1511 sc
656 1452 723 1531 ipsis
744 1453 896 1514 confictas:
922 1454 1027 1535 quibus
1048 1454 1198 1517 abstinere
1215 1476 1258 1517 sa·

125 1535 185 1596 tius
205 1531 293 1591 soret.
343 1528 389 1589 De
413 1548 484 1589 vero
516 1540 613 1588 autem
643 1528 774 1587 examine
798 1530 945 1607 (umbram
972 1532 1050 1591 enim
1075 1532 1155 1592 illam
1177 1552 1259 1612 quam

127 1609 257 1672 retinent
277 1604 351 1666 nibil
370 1606 499 1683 moror),
523 1606 559 1664 de
581 1604 681 1686 populi
702 1625 861 1678 consensu,
881 1608 918 1667 de
937 1605 999 1669 aliis
1019 1609 1109 1669 rebus
1129 1628 1259 1669 necessa·

125 1686 192 1757 riis,
215 1682 296 1743 nulla
322 1684 444 1742 mentio.
491 1682 630 1742 Umbram
657 1701 732 1751 roeo
761 1681 893 1745 ridiculas
918 1684 983 1745 illas
1011 1683 1258 1767 gesticulationes,

126 1762 164 1824 ad
183 1761 312 1841 ineptam
332 1780 366 1819 ae
387 1758 522 1841 frigidam
532 1757 681 1819 vetustatis
702 1758 893 1819 imitationem
913 1762 1102 1841 compositas.
1142 1760 1258 1821 Habent

126 1838 258 1919 episcopi
277 1856 346 1897 suos
365 1835 505 1907 vicarios,
536 1834 586 1915 qui
612 1846 679 1895 ante
707 1834 922 1896 ordinationem
943 1836 980 1897 de
1000 1836 1137 1899 doctrina
1163 1836 1258 1919 inqui·

111 1928 202 1993 ¹rant.
243 1912 305 1974 Sed
347 1912 415 1973 uid?
435 1933 472 1972 an
492 1912 591 1995 legere
610 1912 784 1973 suaslllissas
801 1912 930 2002 possint:
948 1934 985 1975 au
1002 1914 1125 1997 vulgare
1144 1910 1257 1993 aliquod

124 2010 247 2066 nomeu,
268 1935 348 2070 quod
368 1989 399 2048 in
419 1988 549 2049 lectione
568 2000 715 2063 occurret,
735 1988 892 2063 declinare,
909 1990 1258 2073 aneoniugareterbun,

125 2090 164 2130 an
185 2068 263 2131 vocis
288 2068 373 2127 unius
397 2066 642 2148 significationem
669 2066 818 2127 noverint:
850 2086 948 2147 neque
972 2068 1051 2130 enim
1077 2088 1199 2131 neeesse
1217 2078 1256 2129 est

125 2157 161 2206 ut
179 2145 225 2205 vel
244 2142 330 2205 unius
348 2143 483 2203 versiculi
502 2161 617 2203 sensum
637 2141 762 2202 reddere
780 2142 883 2203 sciant.
920 2142 1027 2223 Neque
1046 2156 1149 2205 tamen
1167 2142 1255 2205 adbuc

126 2221 293 2283 sacerdotio
314 2220 509 2300 repelluntur,
529 2218 579 2299 qui
599 2218 630 2277 in
651 2218 694 2279 bis
714 2238 832 2298 quoque
852 2220 1013 2299 puerilibus
1034 2220 1189 2283 elementis
1207 2220 1255 2281 de-
1277 2244 1281 2249 ·

125 2299 239 2359 ficiunt:
258 2297 350 2358 modo
371 2296 497 2377 aliquam
517 2295 657 2375 pecuniae
676 2295 725 2355 rel
745 2298 854 2379 gratiae
875 2296 1165 2359 commendationem
1184 2310 1254 2359 attu·

126 2376 225 2435 lerint.
266 2372 406 2434 Eiusdem
427 2372 537 2433 sarlone
557 2383 600 2432 est
620 2372 700 2451 quod
720 2396 809 2453 quum
829 2374 864 2433 ad
884 2372 974 2434 altare
994 2364 1191 2437 admouentur
1208 2396 1254 2435 or·

128 2451 264 2521 dinandi,
295 2452 446 2530 quaeritur
465 2461 511 2507 ter
530 2468 606 2509 voce
632 2470 692 2508 uon
717 2449 883 2525 intellecta,
914 2452 1010 2515 sintne
1031 2450 1115 2543 digni
1136 2452 1252 2513 bonore.

125 2529 299 2606 Respondet
329 2549 403 2587 unus
431 2528 445 2603 (
468 2526 496 2583 ui
522 2545 572 2585 eos
598 2545 746 2602 nunquam
767 2527 853 2599 vidit,
884 2527 934 2587 sed
961 2550 997 2587 ne
1017 2528 1088 2607 qmd
1118 2529 1253 2590 formulae

128 2608 211 2676 desit,
232 2606 281 2665 bas
301 2616 399 2685 partes
420 2548 508 2661 hibet
526 2601 556 2659 in
578 2600 701 2678 sabula),
720 2603 898 2684 Dignisunt.
939 2605 1019 2679 Quid
1041 2605 1070 2664 in
1083 2606 1251 2666 venerandis

126 2682 188 2744 istis
209 2682 344 2741 Patribus
365 2699 492 2749 accuses,
513 2678 567 2738 nisi
609 2678 666 2736 uod
688 2679 715 2736 in
738 2690 794 2738 tam
810 2682 917 2759 apertis
937 2681 1040 2742 saerile
1064 2684 1098 2743 iis
1120 2682 1251 2755 ludendo,

126 2762 222 2821 Deum
244 2771 274 2818 et
294 2757 428 2817 homines
449 2756 530 2816 nullo
551 2700 664 2835 pddore
685 2755 799 2816 rident?
838 2759 878 2816 At
897 2761 962 2837 quia
988 2760 1016 2817 iu
1040 2702 1179 2820 diuturna
1197 2764 1249 2819 eius

125 2838 169 2898 rei
197 2835 382 2916 possessione
407 2846 491 2911 sunt,
523 2845 626 2913 putant
654 2832 682 2892 id
713 2833 768 2893 sibi
798 2835 852 2893 iarn
879 2833 975 2895 licere.
1016 2836 1162 2915 Quisquis
1181 2838 1249 2898 enisu

126 2926 231 2976 contra
251 2912 322 2971 baec
341 2923 402 2971 tam
423 2911 499 2970 clar-a
519 2925 636 2989 tamque
657 2911 765 2970 atrocia
789 2911 898 2992 flagitia
919 2910 1029 2971 hiscere
1050 2916 1157 2990 audet,
1178 2912 1248 2994 quasi

125 2991 176 3072 qui
197 3011 276 3050 sacra
296 2988 414 3051 Cereris
437 2989 464 3046 in
486 3000 618 3067 apertum
639 2986 708 3047 olim
729 2987 902 3067 protulerat,
922 2989 956 3048 ad
977 2990 1102 3069 capitale
1123 2990 1247 3051 iudicium

125 3066 162 3127 ab
184 3067 252 3144 ipsis
272 3065 392 3145 rapitur.
432 3063 479 3122 An
502 3066 557 3123 boc
580 3062 718 3134 lacerent,
739 3065 761 3123 si
783 3086 868 3144 quem
889 3078 1024 3144 putarent
1043 3088 1109 3127 esse
1128 3066 1235 3127 Deum?

202 3148 229 3203 6.
269 3141 329 3201 Iam
362 3142 391 3199 in
424 3139 634 3198 beneficiorum
667 3139 873 3201 collationibus
905 3146 995 3221 (quae
1021 3164 1067 3203 res
1094 3145 1167 3204 olim
1185 3163 1247 3205 con·

124 3219 225 3278 iuncta
249 3229 310 3277 erat
336 3239 401 3276 eum
428 3216 628 3290 ordinatione,
659 3238 734 3275 nune
759 3240 876 3297 prorsus
902 3232 945 3278 est
968 3224 1116 3300 separata)
1148 3232 1246 3301 quanto

125 3292 228 3353 melius
256 3313 286 3351 se
306 3295 433 3373 gerunt?
471 3293 523 3351 Est
553 3303 648 3350 autem
680 3294 756 3372 apud
784 3316 833 3354 eos
859 3295 941 3354 multi
964 3295 1008 3355 lex
1034 3297 1130 3357 ratio:
1160 3314 1246 3376 neque

124 3370 204 3430 enim
225 3368 280 3428 soli
305 3390 320 3425 c
345 3369 437 3447 iseopi
462 3368 619 3428 conserunt
643 3371 816 3444 sacerdotia,
836 3384 864 3429 et
891 3372 919 3430 in
942 3318 984 3432 bis
1006 3374 1111 3449 etiam,
1133 3392 1246 3467 quorun

100 3392 459 3519 „vocanturCollatores
479 3466 539 3503 non
550 3466 665 3525 semper
685 3446 802 3525 plenum
824 3448 866 3507 ius
887 3448 1009 3508 babent:
1031 3450 1083 3510 sed
1104 3451 1152 3511 alit
1172 3468 1247 3531 prae·

125 3522 320 3584 scutationcm
341 3521 467 3595 babent,
491 3521 544 3601 ipsi
566 3535 661 3581 autem
683 3524 847 3582 collationis
868 3526 981 3584 titulum
1002 3528 1144 3602 retinent,
1164 3528 1247 3588 bono·

126 3598 165 3659 ris
186 3620 278 3659 causa.
320 3595 472 3656 Accedunt
492 3599 577 3656 ctiam
599 3600 814 3660 nominationes
835 3621 867 3659 ea
887 3602 1009 3675 scholis,
1033 3604 1247 3685 resignationes,

126 3675 172 3733 vel
192 3674 352 3754 simplices,
373 3673 418 3731 vel
439 3674 658 3753 permutationis
679 3698 762 3735 eausa
783 3676 889 3737 saetae:
910 3679 1049 3759 rescripta
1070 3678 1247 3740 commenda·

125 3752 204 3822 titia,
232 3751 472 3833 praeventiones,
504 3763 534 3810 et
559 3752 697 3832 quicquid
722 3751 779 3812 tale
804 3767 856 3814 est.
909 3757 1018 3814 Verum
1045 3757 1084 3817 ita
1103 3777 1135 3817 se
1156 3774 1246 3818 omnes

128 3840 246 3909 gerunt,
272 3840 304 3885 ut
327 3825 425 3905 nullus
450 3848 551 3887 eorum
578 3832 667 3909 possit
687 3827 770 3888 alteri
791 3832 936 3911 quippiam
967 3833 1155 3911 exprobrare.
1203 3831 1246 3891 Sit

127 3904 293 3969 contendes
325 3902 371 3961 vix
404 3904 592 3964 centesimum
619 3905 757 3985 quodque
783 3907 957 3968 beneficium
985 3909 1073 3968 bodie
1094 3911 1125 3969 in
1144 3910 1246 3991 Papatu

126 3982 189 4041 sine
208 3980 332 4039 simonia
354 3981 499 4039 conferri:
533 3980 656 4060 qualiter
686 3984 838 4043 sinrouiam
860 3999 971 4045 veteres
998 3986 1176 4048 definierunt
1204 3982 1246 4063 [ei.

128 4056 210 4117 Cale.
237 4058 266 4114 in
292 4057 358 4115 Act.
380 4079 442 4136 cap.
462 4056 590 4137 8,21.].
638 4055 708 4117 Non
740 4059 806 4118 dico
839 4082 940 4121 omnes
970 4074 1124 4123 numerato
1157 4060 1245 4142 pretio

125 4152 238 4191 emere:
258 4133 309 4193 sed
331 4133 406 4193 cedo
426 4133 495 4192 mibi
517 4155 605 4194 unum
626 4153 660 4193 ex
671 4135 786 4218 viginti,
806 4140 855 4216 qui
877 4137 955 4199 nulla
967 4138 1085 4217 obliqua
1106 4158 1246 4199 commeo·

125 4208 245 4268 datione
265 4210 301 4268 ad
320 4209 513 4271 sacerdotium
526 4210 687 4291 perveniat.
726 4213 808 4275 Alios
826 4215 1021 4297 coguatiovel
1040 4214 1164 4307 affinitas
1183 4234 1246 4296 pro·

124 4296 239 4363 moret,
257 4284 329 4347 alios
349 4298 505 4367 pareutum
523 4289 696 4352 auctoritas:
721 4290 770 4352 alii
791 4291 939 4373 obsequiis
957 4292 1087 4355 levorem
1103 4291 1163 4355 arbi
1180 4310 1246 4355 eou-
