2700 4732
461 198 538 261 LIB.
558 198 616 260 111.
657 198 746 263 Chl’.
765 200 830 263 XX.
1181 204 1222 269 85

68 354 145 407 ante
170 341 280 434 dictum
304 352 335 404 et
353 343 437 423 quasi
467 342 573 419 leniter
604 355 746 407 attactum
773 357 834 419 est,
867 365 946 404 nunc
977 342 1068 406 luslus
1098 344 1216 405 tractari

72 433 227 483 convenit.

151 504 180 561 2.
219 496 302 576 Ergo
328 495 358 555 id
383 499 524 559 orationis
553 495 722 559 obtinemus
748 495 914 571 beneficio,
948 508 982 558 ut
1005 497 1041 559 ad
1065 516 1113 557 eas
1139 518 1214 576 quae

71 573 163 635 nohis
193 574 268 653 apud
300 573 458 633 coelestem
478 573 598 633 Patrem
630 596 662 635 re
686 575 777 635 ositac
804 587 873 635 sunt
898 594 984 653 opes,
1017 586 1213 654 penetremus.

70 650 129 711 Est
147 651 227 710 enim
248 649 389 729 quaedam
409 651 564 710 hominum
576 672 643 710 cum
655 596 724 711 deo
736 652 1060 729 communicatio:.qua
1079 663 1214 711 sanctua-¹

69 728 150 788 mum
171 726 249 789 coeli
268 726 408 805 ingressi,
434 726 471 785 dc
490 727 549 786 suis
576 727 724 818 promissis
751 727 832 787 illum
859 748 956 788 coram
983 726 1147 806 appellent:
1179 740 1214 789 ut

71 803 155 885 quod
174 802 266 863 verbo
286 803 427 863 duntaxat
445 816 587 863 annuente
607 804 809 877 crediderunt,
830 826 892 863 non
918 804 1005 865 suisne
1024 825 1141 876 vanum,
1161 804 1213 865 uhi

71 880 230 941 necessitas
249 880 290 939 ita
311 879 448 970 postulat,
468 880 662 959 experiantur.
700 880 807 959 ltaque
826 880 913 941 nobis
933 874 1062 961 pro‘poni
1081 880 1153 939 nihil
1168 881 1212 941 vi-

72 956 175 1017 demus
194 977 211 1017 a
229 955 362 1015 Domino
383 957 624 1035 exspectandum,
654 957 736 1035 quod
757 977 823 1017 non
844 970 875 1017 et
898 958 1034 1037 precibus
1059 956 1212 1019 iubeamus

10 1098 27 1113 ,
70 1032 241 1114 postulare:
273 1032 347 1093 adeo
368 1052 468 1091 rerum
489 1044 534 1091 est
552 1034 688 1094 oratione
708 1032 802 1093 elsodi
821 1033 990 1106 thesauros,
1021 1054 1095 1111 quos
1113 1032 1211 1093 Evan-

71 1108 154 1191 gelio
164 1108 286 1171 Domini
306 1108 451 1171 indicatos
471 1108 541 1169 fides
563 1122 662 1171 nostra
681 1109 792 1171 intuita
810 1110 910 1175 faerit.
949 1109 1012 1171 Iam
1032 1128 1211 1189 veroquam

72 1186 238 1246 necessaria
259 1185 314 1258 sit,
335 1197 366 1245 et
385 1197 456 1265 quot
477 1186 572 1246 modis
591 1185 670 1246 utilis
688 1187 727 1247 sit
745 1187 885 1266 precandi
900 1185 1093 1260 exercitatio,
1124 1186 1210 1247 nullis

69 1260 169 1324 verbis
187 1262 256 1321 satis
275 1273 375 1341 potest
394 1261 540 1340 explicari.
578 1264 649 1322 Non
669 1262 720 1323 ahs
740 1283 773 1322 rc
793 1275 838 1323 est
856 1263 1012 1342 prolecto,
1038 1261 1119 1341 quod
1139 1284 1209 1323 coe·

68 1338 152 1399 lestis
170 1338 261 1397 Pater
280 1339 397 1397 unicum
422 1339 516 1398 insui
543 1340 671 1399 nominis
695 1339 885 1400 invocatione
909 1339 1009 1399 salutis
1033 1338 1208 1417 praesidium

68 1433 135 1476 esse
154 1425 293 1489 testatur,
326 1436 381 1492 qua
408 1414 519 1475 scilicet
544 1416 740 1494 praesentiam
767 1428 798 1475 et
821 1415 1025 1506 providentiae
1045 1414 1123 1490 eius,
1155 1435 1209 1495 per

67 1512 159 1572 qnam
180 1490 269 1551 rebus
289 1491 396 1551 uostris
420 1491 555 1552 curandis
575 1492 639 1551 adri
662 1492 726 1551 ilet:
752 1504 783 1552 ct
805 1493 939 1564 vrrtutis,
963 1512 1018 1572 per
1041 1512 1128 1570 quam
1152 1510 1208 1553 nos

67 1567 213 1629 sustineat
231 1566 392 1627 imbecilles
419 1581 448 1626 et
475 1588 569 1648 prope
594 1512 778 1629 delicientes:
808 1579 842 1628 et
862 1568 1017 1642 honitatis,
1046 1587 1208 1647 perquam

68 1644 177 1705 misere
196 1644 324 1723 peccatis
344 1656 483 1705 oneratos
502 1645 533 1705 in
554 1645 675 1726 gratiam
694 1644 834 1725 recipiat,
859 1645 1046 1705 advocamus:
1078 1664 1136 1723 qua
1156 1645 1208 1703 de·

68 1722 161 1801 nique
179 1731 277 1782 totum
296 1721 408 1800 ipsum,
437 1734 471 1781 ut
494 1743 527 1781 se
551 1720 638 1782 nobis
662 1733 846 1800 praesentem
866 1721 1002 1781 exhibeat
1026 1723 1206 1781 arcessimus.

68 1797 151 1859 Hinc
169 1797 271 1857 eximia
291 1797 477 1857 conscientiis
507 1799 615 1858 nostris
634 1799 760 1877 requies
785 1819 819 1857 ac
844 1796 1036 1876 tranquillitas
1060 1796 1206 1856 nascitur:

66 1873 215 1955 siqnidem
234 1874 419 1949 necessitate,
440 1895 514 1953 quae
534 1895 589 1934 nos
609 1874 772 1954 premebat,
790 1874 923 1941 Domino
945 1873 1091 1952 exposita,
1109 1871 1156 1931 rel
1175 1872 1206 1933 in

66 1970 107 2012 eo
126 1950 247 2011 abunde
258 1949 451 2029 quiescimus,
471 1951 550 2031 quod
569 1950 652 2011 illum
673 1950 747 2010 nihil
766 1951 911 2011 malorum
931 1963 1101 2011 nostrorum
1123 1949 1206 2023 latet,

67 2048 159 2121 quem
178 2040 211 2089 et
235 2027 346 2107 optime
372 2027 460 2090 nobis
486 2028 562 2091 velle
586 2039 617 2089 et
641 2028 754 2108 optime
778 2027 935 2089 consulere
966 2045 1052 2108 posse
1077 2027 1206 2107 persuasi

65 2126 169 2169 samus.
1140 2128 1143 2135 ·

144 2188 177 2247 3.
215 2179 277 2241 Sed
297 2181 387 2256 enim,
407 2181 485 2242 dicet
504 2182 658 2262 quispiam,
676 2203 777 2243 annon
795 2181 859 2245 sine
878 2181 1028 2243 monitore
1042 2181 1129 2242 etiam
1148 2199 1205 2241 no·

64 2258 110 2323 eit
129 2270 163 2319 et
181 2278 239 2336 qua
250 2270 341 2395 parte
363 2279 528 2338 urgeamur,
549 2260 661 2340 etquid
681 2260 767 2321 nohis
779 2260 927 2339 expediat:
948 2271 1205 2338 utsupervaeunrn

64 2335 247 2418 quodammo
270 2335 390 2395 ovideri
408 2350 506 2414 queat,
525 2336 619 2415 ipsum
629 2336 765 2416 precihus
778 2338 885 2396 nostris
900 2334 1063 2410 sollicitari,
1081 2334 1205 2415 perinde

63 2424 155 2495 atque
176 2413 405 2487 conniventem,
416 2424 466 2471 aut
485 2413 572 2473 etiam
592 2414 804 2487 dormientem,
825 2414 921 2473 donec
940 2433 1013 2473 voce
1034 2424 1133 2472 nostra
1155 2432 1204 2469 ex-

63 2488 255 2573 pergelactus
275 2487 382 2548 suerit?
431 2490 543 2548 Verum
564 2492 614 2625 qni
639 2491 680 2549 sic
701 2490 929 2560 ratiocinantur,
955 2510 1042 2568 quem
1062 2490 1093 2547 in
1113 2488 1203 2547 finem

63 2586 136 2629 suos
161 2565 197 2626 ad
222 2566 367 2625 orandum
392 2565 550 2626 instituerit
584 2567 715 2626 >ominus
738 2590 800 2629 non
825 2566 1073 2627 animadvertunt:
1104 2582 1203 2641 neque

62 2642 147 2705 enim
167 2642 198 2702 id
217 2654 278 2702 tam
298 2664 347 2701 sua
368 2643 468 2720 ipsius,
488 2663 573 2720 quarn
594 2654 694 2703 nostra
713 2645 813 2723 potius
833 2665 916 2703 causa
937 2641 1091 2702 ordinavit.
1130 2640 1204 2699 Vult

62 2718 196 2801 quidem,
215 2730 249 2778 ut
267 2740 390 2797 aequum
404 2730 456 2793 est,
476 2720 532 2779 sibi
552 2720 597 2780 ius
616 2742 699 2780 snum
719 2722 813 2791 reddi,
834 2721 901 2778 dum
923 2720 949 2777 ei
968 2730 1121 2808 acceptum
1142 2718 1203 2775 ser·

61 2806 118 2857 tur
138 2795 275 2875 quicq'uid
296 2807 434 2874 expetunt
455 2796 604 2869 homines,
629 2808 660 2856 et
678 2799 810 2856 sentiunt
828 2797 864 2855 ad
883 2817 963 2854 suam
983 2795 1137 2855 utilitatem
1158 2792 1202 2851 sa-

64 2890 150 2949 cere,
168 2870 255 2950 idque
265 2875 341 2932 votis
360 2884 499 2931 testatum
520 2873 639 2933 laciunt.
656 2923 659 2927 .
679 2872 738 2931 Sed
760 2873 844 2932 huius
855 2892 974 2951 quoque
985 2870 1127 2943 sacrificii,
1163 2888 1203 2927 uo

63 2950 132 3028 ipse
152 2946 267 3022 colitur,
293 2949 401 3008 utilitas
426 2949 460 3008 ad
487 2970 541 3010 nos
566 2950 652 3009 redit.
691 2948 796 3027 ltaque
815 2950 908 3008 sancti
928 2959 1036 3027 patres,
1061 2967 1121 3024 quo
1173 2944 1202 3004 ei

61 3023 212 3086 beneficia
231 3026 306 3105 apud
326 3047 356 3085 se
378 3037 407 3084 et
427 3026 498 3085 alios
518 3027 713 3086 confidentius
732 3027 886 3099 lactarunt,
907 3046 943 3085 eo
964 3024 1057 3085 acrius
1076 3023 1112 3080 ad
1134 3041 1203 3102 pre-

64 3101 193 3164 candum
212 3101 332 3161 luerunt
356 3103 475 3161 incitati.
526 3104 625 3162 Unum
645 3105 728 3162 Eliae
748 3102 910 3183 exemplum
936 3099 1023 3160 nobis
1040 3099 1109 3159 satis
1136 3098 1203 3173 erit,

64 3178 175 3260 quide
196 3178 320 3238 consilio
339 3180 397 3237 Dei
418 3190 527 3253 certus,
548 3191 700 3259 postquam
720 3180 784 3262 regi
804 3178 905 3239 Achab
927 3178 1052 3259 pluviam
1073 3181 1134 3236 uon
1154 3188 1202 3236 te·

61 3275 148 3318 mere
169 3254 318 3334 pollicitus
337 3268 390 3328 est,
410 3259 492 3315 auxie
512 3268 609 3316 tamen
630 3259 707 3317 inter
720 3278 814 3337 genua
836 3269 983 3336 precatur,
1003 3254 1202 3332 famulumque

60 3344 179 3412 septem
198 3331 312 3393 vicibus
331 3333 420 3391 mittit
438 3333 474 3391 ad
495 3334 704 3412 explorandum
724 3335 763 3407 (1.
783 3334 857 3413 Reg.
877 3338 925 3406 ts,
942 3332 1019 3407 42-);
1039 3351 1100 3389 non
1121 3328 1202 3410 quod

61 3407 189 3471 oraculo
209 3408 298 3467 fidem
318 3409 458 3490 abroget,
477 3412 528 3469 sed
549 3412 629 3490 quod
650 3411 741 3470 officii
761 3410 805 3469 sui
826 3429 887 3469 esse
908 3408 1001 3482 novit,
1021 3427 1059 3466 ne
1078 3428 1201 3467 somno·

61 3488 148 3548 lenta
173 3484 218 3545 vel
249 3486 366 3574 torpida
397 3486 441 3546 sit·
459 3488 544 3559 sides,
575 3510 626 3547 sua
650 3486 793 3547 desideria
816 3486 892 3566 apud
917 3486 1014 3544 Deum
1040 3484 1200 3564 deponere.

63 3567 171 3639 Quare
192 3574 305 3622 tametsi
325 3562 411 3621 nobis
434 3564 470 3621 ad
494 3564 624 3622 miserias
640 3576 755 3625 nostras
773 3564 895 3641 stupidis
915 3574 944 3622 et
962 3560 1202 3632 hebescentibus,

61 3644 129 3721 ipse
160 3658 216 3719 pro
243 3639 330 3699 nohis
348 3638 450 3719 vigilat
470 3652 500 3698 et
524 3640 659 3716 excubat,
690 3662 723 3700 ac
747 3640 896 3699 interdum
914 3657 1034 3775 quoque
1056 3637 1201 3697 succurrit

31 3736 36 3741 '
62 3738 128 3779 non
149 3738 183 3775 ro
207 3728 286 3777 atus:
307 3728 408 3775 nostra
428 3717 702 3795 tamen-plurimum
719 3717 842 3778 interest
860 3715 914 3775 assi
937 3734 972 3774 ue
992 3715 1085 3792 ipsum
1106 3735 1125 3773 a
1143 3733 1201 3771 no·

62 3795 111 3854 bis
130 3736 299 3884 implorari,
319 3806 352 3851 ut
370 3793 447 3853 serio
468 3792 641 3871 ardentique
662 3796 722 3852 eius
740 3812 856 3874 semper
876 3791 1051 3870 quaerendi,
1074 3789 1203 3861 amandi,

63 3869 187 3931 colendi
206 3870 352 3929 desiderio
374 3891 426 3929 cor
451 3884 584 3929 nostrum
610 3870 823 3944 inflammetur„
851 3868 919 3927 dum
950 3867 1138 3928 assuescimus
1163 3865 1201 3924 ad

63 3950 74 4005 i
99 3968 182 4020 sum,
213 3946 294 4005 velut
318 3947 353 4005 ad
374 3968 483 4006 sacram
508 3968 644 4006 ancoram
670 3947 700 4005 in
725 3946 806 4006 omni
831 3945 1005 4005 necessitate
1030 3944 1201 4023 confugere.

64 3968 187 4083 tleinde
207 4036 239 4081 ut
266 4021 343 4082 nulla
369 4024 510 4102 cupiditas
536 4022 707 4100 nullumque
727 4023 850 4083 omniuo
873 4035 974 4081 vntum
995 4021 1122 4080 animum
1144 4038 1201 4077 no-

64 4112 163 4161 strum
182 4099 301 4173 subeat,
322 4099 401 4158 cuius
421 4100 515 4177 ipsum
536 4111 640 4158 testem
660 4101 757 4159 facere
776 4101 898 4178 pudeat:
925 4099 993 4157 dum
1013 4110 1081 4158 vota
1101 4106 1202 4156 nostra

65 4174 171 4239 omnin
190 4196 289 4235 coram
310 4177 370 4234 eius
382 4177 472 4235 oculis
491 4176 593 4236 sistere
613 4176 746 4255 adeoque
765 4188 862 4235 totum
875 4196 927 4235 cor
946 4174 1101 4233 effundere
1116 4172 1202 4231 disci·

64 4275 144 4315 mus.
184 4252 261 4313 Tum
282 4264 316 4312 ut
334 4253 370 4311 ad
390 4252 532 4313 beneficia
545 4254 682 4314 eiusvera
700 4252 792 4313 animi
810 4251 989 4333 gratitudine
1008 4265 1097 4330 atque
1114 4250 1202 4309 etiam

65 4329 231 4416 gratiarum
249 4328 369 4393 actione
386 4330 556 4410 excipienda
574 4350 791 4413 comparemur,
807 4350 883 4409 quae
900 4328 937 4391 ab
957 4328 1020 4392 eius
1038 4347 1128 4391 manu
1146 4345 1204 4388 no·
