2700 4732
108 208 169 273 tto
498 200 575 267 blll.
594 200 653 269 111.
692 200 781 269 clu.
800 202 852 267 tx.

109 348 203 415 videri
221 348 322 429 cupiat
341 348 378 413 ad
397 346 558 413 coelestem
576 348 825 412 immortalitatem
838 360 906 412 toto
917 344 1251 431 ritaecnrricnloaspi·

108 447 176 489 rare
196 439 228 488 et
246 426 329 489 eniti.
376 425 474 486 Pudet
499 427 577 487 enim
606 446 661 487 nos
680 426 760 488 nulla
780 448 814 487 re
833 426 1013 488 antecellere
1031 426 1134 521 brutaq
1150 444 1250 519 pecn-

110 502 178 566 des:
198 524 321 595 quarum
341 502 588 571 conditionibilo
610 514 710 564 nostra
729 503 854 565 inlerior
873 504 971 565 lutura
991 513 1082 576 esset,
1100 522 1161 563 orer
1180 524 1194 563 s
1216 520 1249 565 ea

108 582 292 641 aeternitatis
310 591 379 661 post
397 592 525 640 mortem
544 578 631 640 nobis
649 602 682 640 su
706 583 784 645 ersit.
823 582 934 641 Verum
952 578 1190 657 sicoosilia,'atu
1211 579 1221 595 '

110 656 188 719 lacta
206 656 346 737 cuiusque
377 656 536 730 morines,
564 655 637 717 nibil
665 600 745 719 aliud
775 656 835 718 illic
864 656 976 718 uidebis
1005 675 1094 737 quam
1123 667 1250 717 terrm.

107 734 186 795 Inde
204 745 302 795 autem
320 733 482 814 stupiditas,
501 732 581 811 quod
601 752 683 792 mens
702 747 803 796 nostra
823 734 863 795 lul
887 754 940 794 ore
960 733 1040 794 inani
1059 752 1170 812 opum,

108 810 235 885 tentiae,
264 810 429 883 bonorum,
458 810 612 900 perstricta
636 809 793 871 hebetatur
815 754 989 892 neloogius
1008 820 1123 871 cernat.
1182 752 1251 871 a}

110 890 198 949 etiam
217 888 346 961 avaritia,
365 886 544 960 ambitione,
563 884 685 945 libidine
704 907 778 948 occu
802 900 879 950 atum
900 889 1084 969 degravatur,
1104 902 1145 947 ue
1161 884 1250 947 alliu

110 975 252 1046 assurgat.
288 964 427 1042 Denique
445 972 508 1023 tota
527 963 624 1023 anima
643 962 737 1024 carnis
755 910 903 1026 ilbcebris
924 964 1054 1037 irretita,
1072 960 1250 1025 felicitatem

109 1042 142 1103 iu
161 1052 240 1100 terra
258 1060 340 1103 suam
360 1040 484 1119 quaerit
521 1038 600 1100 Huic
627 1038 706 1101 malo
732 1052 765 1102 ut
795 1052 930 1103 occurrat
948 1040 1105 1115 Dominus,
1124 1038 1249 1101 assiduis

108 1117 294 1179 miseriarum
314 1116 497 1176 documentis
522 1136 590 1177 suos
614 1115 651 1176 de
675 1117 836 1197 praesentis
863 1118 941 1179 vitae
969 1114 1098 1177 vanitate
1126 1113 1250 1177 edocet.

109 1194 195 1275 Ergo
216 1211 254 1252 ne
273 1192 360 1254 altam
378 1191 436 1253 sibi
455 1203 487 1251 et
504 1210 637 1252 securam
656 1213 759 1272 pacem
778 1195 807 1254 in
829 1214 862 1254 ea
882 1194 1070 1274 promittant:
1088 1190 1139 1253 vel
1150 1188 1252 1269 tellis,

110 1270 157 1331 vel
176 1269 360 1343 tumultibus,
379 1268 425 1327 uel
445 1267 616 1343 latrociniis,
634 1269 680 1328 rel
700 1269 762 1331 aliis
781 1270 894 1330 iniuriis
914 1268 1070 1350 inquietari
1089 1287 1140 1329 sae
1163 1287 1181 1328 e
1199 1266 1251 1327 iu·

110 1345 272 1425 testarique
292 1344 443 1426 permittit
482 1345 528 1405 Ne
557 1344 693 1405 aviditate
722 1347 812 1408 nimia
843 1347 926 1408 fluxis
952 1357 983 1406 et
1001 1344 1116 1407 caducis
1159 1342 1252 1405 ‘vitiis

45 1490 49 1501 ,
108 1422 235 1495 inhient,
254 1434 305 1483 aut
323 1423 353 1481 in
373 1420 407 1483 iis
426 1442 497 1501 quas
516 1421 667 1514 possident
686 1425 884 1502 acquiescant:
917 1442 997 1483 nunc
1015 1420 1133 1494 exsilio,
1164 1438 1251 1483 nune

109 1497 264 1563 sterilitate
283 1510 396 1574 terrae,
416 1519 496 1558 nunc
515 1498 669 1573 mcendio,
693 1520 772 1560 nunc
792 1500 854 1562 aliis
873 1499 967 1565 modis
987 1498 1024 1558 ad
1042 1498 1093 1559 ino
1115 1498 1174 1558 iam
1193 1516 1251 1559 eoa

109 1576 228 1668 redigit,
248 1586 299 1636 aut
317 1588 400 1637 certe
419 1575 448 1634 in
468 1574 671 1635 mediocritate
692 1577 836 1637 continet.
873 1577 919 1636 Ne
940 1576 1059 1635 nimium
1080 1572 1198 1655 pacide
1216 1572 1252 1635 ita

109 1652 198 1715 bonas
218 1652 348 1733 coniugii
374 1650 564 1712 delicientur:
596 1663 647 1711 aut
675 1674 797 1714 uxorum
827 1653 1017 1733 improbitate
1042 1652 1139 1711 uexari
1164 1648 1252 1743 lacit,

110 1741 162 1792 ant
180 1728 254 1789 mala
274 1728 418 1810 progenie
437 1730 447 1787 i
468 1749 516 1789 sos
536 1727 684 1803 humiliot,
714 1741 765 1790 aut
793 1729 922 1791 orbitate
953 1728 1067 1811 aflligit.
1127 1726 1251 1803 Quodn

108 1808 140 1868 in
161 1806 204 1868 bis
224 1806 360 1867 omnibus
379 1749 581 1885 indulgentior
599 1805 655 1865 illis
674 1816 728 1883 est,
746 1826 785 1866 ne
804 1818 902 1866 umen
921 1805 968 1866 vel
986 1807 1073 1865 stulta
1108 1803 1188 1865 loria
1200 1804 1251 1865 in·

108 1894 284 1959 tumescant,
302 1881 349 1943 vel
368 1880 547 1943 confidentia
565 1881 725 1958 exsultent,
743 1883 854 1944 morbis
873 1894 905 1943 ct
923 1882 1060 1962 periculis
1078 1903 1096 1943 o
1141 1878 1250 1943 oeulos

108 1960 167 2022 illis
186 1961 283 2040 ponit,
303 1980 390 2039 quam
410 1957 554 2020 instabilia
573 1959 685 2019 sintae
704 1959 827 2021 evanida
849 1978 1042 2039 quaecunque
1071 1953 1249 2019 mortalitati

110 2037 239 2100 obnoxia
258 2036 327 2096 dunt
347 2037 434 2097 bona.
472 2036 550 2094 Tum
575 2055 647 2117 ergo
671 2035 788 2096 demum
809 2037 866 2097 rite
884 2034 1052 2115 proficimus
1071 2036 1167 2096 crucis
1186 2032 1250 2095 dia-

109 2114 229 2194 ciplina,
248 2112 300 2172 ubi
311 2112 446 2173 discimus
456 2111 531 2171 banc
549 2112 646 2189 vitam,
667 2135 755 2192 quum
775 2114 805 2174 in
825 2132 856 2173 se
875 2112 1053 2188 aestimatur,
1073 2110 1250 2193 inquietam,

108 2188 321 2263 turbulentam,
340 2189 501 2249 innumeris
520 2188 616 2249 modis
635 2190 781 2265 miseram,
810 2189 888 2250 nulla
908 2209 942 2247 ex
962 2201 1046 2269 parte
1064 2188 1156 2269 plane
1173 2186 1248 2249 bea-

109 2280 168 2328 tam
190 2286 265 2326 esse:
287 2266 385 2325 omnia
405 2284 479 2346 quae
499 2264 687 2326 aestimantur
706 2269 767 2328 eius
786 2266 880 2342 bona,
899 2266 1026 2338 incerta,
1041 2265 1145 2340 fluida,
1163 2282 1246 2341 vane,
1284 2306 1288 2323 .

109 2343 266 2421 multisque
286 2341 418 2402 admixtis
438 2339 519 2401 malis
539 2342 636 2403 vitiata
658 2361 735 2404 esse:
766 2355 853 2423 atque
874 2364 907 2402 er
927 2362 964 2404 eo
983 2340 1068 2402 simul
1089 2340 1243 2403 constitui·

109 2442 183 2491 mus,
204 2418 276 2478 nibil
296 2418 343 2478 bic
362 2417 562 2497 quaerendum
581 2430 631 2478 aut
649 2442 662 2479 s
685 2419 826 2480 erandum
846 2440 931 2501 quam
957 2431 1123 2479 certamen:
1154 2416 1239 2481 attol·

109 2496 214 2557 leodos
234 2496 264 2555 in
284 2493 401 2555 coelum
427 2494 546 2569 oculos,
577 2494 628 2554 ubi
654 2441 690 2556 sle
716 2516 828 2557 corona
852 2497 1023 2577 cogitamus.
1082 2495 1135 2556 Sic
1165 2494 1238 2557 euin

107 2571 275 2633 babendum
296 2582 356 2644 est,
376 2591 523 2664 nunquam
543 2572 621 2632 serio
641 2573 678 2632 ad
698 2572 814 2632 suturae
832 2574 909 2633 vitae
930 2572 1104 2633 desiderium
1126 2592 1162 2633 ac
1180 2590 1237 2631 me·

109 2650 284 2787 ditaqionem
308 2647 380 2732 erigi
407 2668 556 2725 animum,
587 2649 642 2733 nisi
668 2650 827 2730 praesentis
852 2661 1026 2729 contemptu
1050 2660 1121 2710 ante
1146 2648 1237 2711 imbu-

109 2740 155 2789 tus
187 2736 270 2787 uerat.

183 2808 211 2867 2.
251 2801 404 2882 Siquidem
424 2801 504 2861 inter
522 2802 576 2863 ista
597 2801 655 2863 duo
676 2801 748 2861 nibil
769 2802 895 2862 medium
916 2815 974 2863 est:
995 2801 1234 2864 autvilescatno·
1266 2866 1269 2871 ,

109 2880 156 2941 bis
176 2892 255 2941 terra
275 2890 413 2959 oportet,
433 2891 485 2938 aut
503 2878 700 2959 intemperato
721 2899 822 2940 amore
841 2880 886 2939 sui
905 2881 1017 2940 vinctos
1038 2879 1233 2939 nosdetineal·

106 2958 240 3017 Proinde
259 2958 282 3017 si
295 2979 352 3048 qua
371 2957 549 3017 aeternitatis
569 2977 638 3016 cura
659 2968 715 3029 est,
745 2956 800 3016 buc
820 2956 978 3071 diligenter
1002 2954 1233 3025 incumbendum

107 3046 142 3093 ut
161 3034 242 3093 malis
262 3033 323 3093 istus
342 3053 408 3095 com
431 3032 534 3093 edibus
554 3053 608 3093 nos
628 3033 811 3124 explicemus.
862 3036 957 3094 lorro
1005 3033 1124 3093 uoniam
1149 3028 1233 3112 pluri·

107 3131 168 3171 ruas
195 3109 348 3170 blanditias
374 3054 464 3169 babet
493 3128 630 3189 praesens
649 3121 717 3184 urta,
743 3109 849 3190 quibus
870 3132 923 3170 nos
949 3055 1091 3190 peliciat:
1121 3108 1233 3169 multata

107 3187 302 3260 amoenitatis,
321 3180 442 3267 gratiae,
460 3186 752 3265 suavitatisspeciem,
772 3207 828 3266 qua
849 3208 902 3247 nos
923 3186 1099 3248 demulceat:
1119 3202 1234 3267 magna·

105 3282 179 3344 pere
198 3274 298 3322 nostra
317 3262 412 3322 relert
430 3261 589 3321 identidem
610 3283 665 3322 nos
685 3263 818 3338 avocari,
836 3285 872 3323 ne
893 3262 998 3324 talibus
1018 3262 1175 3324 lenociniis
1196 3258 1236 3319 l'a·

106 3340 263 3400 scinemur.
290 3337 371 3411 Quid
392 3338 481 3412 enim,
501 3337 637 3411 obsecro,
656 3338 741 3398 lieret
760 3341 783 3399 si
804 3352 948 3421 perpetuo
970 3340 1119 3400 bonorum
1143 3358 1177 3400 ac
1196 3336 1236 3397 le·

4 3456 6 3461 ·
107 3416 224 3476 licitatis
245 3436 388 3474 concursu
409 3414 456 3474 bic
476 3413 654 3475 frueremur:
687 3437 776 3496 quum
803 3416 921 3476 assiduis
947 3416 1092 3477 malorum
1117 3410 1236 3476 stimulis

106 3513 168 3553 non
212 3492 334 3551 ossimus
352 3491 420 3550 satis
440 3491 629 3573 expergefieri
648 3490 684 3551 ad
704 3494 895 3573 reputandam
917 3494 977 3554 eius
996 3492 1172 3567 miseriaml
1188 3488 1238 3549 Vi·

107 3566 167 3630 tam
188 3512 341 3628 Humanam
367 3567 438 3627 lumi
464 3567 510 3627 vel
536 3567 657 3628 umbrae
683 3569 773 3628 instar
798 3590 874 3646 esse,
905 3591 967 3631 non
998 3570 1089 3629 modo
1119 3564 1238 3629 eruditis

106 3657 210 3705 uotum
244 3655 303 3719 est,
336 3645 388 3705 sed
421 3643 523 3727 vulgus
558 3666 676 3723 quoque
713 3645 864 3706 homiuum
901 3646 1090 3727 proverbium
1128 3642 1240 3705 nullum

105 3723 198 3804 magis
228 3722 329 3781 tritum
358 3719 462 3781 habet:
504 3731 536 3781 et
587 3721 633 3780 uia
664 3743 726 3782 rem
759 3742 819 3783 esse
851 3724 988 3783 videbant
1020 3722 1165 3802 imprimis
1191 3740 1241 3782 eo·

105 3802 190 3882 gnitu
208 3797 328 3873 utilem,
346 3797 445 3858 multis
462 3743 625 3879 insignibus
645 3799 798 3859 sententiis
818 3801 1070 3860 commendarunt.
1130 3800 1242 3858 Verum

105 3876 184 3936 nulla
205 3875 268 3934 lere
286 3895 334 3935 res
360 3886 420 3947 est,
451 3895 536 3965 quam
557 3874 603 3934 vel
623 3875 817 3967 negligentius
838 3877 1046 3957 expendamus,
1074 3874 1121 3935 vcl
1149 3876 1243 3935 minua

103 3951 332 4012 meminerimus.
374 3950 481 4011 Omma
502 3950 579 4011 enim
599 3951 738 4010 molimur
757 3954 880 4031 perinde
893 3966 979 4033 atque
992 3952 1243 4013 immortalitatem

104 4029 192 4089 uobis
211 4030 241 4087 in
263 4040 342 4087 terra
362 4028 583 4087 constituentes.
622 4027 655 4086 Si
675 4028 801 4088 effertur
821 4030 906 4089 sunus
931 4030 1064 4109 aliquod,
1092 4028 1140 4089 vel
1167 4029 1244 4088 inter

103 4106 237 4185 sepulcra
256 4101 449 4177 ambulamus,
468 4105 534 4182 quia
554 4116 625 4163 tunc
643 4104 733 4165 oculis
746 4105 919 4166 obversatur
930 4107 1035 4166 mortis
1044 4103 1245 4177 simulacrum,

104 4183 235 4264 egregie,
256 4182 363 4255 lateor,
382 4180 419 4239 de
438 4179 515 4239 vitae
535 4178 759 4242 buiusvanitate
772 4182 1022 4261 philosophamur.
1063 4182 1245 4262 Quanquam

104 4278 143 4318 ne
162 4258 283 4320 facimus
303 4256 423 4339 quidem
442 4269 603 4339 perpetuo:
634 4257 808 4341 plerumque
832 4260 911 4320 enim
937 4258 1010 4321 nihil
1033 4281 1089 4321 uus
1109 4258 1246 4321 afficiunt
