2596 4726
256 116 270 163 Ι
283 136 289 159 ι

123 221 166 285 00
507 210 584 276 uti.
603 214 662 276 111.
701 216 790 279 CAP.
808 216 873 279 XX.

117 360 186 422 'linc
204 358 322 442 pigritia
345 370 447 419 nostra
470 372 634 422 cunctatur.
684 360 786 438 Quare
816 361 847 423 in
873 358 993 439 auribuq
1015 356 1128 422 nostris
1150 376 1255 441 semper

126 449 270 498 resonent
290 437 343 495 hae
356 442 456 497 voces:
477 438 599 519 „Prope
620 449 664 498 est
674 438 820 499 Dominus
840 437 978 499 omnibus
996 434 1204 498 invocantibus
1220 454 1254 509 ie,

126 514 333 575 invocantibus
354 514 384 573 in
403 513 560 574 veritate.“
599 514 675 576 Item
696 536 766 593 quas
787 534 820 575 ex
840 514 932 575 lesaia
952 526 983 575 et
995 513 1081 575 loiile
1101 512 1253 574 citavimus

127 589 232 672 quibus
252 589 467 651 affirmatDeus
486 611 517 651 se
537 592 685 650 intentum
699 611 761 651 esse
781 592 816 651 ad
830 591 1022 651 exaudiendas
1042 609 1157 671 preces,
1175 590 1254 649 adeo·

127 688 187 747 que
208 665 351 727 oblectari
372 667 453 746 quasi
478 668 553 745 grati
574 667 674 727 odoris
705 667 866 740 sacrificio,
895 667 947 727 ulii
979 690 1063 727 curas
1094 664 1253 726 nostrasia

125 745 137 805 i
160 766 222 804 sum
243 742 423 804 coniieimus.
462 746 549 803 llunc
568 744 745 825 singularem
765 745 940 825 percipimus
959 742 1190 835 promissionum
1205 737 1252 801 liei

126 766 272 891 linctum,
302 819 354 878 ulii
385 840 447 880 non
474 820 643 880 dubitanter
668 832 699 880 et
721 821 837 899 trepide
857 820 1041 900 concipimus
1065 838 1185 899 precess
1211 816 1252 879 sed

127 898 189 957 eius
209 896 301 957 verbo
323 895 402 969 lieti,
423 896 504 957 euius
524 917 579 956 nos
598 896 709 977 alioqui
728 908 856 957 terreret
874 897 1017 971 maiestas,
1037 895 1179 957 audemus
1197 913 1252 953 eniri

126 976 267 1034 invocare
286 974 414 1045 Patrem,
434 972 552 1052 quando
574 975 630 1033 lioc
649 974 848 1033 suavissimum
868 994 979 1033 nomeu
997 992 1162 1055 suggerere
1180 968 1252 1031 nobis

127 1052 275 1131 dignatur.
316 1048 417 1107 Restat
435 1062 470 1109 ut
488 1048 594 1108 talibus
615 1050 810 1109 invitamentis
831 1049 966 1130 praediti,
986 1049 1111 1109 sciamus
1131 1046 1201 1107 inde
1216 1066 1252 1105 sa-

126 1127 165 1187 tis
185 1146 247 1185 esse
267 1123 355 1184 noliis
375 1125 512 1185 materiae
523 1126 558 1184 ad
573 1128 766 1186 exorandum:
788 1128 905 1205 quando
927 1146 1029 1207 preces
1041 1137 1165 1186 nostras
1182 1122 1251 1182 nullo

126 1202 234 1263 merito
254 1200 404 1275 nituntur,
427 1203 477 1262 sed
498 1213 562 1262 tota
582 1222 682 1262 earum
703 1203 829 1283 dignitas
853 1214 884 1263 et
907 1223 973 1282 spes
998 1200 1179 1282 impetrandi
1198 1200 1253 1259 lun-

127 1280 194 1339 data
214 1288 259 1338 est
278 1278 309 1336 in
321 1277 378 1336 Del
399 1278 652 1357 promissionibus,
671 1292 761 1359 atque
780 1277 816 1337 ali
838 1280 880 1339 eis
921 1279 1024 1338 endet:
1045 1290 1080 1337 ut
1099 1295 1197 1367 neque
1213 1276 1252 1333 in-

127 1356 229 1437 digeat
249 1353 303 1413 alia
322 1354 446 1428 fultura,
477 1375 574 1434 neque
597 1377 710 1415 sursum
735 1356 792 1415 huc
812 1355 858 1417 vel
881 1301 951 1414 ilinc
977 1352 1203 1433 circumspiciat.
1223 1382 1254 1397 -·

126 1434 231 1523 Itaque
252 1453 316 1491 cum
338 1430 568 1491 animisnostris
591 1432 777 1491 statuendum
798 1444 858 1505 est,
883 1431 994 1491 etiamsi
1015 1452 1078 1490 non
1099 1429 1254 1491 excellimus

125 1531 191 1589 pari
210 1506 375 1581 sanctitate,
394 1528 468 1586 quae
478 1507 612 1567 laudatur
631 1508 661 1566 in
681 1508 786 1568 sanctis
798 1508 946 1583 Patribus,
964 1507 1125 1587 Prophetis
1141 1518 1173 1566 et
1183 1506 1255 1587 Apo·

125 1584 220 1658 stolis,
240 1582 307 1719 quia
326 1595 424 1643 tamen
445 1604 599 1644 commune
620 1596 664 1644 est
683 1585 768 1645 nobis
788 1586 890 1645 orandi
912 1597 1115 1664 praeceptum,
1136 1595 1168 1642 et
1182 1602 1254 1642 coni·
1290 1596 1292 1603 ·

125 1663 224 1722 munis
265 1660 326 1735 des,
344 1660 367 1720 si
386 1660 478 1721 verbo
494 1661 554 1721 Dei
572 1661 703 1737 nitimur,
723 1683 778 1721 nos
797 1664 827 1721 in
849 1662 905 1721 hoc
925 1661 988 1721 iure
1008 1681 1113 1719 eorum
1134 1676 1197 1721 esse
1212 1676 1255 1717 so·

127 1740 198 1799 cios.
236 1737 319 1795 Deus
338 1736 415 1795 enim
427 1742 476 1815 (ut
488 1738 657 1797 antevisum
670 1739 729 1815 est)
747 1759 780 1797 se
799 1738 913 1797 facilem
933 1760 966 1797 ac
986 1737 1151 1828 propitium
1170 1732 1255 1797 omui·

126 1816 182 1876 lius
203 1812 269 1873 lore
289 1812 480 1888 denuntians,
511 1813 678 1873 miserrimis
704 1815 868 1894 quibusque
887 1835 970 1894 spem
990 1812 1164 1889 obtinendi,
1183 1808 1253 1899 qood

126 1891 279 1974 petierint,
298 1890 380 1950 iacit:
400 1902 488 1968 atque
508 1890 576 1951 ideo
597 1891 743 1950 notandae
762 1905 831 1951 sunt
841 1891 993 1973 generales
1015 1888 1141 1965 formae,
1159 1886 1252 1970 quibus

127 1989 217 2029 nemo
237 1968 286 2044 (ut
306 1966 395 2047 vulgo
416 1968 531 2037 dicunt)
555 1988 570 2026 a
596 1968 690 2045 primo
716 1967 752 2027 ad
783 1967 917 2027 ultimum
938 1966 1117 2026 excluditur:
1150 1974 1252 2025 notun

126 2047 196 2106 assit
215 2043 313 2103 cordis
337 2045 504 2115 sinceritas,
528 2044 710 2122 displicentia
731 2045 840 2116 nostri,
865 2043 1029 2118 humilitas,
1056 2055 1087 2103 et
1106 2041 1194 2117 fides,
1219 2056 1252 2097 ne

127 2119 294 2201 hypocrisis
317 2131 417 2179 nostra
444 2118 500 2178 Dei
532 2142 641 2180 nomen
672 2119 767 2180 fallaci
797 2121 985 2180 invocatione
1015 2120 1173 2199 profanet:
1200 2134 1251 2177 noa

125 2220 173 2259 res
196 2210 246 2257 uet
265 2197 393 2276 optimus
412 2196 511 2269 Pater,
531 2218 604 2275 quos
625 2218 686 2256 non
706 2198 797 2257 modo
818 2197 853 2256 ad
874 2218 905 2257 se
924 2196 1024 2256 venire
1045 2188 1250 2269 horresceret

126 2220 351 2354 quibuscunque
372 2283 470 2351 potest
488 2274 583 2333 modis
603 2274 749 2333 sollicitat.
788 2274 866 2332 llinc
885 2273 934 2332 illa
954 2272 1096 2352 precandi
1116 2270 1251 2333 ratiollt·

125 2351 211 2426 vidis,
232 2370 318 2429 quam
338 2370 434 2428 nuper
453 2349 574 2409 recitavi
594 2349 649 2428 (Il.
660 2352 737 2409 Sani.
748 2356 779 2424 7,
798 2351 877 2427 ⁸27.):
897 2350 963 2425 „En
983 2348 1136 2428 pollicitus
1156 2346 1251 2409 esllo·

125 2431 228 2505 „mine
248 2445 332 2485 servo
353 2436 420 2484 tuo:
447 2445 510 2484 eam
532 2424 572 2484 ob
593 2446 655 2484 reni
675 2427 745 2486 colli
768 2430 790 2485 it
808 2430 935 2486 animum
955 2426 1044 2484 hodie
1064 2445 1169 2485 servus
1187 2436 1251 2493 tunt,

126 2515 178 2580 „et
198 2503 311 2560 invenit
330 2502 410 2578 quod
431 2512 528 2560 oraret
548 2523 646 2561 coram
667 2514 707 2560 te.
747 2446 837 2562 b'unc
858 2524 931 2584 ergo
950 2502 1083 2560 Domine
1104 2503 1186 2561 Deus
1204 2498 1250 2557 Ps-

125 2593 203 2657 „ter,
222 2590 253 2638 tu
274 2600 304 2637 es
323 2578 415 2651 Deus,
438 2590 467 2636 et
486 2576 577 2636 rerba
597 2591 725 2638 tuerere
745 2591 841 2637 erunt.
880 2582 1033 2672 Loquutus
1053 2598 1084 2636 es
1105 2598 1191 2639 servo
1207 2588 1250 2635 trio

125 2658 184 2733 „de
206 2656 247 2715 liis
268 2653 430 2714 benefieiis:
457 2655 554 2733 incipe
575 2675 647 2736 ergo
669 2666 700 2714 et
724 2656 799 2715 lac.“
845 2657 937 2715 Sicuti
962 2656 1048 2714 etiam
1075 2655 1147 2714 alibi
1171 2648 1250 2731 (Pol.

125 2741 194 2808 119,
205 2733 282 2808 76.):
303 2731 443 2803 „Praesta
455 2752 540 2791 servo
562 2743 611 2791 tuo
632 2733 792 2791 secundum
804 2731 954 2811 eloquium
968 2737 1081 2790 tuiiiii.“
1108 2732 1147 2791 Et
1160 2746 1250 2792 omnes

124 2809 210 2873 simul
230 2809 397 2884 Israelitae,
432 2808 545 2887 quoties
566 2829 597 2869 se
619 2808 745 2870 foederis
771 2810 978 2869 recordatione
1008 2809 1165 2881 muniunt,
1194 2802 1252 2867 satit

126 2886 276 2948 declarant
296 2907 357 2944 non
378 2906 440 2945 esse
461 2885 561 2945 timide
574 2886 729 2960 orandum,
747 2886 798 2944 ulii
810 2887 891 2945 Deus
910 2887 949 2944 ita
966 2884 1155 2961 praescribit:
1174 2894 1252 2962 atque

124 2967 156 3025 iri
187 2964 244 3023 hoc
275 2962 379 3021 imitati
410 2973 478 3021 sunt
508 2962 628 3022 Patroni
661 2964 807 3042 exempla,
837 2964 1007 3043 praesertim
1036 2961 1144 3021 Iacobi
1167 2958 1252 3037 (Gett-

123 3041 268 3119 32,10.),
289 3040 338 3118 qui
358 3051 513 3117 postquam
534 3039 683 3097 consessus
704 3050 763 3111 est,
783 3059 813 3098 se
834 3040 977 3098 minorem
998 3058 1061 3097 esse
1082 3048 1131 3097 tot
1149 3034 1253 3097 miseri·

124 3115 249 3187 eordiis,
274 3136 345 3204 quas
364 3125 531 3191 susceperat
550 3135 566 3172 e
587 3136 673 3173 minu
692 3116 765 3190 Dei,
786 3116 821 3174 ad
842 3116 950 3174 maiora
971 3128 1069 3173 tamen
1088 3110 1253 3195 postulanda

123 3214 155 3253 se
175 3191 296 3250 animari
316 3192 399 3263 dicit,
421 3190 487 3269 quia
508 3190 587 3248 Deus
607 3213 638 3250 se
660 3192 804 3252 facturum
825 3193 1007 3271 promiserat.
1027 3224 1067 3237 -
1101 3192 1253 3265 Questus-

124 3288 181 3349 que
201 3286 274 3325 vero
296 3266 412 3326 colores
438 3266 602 3354 obtendant
629 3268 789 3341 inereduli,
822 3268 871 3327 ubi
892 3269 926 3327 ail
946 3270 1044 3326 Deum
1071 3287 1135 3327 non
1156 3264 1253 3328 eoniu-

122 3346 217 3437 giunt,
237 3345 351 3420 quoties
371 3355 458 3424 urget
477 3356 641 3413 necessitas,
660 3344 753 3423 ipsum
768 3366 827 3404 non
842 3345 1005 3423 requirunt,
1024 3364 1081 3406 nee
1101 3344 1253 3425 eiusopeni

122 3418 298 3499 implorant,
327 3440 388 3477 non
414 3419 499 3477 aliter
519 3419 692 3479 defraudant
712 3442 778 3480 enm
806 3421 938 3501 legitimo
967 3421 1100 3495 honore,
1132 3416 1254 3501 quamsi

123 3498 301 3560 fabricarent
329 3495 384 3553 sitii
410 3517 504 3554 novos
529 3495 600 3555 deos
621 3509 651 3555 et
677 3497 767 3556 idola:
798 3497 942 3575 siquidem
970 3497 1026 3556 lioc
1052 3498 1145 3558 modo
1166 3498 1253 3557 Deum

123 3575 179 3638 sibi
199 3572 347 3633 bonorum
369 3572 498 3629 omnium
520 3584 669 3631 auctorem
697 3596 758 3633 esse
786 3586 904 3655 negant.
958 3576 1072 3633 Contra
1097 3575 1172 3634 nihil
1191 3572 1254 3634 rali-

123 3654 186 3712 dius
207 3649 242 3709 ed
263 3647 327 3727 pios
346 3647 426 3707 omni
451 3647 588 3726 scrupulo
615 3649 797 3717 liberandos,
822 3673 907 3729 quum
934 3651 1039 3709 ariiiari
1067 3650 1123 3710 hac
1151 3651 1255 3731 cogita·

121 3729 222 3799 tione,
242 3745 303 3784 non
324 3742 385 3783 esse
407 3745 459 3783 cur
478 3724 534 3783 ulla
554 3744 668 3783 remora
691 3727 840 3805 impediat,
859 3728 928 3784 duni
948 3748 1061 3785 rnorem
1084 3739 1195 3819 gerunt
1205 3722 1254 3785 liei

121 3806 273 3877 mandate,
293 3798 343 3879 qui
363 3800 532 3860 obedientia
553 3802 625 3859 niliil
648 3802 702 3860 sibi
729 3804 837 3882 gratius
864 3824 925 3861 esse
951 3815 1136 3882 pronuntiat.
1185 3804 1255 3863 llius

121 3903 220 3943 rursus
240 3878 320 3956 quod
342 3877 421 3965 prius
442 3878 497 3935 ilisi
518 3875 620 3936 clarius
641 3877 787 3953 elucescit,
808 3879 902 3957 probe
924 3902 988 3937 cum
1010 3892 1102 3954 metu,
1124 3899 1254 3940 revereri·

120 3960 172 4033 tia,
190 3954 541 4031 sollicitudinequadrare
561 3954 739 4031 intrepidum
761 3956 899 4033 precandi
911 3956 1057 4035 spiritum,
1077 3978 1116 4015 ne
1140 3978 1177 4018 ue
1193 3976 1254 4017 vero

121 4034 279 4095 absurdum
300 4050 379 4104 esse,
398 4032 422 4089 si
443 4042 608 4107 prostratos
627 4032 708 4090 Deus
731 4034 830 4112 erigat.
869 4033 937 4090 lloc
959 4033 1048 4090 modo
1077 3978 1159 4092 belle
1184 4034 1254 4094 inter

120 4132 152 4172 se
172 4107 376 4182 consentiunt,
396 4127 470 4184 quae
490 4107 520 4164 in
541 4109 667 4186 speciem
689 4122 854 4189 repugnant
874 4108 1015 4186 loquendi
1035 4108 1162 4170 locinae.
1208 4112 1255 4170 Di·

120 4199 192 4247 cunt
211 4184 349 4244 Ieremias
369 4194 399 4242 et
410 4181 514 4242 Daniel
527 4185 561 4261 a)
581 4204 612 4243 se
633 4197 821 4263 prosternere
842 4206 943 4265 preces
960 4204 1058 4244 coram
1070 4186 1149 4248 Deo.
1181 4183 1254 4247 Alibi
