2700 4732
159 219 218 281 tlt
556 210 632 271 ΗΒ.
653 211 677 271 1.
717 210 806 283 CAP.
826 208 906 271 XIV.

164 357 285 432 didicit,
308 354 360 417 sed
385 374 460 435 quae
484 353 577 415 oculis
597 354 681 416 vidit.
736 355 773 413 m
797 356 826 413 ni
846 352 968 429 Paulus,
1000 352 1052 445 qui
1077 365 1156 414 extra
1181 352 1296 415 tertium

163 434 281 498 coelum
299 443 400 513 raptus
421 433 533 506 suerat,
559 452 620 490 non
641 430 731 490 modo
752 376 824 491 ellit
851 430 909 491 tale
935 430 1083 509 prodidit,
1102 431 1158 495 sed
1177 441 1296 491 testatus

164 531 284 591 quoque
293 523 347 586 est,
365 506 449 569 nefas
470 528 532 567 csse
552 508 665 568 homini
684 507 765 586 loqui
786 528 860 587 quae
870 506 983 565 viderat
1000 528 1113 566 areana.
1151 505 1205 567 Illa
1226 526 1296 589 ergo

163 588 319 669 nugatoria
343 585 484 665 sapientia
509 583 605 643 valere
630 584 719 656 iussa,
751 602 784 642 ex
814 584 938 663 simplici
963 584 1133 661 Scripturas
1165 583 1296 645 doctrina

164 663 392 736 consideremus,
415 662 494 742 quod
515 660 550 719 de
570 659 681 741 angelis
700 660 758 719 suis
777 661 851 721 seire
871 682 926 719 nus
945 661 1090 719 Dominus
1111 659 1215 719 voluit.

239 746 268 805 5.
306 738 438 818 Angelos
458 756 520 797 esse
540 735 682 797 coelestes
707 736 842 815 spiritns,
863 757 988 814 quorum
1009 734 1170 795 ministerio
1191 746 1222 795 et
1240 732 1296 795 ols-

164 816 266 896 sequio
285 816 379 876 utitur
400 815 478 873 Deus
498 813 535 872 ad
556 812 736 891 exsequenda
757 814 854 872 omnia
875 832 950 890 quae
970 812 1113 885 decrevit,
1143 812 1250 891 passim
1267 814 1297 871 in

165 893 319 972 Scriptura
340 891 461 971 legitur:
487 889 616 947 undeet
640 887 696 947 hoc
723 888 778 948 illis
803 908 912 948 nomen
940 888 1112 948 attributum
1133 900 1192 957 est,
1217 886 1296 967 quod

164 967 231 1027 illos
250 968 341 1028 relnti
362 966 557 1025 internuntios
576 965 697 1024 adhibet
717 965 796 1024 Deus
817 966 851 1023 ad
872 986 903 1024 se
925 963 1091 1025 hominihus
1110 963 1296 1023 manifestan-

165 1045 244 1103 dum.
282 1043 368 1102 Aliae
388 1043 484 1116 etiarn,
504 1042 609 1121 quihus
629 1042 823 1120 insigniuntur
843 1040 1068 1122 appellationes,
1093 1058 1126 1095 ex
1145 1038 1232 1099 simili
1251 1060 1296 1099 ra-

164 1120 249 1181 tione
269 1131 401 1199 sumptae
419 1130 496 1177 sunt.
541 1118 691 1177 Exercitus
712 1130 869 1190 vocantur,
894 1118 960 1196 quia
981 1129 1014 1175 ut
1030 1114 1170 1176 satellites
1189 1116 1296 1193 princi·

165 1216 234 1277 pem
253 1216 337 1255 suum
357 1195 551 1266 circumdant,
577 1195 638 1254 eius
663 1194 842 1253 maiestatem
869 1205 1029 1267 exornant,
1062 1205 1092 1250 et
1111 1193 1296 1269 conspicuam

166 1270 304 1344 reddunt,
324 1282 354 1330 et
373 1270 464 1331 instar
484 1270 606 1329 militum
625 1268 661 1328 ad
681 1269 795 1348 signnm
812 1270 891 1329 ducis
910 1271 954 1329 sni
966 1289 1082 1361 semper
1101 1268 1208 1327 intenti
1220 1280 1296 1343 sunt,

163 1359 198 1409 et
216 1346 256 1407 ita
276 1345 368 1427 parati
386 1357 456 1405 suot
474 1368 507 1407 ac
527 1345 653 1426 expediti
677 1348 712 1404 ad
740 1367 772 1405 ca
796 1347 914 1405 essenda
935 1346 1011 1405 illius
1031 1366 1121 1419 mssa,
1145 1354 1179 1404 ut
1197 1344 1296 1405 simul-

166 1443 201 1484 ac
220 1422 370 1495 annuerit,
396 1424 479 1511 operi
499 1442 530 1481 se
550 1423 629 1482 accio
654 1433 719 1495 ant,
738 1366 793 1480 rel
803 1423 900 1501 potius
920 1421 978 1480 sint
998 1424 1027 1481 in
1049 1440 1150 1512 opere.
1191 1420 1296 1481 Talem

114 1496 121 1529 ³
165 1499 320 1581 imaginem
332 1498 432 1558 throni
448 1498 515 1571 Dei,
534 1498 569 1559 ad
590 1442 792 1557 declarandam
806 1499 867 1557 eins
887 1520 930 1556 ma
954 1498 1140 1569 niliccntram,
1160 1518 1226 1556 cum
1247 1496 1296 1557 alii

166 1575 335 1667 Prophetae
355 1574 539 1648 describunt,
569 1586 629 1632 turn
678 1518 1104 1665 raecipneDaniei(7,10.):
1137 1574 1187 1633 ubi
1218 1572 1296 1633 mille

166 1651 268 1725 milha,
288 1663 320 1711 et
339 1650 436 1712 decies
455 1649 535 1709 mille
554 1594 696 1729 myriaslas
715 1651 837 1710 astitisse
858 1651 938 1723 dicit,
959 1670 1049 1729 quum
1068 1652 1150 1709 Deus
1169 1648 1296 1713 tribunal

166 1728 393 1789 conscendisset
445 1726 594 1799 Quoniam
619 1746 688 1785 vero
715 1727 772 1786 vim
799 1747 832 1785 ac
864 1727 1066 1786 fortitudinem
1099 1747 1200 1787 manus
1229 1744 1296 1787 suae

167 1804 312 1863 Dominus
338 1824 391 1883 per
421 1805 499 1882 ipsos
526 1802 696 1862 mirabiliter
716 1803 819 1861 exserit
844 1823 877 1861 ae
903 1803 1048 1878 declarat,
1079 1802 1148 1862 inde
1167 1802 1296 1865 Virtutes

167 1882 367 1940 nominantur.
408 1880 486 1955 Quia
501 1898 570 1937 vero
590 1879 743 1958 imperium
763 1901 845 1938 suum
866 1880 896 1937 in
909 1880 1018 1939 mundo
1039 1899 1092 1959 per
1112 1900 1162 1939 eos
1183 1890 1296 1941 exercet

168 1978 202 2017 ac
228 1956 427 2030 administrat,
452 1957 520 2032 ideo
541 1956 678 2015 dicuntur
704 1976 781 2014 nunc
802 1955 1000 2037 Principatus,
1026 1977 1104 2017 nunc
1124 1956 1296 2031 potestates,

167 2054 246 2093 nunc
266 2033 490 2092 Dominationcs
514 2030 597 2107 (Col.
617 2041 651 2104 1,
669 2038 718 2095 16.
738 2032 764 2088 Ε
788 2031 845 2091 hes.
866 2039 899 2105 1,
919 2034 990 2108 tt).
1034 2032 1206 2105 Postremo,
1232 2034 1296 2113 quia

168 2108 200 2168 in
220 2108 275 2169 illis
287 2109 504 2187 quodammodo
527 2108 633 2167 residet
652 2108 746 2187 gloria
757 2052 825 2179 Ilei,
846 2108 872 2165 Τ
876 2107 960 2165 hreni
972 2129 1090 2187 quoque
1110 2109 1162 2168 hae
1182 2110 1296 2169 ratione

168 2183 360 2263 appellantur.
386 2184 608 2261 Quanquamde
629 2183 685 2242 hoc
704 2194 853 2261 postremo
875 2183 1045 2243 nihilvelim
1066 2204 1209 2245 assereres
1230 2186 1296 2267 quia

169 2262 280 2321 diversa
301 2261 504 2340 interpretatio
525 2258 569 2318 vel
590 2279 698 2335 aeque,
718 2259 761 2317 rel
782 2260 872 2335 magis
893 2261 979 2318 etiam
1000 2263 1146 2342 congruit.
1185 2262 1296 2323 Verum

168 2336 226 2397 hoc
247 2336 368 2395 nomine
395 2337 517 2409 omisso,
549 2336 695 2415 prioribus
725 2334 782 2393 illis
806 2356 892 2414 saepe
917 2338 1009 2395 utitur
1029 2338 1155 2417 Spiritus
1181 2351 1296 2401 sanctu

169 2413 206 2472 ad
235 2412 493 2472 commendandam
523 2409 646 2493 angelici
678 2411 829 2471 ministerii
859 2413 1040 2493 dignitatem.
1089 2415 1194 2493 Neque
1221 2418 1296 2475 enim

169 2508 293 2567 aequum
313 2500 371 2561 est,
391 2488 453 2547 sine
474 2488 588 2547 honore
609 2488 761 2568 praeteriri
782 2508 815 2547 ea
835 2489 1036 2562 instrumenta,
1055 2490 1159 2569 quihus
1171 2492 1296 2553 numinis

169 2566 213 2626 sui
240 2566 431 2643 praesentiam
451 2563 617 2643 specialiter
637 2565 717 2624 Deus
737 2564 861 2624 exhibet.
901 2566 982 2639 Quin
1005 2567 1091 2625 etiam
1117 2566 1158 2625 oh
1184 2566 1215 2625 id
1236 2586 1296 2631 non

168 2640 257 2701 semel
278 2641 317 2699 dii
337 2652 559 2720 nuncupantur,
584 2642 664 2719 quod
684 2641 714 2699 in
734 2663 786 2700 suo
808 2640 985 2714 ministerio,
1011 2641 1089 2701 velut
1114 2642 1143 2701 in
1163 2644 1296 2722 speculo,

167 2716 346 2775 divinitatem
366 2715 504 2795 aliqnaex
524 2728 605 2796 parte
624 2717 950 2797 nohis'rcpraesentant.
988 2718 1117 2777 Tametsi
1128 2719 1205 2778 enirn
1227 2720 1296 2783 ma'lti

167 2814 228 2853 non
255 2792 387 2871 displicet
428 2793 486 2852 uod
511 2805 623 2852 veteres
648 2794 704 2853 scri
728 2805 821 2866 tores,
848 2794 898 2852 uhi
922 2794 1120 2874 scripturali)
1148 2796 1296 2877 Angelum

168 2868 226 2927 Dei
244 2814 524 2942 Abrahae,lacoh,
543 2870 620 2929 hlosi
640 2880 672 2928 et
695 2814 756 2929 aliis
776 2871 943 2948 apparuisse
962 2884 1189 2945 commemorat,
1209 2872 1296 2935 Chri·

168 2956 246 3004 stum
265 2945 353 3004 fuisse
373 2945 518 3025 Angelum
545 2946 625 3005 illum
649 2946 896 3026 interpretantur:
920 2947 1033 3024 saepius
1057 2959 1155 3007 umen
1182 2948 1235 3009 uhi
1261 2950 1296 3011 de

169 3020 281 3102 angelis
306 3020 442 3081 omnihus
468 3021 503 3079 fit
521 3024 649 3094 mentio,
674 3021 730 3081 hoc
751 3043 860 3081 nomen
880 3022 935 3081 illis
955 3023 1102 3087 tribuitur.
1141 3024 1249 3103 Neque
1268 3022 1296 3087 id

169 3097 273 3155 mirum
292 3097 384 3155 videri
404 3096 505 3156 dehet:
537 3119 602 3157 narn
627 3100 651 3157 si
677 3098 856 3177 principibus
880 3119 913 3155 ae
938 3098 1093 3177 praelectis
1118 3100 1148 3158 id
1174 3100 1296 3163 honoria

170 3172 271 3246 datur,
296 3171 376 3250 quod
395 3171 469 3245 Dei,
496 3174 545 3251 qui
570 3195 698 3235 summus
720 3187 764 3234 est
783 3174 844 3232 ller
864 3187 893 3232 et
914 3174 1017 3247 ltrdex,
1041 3176 1117 3233 vices
1137 3190 1249 3257 gerunt
1267 3180 1296 3239 iu

169 3268 221 3307 sna
240 3248 403 3322 iunctione,
421 3247 512 3329 longe
532 3250 624 3309 maior
643 3270 728 3309 causa
747 3262 791 3307 est
810 3272 862 3309 eur
881 3250 1160 3333 deseraturangelis,
1179 3255 1210 3313 in
1231 3254 1296 3335 qui·

148 3323 224 3384 ⁴hus
243 3324 356 3383 divinae
376 3325 488 3404 gloriae
508 3324 620 3384 claritas
639 3324 732 3384 multo
752 3326 946 3387 ahumlaotins
967 3327 1071 3387 elucet.

245 3405 273 3463 6.
313 3399 405 3473 Quod
424 3412 519 3459 autern
540 3402 575 3459 ad
596 3402 825 3461 consolationem
844 3414 974 3461 nostram
993 3401 1119 3482 fideique
1138 3404 1296 3467 confirma·

169 3474 283 3533 tionem
308 3474 406 3536 lacere
430 3476 550 3535 maxime
575 3488 707 3557 poterat,
731 3479 761 3536 in
786 3498 823 3537 eo
847 3478 982 3537 docendo
1008 3478 1165 3559 plurimum
1188 3480 1296 3543 insistit

171 3550 336 3629 Scriptura:
360 3571 466 3630 nempe
484 3552 605 3633 angelos
630 3553 742 3613 divinae
768 3574 836 3636 erga
860 3575 914 3614 nos
941 3554 1151 3615 beneficentiae
1176 3556 1296 3639 dispen·

171 3638 280 3687 satores
314 3648 376 3685 esse
405 3640 435 3688 et
468 3628 664 3688 administros.
711 3630 784 3688 Ideo
808 3650 843 3689 ue
868 3642 1092 3705 commemorat,
1120 3652 1179 3722 pro
1202 3632 1296 3695 salut!

171 3714 271 3762 nostra
290 3705 368 3783 ipsos
395 3703 552 3779 excubare,
581 3706 727 3785 suscipere
747 3652 948 3767 dehnstonem
973 3708 1159 3781 nostri,r1as
1181 3721 1296 3771 nosuat

172 3778 308 3859 dirigere,
327 3777 555 3841 sollicitudinem
564 3799 669 3863 gerere
688 3783 807 3862 nequid
827 3782 938 3844 adversi
959 3782 1045 3843 nohis
1057 3783 1178 3844 accidat.
1220 3778 1296 3845 Uni·

169 3854 293 3915 versales
312 3866 381 3913 sunt
399 3856 577 3933 sentcntiae,
618 3878 672 3919 nae
696 3858 835 3938 imprimis
855 3858 890 3917 ad
912 3858 1058 3919 Christum
1084 3860 1296 3921 ecclesiae-ca·

169 3941 238 4009 put,
264 3930 369 3990 deiude
394 3932 429 3991 ad
454 3952 556 3991 omnes
579 3878 679 3993 fideles
705 3936 861 4013 pertinent.
899 3934 1045 4017 „Angelis
1069 3936 1128 3995 suis
1147 3932 1296 3997 mandari!

169 4005 233 4081 „de
250 4019 297 4081 te,
314 4019 347 4067 ut
366 4007 532 4068 custodiant
550 4020 580 4069 te
599 4010 628 4069 in
650 4010 784 4069 omnihus
803 4010 855 4071 viis
874 4012 939 4068 tuis.
983 4013 1018 4070 ln
1039 4012 1296 4091 manibuspom·

168 4162 366 4174 *na-..u-
371 4165 1010 4177 m-—n-a—n———n——-—-
1017 4160 1286 4191 ——w——d

167 4330 223 4381 up·
235 4244 446 4371 Quintae
463 4264 488 4302 a
503 4252 546 4313 aa,
565 4253 587 4305 r.
606 4252 650 4309 as.
686 4252 734 4307 m
751 4256 776 4315 s,
794 4254 833 4309 n.
868 4251 947 4307 naa.
966 4254 996 4319 s,
1018 4256 1057 4311 aa
1077 4269 1101 4307 a
1119 4258 1167 4318 13,
1184 4256 1227 4313 aa
1243 4252 1285 4309 ,a
