2700 4732
121 195 179 257 m
521 152 879 251 mmmm

121 335 188 415 quia
209 328 361 401 facultates
402 351 438 393 ua
456 329 544 393 decet
563 332 729 415 symmetria
749 332 829 393 inter
847 353 879 393 se
893 354 955 393 non
967 330 1164 394 consentiant.
1184 332 1267 397 Cae·
1292 392 1296 401 ,

121 424 217 473 terum
237 408 275 469 de
292 408 361 489 ipsis
380 352 567 471 dacultatibus
585 408 721 471 subtilius
741 409 883 471 disserere
901 409 1020 501 pbiloso
1044 410 1086 469 his
1107 412 1267 489 permitto:

122 487 210 547 nobie
228 484 267 547 ad
285 485 509 545 aedificandam‘
541 488 658 545 ietatem
683 486 804 566 simplex
828 486 960 547 delinitio
985 509 1018 547 su
1052 486 1121 545 ciet.
1181 488 1265 551 Ve'r'e

123 563 241 644 quidem
262 582 335 638 esse,
354 582 411 623 nee
429 507 557 625 iucunde
576 563 666 622 modo
687 564 820 645 cognitu,
852 562 1011 622 sedetiam
1032 562 1114 622 utilia
1135 582 1200 625 esse
1221 564 1266 626 la·

121 652 200 711 teor,
219 638 319 699 dextre
343 660 379 699 ue
398 638 435 699 ab
456 637 511 698 illis
530 636 656 699 collecta
675 661 750 720 quae
769 638 894 700 docent:
928 658 984 698 nec
1002 660 1078 699 vero
1099 639 1135 699 ab
1156 660 1265 703 eorum

120 716 218 779 studio
237 660 405 795 prohibeo,
425 716 477 796 qui
496 713 627 775 discendi
647 716 745 795 cupidi
764 729 841 776 srrnt.
880 714 1016 775 Admitto
1041 716 1135 797 igitur
1161 718 1263 797 primo

120 792 190 855 loco
211 811 273 853 esse
293 793 425 871 quinque
443 812 554 861 sensus,
574 814 649 871 quos
660 804 757 852 umen
768 792 886 851 Platoni
898 791 944 871 (in
956 792 1138 869 Theaeteto)
1148 814 1268 877 organa

121 868 212 951 magis
231 868 331 930 vocari
351 870 457 949 placet,
510 866 594 928 uibus
615 869 644 927 in
665 889 781 929 sensum
802 889 1004 943 communem,
1036 889 1091 927 eeu
1110 870 1143 929 in
1174 884 1263 931 rece-

122 944 270 1028 ptaculum
298 944 445 1026 quoddam
475 888 592 1003 obieeta
624 947 721 1004 omnia
741 944 933 1003 instillentur:
966 946 1049 1025 sequi
1067 944 1266 1024 phantasiam,

122 1042 197 1103 quae
217 1043 233 1082 a
251 1041 338 1083 sensu
358 1018 508 1083 communi
526 1020 708 1111 apprehensa
729 1020 882 1081 diiudicet:
907 1032 1010 1101 postea
1029 1024 1187 1093 rationem,
1230 1042 1265 1083 e-

122 1120 176 1161 nes
194 1119 281 1180 quam
301 1097 463 1159 universale
483 1081 527 1157 es‘t
547 1098 698 1157 rudieium:
730 1110 881 1179 postremo
901 1108 1042 1172 mentem,
1068 1118 1143 1177 quae
1163 1046 1264 1161 debxo

120 1176 283 1309 quietoepue
306 1174 417 1233 intuitu
440 1172 670 1253 contempletur,
700 1196 775 1254 quae
802 1174 878 1233 ratio
904 1174 1096 1234 discurrendo
1126 1175 1262 1237 volutare

118 1250 204 1314 solet.
254 1263 311 1311 tem
321 1251 356 1329 ²¹¹)
376 1248 479 1327 menti,
499 1250 619 1323 rationi,
638 1250 817 1330 phantasiae,
834 1248 930 1310 tribus
947 1251 1059 1310 animae
1072 1250 1264 1315 facultatibus

108 1326 279 1411 ,cognitivis
294 1340 355 1388 tres
374 1326 462 1387 etiarn
481 1326 655 1408 appetitivas
675 1328 871 1408 respondere:
891 1326 1083 1389 Voluntatem
1096 1328 1178 1389 cuius
1191 1340 1263 1411 par'·

120 1417 164 1467 tes
181 1402 250 1481 sint,
270 1421 346 1484 quae
366 1423 448 1463 mens
469 1415 499 1462 et
519 1404 594 1463 ratio
615 1416 794 1483 proponant,
821 1414 975 1492 appetere:
1011 1404 1077 1463 Vim
1102 1404 1261 1481 irascendi,

119 1500 195 1563 quae
214 1502 231 1541 a
252 1480 369 1541 ratione
390 1491 420 1539 et
439 1478 588 1560 phantasia
629 1491 745 1539 orreeta
764 1478 899 1558 arripiat:
926 1480 994 1539 Vim
1016 1480 1260 1563 concupiscendi,

118 1578 192 1649 quae
212 1579 228 1619 a
247 1556 397 1638 phantasia
416 1574 561 1634 sensuque
593 1500 711 1616 obiecta
743 1555 953 1636 apprehendat.
1011 1556 1091 1617 llaec
1127 1570 1160 1617 ut
1188 1576 1258 1619 vera

116 1647 185 1708 sint,
204 1645 254 1695 aut
264 1634 367 1694 saltem
378 1631 554 1713 probabilia,
574 1634 712 1711 quoniam
727 1644 825 1692 tamen
845 1652 954 1693 vereor
973 1652 1011 1691 ne
1031 1634 1123 1725 magis
1138 1655 1192 1694 nos
1204 1654 1257 1695 sn

117 1710 298 1773 obscuritate
318 1708 473 1769 involvant
492 1731 578 1789 quam
598 1710 709 1782 iuvent,
728 1709 891 1768 omittenda
912 1729 1029 1770 censeo.
1059 1710 1092 1769 Sr
1114 1710 1162 1771 eui
1182 1708 1259 1771 libet

116 1787 175 1849 alio
195 1786 286 1849 modo
306 1786 421 1847 animae
441 1785 589 1867 potentias
609 1784 795 1857 distribuere,
827 1797 860 1845 ut
885 1784 976 1845 altera
997 1799 1120 1845 vocetur
1138 1786 1273 1867 appeti·

116 1864 188 1925 tiva:
223 1882 298 1943 quae
317 1864 431 1923 tametsi
450 1862 574 1923 rationis
594 1881 710 1942 expers,
737 1862 846 1921 rationi
870 1873 969 1922 tamen
997 1861 1202 1943 obtemperat,
1230 1862 1257 1925 ai

118 1940 237 2003 aliunde
257 1938 413 2033 dirigatur:
452 1938 543 2000 altera
563 1938 675 1999 dicatur
695 1938 883 2013 intellectiva,
910 1938 1031 2017 quaesit
1049 1960 1103 2017 per
1122 1939 1256 2019 seipsam

116 2016 237 2079 rationis
256 2029 419 2108 particeps:
450 2038 513 2076 non
537 2015 621 2077 valde
645 2014 784 2075 reclamo.
810 2018 874 2075 Nec
894 2015 972 2075 istud
999 2014 1136 2075 refellere
1155 2016 1215 2077 veli

115 2096 170 2157 tria
191 2114 253 2154 esse
272 2094 381 2175 agenda
400 2092 555 2173 principia:
581 2111 713 2167 sensum,
732 2091 936 2165 intellectum,
960 2093 1133 2171 appetitum.
1192 2094 1234 2155 Se

114 2193 171 2233 nos
203 2169 375 2230 divisionem
405 2168 504 2247 potins
535 2168 676 2249 eligamus
708 2169 785 2227 inlra
816 2171 947 2229 omnium
979 2182 1095 2246 captum
1114 2167 1254 2249 positam,

114 2267 188 2328 quae
207 2256 288 2307 certe
308 2267 324 2306 a
344 2245 526 2326 philosophis
546 2245 607 2325 peti
628 2266 688 2305 non
730 2254 816 2305 otest.
866 2246 940 2305 Nam
961 2242 1003 2303 illi
1023 2247 1068 2322 **)
1094 2245 1163 2305 durn
1183 2245 1254 2307 sint-

113 2323 267 2406 plicissime
297 2320 381 2401 loqui
404 2322 522 2394 volunt,
547 2320 671 2380 animam
699 2266 832 2403 dividunt
852 2321 881 2380 in
902 2322 1065 2401 appetitum
1086 2334 1116 2381 et
1135 2320 1270 2384 intelle·.

112 2414 208 2462 ctum:
226 2396 280 2459 sed
298 2410 456 2479 utrumque
474 2396 587 2458 faciunt
606 2398 762 2478 duplicem.
802 2398 890 2457 Hunc
910 2398 1057 2457 interdum
1068 2398 1254 2481 contempla·

112 2478 203 2538 tivum
224 2494 286 2536 esse
307 2475 420 2549 dicunt,
439 2473 489 2554 qui
508 2473 571 2535 sola
591 2475 764 2555 cognitione
785 2486 958 2549 contentus,
986 2475 1100 2535 nullum
1126 2476 1252 2537 actioni

112 2564 227 2613 motum
246 2550 370 2611 babeat:
403 2572 491 2631 quam
512 2572 573 2609 rem
594 2551 705 2633 ingenii
732 2552 852 2612 nomine
873 2550 1018 2632 designari
1038 2561 1121 2631 putat
1141 2552 1252 2615 cicero

112 2630 165 2709 (de
183 2628 249 2689 Fin.
270 2626 321 2687 lib.
340 2628 398 2705 b·)s
428 2626 577 2688 interdurn
597 2629 772 2706 practicum,
803 2627 851 2708 qui
872 2628 943 2688 boni
963 2628 1066 2687 malive
1085 2628 1251 2719 apprehen-

111 2706 196 2768 sione
215 2704 400 2765 voluntatem
423 2704 505 2764 sarie
530 2716 655 2765 moveat.
694 2706 758 2764 Sub
784 2726 843 2785 quo
870 2724 980 2787 genere
1013 2704 1090 2764 bene
1117 2715 1252 2787 resteque

111 2781 228 2844 vivendi
252 2778 375 2843 scientia
403 2781 582 2842 continetur.
639 2778 726 2841 Illum
758 2802 878 2861 quoque
907 2780 1084 2862 (appetitum
1104 2780 1190 2857 dieo)
1217 2780 1250 2843 in

110 2858 293 2921 voluntatem
313 2868 344 2917 et
363 2856 631 2939 concupiscentiam
659 2858 835 2937 partiuntur,
853 2878 887 2918 ac
905 2858 1038 2928 βούλησιν
1056 2857 1175 2935 quidem
1188 2876 1250 2921 esse

109 2935 226 3016 quoties
243 2928 352 2996 rationi
362 2938 519 3015 appetitus,
538 2955 626 3013 quem
646 2932 738 3003 ὁρμήν
755 2934 914 3015 appellant,
933 2933 1135 3013 obtemperat:
1155 2930 1249 2999 adase

108 3010 292 3093 nutemulieri
317 3010 369 3071 ubi
400 3031 520 3071 excusso
551 3010 673 3071 rationis
699 3010 788 3089 iugo,
818 3010 853 3071 ad
877 3010 1082 3091 intemperiem
1111 3010 1248 3093 excurrit.

109 3087 153 3169 lt!
173 3107 291 3167 semper
310 3088 341 3147 in
362 3086 483 3149 bomine
502 3088 649 3149 rationem
668 3087 880 3171 imaginantur,
905 3104 1013 3168 quase
1043 3098 1125 3147 recte
1144 3086 1269 3149 morte.

109 3165 168 3227 reri
207 3174 285 3223 neat.
354 3200 357 3206 -
990 3186 994 3195 ·
1234 3182 1237 3193 ·

168 3187 213 3307 ξ.
252 3234 299 3301 Ab
319 3238 374 3301 bac
395 3238 522 3301 docendi
541 3240 657 3301 ratione
676 3239 795 3320 paulum
825 3239 1149 3322 discedererogimur:
1178 3240 1246 3323 quia

128 3314 294 3408 bilosophi,
319 3314 431 3397 ¹quibus
444 3313 608 3401 ¹incognita
632 3329 695 3378 erat
715 3330 837 3376 naturae
857 3317 1027 3395 corruptio,¹
1041 3336 1117 3395 quae
1137 3336 1172 3376 ex
1193 3318 1245 3379 de-

107 3338 246 3457 iectionis
281 3413 357 3463 oena
377 3390 527 3473 provenit,
547 3393 620 3454 duos
640 3386 769 3453 brimin'is
788 3405 880 3453 status
899 3392 1123 3455 valde²diversos
1135 3412 1246 3475 perpe·

107 3490 169 3529 ram
189 3415 386 3537 conlhndunt.
423 3466 477 3545 ¹Sic
496 3490 570 3553 ergo
591 3468 760 3541 habeamus,
784 3470 905 3530 subesse
924 3470 994 3529 duas
1010 3470 1160 3533 humanae
1180 3470 1244 3531 ani·

106 3564 171 3607 mae
191 3558 305 3626 partes,
336 3564 411 3626 quae
431 3532 550 3625 quidem
591 3545 718 3609 raesenti
738 3547 873 3607 instituto
901 3546 1098 3619 conveniant,
1126 3545 1245 3608 intelle·-

106 3634 186 3684 ctum
211 3632 242 3682 et
266 3621 451 3684 voluntatem
481 3623 555 3701 (vid.
570 3568 625 3683 hb.
644 3629 673 3687 2.
693 3644 719 3682 c.
738 3628 766 3686 *Δ
787 3646 809 3683 s.
827 3628 856 3687 ⁶2.
876 3626 947 3701 12).
993 3622 1040 3682 Sit
1057 3636 1156 3685 autern
1176 3622 1245 3685 old·-

106 3698 184 3759 eium
208 3697 391 3773 intellectus,
422 3699 501 3759 inter
530 3699 648 3760 obieeta
677 3700 862 3776 discernere,
892 3711 983 3780 prout
1012 3708 1165 3781 unum'quo
1208 3710 1245 3771 ut

103 3775 292 3855 probandum
312 3786 364 3836 aut
383 3776 421 3835 im
445 3774 610 3836 robandum
629 3776 725 3836 visum
747 3776 849 3836 luerit:
874 3775 1032 3838 voluntatis
1052 3776 1244 3855 autem,·ei·

103 3870 176 3934 gere
196 3863 227 3911 et
244 3852 328 3935 sequi
348 3871 408 3933 quo
450 3852 561 3912 bonum
581 3852 747 3914 intellectus
767 3851 931 3929 dictaverit,
963 3856 993 3913 as'
1016 3852 1113 3913 ernari
1142 3870 1178 3917 ae
1197 3852 1242 3915 lu·
1276 3908 1279 3914 .

102 3946 176 4011 gere
195 3930 276 4009 quod
296 3927 351 3997 ille,
366 3928 580 4010 improbaverit
598 3929 690 4009 (Plat
709 3929 741 3989 in
759 3928 931 4010 Phaedro).
950 3876 1033 3991 Nihil
1052 3929 1099 3991 bic
1119 3952 1176 3995 noa
1193 3950 1252 3999 xe·¹

168 4214 199 4283 θ)
233 4214 275 4269 cr.
291 4214 366 4271 sne
383 4216 431 4270 ns.
449 4204 473 4270 12
498 4214 581 4271 essse
600 4236 656 4287 ep.
674 4217 720 4270 un
736 4218 801 4271 raam
818 4217 864 4271 ss.
882 4219 907 4273 o
925 4219 1025 4338 capa
1054 4184 1057 4193 ’
1083 4258 1098 4271 ..

140 4280 193 4351 ¹⁹⁴)
226 4282 271 4342 Cf·
288 4282 414 4340 'l'bsnist
429 4284 476 4339 lib.
491 4286 571 4347 &dn
588 4286 674 4339 anima
690 4287 731 4341 49.
748 4290 782 4341 de
798 4287 871 4357 dupl.
888 4288 951 4340 intel
962 4302 1027 4341 ectu.
