2700 4732
388 140 396 170 i

22 152 57 211 '¹
127 196 187 262 ms
518 188 596 252 mu.
615 188 672 251 m
712 190 802 255 car.
821 190 887 255 xm

31 322 34 327 ¹
128 354 222 419 porro
241 332 280 395 de
298 353 376 427 pane
394 334 666 416 supersubstantiali
683 335 799 417 quidam
820 335 1079 417 philosophantur,
1093 334 1172 396 ¹mihi
1189 334 1266 407 side·

128 426 180 474 tur
199 410 310 472 Christi
328 411 493 472 sententiae
513 430 565 491 per
587 432 670 471 arum
691 413 865 473 convenire:
897 414 958 473 imo
977 414 1033 473 nisi
1053 414 1084 473 in
1098 410 1164 473 -bae
1182 412 1266 473 etiam

129 488 239 551 caduca
258 488 318 549 vita
336 489 531 551 tribueremus
582 507 618 549 eo
645 488 758 549 nutritii
778 501 891 570 partes,
911 490 1012 550 mutila
1032 500 1111 551 esset
1130 488 1267 569 precatio.

102 564 218 627 'Ratio
264 586 331 624 uam
355 564 485 625 allerunt
509 564 595 623 nimis
621 577 665 625 est
689 565 829 647 prolana:
862 586 924 625 non
950 586 1013 626 esse
1038 578 1267 627 consentaneum

128 653 164 702 ut
182 640 235 701 lilii
288 642 332 715 ei,
363 640 414 721 qui
433 641 597 721 spirituales
618 660 681 701 esse
701 641 827 714 debent,
855 662 915 702 non
937 643 1027 703 modo
1048 642 1191 703 adiiciant
1207 642 1268 701 ani-

128 740 209 779 mum
229 718 265 777 ad
286 729 417 778 terrenas
437 739 537 792 curas,
564 717 616 778 sed
636 718 733 778 Deum
754 739 873 809 quoque
899 718 955 778 illis
982 740 1081 779 secum
1107 717 1269 801 implicent.

131 796 224 870 Quasi
243 814 314 855 vero
335 815 397 854 non
417 794 492 853 relul
516 805 562 854 eat
580 794 669 855 etiam
693 794 724 854 in
743 807 822 855 vrctu
849 795 1019 856 benedictio
1040 795 1102 857 eius
1124 808 1157 855 et
1175 806 1268 877 pater·

127 894 184 932 nus
204 869 304 946 lavor,
335 882 386 931 aut
405 870 442 931 de
461 814 553 930 niiilo
573 871 715 950 scriptum
735 872 788 947 sit,
807 873 946 952 pietatem
966 870 1077 932 habere
1096 871 1267 951 promissio·

128 968 181 1009 nes
210 968 272 1009 uon
301 959 416 1008 tantum
451 945 566 1007 suturae
598 948 689 1022 vitae,
720 948 771 1008 sed
808 949 895 1007 etiam
929 950 1090 1029 praesentis
1125 946 1168 1026 (l.
1193 946 1267 1009 Tin.

27 1046 30 1051 ·
96 1048 99 1053 ·
127 1032 157 1097 4,
176 1026 232 1100 8.)-
251 1060 290 1072 -
329 1024 391 1083 Etsi
411 1034 507 1083 autem
529 1036 717 1105 peccatorum
742 1026 875 1086 remissio
895 1023 986 1105 longe
1004 1024 1097 1107 pluris
1117 1036 1164 1085 est
1184 1044 1267 1105 qna·

128 1101 266 1161 alimenta
299 1100 451 1179 eorporis,
480 1100 559 1179 quod
590 1113 688 1161 tamen
720 1101 840 1161 inferius
865 1114 929 1165 erut
953 1102 1046 1181 priori
1074 1100 1145 1162 loeo
1194 1102 1267 1163 osuit

129 1176 280 1251 Christus,
311 1188 343 1235 ut
372 1196 426 1235 nos
451 1177 488 1235 ad
517 1176 644 1255 reliquas
670 1178 739 1237 duas
759 1179 922 1269 petitiones
940 1176 1091 1314 ¹pradestim
1114 1196 1171 1236 ere
1194 1188 1266 1253 eret,

129 1274 204 1334 quae
230 1253 367 1332 propriae
393 1263 462 1313 sunt
486 1252 621 1312 coelestis
640 1255 732 1315 vitae:
757 1276 787 1313 sn
808 1275 867 1333 quo
891 1267 938 1314 tar
960 1255 1024 1314 rtati
1048 1265 1171 1314 nostrae
1196 1274 1267 1315 eon-

126 1329 225 1391 suluit.
269 1328 412 1389 Iubenrur
430 1340 527 1388 autem
553 1341 653 1410 petere
668 1352 777 1404 ponens
794 1344 940 1404 nostrum,
972 1342 1004 1390 ut
1024 1330 1161 1391 contenti
1181 1330 1267 1392 simut

127 1405 279 1477 demenso,
299 1406 379 1485 quod
400 1405 487 1467 nohis
507 1426 632 1488 erogare
651 1407 788 1489 dignatur
807 1408 943 1468 eoelestis
955 1408 1059 1482 Pater,
1078 1426 1182 1487 neque
1202 1404 1268 1465 arti·

127 1483 182 1544 bus
202 1481 309 1543 illicitis
329 1483 441 1542 lucrum
462 1494 619 1563 captemus.
660 1485 775 1544 lnterca
802 1484 962 1543 tenendum
983 1495 1027 1543 est
1046 1494 1186 1544 nostrum
1206 1482 1267 1543 fieri

126 1558 293 1620 donationis
312 1558 412 1631 titulo,
431 1560 497 1638 quia
518 1579 574 1619 nec
593 1560 744 1634 industria,
763 1581 818 1619 nec
833 1561 928 1634 labor,
948 1580 1003 1619 nec
1022 1581 1128 1620 manus
1148 1571 1267 1620 nostrae

18 1642 22 1661 ²
124 1638 176 1718 (ut
200 1636 309 1697 elicitur
333 1636 409 1716 apud
431 1638 535 1696 Mosen
560 1636 653 1696 laesit
672 1644 721 1709 ⁶26,
740 1643 788 1701 20.
812 1636 1141 1714 lleut.8,17·)oobis
1159 1654 1267 1729 perse

147 1713 281 1793 uicquam
307 1714 471 1793 acquirunt,
497 1712 552 1772 nisi
572 1713 638 1773 assit
658 1713 715 1773 Dei
742 1713 927 1773 benedictio:
956 1714 1017 1773 imo
1039 1731 1075 1772 ne
1096 1733 1183 1791 pausa
1203 1712 1267 1793 qui-

125 1734 192 1851 dem
212 1790 299 1871 copia
318 1790 404 1849 nobis
423 1788 570 1849 tantillum
595 1791 768 1869 proliceret,
795 1790 850 1849 nisi
871 1789 1008 1850 divinitus
1033 1793 1063 1848 in
1090 1788 1265 1849 alimentum

124 1878 299 1939 verteretur.
344 1867 389 1925 Ac
413 1865 540 1946 proinde
566 1887 627 1927 non
658 1868 752 1926 minus
773 1859 911 1925 divitibus
932 1887 1018 1945 quam
1039 1865 1142 1945 egenis
1163 1884 1266 1926 neees-

75 1962 78 1967 ·
125 1944 199 2005 saria
219 1955 265 2003 est
283 1942 356 2002 baec
376 1942 434 2001 Dei
456 1941 628 2003 liberalitass
650 1944 717 2023 quia
739 1943 832 2023 plenis
853 1941 934 2002 cellis
955 1953 985 2001 et
1005 1942 1119 2001 horreis
1139 1942 1219 2003 aridi
1237 1952 1266 2001 et

124 2022 207 2082 uacui
227 2020 399 2093 deficerent,
420 2018 554 2155 nisidper
574 2019 634 2080 eius
655 2020 775 2101 gratiam
804 2038 878 2097 pane
898 2038 951 2079 suo
973 2017 1155 2078 fruerentur.
1196 2018 1266 2079 Par·

126 2097 214 2158 ticula
234 2094 381 2156 dodisvel
422 2098 482 2155 uoti
501 2100 542 2169 ie,
568 2109 601 2155 ut
621 2109 664 2155 est
684 2096 760 2176 apud
781 2095 904 2175 alterum
926 2094 1159 2177 Evangelistam:
1197 2096 1265 2155 ite·

125 2175 279 2254 epitheton
304 2174 384 2253 quoti
407 2175 479 2247 Ἀπί,
503 2172 619 2232 lrenum
644 2173 779 2232 inliciunt
802 2172 975 2232 immodicae
1001 2191 1100 2231 rerum
1121 2170 1265 2231 tirsum

124 2249 294 2330 cupiditati,
324 2269 381 2329 qua
413 2247 540 2309 solemus
560 2250 816 2329 praetermodum
836 2249 959 2322 ardere,
989 2259 1020 2306 et
1044 2248 1093 2307 cui
1119 2248 1266 2308 accedunt

124 2328 180 2388 alia
200 2325 289 2386 malas
310 2327 377 2404 quia
396 2327 420 2386 si
441 2324 551 2406 largior
566 2326 696 2405 suppetit
708 2326 897 2397 abundantia,
917 2324 1070 2386 ambitiose
1085 2324 1116 2383 in
1129 2323 1265 2405 volupia·

124 2416 202 2474 tem,
234 2400 367 2476 delicias,
397 2402 641 2475 ostentationem,
661 2402 787 2481 aliasque
812 2401 893 2461 lusus
913 2403 1025 2481 species
1045 2400 1264 2481 profundimus.

122 2481 229 2559 Itaque
247 2490 350 2559 petere
371 2477 507 2538 iubemur
527 2478 673 2551 duntaxat,
694 2489 834 2557 quantum
862 2477 1030 2538 necessitati
1055 2488 1181 2537 nostrae
1201 2476 1264 2539 sat'n

124 2568 178 2627 est,
198 2567 228 2614 et
248 2554 375 2613 velutin
397 2555 484 2627 diem,
504 2554 557 2614 hac
577 2554 691 2629 fiducia,
711 2555 762 2613 uhi
784 2575 837 2613 nos
858 2555 948 2614 hodie
968 2554 1107 2614 nutrierit
1127 2550 1264 2615 coelest'u

123 2635 222 2705 Pater,
243 2650 339 2710 neque
360 2632 486 2690 erastino
505 2631 682 2690 defuturum.
723 2630 960 2711 Quantacunquc
980 2632 1070 2712 igitur
1089 2652 1194 2690 rerum
1215 2648 1265 2691 eu·

124 2710 170 2791 pia
191 2707 276 2768 nobis
295 2707 405 2781 affluat,
425 2707 512 2765 etiam
533 2707 583 2766 ubi
596 2708 708 2787 expleta
729 2708 839 2767 luerint
859 2708 964 2766 horrea
985 2721 1015 2766 et
1032 2706 1123 2800 plena
1136 2706 1264 2781 cellaria,

123 2806 239 2864 semper
259 2797 355 2844 tamen
376 2802 482 2865 panem
496 2784 697 2863 quotidianum
717 2806 771 2843 nos
813 2796 894 2842 etere
914 2798 1067 2843 convenit:
1090 2784 1161 2863 quia
1182 2794 1263 2845 certo

124 2862 281 2924 tenendum
308 2872 352 2921 est
379 2881 497 2921 omuem
521 2861 712 2921 substantiam
733 2806 809 2919 nihii
825 2880 899 2935 csse,
924 2862 977 2919 nisi
999 2873 1145 2940 quatenus
1175 2859 1264 2921 elluss

122 2960 173 3001 sua
194 2937 561 2998 benedictioneDominus
575 2958 637 2997 eam
652 2939 794 2998 cohtinuo
816 2958 971 3018 progressu
991 2937 1171 2999 foecundat:
1192 2952 1265 3019 quse

122 3019 210 3078 etiam
230 3015 260 3073 in
279 3036 368 3073 manu
389 3026 488 3074 nostra
509 3026 566 3087 est,
587 3035 624 3072 ne
645 3036 707 3074 eam
728 3014 844 3092 quidem
867 3026 995 3075 nostram
1016 3033 1094 3085 esse,
1115 3013 1175 3075 nisi
1195 3032 1264 3095 qua-

126 3105 213 3152 tenus
234 3091 262 3149 in
284 3090 412 3173 singulas
431 3089 516 3150 boras
538 3090 753 3169 portiunculam
774 3091 857 3150 nobis
878 3091 1009 3172 largitur,
1029 3110 1179 3169 usumque
1199 3108 1264 3171 per·

122 3168 223 3228 mittit.
263 3166 297 3225 Id
320 3170 387 3245 quia
406 3168 568 3247 aegerrime
589 3168 644 3226 sihi
671 3168 837 3246 persuaderi
858 3168 966 3247 patitur
985 3168 1138 3226 bominum
1160 3186 1264 3247 super·

122 3245 181 3318 bia,
199 3242 347 3321 singulare
368 3244 398 3301 in
419 3242 517 3302 omnia
538 3242 649 3302 saecula
669 3246 877 3303 documentum
897 3264 929 3303 se
971 3243 1117 3303 raebuisse
1138 3254 1265 3305 testetur

121 3320 284 3392 Dominus,
317 3341 406 3397 quum
432 3340 540 3379 manna
566 3320 596 3378 in
624 3321 739 3380 deserto
766 3320 906 3400 populum
927 3265 1031 3399 (deut.
1051 3324 1081 3393 8,
1100 3322 1147 3396 3.)
1181 3340 1264 3382 snum

123 3396 272 3467 educavit,
297 3407 330 3453 ut
350 3416 404 3454 nos
424 3396 706 3471 commonefaceret,
731 3418 792 3456 non
813 3398 841 3455 in
863 3396 927 3457 solo
950 3417 1024 3475 pane
1044 3396 1146 3456 visere
1167 3396 1276 3459 bomi-¹

122 3492 202 3544 nem,
221 3472 270 3528 sed
293 3472 324 3528 in
344 3471 436 3531 verbo
456 3473 554 3551 potius
575 3474 654 3552 quod
676 3493 709 3532 ex
729 3495 781 3532 ore
801 3496 854 3533 suo
877 3477 1026 3555 egreditur
1037 3473 1158 3549 (itastis.
1171 3476 1263 3553 Μ.)

123 3550 195 3641 Quo
216 3546 375 3623 indicatur,
395 3548 486 3607 solam
508 3550 568 3609 eius
587 3551 726 3609 virtutem
749 3571 827 3623 esse,
853 3572 908 3628 qua
930 3563 1134 3610 sustentantur
1155 3550 1216 3613 vita
1234 3560 1264 3613 el

121 3646 211 3688 vires:
243 3624 357 3683 tametsi
383 3644 446 3683 cam
477 3625 530 3683 sub
556 3627 707 3705 corporeis
735 3626 933 3687 instrumentis
960 3627 1045 3685 nobis
1065 3627 1265 3689 administrat·

123 3700 381 3777 Quemadmodum
403 3713 433 3759 et
457 3706 606 3763 contrario
634 3703 811 3762 documento
835 3725 887 3761 nos
908 3704 1023 3762 erudire
1043 3703 1138 3773 solet,
1196 3724 1263 3765 uum

121 3780 216 3839 robur
235 3780 317 3858 panis
337 3778 462 3855 (etuti
484 3799 514 3837 se
535 3792 629 3852 vocat,
647 3778 780 3838 duculum
800 3781 891 3838 Levis.
904 3787 952 3853 26,
967 3782 1029 3856 26.)
1050 3726 1265 3856 quietissimae

93 3855 301 3933 ‘confringit,
333 3876 391 3932 quo
424 3800 535 3915 sciiicet
564 3856 684 3915 edentes
705 3856 856 3916 tabescant
884 3858 975 3925 lame,
1004 3868 1034 3915 et
1055 3856 1199 3917 hibentes
1217 3856 1264 3919 siti

121 3946 264 3992 arescant.
305 3930 366 4004 Qui
387 3952 456 3989 vero
479 3954 552 4011 pane
566 3933 738 4012 quotidiano
758 3955 819 3992 uon
842 3933 985 4006 contenti,
1004 3934 1054 3992 sed
1076 3932 1192 3994 ellreni
1210 3956 1263 4007 cu·

121 4010 246 4090 piditate
261 3988 386 4067 infinitis
406 4009 565 4069 inhiantes:
592 4023 641 4069 aut
662 4011 710 4089 qui
731 4009 907 4069 abundantia
927 4032 976 4069 sua
1002 4010 1110 4079 saturi,
1135 4022 1169 4069 et
1190 4012 1264 4073 divi·

119 4086 227 4145 tiarum
252 4104 369 4144 suarum
401 4084 518 4144 cumulo
549 4089 660 4160 securi,
692 4086 745 4146 bac
777 4086 966 4146 nihilominus
993 4086 1176 4178 precatione
1194 4088 1262 4151 lteo

120 4160 303 4241 supplicant,
327 4160 400 4220 nihil
419 4180 505 4241 quam
525 4161 621 4243 ipsum
640 4162 774 4223 irrident.
813 4162 932 4223 Priores
953 4183 1030 4222 emm
1050 4174 1163 4244 petunt
1182 4164 1264 4247 quod

120 4237 309 4320 impetratum
328 4236 454 4312 nollent,
474 4237 534 4298 imo
548 4238 627 4320 quod
648 4241 771 4300 maxime
790 4239 1007 4315 abominantur,
1027 4258 1137 4321 nempe
1177 4262 1267 4305 auen

29 4362 38 4391 ,
121 4312 325 4397 quotidianum
336 4314 485 4393 duntaxat,
505 4328 706 4397 quantumque
721 4328 854 4400 possunt,
873 4317 1010 4380 auaritiae
1027 4336 1098 4379 suae
1117 4336 1136 4381 s
1165 4330 1260 4389 estu
