2596 4726
510 186 586 248 tto.
606 180 660 245 lv.
698 184 788 247 CAP.
807 182 859 243 lx
918 194 926 207 ·

501 469 757 543 CAPUT
804 470 863 539 lx.

281 665 334 726 lle
360 664 559 737 Conciliis,
586 637 784 741 eorumque
811 633 1104 739 auctortiare't).

196 840 329 909 Quoniam
348 842 466 895 eeclesiae
483 860 584 893 sensnm
603 854 627 890 et
644 858 806 899 eonsensum,
821 837 959 907 praecipue
975 838 1050 907 quod
1067 838 1104 889 ad
1122 836 1250 889 auetorita-

127 940 181 980 tem
199 928 349 989 dogmatum
366 926 551 976 tradendorum
570 936 595 973 et
614 942 705 973 eorum
716 921 918 990 explicationem,
936 920 1057 989 Papiatae
1067 918 1194 973 Conciliia
1207 920 1249 973 tuit

129 1008 259 1061 tribuunt:
281 1008 423 1061 necessario
441 1008 489 1059 luit
506 1010 539 1059 de
556 1006 605 1057 illis
622 1006 692 1075 prius
709 1008 850 1069 agendum,
873 1024 950 1075 quam
970 1004 1003 1055 de
1021 1004 1109 1075 priori
1125 1004 1171 1055 illa
1187 1018 1249 1071 parte

128 1092 260 1163 potestatis
291 1090 472 1143 ecclesiasticae
501 1091 567 1141 circa
598 1088 741 1139 doctrinam
768 1090 875 1141 versanti
900 1088 1013 1139 instituta
1041 1102 1108 1140 esset
1134 1084 1247 1140 tractatio.

130 1174 162 1243 1)
179 1174 295 1227 Primum
313 1174 388 1239 igitur
405 1175 437 1224 de
451 1172 629 1225 Consiliorum
648 1173 797 1223 auctoritate
814 1172 840 1223 in
859 1170 983 1235 dogmatis
1000 1171 1136 1225 tradendis
1154 1172 1249 1223 tratrem

131 1250 281 1327 dispulatio,
299 1272 323 1307 rt
340 1258 482 1307 ostenditur
499 1258 623 1327 Spiritum
640 1258 690 1316 Dei
707 1256 827 1307 eeclesiae
844 1254 988 1323 pastoribus
1004 1256 1061 1305 no'n
1080 1274 1137 1309 esse
1153 1254 1187 1307 ita
1202 1254 1249 1307 dti-

129 1355 225 1407 (atum,
241 1356 269 1393 ut
287 1342 423 1393 adversarii
440 1343 559 1403 sentiunt,
577 1362 687 1411 quorum
708 1340 865 1391 abiectiones
882 1338 1024 1399 diluuntur,
1040 1352 1103 1389 sect.
1120 1340 1174 1391 1·-
1182 1338 1206 1391 i'.
1221 1366 1247 1379 ·-

129 1424 162 1491 2)
181 1424 355 1491 Quorundam
375 1422 554 1477 conciliorum
572 1444 688 1493 errores,
706 1424 856 1486 antilogiae,
872 1422 1030 1479 infirmitates
1047 1424 1216 1487 deteguntur,
1229 1436 1248 1473 et

130 1508 256 1560 refellitur
273 1509 395 1571 effugium
414 1510 487 1570 illud,
500 1508 654 1577 praepositis
670 1508 725 1559 sine
743 1506 906 1558 distinetione
920 1526 972 1557 esse
990 1506 1185 1567 ohedienrlum,
1198 1522 1248 1560 sest.

129 1590 234 1643 8-1'2.
252 1620 285 1631 ·-
318 1592 351 1657 3)
369 1592 502 1645 Postremo
521 1594 553 1643 de
572 1591 750 1644 Conciliorum
769 1592 918 1643 auctoritate
935 1588 1002 1641 eirca
1019 1588 1171 1659 scripturae
1181 1590 1206 1643 S.
1214 1590 1248 1643 ia·

129 1675 341 1745 terpretationem
359 1676 448 1741 agitur,
463 1692 523 1729 sect.
539 1677 579 1729 13
597 1688 621 1725 et
639 1676 678 1730 ll.

207 1848 235 1905 1.
273 1842 359 1901 Nune
378 1855 412 1901 ut
430 1844 528 1901 omnia
548 1844 603 1905 illis
623 1844 659 1902 ele
680 1842 799 1902 ecclesia
819 1840 993 1901 concedam:
1014 1860 1070 1921 pro
1090 1862 1141 1900 sua
1159 1850 1248 1899 tamea

130 1914 298 1976 intentione
319 1938 356 1976 ne
380 1920 558 2009 sicquidem
587 1920 709 1979 multum
730 1914 1031 1997 adhnc'prolee'erint.
1081 1918 1157 1975 Nam
1176 1918 1249 1995 quit·

131 1990 258 2068 quidde
279 1994 398 2053 ecelesia
425 1994 547 2067 dieitur,
577 1997 605 2054 ld
637 2016 703 2055 mox
726 1995 762 2053 ad
784 1993 918 2052 (Juncilia
942 1992 1138 2066 transierunt,
1157 2002 1248 2071 'quun

131 2086 234 2127 eorum
255 2070 396 2149 opinione
416 2070 567 2129 ecelesiam
589 2080 816 2151 repraesentent.
865 2070 929 2127 lmo
950 2070 1029 2149 quod
1049 2080 1109 2127 tarn
1129 2068 1248 2147 pertina-

131 2144 206 2202 'eiter
224 2147 407 2204 corrtendunt
427 2147 463 2205 de
489 2148 626 2206 ecclesiae
647 2158 804 2227 potestate,
829 2166 889 2203 non
916 2145 974 2203 alio
995 2142 1120 2204 eonsilio
1140 2143 1248 2212 fatiunt,

130 2218 186 2278 nisi
211 2232 243 2277 ut
263 2220 395 2281 Romano
417 2222 570 2297 l'ontiliei,
600 2236 629 2283 et
654 2226 715 2283 eius
738 2220 992 2281 satellitio‘totutn
1018 2219 1154 2279 delerant
1178 2218 1245 2311 quod

131 2296 315 2355 extorserint.
366 2300 531 2377 Antequam
551 2322 620 2359 vero
641 2300 717 2358 bane'
738 2298 937 2376 quaestionem
957 2318 989 2355 er
1012 2296 1094 2355 edire
1113 2296 1246 2375 incipiam,

131 2368 190 2428 duo
211 2372 258 2430 liic
278 2372 347 2430 milri
367 2373 495 2432 brer-iter
515 2377 640 2455 praeseri
660 2394 778 2434 neeesse
791 2386 842 2433 est.
882 2373 973 2447 Quod
992 2316 1040 2433 lic
1061 2372 1183 2451 rigidior
1192 2390 1244 2431 sun

130 2445 256 2520 l'utnrus,
275 2468 335 2506 non
358 2448 425 2506 ideo
446 2470 507 2508 esse
529 2452 607 2529 qnod
628 2462 736 2509 vetusta
758 2450 891 2508 (Ioneilia
911 2451 1031 2507 minoris
1052 2448 1154 2507 latiam
1173 2454 1244 2527 quau

131 2520 224 2581 decet.
264 2524 401 2581 Versetur
421 2525 496 2582 enirn
525 2546 557 2582 ex
583 2528 694 2599 animo,
723 2546 836 2603 seroque
866 2528 894 2583 in
921 2526 1034 2582 honore
1060 2526 1136 2603 apud
1157 2542 1244 2582 omnes

131 2618 194 2656 esse
214 2600 309 2677 cupio.
359 2600 418 2657 Sed
441 2601 486 2659 liic
507 2615 549 2660 est
575 2602 674 2679 aliquis
702 2602 818 2659 modus:
851 2613 883 2659 nt
907 2601 977 2658 nilril
1003 2602 1118 2660 scilieet
1137 2600 1242 2661 (Jtrisu

131 2674 300 2755 derogetur.
339 2674 434 2735 Porro
457 2677 512 2735 lroe
533 2690 576 2735 est
597 2678 705 2736 (Ilrristi
726 2679 784 2749 ius,
804 2690 836 2735 nt
857 2678 997 2739 (loriciliis
1019 2678 1155 2737 omnibns
1174 2694 1243 2755 prae·

130 2750 234 2823 rideat,
256 2772 309 2809 nee.
330 2754 440 2812 sneiurn
463 2754 565 2813 habeat
584 2755 731 2811 hominem
753 2754 782 2811 in
803 2755 855 2812 ista
868 2755 1015 2833 dignitate.
1055 2754 1083 2811 T
1087 2775 1143 2812 nnc
1162 2764 1242 2809 autent

131 2826 246 2885 demum
269 2831 432 2907 praesidere
453 2831 531 2902 «lico,
552 2832 601 2889 ubi
622 2843 714 2890 toturn
736 2851 900 2888 consessum
920 2830 1011 2889 verbo
1033 2829 1184 2910 etSpiritu
1199 2844 1241 2885 suo

129 2904 310 2964 moderatur.
350 2906 466 2965 lleirule
493 2909 570 2985 ‹prrod
598 2910 690 2965 minos
711 2907 853 2965 (lonciliis
881 2906 978 2965 tribuo
1000 2928 1086 2983 quam
1107 2900 1241 2964 aduersarii

130 2992 250 3057 petunt,
278 3004 337 3039 non
359 3003 391 3039 ea
413 3004 494 3039 carisa
515 2986 609 3042 lacere
630 2984 708 3060 quod
729 3006 743 3040 a
767 2982 908 3040 (lenciliis
930 2995 1071 3057 metuam,
1093 2982 1173 3060 quasi
1189 2978 1241 3038 illo·

129 3076 195 3113 rum
216 3080 315 3115 causae
335 3058 546 3135 suffragentur,
572 3072 688 3117 nostrae
708 3080 777 3116 sero
798 3060 855 3117 sint
875 3060 1028 3119 contraria.
1081 3060 1154 3117 Nant
1172 3050 1242 3116 situti

129 3132 165 3187 arl
198 3132 311 3210 plenam
341 3132 492 3191 ‹luetrinae
522 3147 639 3191 nostrae
671 3135 929 3211 approbationem,
960 3146 990 3193 et
1019 3136 1108 3193 totius
1134 3128 1242 3213 Papismi

130 3208 310 3265 eversionem
337 3210 453 3266 abunde
473 3210 565 3266 verbo
589 3211 706 3267 linnrini
734 3212 864 3269 instructi
891 3233 1002 3281 sumus,
1027 3224 1059 3269 ut
1084 3211 1155 3269 niltil
1174 3226 1242 3288 prae·

128 3291 209 3339 terea
241 3286 391 3361 requirere
423 3306 602 3365 magnopere
629 3306 701 3361 upns
732 3289 781 3343 sit:
814 3289 851 3345 ita
881 3289 904 3345 si
931 3308 975 3345 res
995 3288 1124 3367 llagitet,
1154 3302 1242 3363 magui

130 3375 163 3447 er
184 3371 265 3435 parte
285 3360 363 3436 qnod
384 3362 450 3419 satis
471 3363 507 3419 sit
523 3362 557 3418 ad
580 3374 747 3438 utrumque,
768 3376 867 3422 vetera
891 3364 1024 3423 Concilio
1044 3364 1130 3423 nobis
1150 3358 1243 3423 subni-

128 3445 261 3493 nistrant.

204 3518 232 3572 2.
272 3510 330 3567 lant
353 3512 388 3567 de
409 3532 441 3568 re
462 3513 521 3589 ipsa
543 3512 703 3589 loquantur.
744 3515 776 3573 Si
797 3538 828 3573 ex
845 3516 1003 3593 Seriptnris
1025 3536 1099 3595 qun
1119 3520 1155 3575 sit
1175 3514 1243 3571 (Ion-

130 3583 264 3645 riliorum
276 3589 431 3645 atrctoritas
445 3589 603 3665 quaeritur,
624 3592 701 3649 nulla
719 3604 807 3650 exstat.
828 3593 968 3650 illustrior
988 3594 1154 3671 promissio,
1172 3606 1244 3669 quim

129 3662 161 3719 in
182 3662 234 3721 hae
256 3662 363 3722 Christi
383 3666 526 3721 sententia
547 3666 666 3739 (llattlr.
687 3676 737 3738 18,
758 3678 835 3745 2tt.):
862 3669 942 3737 „lilii
964 3670 1021 3727 rluo
1042 3681 1092 3728 aut
1108 3682 1166 3727 tres
1184 3684 1245 3725 con·

128 3740 242 3818 gregati
262 3740 291 3797 in
312 3738 432 3796 nornine
452 3762 518 3796 inec)
540 3744 657 3815 luerint,
677 3746 733 3802 illie
755 3746 784 3801 in
808 3745 902 3803 medio
917 3765 1018 3802 eornm
1035 3752 1128 3803 sum.“
1149 3744 1245 3799 Verum

130 3814 160 3874 id
182 3814 273 3871 nihilo
287 3816 379 3873 minus
400 3815 427 3872 in
450 3816 651 3949 particularem
672 3823 799 3898 quemvis
819 3832 934 3879 coetum
951 3822 1106 3900 competit,
1125 3840 1206 3899 quam
1223 3818 1247 3873 it

131 3889 299 3950 Concilium
320 3892 489 3951 universae.
527 3894 631 3973 Neque
652 3909 748 3955 tamen
773 3897 802 3954 in
824 3920 859 3957 eo
887 3898 986 3956 lueret
1007 3898 1182 3977 quaestionis
1200 3912 1247 3953 no-

128 4055 451 4065 ·-..--·----.....--..-=.
484 4060 536 4065 ...-.
558 4060 720 4069 *---—·
744 4062 795 4071 —---
823 4064 968 4073 --.---.--..
996 4064 1187 4073 --——----.---
1216 4062 1228 4069 ι-

196 4144 223 4210 ⁸)
241 4144 298 4195 Vid.
318 4146 387 4200 Cale.
406 4150 523 4201 adsersus
541 4151 689 4213 Tlreologot
708 4150 867 4207 parisienses.
910 4156 973 4207 ltem
992 4158 1024 4207 ad
1043 4155 1205 4208 Sadolrtum:
1229 4160 1250 4201 tt

128 4214 163 4265 de
178 4214 326 4266 necessitate
342 4215 524 4270 reformandae
542 4219 668 4271 ecelesiae.
703 4219 766 4271 leem
785 4224 902 4275 adversus
912 4222 1061 4279 Concilium
1069 4224 1249 4278 'tridentinum-

127 4279 193 4335 Item
208 4280 237 4335 ia
255 4280 368 4339 Scholiia
383 4288 418 4339 ad
434 4300 569 4356 paternam
585 4286 673 4355 Papae
690 4290 895 4345 admonitionem
914 4306 960 4345 etc.
