2700 4732
192 225 234 289 ss
582 219 660 281 nte.
678 219 704 281 1.
745 172 942 283 carnin.

163 336 167 345 Δ
196 363 235 460 dc
253 363 431 426 coelestibus
449 363 595 457 mysteriis
614 363 769 459 disserere:
804 363 1076 458 Certequicunque
1095 364 1218 448 ingenui
1237 364 1335 449 pudo·

196 441 1244 599 t'tttltt’ttltt',f'tttltftrttttttttltfl‘stllgitt
1263 442 1335 600 ,¹:23

195 593 361 677 stringitur,
381 595 462 654 omni
482 604 654 674 contemptu
675 614 778 654 eorum
797 595 905 674 scripta
925 594 1009 655 facile
1031 598 1169 655 eximunt.
1204 596 1334 659 loannes

195 682 293 761 autem
314 690 341 762 e·
351 668 468 730 sublimi
487 681 606 738 tonans,
626 691 701 762 ques
722 675 878 762 nqnfcogit
890 672 919 730 in
933 671 1108 761 obsequium
1128 670 1334 744 fidei,'eoruna

195 767 386 827 perrreacram
407 745 542 839 quolibet
562 745 683 805 fulmine
702 745 831 806 validius
843 759 997 827 posternrt.
1046 747 1198 806 Prodeant
1216 748 1246 807 in
1266 768 1333 813 me·

196 824 277 884 dium
297 843 400 884 omnes
418 834 466 884 rstr
485 821 579 882 nasuti
600 842 753 895 censores,
777 823 883 902 quibus
902 843 1013 883 surnrna
1032 823 1166 902 voluptas
1186 836 1230 884 est
1250 824 1334 885 Seri·

217 912 299 961 turae
322 898 516 959 reverentiam
536 919 568 957 ex
594 899 652 957 ruis
678 910 709 958 et
733 899 857 959 aliorum
882 900 1020 959 cordibus
1050 911 1199 959 excutere:
1230 897 1334 981 legant

194 922 315 1053 lpannis
333 975 539 1058 Evangelium:
570 974 664 1035 velint
684 974 795 1049 nolint,
814 974 873 1035 illic
894 975 1043 1054 reperient
1062 974 1141 1035 mille
1160 976 1333 1051 sententias,

194 1072 269 1133 qnae
302 1050 405 1112 saltem
435 1071 538 1111 eorum
562 1051 728 1111 socordiam
754 1052 1003 1144 expergefactam:
1027 1053 1096 1111 imo
1120 1072 1196 1131 quae
1226 1072 1332 1113 eorum

196 1127 383 1189 conscientiis
404 1127 439 1188 ad
450 1126 634 1188 cohibendos
648 1147 750 1187 eorum
770 1149 843 1188 rrsus
864 1127 1006 1189 horribile
1026 1128 1144 1187 inurant
1159 1128 1332 1189 cauterium.

195 1205 306 1265 Eadem
325 1202 410 1264 Pauli
430 1215 461 1263 et
480 1203 562 1263 Petri
581 1204 656 1263 ratio
677 1215 731 1275 est,
749 1203 782 1262 in
802 1225 927 1283 quorum
948 1203 1064 1284 scriptis
1085 1204 1215 1283 quamvis
1233 1203 1332 1265 maior

195 1302 263 1361 pars
283 1281 451 1354 caecutiat,
470 1279 532 1359 ipsa
552 1290 650 1339 tamen
671 1279 806 1340 coelestis
827 1281 960 1340 maiestas
979 1280 1131 1340 devinctos
1151 1279 1207 1340 sibi
1226 1300 1331 1341 omnes

195 1368 227 1418 et
251 1356 333 1436 quasi
365 1356 541 1416 constrictos
567 1366 659 1415 tenet
711 1356 810 1416 Unum
835 1375 907 1418 vero
939 1356 997 1416 boc
1029 1375 1132 1417 eornm
1164 1355 1331 1418 doctrinam

194 1453 284 1514 supra
303 1432 444 1492 mundum
463 1433 531 1492 satis
550 1454 583 1491 su
607 1451 698 1511 erque
718 1431 843 1508 attollit,
868 1431 948 1512 quod
969 1431 1132 1493 Matthaeus
1154 1433 1191 1492 ad
1210 1452 1331 1495 mensae

194 1529 264 1572 suae
283 1521 436 1601 quaestum
455 1520 576 1568 anteaa
611 1531 678 1582 xus,
707 1508 811 1568 Petrus
839 1521 870 1568 et
888 1509 1017 1569 Ioannes
1049 1508 1078 1567 in
1104 1506 1244 1569 naviculis
1269 1508 1330 1573 suia

195 1597 318 1656 versatu,
338 1604 441 1645 omnes
461 1584 548 1644 crassi
572 1584 683 1644 idiotae
707 1582 780 1643 nibil
801 1584 962 1647 didicerant
991 1587 1021 1644 in
1048 1583 1202 1659 hominurn
1226 1583 1329 1647 schola

194 1661 276 1743 quod
296 1660 359 1722 aliis
379 1660 539 1721 traderent.
587 1659 695 1721 Paulus
713 1680 788 1720 vero
808 1682 871 1720 non
891 1672 1004 1722 tautum
1024 1680 1059 1720 ex
1078 1661 1212 1740 professo
1233 1659 1330 1738 hoste,

195 1738 246 1800 sed
273 1739 359 1799 etiam
383 1757 472 1798 saevo
503 1748 533 1797 et
561 1737 767 1829 sanguinario,
797 1757 954 1798 conversus
979 1738 1009 1796 in
1031 1757 1141 1797 norum
1165 1737 1330 1815 hominem,

194 1813 292 1876 subita
311 1826 342 1874 et
360 1813 506 1893 in'sperata
525 1826 693 1872 mutatione
713 1813 845 1874 ostendit
864 1812 986 1874 coelesti
1004 1813 1130 1894 imperio
1150 1833 1182 1873 se
1194 1812 1330 1894 compul-

80 1926 102 1948 κ
195 1912 274 1964 sum,
293 1890 458 1952 doctrinam
482 1910 570 1968 quarn
596 1901 818 1972 oppugnaverat
841 1909 981 1951 asserere.
1024 1890 1145 1972 Negent
1168 1908 1253 1950 canes
1277 1888 1335 1953 isti·

194 1967 337 2048 Spiritum
357 1979 489 2028 sanetum
515 1985 605 2045 super
622 1966 784 2046 Apostolos
804 1964 954 2046 delapsum
980 1986 1059 2042 esse,
1090 1965 1136 2024 vel
1156 1962 1258 2026 saltenl
1278 1964 1329 2026 hi-

193 2043 303 2106 storiae
321 2042 410 2103 iidem
430 2042 592 2136 abrogent:
624 2063 669 2103 rcs
688 2053 788 2103 tamen
808 2043 900 2124 palam
921 2042 1085 2104 clamitate
1104 2042 1217 2122 Spiritu
1238 2041 1330 2105 luisse

194 2120 333 2193 edoctos,
353 2121 491 2198 quiante
511 2141 543 2178 ιη
563 2118 624 2199 ipsa
644 2118 731 2197 plebe
751 2117 1007 2200 contemptibiles,
1028 2130 1150 2199 repente
1171 2117 1208 2178 de
1228 2118 1330 2179 coele·

192 2196 284 2259 stihm
304 2196 449 2278 mysteriis
470 2207 528 2255 tarn
547 2195 701 2275 magnifice
721 2195 863 2256 disserere
883 2207 1055 2275 coeperunt.

268 2277 315 2337 tt
353 2271 439 2331 Adde
458 2272 538 2350 quod
558 2270 630 2330 aliae
649 2291 769 2351 quoque
789 2284 857 2332 sunt
868 2272 997 2351 optimae
1017 2272 1157 2349 rationes,
1179 2294 1231 2332 cur
1249 2294 1329 2354 pun·

194 2349 264 2408 dere
288 2368 342 2409 suo
368 2369 429 2407 non
459 2358 559 2407 eareat
582 2347 721 2407 ecclesiae
746 2367 913 2409 consensus.
956 2349 1061 2428 Neque
1087 2350 1163 2408 eninr
1188 2370 1243 2429 pro
1269 2349 1329 2410 mi-

192 2425 273 2486 nimo
293 2424 458 2485 ducendum
479 2435 539 2498 est,
558 2445 592 2482 ex
611 2444 671 2503 quo
690 2424 843 2505 Scriptura
862 2423 1009 2515 publicata
1031 2426 1102 2499 luit,
1128 2438 1173 2485 tot
1191 2427 1329 2489 saeculo·-

193 2523 258 2563 rum
278 2500 443 2562 voluntates
463 2510 633 2561 constanter
652 2500 682 2559 in
704 2501 763 2561 eius
783 2500 983 2561 obedientiam
1004 2502 1198 2562 consensisse:
1226 2514 1256 2561 et
1275 2515 1328 2563 ut·

192 2597 310 2658 cunque
329 2577 410 2638 miris
430 2577 524 2637 modis
544 2596 606 2636 eam
627 2576 672 2635 vel
692 2577 870 2656 opprimere,
890 2577 936 2636 vel
956 2589 1099 2651 evertere,
1118 2577 1164 2638 rel
1183 2576 1328 2641 inducere

192 2674 313 2735 prorsus
332 2665 363 2715 et
382 2673 416 2713 er
435 2653 587 2714 hominurn
607 2653 748 2713 memoria
761 2653 919 2713 obliterare
929 2653 1017 2713 Satan
1040 2676 1105 2714 curu
1126 2666 1192 2714 toto
1213 2656 1327 2727 murelo

192 2742 314 2792 conatus
332 2730 385 2804 sit,
415 2749 531 2810 semper
554 2741 652 2788 tamen
682 2730 773 2791 instar
792 2730 904 2809 palmae
923 2731 1104 2809 superiorem
1125 2731 1261 2806 evasisse,
1293 2742 1328 2795 et

191 2805 449 2890 inexpugnabilem
471 2805 639 2886 perstitisse.
683 2805 834 2886 Siquidem
854 2827 942 2867 nemo
965 2806 1027 2865 iere
1048 2805 1257 2866 excellentiore
1276 2807 1326 2869 in-

212 2885 281 2944 enio
301 2882 347 2944 vel
366 2883 512 2962 sophista,
542 2879 589 2943 vel
613 2881 716 2942 rhetor
736 2881 806 2942 olim
827 2882 897 2955 luit,
930 2883 979 2962 qui
999 2883 1055 2942 vim
1079 2906 1159 2943 suant
1184 2884 1327 2947 adversus

191 2981 282 3042 rpsam
302 2978 364 3021 non
384 2959 566 3019 intenderet:
598 2958 671 3018 nibil
696 2970 794 3019 tamen
821 2960 1013 3040 proiecerunt
1038 2980 1149 3018 omnes.
1199 2959 1236 3018 In
1260 2961 1327 3025 eiua

191 3036 333 3098 escidium
353 3036 503 3096 universae
523 3047 618 3096 terrae
638 3037 769 3115 potentia
789 3055 820 3095 se
840 3035 976 3109 armavit,
1009 3047 1040 3094 et
1058 3035 1087 3094 in
1109 3036 1220 3095 sumum
1239 3036 1327 3099 abie-

190 3124 261 3173 runt
281 3131 384 3173 omnes
404 3112 465 3172 eius
485 3122 618 3172 conatus.
671 3111 835 3186 Quomodo
861 3124 920 3172 tam
938 3110 1032 3172 valide
1052 3112 1130 3171 unde
1153 3132 1245 3192 uaque
1265 3112 1328 3173 im-

212 3188 284 3250 etita
303 3187 473 3262 restitisset,
504 3207 565 3247 non
597 3186 652 3248 nisi
677 3187 806 3248 humano
826 3188 901 3248 freta
926 3187 1090 3269 praesidio?
1130 3133 1211 3262 &uin
1232 3188 1348 3271 magis·

191 3211 250 3327 loe
269 3266 333 3346 ipso
346 3286 362 3325 a
375 3264 442 3325 Deo
462 3282 525 3325 esse
538 3263 735 3339 convincitur,
753 3264 834 3343 quod
853 3263 1062 3325 reluctantibus
1082 3263 1212 3325 humanis
1224 3265 1345 3331 omni-.

191 3343 246 3403 but
264 3340 384 3416 studiis,
409 3362 458 3401 sua
482 3351 580 3400 tamen
599 3338 707 3400 sinete
731 3360 823 3420 usque
842 3341 1003 3401 emerserit.
1041 3340 1126 3400 Adde
1146 3341 1233 3401 etiam
1253 3341 1326 3421 htte,

190 3416 271 3498 quod
292 3438 353 3477 nou
372 3438 430 3477 una
449 3417 562 3490 civitas,
591 3436 653 3476 non
675 3437 748 3498 gens
768 3438 826 3476 une
850 3419 880 3477 in
906 3437 969 3476 eam
995 3416 1192 3498 recipiendam
1212 3428 1242 3477 et
1261 3439 1347 3487 ana-e

190 3493 360 3575 plexandam
385 3492 579 3574 conspiravit:
611 3493 661 3553 sed
687 3515 774 3572 quam
803 3493 894 3575 longe
918 3491 1035 3572 lateque
1067 3504 1147 3573 patet
1178 3494 1341 3557 terrarum'

190 3569 287 3646 orbis,
314 3569 456 3631 variarum
482 3568 630 3651 gentium,
665 3569 769 3649 quibus
788 3569 898 3649 alioqui
917 3568 988 3629 nihil
1013 3569 1090 3628 inter
1112 3589 1144 3629 se
1163 3590 1325 3633 commune

190 3656 270 3719 erat,
299 3656 398 3706 sancta
427 3646 644 3725 conspiratione
669 3667 747 3706 suam
772 3646 976 3707 auctoritatem
1002 3646 1108 3725 adepta
1128 3657 1182 3706 est.
1221 3647 1325 3711 Porro

190 3744 280 3803 quum
300 3721 457 3803 plurimum
477 3742 531 3783 nos
556 3741 678 3782 morere
697 3721 805 3783 debeat
827 3721 893 3785 talis
916 3722 1123 3782 convenientia
1143 3734 1203 3783 tarn
1224 3723 1326 3785 diver-

188 3818 288 3861 sorum
308 3800 489 3873 animorum,
521 3810 552 3858 et
571 3797 658 3858 rebus
678 3799 813 3858 omnibus
832 3798 943 3879 alioqui
962 3799 1041 3858 inter
1058 3818 1089 3859 se
1109 3799 1326 3879 dissidentium,
1343 3796 1346 3801 ’

189 3875 308 3956 quando
329 3895 392 3935 eam
420 3895 480 3934 nou
501 3875 556 3935 uisi
584 3873 704 3934 coelesti
730 3877 848 3935 numine
873 3874 1058 3936 conciliatam
1089 3888 1225 3955 apparet:
1257 3882 1332 3941 nott¹

187 3972 291 4032 parum
311 3964 409 4012 tamen
428 3949 577 4033 gravitatis
593 3949 638 4009 illi
656 3952 805 4023 accrescit,
825 3953 892 4011 durn
912 3953 1062 4010 iutuemur
1080 3951 1112 4010 in
1132 3972 1235 4011 eorum
1257 3954 1323 4033 pie·

187 4039 278 4088 tatem
298 4028 349 4108 qui
373 4028 413 4088 sic
439 4029 636 4103 conueniunt,
668 4047 730 4087 non
751 4029 882 4087 omnium
902 4027 1035 4107 quidem,
1054 4028 1105 4088 sed
1126 4029 1246 4108 quibus,
1265 4048 1324 4093 ceu

187 4101 357 4177 luminibus,
376 4102 490 4186 fulgere
512 4102 662 4165 ecclesiam
681 4125 761 4163 suern
780 4103 925 4163 Dominus
945 4101 1049 4163 voluit.

264 4184 311 4244 ts
349 4179 412 4240 Iam
433 4193 541 4261 quanta
559 4180 715 4242 securitate
739 4200 793 4241 nos
814 4180 842 4239 ei
862 4179 1016 4241 doctrinae
1042 4198 1151 4241 nomen
1177 4178 1247 4239 dare
1267 4200 1322 4260 par

187 4267 242 4328 est,
261 4274 347 4336 quam
368 4268 414 4317 tot
432 4269 600 4319 sanctorum
615 4255 745 4315 virorum
763 4257 905 4338 sanquine
924 4255 1061 4317 sancitam
1081 4278 1115 4317 ac
1135 4256 1322 4319 testificatam

184 4331 335 4395 videmus?
373 4332 421 4394 llli
440 4354 495 4415 pro
514 4332 604 4397 semel
623 4343 757 4413 suscepta
775 4353 837 4393 non
859 4331 1030 4393 dubitarunt
1047 4344 1175 4395 mortem
1187 4334 1320 4395 animosa
