2700 4732
3 1756 11 1763 '
107 1745 195 1803 aiter
213 1743 352 1823 impletur
372 1763 404 1801 ca
425 1742 581 1820 promissio
603 1763 689 1820 quam
711 1740 771 1799 eius
792 1741 904 1820 Spiritu
924 1742 954 1800 in
976 1742 1062 1801 nobis
1083 1740 1245 1801 babitantei
1266 1746 1288 1813 ,²

102 229 142 291 ω
492 218 569 284 LlB.
589 220 613 277 l.
654 219 746 283 CAP.
767 218 851 279 Xlll.

107 368 207 430 lacere
226 386 311 427 suum
330 383 393 423 esse
412 362 512 441 solius,
532 365 575 424 sic
594 380 649 441 per
670 364 764 444 ipsum
783 364 813 422 in
834 362 891 422 Del
911 363 1167 444 participationem
1199 384 1246 427 re·
1271 324 1288 479 ἱ

107 446 215 518 nimus,
235 455 269 501 ut
288 443 349 502 eius
367 441 505 500 virtutem
525 443 683 501 sentiemus
703 462 773 520 erga
793 460 848 499 nos
860 441 1079 520 quodammodo
1097 440 1247 515 vivificam.
1277 496 1288 507 ,.

106 521 281 582 lustificatio
299 531 398 578 nostra
420 519 479 577 eius
500 539 573 596 opus
594 530 652 577 cst:
673 516 710 576 ab
731 518 796 593 ipso
818 528 862 576 est
882 518 1025 597 potentia,
1045 518 1247 595 sanctificatio,
1273 510 1288 613 ἐ

107 599 225 671 veritas,
245 597 337 677 gratia
359 607 389 654 et
409 595 546 672 quiequid
567 594 639 652 boni
661 594 786 674 eogitari
807 606 919 673 potest:
945 596 1083 671 ‹proniam
1108 616 1184 665 uuus
1204 606 1247 655 est
1278 616 1288 657 t

108 674 247 755 Spiritus,
266 694 281 732 a
302 694 360 750 qno
382 672 504 747 prulluit
524 692 612 728 omne
632 670 779 729 donorum
799 691 902 750 gertus.
941 672 1017 729 Num
1037 671 1126 753 digna
1143 670 1260 751 impri-,

107 755 161 810 mis
181 761 285 811 notatu
305 761 349 808 est
367 749 512 807 se'ntentia
531 747 581 804 illu
601 746 685 805 Pauli
705 748 743 824 (l.
765 748 898 819 (ior.12,
917 754 964 811 11.
978 750 1041 826 ss.),
1062 746 1247 821 „Quaemvis

108 827 221 889 diversa
240 827 300 885 sint
319 826 396 884 dona
417 837 448 883 ct
467 823 617 903 multiplex
635 825 773 901 serisque
794 824 971 897 distributio,
999 824 1126 882 eundem
1147 837 1277 889 tamen,

108 924 171 965 esse
191 903 332 982 Spiritum
341 907 370 961 :“
390 901 457 980 quia
478 900 571 979 ipsum
592 920 652 958 non
673 901 763 959 modo
784 901 959 978 principium
971 899 1017 958 vel
1031 900 1180 981 originem
1189 912 1261 961 ste-¹

106 981 174 1055 tuit,
193 980 244 1039 sed
264 983 351 1040 etiam
370 989 536 1037 auctorem:
557 976 736 1055 quodetiam
757 976 862 1035 clarius
882 977 1052 1053 exprimitur
1070 976 1161 1057 paulo
1181 988 1248 1057 post

17 1054 20 1059 ’
107 1056 152 1117 bis
184 1055 292 1127 verbis,
323 1054 430 1112 Omnia
461 1053 608 1113 distribuit
639 1074 713 1113 unus
746 1065 776 1111 et
808 1053 883 1111 idem
909 1054 1034 1132 Spiritus
1059 1064 1150 1131 prout
1175 1052 1247 1113 vult.

106 1132 173 1192 Nisi
194 1131 272 1191 enim
294 1142 370 1190 esset
389 1130 499 1209 aliquid
519 1130 548 1188 in
569 1130 637 1189 Deo
657 1129 826 1202 subsistens,
846 1130 965 1187 minime
986 1131 1013 1188 ei
1034 1129 1152 1189 daretur
1170 1128 1248 1197 arbi·

108 1211 197 1269 trium
231 1219 261 1266 et
290 1207 434 1266 voluntas.
481 1202 646 1266 (ilaris'sime
673 1227 746 1287 ergo
770 1206 876 1285 Parrlus
897 1206 1039 1286 Spiritum
1059 1205 1184 1288 insignit
1202 1204 1247 1266 dii

107 1285 174 1348 sinn
194 1285 328 1364 potentin
348 1284 427 1342 etin
448 1282 514 1341 Deo
536 1282 718 1363 hypostatice
737 1283 866 1341 residere
887 1282 1078 1343 demonstrat.

183 1368 231 1426 15.
269 1361 334 1419 Nec
352 1380 422 1422 vero
464 1381 532 1417 uum
553 1359 590 1417 de
609 1361 673 1439 ipso
686 1360 838 1439 Scriptura
856 1357 997 1439 loquitur,
1018 1357 1152 1437 aDeiap
1176 1356 1248 1419 ella·

108 1438 192 1498 tione
213 1436 348 1497 abstinet.
387 1380 494 1494 Pauius
515 1437 593 1494 enim
612 1457 667 1494 nos
688 1455 749 1494 esse
770 1435 909 1515 templum
930 1435 989 1494 Dei
1010 1455 1043 1493 ex
1064 1456 1100 1495 eo
1122 1378 1193 1497 eoil‘
1215 1434 1247 1509 ‘t,

101 1548 106 1559 =
131 1516 177 1573 uia
198 1512 325 1595 Spiritus
345 1512 406 1571 eius
426 1512 588 1571 habitatin
609 1512 695 1569 nobis
715 1510 753 1600 (Ι.
775 1512 847 1571 (lor.
867 1518 964 1585 3,16,
988 1516 1133 1586 et6,19,
1154 1522 1186 1570 et
1220 1510 1265 1569 Ι..Ι

109 1536 182 1651 Sor.
201 1596 230 1665 6,
255 1591 335 1666 16.).
388 1589 480 1662 Quod
510 1609 571 1647 uon
602 1600 646 1647 est
674 1588 777 1646 leviter
807 1589 1065 1666 praetereundum:
1101 1588 1248 1668 siquiden

109 1688 198 1803 qpum
218 1666 308 1726 toties
328 1666 483 1746 promittet
502 1665 583 1723 Deus
602 1685 633 1723 se
654 1664 814 1723 electurum
836 1686 890 1723 nos
903 1665 957 1722 sibi
969 1665 997 1723 in
1010 1664 1165 1743 templum,
1184 1682 1247 1725 non
1265 1676 1288 1771 p*

108 1820 217 1896 Certe,
248 1831 282 1878 ut
305 1817 452 1898 praeclare
477 1818 549 1878 dicit
577 1817 805 1899 Augustinus
837 1818 888 1896 [ad
920 1818 1122 1891 Maximinum,
1152 1818 1288 1898 Epist-j¹

107 1897 187 1976 66.]:
208 1896 254 1971 „si
274 1916 307 1955 ex
327 1895 464 1975 lignis'et
482 1894 627 1973 lapidibus
648 1893 789 1975 templum
805 1893 927 1974 Spiritui
947 1894 1045 1954 lacere
1064 1893 1247 1971 iuberentur,

108 1970 199 2053 „quia
218 1971 312 2032 cultus
332 1971 380 2031 hic
401 1970 456 2031 soli
476 1971 543 2031 Deo
564 1970 689 2031 debetur
719 1972 828 2030 clarum
849 1983 924 2030 esset
943 1971 1100 2030 divinitatis
1121 1972 1288 2031 cirsai-¹1·

107 2061 317 2131 „gumentuw
349 2070 429 2107 nunc
448 2068 520 2127 ergo
542 2060 652 2126 quanto
674 2015 778 2108 clarius
797 2048 874 2106 istud
896 2059 949 2120 est,
975 2047 1055 2126 quod
1080 2068 1142 2107 non
1169 2057 1267 2123 tem·-¹

108 2126 210 2206 „plum
235 2125 276 2184 illi
303 2125 410 2198 faeere,
430 2123 481 2183 secl
502 2145 555 2182 nos
579 2124 633 2203 ipsi
654 2144 716 2185 esse
738 2125 922 2183 debemus't'“
941 2124 981 2181 Et
999 2123 1163 2204 Apostolus
1183 2124 1286 2217 ipe?

107 2223 187 2262 nune
205 2201 347 2279 templum
367 2222 421 2260 nos
442 2200 498 2259 Dei
520 2220 592 2273 esse,
621 2221 699 2259 nuuc
726 2200 850 2281 Spiritus
876 2200 977 2259 Sancti
1006 2201 1111 2260 eodem
1133 2198 1288 2294 signifi-2²

108 2290 176 2340 catu
195 2278 305 2337 scribit.
349 2278 453 2336 Petrus
485 2296 556 2335 vero
587 2276 730 2335 Ananiam
760 2277 979 2356 reprebendens
1007 2278 1087 2357 quod
1120 2274 1247 2355 Spiritui
1265 2302 1278 2331 :·

5 2360 8 2365 '
107 2367 210 2415 saneto
230 2353 369 2413 mentitus
388 2365 474 2425 esset,
506 2373 567 2411 non
588 2352 756 2412 hominibus
777 2354 930 2412 mentitum
954 2372 1015 2412 esse
1036 2352 1163 2427 dicebat,
1193 2336 1288 2491 seq*

108 2431 185 2491 Deo.
224 2429 322 2508 Atque
343 2429 393 2488 ubi
414 2430 520 2488 lessius
540 2428 705 2488 Dominum'
726 2432 903 2489 exercituum
930 2429 1100 2508 loquentem
1122 2430 1248 2507 inducit,
1265 2448 1288 2486 't

107 2507 217 2567 Paulus
237 2506 378 2584 Spiritum
398 2519 528 2565 sanctum
550 2527 611 2564 esse
632 2506 721 2565 docet
740 2508 789 2586 qui
804 2507 936 2585 loquitur
956 2509 1034 2583 (Act.
1050 2511 1099 2579 ⁶28,
1114 2492 1288 2627 &weit

107 2584 176 2642 Imo
201 2605 290 2663 quum
317 2582 421 2661 passim
448 2583 546 2640 dicant
572 2582 754 2661 Prophetae,
784 2584 872 2642 verba
898 2603 973 2662 quae
1000 2582 1158 2662 proferunt
1183 2588 1288 2659 emg't

107 2659 166 2719 Dei
200 2660 388 2732 exercituum,
420 2659 553 2720 Christus
583 2671 614 2718 et
643 2660 781 2738 Apostoli
813 2661 848 2720 sul
874 2659 1017 2740 Spiritum
1039 2658 1072 2718 S.
1094 2630 1286 2719 referentib

107 2736 187 2795 unde
206 2756 237 2795 se
261 2736 348 2809 uitur,
366 2755 468 2796 verum
489 2755 551 2795 esse
564 2735 703 2795 lebovatn
723 2736 772 2815 qui
784 2739 956 2815 praecipuus
969 2734 1245 2815 estprophctiarun
1257 2702 1288 2797 -·-’l·÷

108 2824 221 2872 auctor.
240 2758 355 2872 ilursus
375 2812 425 2871 ubi
445 2812 527 2871 Deus
546 2832 577 2870 se
597 2813 631 2870 ad
652 2813 722 2872 iram
744 2813 845 2892 populi
856 2814 1037 2872 contumacia
1050 2800 1288 2891 provocamini-z

108 2888 309 2967 conqueritur,
329 2908 384 2968 pro
405 2908 442 2950 eo
464 2889 567 2948 lesnias
586 2888 727 2968 Spiritum
740 2892 941 2949 eiussanctnm
955 2889 1161 2950 contristatum
1173 2888 1261 2965 teri-5
1285 2924 1288 2957 2

107 2965 153 3025 bit
171 2967 302 3043 (lesus,
322 2967 392 3039 tlt).
431 2965 588 3025 Postremo
617 2968 642 3026 si
673 2966 849 3045 blasphemie
880 2967 911 3025 in
932 2966 1074 3044 Spiritum
1095 2984 1195 3045 neque
1212 2960 1288 3031 ins,

107 3042 166 3101 boc
186 3042 303 3101 saeculo
324 3062 360 3099 ne
392 3061 421 3099 re
440 3043 469 3099 in
491 3042 591 3101 futuro
613 3042 780 3116 remittitur,
801 3065 889 3120 quum
908 3044 1024 3101 reniam
1045 3041 1182 3102 obtineat
1193 3040 1247 3121 qui
1265 3052 1268 3057 '

109 3117 139 3178 in
159 3118 266 3177 Filium
288 3063 510 3196 blaspiiemavit:
537 3118 630 3199 palem
657 3119 726 3177 binc
746 3120 883 3179 asseritur
903 3119 998 3178 divina
1019 3119 1080 3178 eius
1100 3118 1264 3195 maiorem.
1278 3146 1288 3167 ··

109 3215 194 3273 quam
218 3193 334 3253 laedere
354 3194 398 3252 vel
420 3195 604 3267 imminuere,
635 3195 745 3254 crimen
777 3195 953 3275 inexpiabile
974 3207 1025 3255 est.
1076 3195 1182 3254 Sciens
1209 3216 1288 3265 att-'f

107 3269 211 3329 volens
242 3270 419 3349 supersedeo
451 3291 467 3329 a
498 3271 596 3330 multis
616 3271 800 3341 testimoniis,
831 3273 935 3352 quibus
965 3272 1283 3337 misenensem...

107 3345 266 3405 Plausibile
286 3346 341 3405 illis
360 3348 452 3405 visum
473 3360 518 3406 est
538 3347 627 3406 citare
654 3368 687 3405 ex
712 3348 824 3408 Davicle
854 3348 944 3425 (Psal.
963 3354 1012 3420 33,
1031 3348 1088 3421 6.):
1116 3348 1288 3425 „Verbojt

108 3421 230 3481 Domini
250 3422 328 3482 coeli
347 3424 452 3481 firmati
472 3434 540 3482 sunt
560 3435 590 3481 et
611 3424 721 3504 Spiritu
742 3426 802 3485 oris
821 3425 882 3483 eius
900 3426 994 3483 omnis
1006 3425 1096 3483 virtus
1107 3428 1246 3501 eorunt‚“
1264 3440 1287 3499 tt,

107 3509 143 3557 ut
157 3498 323 3590 probarent
342 3520 404 3558 non
425 3500 519 3559 minus
540 3500 667 3592 Spiritus
692 3502 783 3561 sancti
804 3522 877 3593 opus
904 3521 966 3561 esse
992 3502 1133 3559 mundum
1154 3498 1288 3583 qum-2³}

107 3573 184 3634 Filu.
223 3575 283 3634 Sed
304 3596 393 3653 quum
413 3575 443 3635 in
463 3576 586 3636 Psalmis
605 3578 740 3637 usitatum
760 3579 797 3638 sit
809 3577 938 3637 brsidem
951 3590 1097 3657 repetere,
1110 3589 1141 3635 et
1172 3556 1282 3641 trrattt‘ff

107 3673 124 3711 a
146 3652 185 3711 ud
198 3650 319 3711 Iesaiam
339 3653 450 3728 (tus)
471 3653 598 3731 Spiritus
618 3655 676 3714 oris
694 3654 773 3713 idem
791 3654 885 3715 valcat
899 3666 929 3713 at
951 3674 1107 3729 nesermo,
1126 3599 1270 3717 inimo.

106 3672 158 3788 ida
176 3728 253 3790 ratio
274 3728 338 3787 luit
377 3728 481 3807 ltaque
500 3740 615 3790 tantum
635 3747 722 3809 parce
740 3731 886 3814 attingere
905 3676 994 3807 adini,
1018 3730 1125 3810 quibus
1147 3728 1268 3794 solide'

106 3804 305 3865 inniterentur
322 3804 389 3896 piae
407 3818 531 3865 mentes.
1259 3808 1267 3823 '

184 3885 231 3945 16.
271 3882 351 3955 Quia
383 3894 480 3941 antem
511 3882 621 3942 (ibristi
650 3884 774 3943 adventu
805 3884 909 3944 elarius
941 3904 972 3943 se
1012 3882 1131 3943 atelecit
1149 3883 1245 3961 Dent,
1283 3910 1288 3967 ιΙ

107 3957 150 4016 ita
171 3958 258 4018 etiam
277 3958 308 4016 in
327 3957 423 4017 tribus
444 3960 576 4037 personis
604 3960 773 4020 familiarius
801 3961 941 4020 innotuit.
1005 3961 1042 4020 ed
1075 3981 1108 4019 ex
1141 3962 1287 4041 multis-=

109 4032 283 4094 testimoniis
313 4055 405 4094 unum
436 4034 494 4095 hoc
523 4035 609 4097 nobis
633 4037 765 4097 sufficiat.
809 4040 885 4097 Nam
909 4037 1016 4097 Paulus
1042 4038 1078 4109 (E
1100 4036 1129 4096 h.
1147 4048 1180 4111 4,
1197 4039 1244 4114 δ’.)
1267 4036 1270 4043 '

107 4108 181 4170 baec
199 4110 254 4169 uia·
273 4109 315 4170 sic
334 4112 495 4188 connectit,
513 4112 621 4184 Deum,
641 4114 744 4173 Fidem
764 4114 842 4172 etlts
866 4116 991 4186 tismuru,
1012 4127 1045 4173 ut
1063 4059 1100 4172 ab
1123 4136 1185 4175 uno
1205 4114 1245 4175 ad

109 4184 187 4245 aliud
205 4185 412 4247 ratiocinetur:
443 4208 550 4269 nempe
576 4191 643 4269 quia
671 4212 728 4250 una
754 4202 797 4250 est
816 4136 898 4265 sides,
922 4203 955 4250 ut
977 4192 1046 4249 inde
1065 4210 1156 4250 unum
1179 4210 1280 4261 estet

107 4262 207 4320 Deum
226 4262 422 4324 demonstret:
451 4267 518 4345 quia
536 4286 609 4325 unm
634 4278 679 4327 est
702 4268 877 4360 Baptismus,
905 4267 975 4326 inde
1006 4288 1126 4349 quoque
1150 4289 1241 4329 una·

55 4380 59 4403 .
109 4336 277 4401 essentem
296 4339 439 4405 ostendat.
476 4342 559 4424 Ergo
588 4343 613 4405 si
645 4345 676 4405 in
704 4368 788 4408 umus
820 4345 876 4404 Der
902 4345 990 4405 fidem
1009 4365 1043 4406 ac
1063 4342 1241 4427 religionen
1270 4366 1274 4373 ·
