2700 4732
102 206 162 273 m
492 198 931 289 mufflm,

102 344 211 407 merito
230 341 377 425 ponebatr
403 341 486 423 quod
503 344 573 405 setis
593 354 655 404 erat
672 343 822 426 praesenti
841 361 962 418 causae,
992 340 1159 417 contendit,
1176 360 1226 437 prr

103 422 175 487 tiam
195 421 276 482 omui
294 419 402 481 merito
422 438 485 481 esse
526 419 648 481 riorem:
679 421 772 482 altera
796 421 913 481 interim
933 420 1107 500 quaestione
1125 438 1226 481 omraat

105 498 143 561 dc
161 509 308 579 perpetuo
328 496 440 590 gratiae
465 516 481 555 e
509 507 593 574 ectu,
624 518 710 577 quarn
742 509 841 558 tamen
872 494 943 557 alibi
974 494 1094 579 egregie
1123 505 1226 565 tractat

104 573 271 654 Aliquotles
291 594 367 633 ennn
388 572 456 631 dum
477 573 559 650 dicit,
590 572 754 633 Dominum
774 573 946 655 praevenire
965 572 1119 633 uolentem
1137 584 1175 633 nt
1191 590 1226 633 ve

105 651 151 726 llt,
171 649 322 710 volentem
342 649 481 729 subsequi
501 668 539 709 ne
559 648 666 709 l'rustra
684 650 771 715 uelit:
796 651 890 731 ipsum
909 649 982 709 boni
1001 647 1101 729 operis
1118 648 1152 709 in
1170 646 1226 731 spli

107 728 175 787 dum
196 726 266 786 lacit
285 738 446 786 auctorem.
506 726 683 805 Quanquam
715 724 855 786 clariores
882 725 919 785 de
942 724 997 785 bac
1029 746 1063 785 re
1086 734 1157 787 aunt
1179 726 1226 785 ein

107 804 281 879 sententiae,
300 824 387 881 quam
407 813 440 861 ut
459 799 578 883 longam
597 803 883 884 argumentationem
899 801 1079 861 desiderent.
1115 798 1226 887 „Labe

106 890 204 955 „raot,
222 879 319 959 inquit
351 878 418 958 [lib.
437 884 466 942 ⁶2.
486 876 523 937 de
542 878 653 940 remiss.
673 890 785 959 peccat
805 901 868 959 cap.
888 878 969 959 18.],
1001 878 1136 939 bominea
1159 876 1226 939 iuva

106 955 192 1030 „nire
211 955 241 1015 in
263 965 362 1034 nostra
383 953 534 1014 uoluntate
554 954 633 1033 quod
654 967 787 1015 nostrum
812 956 868 1029 sit,
898 966 929 1013 et
955 975 1016 1016 non
1042 974 1077 1013 ex
1094 952 1182 1016 Deos
1213 970 1226 1013 t

105 1029 695 1167 stltltltll‘lldll‘gitti
710 1028 1226 1185 sll'trssttt.⁰tt²‘.²..lt¹.'⁶}t

105 1188 136 1257 6,
154 1150 230 1272 ab),
250 1128 424 1260 Osnuiquui
444 1149 568 1242 airdierit
585 1206 601 1244 a
620 1183 708 1243 Patre
727 1204 806 1255 meo,
826 1183 907 1271 venit
917 1183 952 1243 ad
964 1127 1040 1243 mel)
1047 1180 1226 1257 ,Arbitrium

106 1260 235 1337 „iuqurt,
253 1259 294 1318 sic
313 1259 475 1331 adiuvatur,
495 1270 608 1318 utnon
628 1260 723 1319 solum
743 1258 814 1337 quid
835 1258 998 1318 laciendum
1015 1258 1063 1329 sit,
1081 1258 1172 1334 sciat,
1189 1274 1226 1319 et

106 1335 211 1412 „quod
230 1334 348 1395 sciverit
366 1334 454 1392 etiam
474 1332 592 1394 laciat.“
648 1334 747 1414 Atque
767 1335 806 1394 ita
831 1356 920 1413 quum
939 1333 1021 1393 Deus
1044 1332 1151 1409 docet,
1179 1352 1226 1395 not

106 1432 159 1489 per
179 1410 268 1491 Legis
288 1409 418 1484 literam,
436 1409 487 1469 sed
507 1430 562 1488 per
582 1410 709 1495 Spiritus
735 1410 872 1493 gratiam,
904 1410 945 1469 ita
977 1409 1067 1469 docet
1096 1420 1132 1469 nt
1160 1428 1226 1491 quor

106 1487 230 1564 quisque
250 1484 395 1558 didicerit,
413 1504 475 1544 non
495 1497 609 1545 tantum
631 1486 841 1576 cognoscendo
859 1486 976 1562 rideat,
1005 1485 1059 1547 sed
1078 1484 1170 1547 etim
1187 1504 1226 1549 w

106 1561 691 1728 leudq·appqtqtupqpffloiqluqrppqplqpag.
699 1637 817 1697 cardine
838 1637 895 1696 iarn
911 1658 1076 1697 versamure
1102 1598 1226 1729 apednfll

105 1734 247 1775 summanr
265 1714 310 1773 rei
329 1714 428 1848 paucis
446 1734 481 1774 ac
506 1715 694 1805 apertissimis
723 1726 838 1804 tanturn
865 1714 1034 1804 Scripturas
1064 1711 1226 1773 testimonii

92 1788 262 1871 probatam
281 1802 326 1853 tra
348 1811 428 1849 amus
447 1787 624 1849 lectoribus:
654 1803 717 1849 tum
738 1789 844 1849 demde
873 1792 927 1867 (ne
951 1811 1014 1869 qurs
1032 1809 1089 1850 nus
1107 1787 1226 1851 detorta

107 1886 260 1947 perperam
269 1866 440 1945 scripturae
460 1865 622 1941 insimulet)
643 1867 840 1939 ostendamus,
861 1887 958 1944 neque
979 1866 1063 1925 buius
1081 1862 1226 1927 sanctivit

106 1942 317 2023 (Augustinusn
339 1942 423 2022 dico)
441 1942 610 2002 testimonio
632 1942 765 2016 destitui,
792 1964 878 2021 quarn
900 1962 933 2001 ex
952 1942 1105 2020 Scriptura
1126 1940 1226 2003 desum

106 2032 185 2155 ptam
205 2018 357 2079 asserimus
377 2019 536 2080 ueritatem.
589 2021 664 2078 Nam
685 2038 782 2098 neque
802 2017 938 2097 expedire
958 2037 1079 2087 censeo,
1113 2029 1149 2078 ut
1166 2036 1226 2097 qua

119 2116 138 2153 n
157 2095 320 2155 sententiae
339 2107 458 2155 nostrae
479 2094 734 2155 confirmationem
754 2095 858 2155 adduci
878 2093 1088 2172 exscriptoris
1106 2102 1226 2173 possunt

105 2170 335 2253 ordinesingula
355 2183 579 2231 recenseantur:
600 2170 690 2231 modo
711 2191 745 2231 ex
764 2170 970 2244 solertissimis,
989 2188 1065 2249 quae
1084 2168 1226 2249 proleeea

106 2260 166 2323 tur,
183 2247 228 2307 vla
248 2260 397 2308 sternatur
414 2246 451 2307 ad
471 2246 583 2327 reliqua
604 2249 712 2320 omnia,
732 2267 806 2326 quae
826 2248 947 2338 sparsim
963 2246 1113 2327 leguntur,
1131 2244 1227 2307 intelb'

106 2322 215 2411 gemla:
236 2344 333 2403 neque
353 2344 467 2383 rursum
486 2323 689 2402 intempestive
710 2324 818 2383 lactum
839 2323 887 2396 ari,
906 2323 930 2382 si
950 2324 1044 2403 palam
1057 2322 1159 2383 secero
1170 2320 1226 2401 nil

106 2422 172 2461 cum
193 2420 231 2459 eo
250 2400 316 2459 siro
335 2420 397 2459 nors
416 2398 491 2458 male
504 2400 674 2473 coruvenire,
693 2400 740 2461 cui
759 2400 916 2480 plurimum
936 2396 1116 2459 auctoritatis
1135 2396 1226 2463 Μὴ

106 2476 204 2543 defert
243 2477 337 2535 iorum
357 2496 526 2538 consensus.
565 2477 657 2536 Certe
677 2475 748 2536 boni
768 2476 918 2535 exordium
937 2497 999 2535 non
1009 2474 1138 2551 aliunde,
1156 2494 1226 2553 quar

106 2570 122 2613 a
142 2550 208 2617 solo
257 2574 293 2612 co
315 2572 376 2612 esse
397 2552 475 2611 lucili
496 2563 525 2611 et
545 2566 624 2612 certa
643 2555 760 2612 ratione
780 2552 888 2631 liquet:
913 2552 1109 2632 nequeenim
1137 2548 1226 2611 volu

105 2641 151 2691 tas
170 2628 336 2710 reperietur
353 2628 389 2688 ad
409 2627 521 2687 bouum
541 2650 687 2709 propensa
709 2629 765 2689 nisi
785 2629 814 2687 in
842 2629 951 2688 electis.
1008 2626 1100 2706 Atqui
1120 2624 1226 2689 electio

107 2706 153 2769 uis
172 2714 255 2765 causa
276 2717 354 2765 extra
374 2704 507 2765 hominus
527 2706 692 2795 quaerenda
711 2717 766 2765 est:
787 2706 864 2764 unde
877 2705 1042 2777 coniicitur,
1061 2714 1173 2763 rectam
1186 2716 1226 2765 'ut

106 2782 247 2841 luutsteur
268 2802 329 2842 non
350 2801 412 2841 esse
432 2781 545 2842 bonriur
563 2802 620 2842 ase
633 2782 709 2861 ipso,
728 2782 779 2841 sed
796 2804 828 2843 ex
847 2782 952 2842 eodem
964 2779 1164 2859 beneplacito,
1183 2800 1226 2859 qn

106 2870 176 2923 ante
196 2857 296 2919 usundi
317 2858 498 2921 creationem
519 2859 605 2918 electi
624 2881 739 2932 sumus,
769 2858 871 2919 lluere.
927 2857 1054 2916 Accedit
1072 2855 1163 2921 altera
1181 2876 1226 2917 no

106 2934 246 3000 absimilis
266 2934 356 2995 ratio:
389 2955 456 2995 nam
482 2958 571 3015 quum
597 2934 673 2994 bene
694 2934 813 2996 volendi
834 2946 865 2993 et
883 2933 988 3015 agendi
1008 2932 1188 3013 principium
1207 2932 1226 2995 tl

108 3032 142 3073 ex
161 3011 230 3079 lide,
260 3011 419 3072 videndum
441 3024 485 3071 est
504 3014 583 3070 nude
603 3012 640 3071 sit
659 3012 719 3101 ipsu
741 3011 821 3070 fides.
872 3011 973 3085 Quum
993 3030 1064 3068 vero
1084 3008 1226 3091 gratuitu!

106 3107 181 3162 esse,
200 3088 256 3147 llei
277 3089 386 3147 donum
407 3088 514 3149 clamet
533 3101 595 3147 tota
617 3088 787 3167 Scriptura,
815 3107 846 3147 se
869 3088 947 3146 uitur
978 3107 1011 3145 ex
1041 3104 1121 3145 mera
1151 3084 1226 3169 grati

107 3183 170 3225 esse
190 3164 241 3223 ubi
260 3165 339 3223 uelle
360 3165 471 3227 bonum
493 3166 662 3244 incipimus,
688 3164 738 3241 qui
757 3163 792 3223 ad
813 3109 920 3223 nillum
941 3176 1007 3223 toto
1028 3161 1126 3222 animo
1146 3182 1226 3223 sumu

107 3242 279 3300 naturaliter
297 3241 448 3320 propensi.
505 3241 585 3321 Ergo
605 3241 769 3312 Dominus,
800 3239 852 3299 ubi
879 3241 909 3299 in
930 3239 1033 3320 populi
1054 3238 1098 3297 sui
1119 3256 1226 3299 conver

107 3318 191 3378 sione
211 3318 269 3377 duo
293 3317 363 3377 baec
384 3316 485 3396 ponit,
517 3329 551 3375 ut
570 3338 623 3377 cor
643 3317 684 3375 illi
705 3316 849 3395 lapideum
870 3317 992 3389 aulerat,
1023 3316 1075 3375 det
1094 3332 1226 3381 carneum

106 3415 122 3453 a
147 3405 208 3459 erte
230 3405 353 3452 testatur
373 3406 514 3479 oportere
534 3392 658 3467 aboleri,
680 3393 759 3472 quod
781 3414 814 3452 ex
834 3393 919 3453 nobis
940 3405 999 3464 est,
1027 3411 1086 3469 quo
1105 3390 1144 3453 ad
1163 3388 1226 3453 iusti

106 3414 179 3535 tirus
199 3481 418 3531 convertamur:
451 3470 590 3549 quicquid
616 3481 712 3529 autem
740 3470 769 3529 in
791 3471 851 3529 eius
872 3470 970 3528 locum
990 3468 1078 3541 subit,
1099 3488 1116 3527 a
1136 3465 1226 3558 eaipt'

107 3566 180 3606 esse.
202 3612 206 3619 ,
237 3546 341 3625 Neque
360 3545 389 3605 id
410 3565 471 3604 uno
492 3545 561 3615 loco
581 3545 769 3625 pronuntiat:
801 3546 872 3605 dicit
891 3546 968 3603 enim
988 3544 1066 3623 apud
1086 3542 1226 3603 leremrar

106 3628 170 3698 (3⁴2,
189 3623 269 3701 39.):
307 3622 416 3693 „llabo
438 3622 478 3680 eis
499 3644 552 3682 cor
572 3644 678 3697 unum,
709 3636 739 3681 et
763 3622 839 3685 riaur
865 3643 967 3695 unam,
995 3631 1029 3678 ut
1053 3619 1181 3680 timeant
1198 3640 1226 3679 sn

106 3698 270 3773 „universis
290 3698 422 3763 diebus.“
461 3698 554 3758 Paulo
575 3711 661 3778 post:
696 3700 870 3773 „Timorem
892 3697 1017 3756 nominis
1036 3698 1095 3755 mei
1114 3696 1197 3757 dabo
1215 3694 1226 3757 i

106 3796 182 3850 „cor
202 3796 315 3849 eorum,
347 3786 380 3837 ut
399 3794 462 3833 nun
481 3776 621 3835 recedant
640 3796 657 3836 a
675 3782 754 3835 nic.“
792 3774 918 3835 llursum
948 3772 1025 3853 apud
1057 3771 1226 3835 Erectister

106 3853 267 3930 (11,19.):
298 3850 410 3926 „Dabo
428 3852 469 3911 eis
489 3874 543 3911 cor
563 3874 670 3924 ununr,
699 3865 729 3911 ct
749 3851 891 3931 Spiritum
913 3871 1021 3909 norum
1048 3848 1126 3910 dabo
1153 3850 1184 3909 in
1204 3840 1226 3907 rl

107 3929 260 4001 „secribus
274 3947 392 3990 ¹eorum.
418 3926 482 3994 Cor
495 3928 639 4006 lapideum
661 3928 788 3987 auleraur
811 3929 847 3985 de
868 3947 955 3987 carne
977 3946 1099 3999 eorum,
1119 3938 1152 3987 et
1169 3922 1226 4013 dab'¹

106 4004 170 4075 „cis
190 4026 243 4065 cor
262 4010 432 4065 carneum.“
490 4005 559 4064 Nou
591 4016 681 4066 sossct
700 4005 861 4063 euidentius
881 4004 937 4062 sibl
964 4002 1128 4073 uindicare,
1160 3998 1226 4065 nobi

107 4080 247 4153 adimere,
266 4080 406 4159 quicquid
426 4091 470 4140 est
488 4081 518 4140 iu
539 4026 690 4140 voluntate
711 4093 810 4141 nostra
831 4080 903 4138 boui
923 4091 951 4138 ct
970 4077 1056 4153 recti,
1077 4076 1226 4157 quamdiu

108 4155 335 4216 conversionem
364 4169 511 4229 nostram,
543 4158 722 4216 creationem
754 4156 824 4215 novi
854 4156 981 4235 Spiritus
1006 4165 1038 4213 et
1061 4156 1132 4213 noui
1150 4148 1226 4213 cord

108 4252 171 4292 esse
191 4242 324 4293 testatur.
348 4231 491 4316 Sequitur
510 4233 589 4293 cuins
614 4253 747 4313 semper,
774 4245 806 4292 et
825 4252 860 4292 ex
880 4232 1031 4293 uoluntate
1050 4242 1152 4291 nostra
1170 4224 1226 4289 ailu‘
