2596 4726
133 236 190 299 111
514 222 593 285 hill.
612 226 667 285 Π.
702 224 793 287 cao
813 222 897 284 Vlll.

139 372 270 433 Verbum
290 369 471 451 ipsumritae.
489 368 710 429 familiariter'se
723 368 811 429 nohis
830 389 973 429 aeeonm
994 368 1170 451 erplimrit!
1190 370 1269 447 Quin

140 450 271 511 omniurn
290 449 441 509 homiuum
462 447 619 507 oraclausa
639 446 859 516 esseroorenit,
879 457 1031 527 postquam
1052 446 1147 505 semel
1163 446 1270 529 loquu-

140 540 187 587 tus
207 540 251 585 est
271 526 340 599 ille,¹
366 524 395 584 in
416 544 475 601 quo
500 523 634 583 eoelestis
654 522 743 580 Pater
767 542 869 581 omnes
895 522 1033 581 scientiae
1058 533 1091 581 et
1109 522 1270 603 sapientiae

139 604 290 663 thesauros
307 600 402 661 voluit
422 620 483 659 esse
501 597 822 675 abscoorlitos(Col.2‚
838 600 893 673 3.),
912 609 943 657 et
961 598 1002 657 sic
1044 598 1176 659 nidernl
1237 622 1268 659 rr·

141 692 188 739 tus
208 690 266 750 est,
293 686 327 735 ιιι
350 688 381 735 et
400 675 457 735 Dei
476 674 645 753 sapientiam
671 676 760 751 (quae
780 674 857 733 nulla
877 675 906 733 in
927 686 1010 753 parte
1021 618 1129 735 broten
1155 686 1199 735 est
1238 686 1267 735 et

143 753 276 814 hlessiam
298 756 330 830 (a
348 772 407 831 quo
430 751 559 810 omnium
579 750 718 808 revelatio
735 750 919 827 sperabatur)
930 750 990 825 (lo.
1004 756 1033 825 l,
1044 750 1110 827 25.)
1132 750 1266 812 decebat:

143 832 201 890 hoe
222 842 276 901 est,
295 840 328 886 ut
348 839 414 909 post
433 848 465 885 se
485 826 556 884 nihil
575 826 636 885 aliis
656 828 810 885 dicendum
830 826 989 905 reliquerit.

216 910 246 971 8.
286 906 358 963 Esto
378 904 467 983 igitur
486 902 542 959 hoc
561 902 673 959 lirnium
692 902 818 975 axioma,
838 904 905 963 Nou
921 900 999 961 aliud
1020 900 1192 963 habendum
1208 922 1264 965 etat

143 980 414 1051 veientonem
435 978 520 1036 detur
539 978 570 1035 io
591 977 709 1036 ecelesia
730 979 827 1036 lorus:
847 998 931 1055 quarn
951 978 1031 1055 quod
1043 978 1127 1059 Lege
1149 979 1263 1059 primaru

143 1070 173 1116 et
193 1056 358 1131 Prophetis,
377 1053 482 1111 deinde
502 1054 615 1133 scriptis
627 1054 805 1145 Apostolicis
825 1054 1009 1113 continetur:
1028 1073 1085 1111 ner:
1104 1054 1195 1114 alium
1214 1056 1263 1115 rite

142 1132 268 1193 docendi
289 1128 447 1187 inecrlesia
468 1130 586 1188 modum
606 1130 659 1187 niu
680 1148 714 1187 es
733 1129 794 1187 eius
806 1130 887 1188 verbi
906 1129 1086 1209 praescripto
1106 1142 1262 1189 et'nornu.

142 1210 221 1267 llinc
241 1206 327 1265 etiam
347 1204 521 1285 colligimus,
540 1226 601 1263 non
623 1203 699 1263 aliud
720 1206 891 1283 promissum
912 1204 1163 1283 suissehpostnlis
1183 1228 1259 1286 quan

142 1284 222 1363 qnod
250 1282 320 1340 olim
344 1282 504 1340 habuerant
530 1280 709 1359 Prophetae:
741 1301 847 1359 nempe
873 1292 906 1339 ut
930 1290 1058 1339 veterem
1084 1280 1259 1361 Scripturarrr

141 1369 338 1438 exponerent,
369 1378 403 1415 ae
431 1356 622 1415 ostenderent
644 1358 674 1414 in
700 1356 817 1417 Christo
844 1356 987 1433 completa
1013 1376 1076 1415 esse
1102 1378 1178 1437 qnae
1206 1358 1260 1419 illie

141 1435 313 1493 traduntur:
333 1432 362 1492 id
382 1434 475 1512 ipsunt
496 1443 591 1492 tamen
612 1453 673 1490 uon
694 1432 825 1492 lacerent
843 1432 897 1491 nisi
916 1451 950 1489 ex
968 1430 1117 1501 llomino,
1138 1434 1195 1493 hoc
1212 1445 1260 1507 est,

141 1521 302 1589 praeeunte
333 1520 362 1567 et
389 1508 476 1567 verba
497 1507 713 1587 quodammodo
744 1508 871 1567 dictante
892 1506 1001 1567 Christi
1027 1508 1153 1587 Spiritu.
1203 1512 1259 1571 llae

142 1590 220 1643 enirn
252 1583 317 1664 lege
347 1604 449 1643 eorum
480 1583 657 1663 legationem
684 1584 816 1642 delinivit
836 1583 968 1645 Christus
987 1584 1107 1659 (blatth.
1126 1588 1258 1657 Mo).

164 1684 231 1719 uurn
256 1659 338 1721 iussit
360 1673 393 1719 ιιι
424 1661 499 1719 irent
524 1681 557 1719 ae
582 1660 739 1733 docerent,
770 1680 830 1719 noo
854 1680 928 1738 quae
952 1670 1062 1719 temere
1089 1662 1145 1739 ipsi
1170 1672 1258 1721 essent

142 1684 290 1809 iabrIeati,
309 1737 358 1794 sed
379 1756 570 1815 quaerunque
591 1736 658 1825 ipsis
677 1748 872 1815 praeceperat.
911 1735 1042 1795 Erubuit
1061 1738 1190 1866 apertius
1207 1736 1258 1797 diti

142 1826 260 1893 poterat
279 1834 364 1891 qrrarn
385 1812 464 1890 quorl
490 1812 557 1869 alibi
583 1814 653 1870 dreit
672 1811 789 1889 (lllnttlr.
807 1818 862 1883 23,
881 1814 1028 1885 ss-lll·):
1060 1855 1080 1884 ‚,
1100 1814 1144 1872 'or
1168 1826 1257 1873 autem

141 1890 235 1949 nolite
256 1889 354 1947 rostari
369 1886 479 1947 Rabbi:
499 1910 572 1947 unos
592 1889 670 1947 euim
691 1891 825 1967 magister
837 1900 941 1956 vester,
962 1887 1127 1948 tibrisrnsa‘
1151 1890 1257 1949 Deinde

143 1986 202 2057 qun
227 1964 312 2023 altius
343 1964 398 2021 boe
418 1984 519 2022 rorum
551 1964 651 2023 anisnis
679 1964 827 2044 infigeret,
858 1963 900 2022 bis
931 1964 1034 2023 eodem
1059 1964 1130 2024 loco
1150 1965 1256 2045 repetit.

140 2044 180 2099 ht
200 2042 266 2119 quia
287 2059 362 2117 quae
382 2040 532 2098 audierant
556 2062 589 2097 ae
610 2040 769 2097 didicerant
788 2061 821 2097 ex
843 2059 895 2097 ore
915 2040 1060 2119 magistri,
1084 2062 1189 2120 rapere
1206 2060 1254 2122 pro

140 2138 191 2177 sua
212 2116 336 2174 ruditate
357 2137 416 2174 non
438 2128 585 2193 poteraut,
605 2116 730 2195 Spiritus
747 2116 873 2173 veritatis
893 2116 948 2175 illis
967 2117 1160 2193 promittitur,
1178 2134 1255 2195 aque

141 2192 304 2273 dirigantur
323 2192 350 2249 in
371 2212 466 2250 reram
487 2192 618 2249 omniurn
638 2191 857 2269 intelligentiam
877 2192 936 2266 (lo.
949 2198 996 2265 lt,
1013 2200 1062 2255 ⁴26.
1078 2206 1110 2253 et
1128 2199 1176 2265 16,
1193 2194 1253 2267 152).

141 2268 194 2326 llla
214 2268 292 2325 euim
313 2268 458 2325 restrictio
479 2278 590 2325 attente
609 2269 751 2326 notanda:
773 2268 823 2325 ubi
843 2278 939 2345 partes
957 2268 1081 2347 Spiritui
1100 2281 1200 2331 sancto
1216 2290 1254 2329 as·

139 2343 245 2421 signat,
263 2360 422 2421 suggerere
443 2362 633 2433 qrraerurnque
653 2357 721 2401 ante
741 2364 793 2403 ore
813 2344 921 2403 dor-nit·

216 2423 244 2481 9.
282 2418 412 2475 Proinde
433 2419 502 2475 nihil
523 2418 602 2477 aliud
623 2419 667 2477 vel
687 2420 742 2478 sibi
762 2420 806 2477 vel
827 2418 887 2479 aliis
907 2418 1049 2499 reliquum
1069 2420 1253 2493 l'aeitl‘etnrt,

140 2493 250 2573 optime
271 2514 287 2551 a
308 2494 447 2570 Magistro
469 2494 605 2557 edoctus.
626 2508 764 2572 quantum
784 2496 840 2553 sibi
861 2496 975 2567 liceret,
1001 2497 1056 2555 nisi
1077 2510 1110 2557 ut
1129 2498 1251 2557 traditam

139 2590 156 2629 a
178 2571 242 2628 lleo
263 2570 423 2627 ‹loetriuam
444 2570 590 2647 dispenset
608 2572 646 2643 (l.
668 2589 714 2647 ep.
733 2579 762 2641 l,
783 2580 856 2645 ll.):
877 2574 959 2645 „Qui
979 2574 1112 2651 loquitur
1129 2574 1251 2653 (iuquit),

140 2646 180 2705 lor
193 2658 277 2703 natur
295 2656 433 2721 tanquam
447 2666 595 2703 serrnrrues
608 2646 703 2703 lreis‘
723 2646 779 2703 boe
800 2659 852 2719 est,
873 2670 932 2705 nou
952 2650 1134 2723 dubitanter,
1153 2664 1183 2709 ut
1199 2661 1250 2707 tre·

172 2668 240 2781 dare
259 2721 355 2780 solent
374 2721 430 2780 sibi
452 2722 525 2780 male
547 2724 671 2796 conscii,
696 2722 745 2781 sed
767 2723 822 2783 alta
843 2724 1033 2797 confidentia,
1054 2748 1130 2805 quae
1149 2744 1249 2785 serron

139 2744 198 2856 bei
219 2800 304 2858 certis
324 2798 466 2857 mandatis
486 2801 657 2857 instructum
679 2800 772 2858 decet.
826 2800 906 2873 Quid
928 2800 983 2861 hoc
1007 2802 1087 2861 aliud
1115 2816 1158 2863 est
1175 2820 1249 2881 quarn

138 2894 242 2935 omnes
267 2873 408 2931 hnmanae
433 2876 537 2933 mentis
566 2876 748 2935 inventiones
776 2879 807 2950 (a
830 2897 1006 2956 quoeunque
1031 2880 1148 2939 tandem
1167 2876 1250 2957 capite

138 2950 287 3028 proiectae
306 2951 380 3023 siut)
400 2972 509 3019 arr-ere,
530 2963 559 3007 ut
581 2952 737 3028 purusDei
757 2972 851 3011 sermo
873 2954 900 3011 in
921 2954 1047 3012 fidelium
1068 2955 1188 3015 eeclesia
1205 2952 1250 3011 do·

139 3038 239 3084 ceatur
248 3047 279 3083 ae
294 3025 418 3085 discatur
431 3027 560 3084 omnium
574 3027 938 3163 lromirrummtuiuseunpue
949 3030 1007 3089 sint
1019 3031 1147 3109 ordinis)
1159 3030 1249 3111 placita

137 3101 186 3157 vel
207 3103 303 3177 potius
324 3103 461 3177 figmenta
490 3102 610 3173 tollere,
639 3117 672 3162 ιιι
695 3106 783 3163 solius
804 3106 860 3161 llei
905 3118 1001 3165 cereta
1027 3120 1088 3167 rata
1110 3102 1250 3166 maneant?

137 3174 218 3233 Ilaec
237 3188 305 3233 suut
324 3178 380 3251 (11.
401 3178 472 3235 lior.
492 3184 539 3247 lo,
558 3184 600 3251 l.)
620 3201 720 3252 „arma
740 3181 787 3240 illa
807 3182 963 3259 spiritualia
986 3185 1119 3261 potentia
1141 3184 1203 3241 Deo
1221 3178 1251 3239 ul

135 3250 376 3323 „demolitionem
397 3252 609 3311 munitionum:
642 3258 744 3333 quibus
770 3258 888 3316 consilia
914 3259 1112 3318 demoliantur
1136 3260 1184 3319 fidi
1203 3254 1251 3315 llei

136 3325 280 3400 „milites,
306 3338 336 3383 et
360 3348 477 3386 omnem
505 3329 703 3389 celsitudinem
730 3354 802 3411 quae
829 3333 975 3393 extollitur
1001 3336 1137 3395 adversus
1157 3333 1252 3426 cogni·

135 3400 271 3475 „tionem
284 3400 352 3473 Dei,
373 3414 404 3461 et
424 3406 562 3481 captivam
585 3405 690 3465 deerant
709 3429 825 3467 ornnem
846 3412 1045 3489 coguitionem
1065 3414 1101 3470 ad
1119 3414 1252 3471 obedren·

134 3475 226 3551 „duur
248 3476 398 3535 Christos
437 3482 480 3537 liu
505 3502 643 3539 sunuuaru
670 3497 859 3562 potestatem,
885 3507 940 3564 qua
961 3487 1100 3547 ecelesiae
1120 3502 1252 3567 pastores,

134 3572 312 3632 quocunque
326 3553 440 3611 slenrurn
454 3555 571 3613 ririnrine
585 3574 734 3632 vorentur,
757 3563 901 3637 praeditos
914 3582 975 3619 esse
985 3566 1135 3639 convenit,
1154 3580 1252 3641 nempe

133 3640 166 3687 ut
186 3629 277 3688 verbo
296 3629 354 3686 Dei
379 3630 562 3690 confidenter
590 3637 685 3693 onmia
718 3638 853 3696 aurleant:
888 3637 948 3695 eins
973 3641 1116 3699 maiestati
1141 3658 1252 3699 omnem

132 3704 233 3763 muudi
254 3704 398 3777 virtutem,
418 3708 551 3786 gloriam,
570 3712 748 3787 sapientiam,
769 3713 949 3772 altitudinem
970 3716 1074 3775 cedere
1086 3729 1115 3775 at
1138 3738 1173 3775 ue
1187 3716 1253 3775 obe·

132 3780 195 3868 dire
215 3792 336 3859 cogant:
359 3784 418 3840 eius
439 3785 568 3859 putentia
591 3786 654 3845 sulti
671 3789 805 3847 omnihus
824 3811 839 3848 a
858 3811 970 3849 snuuuo
992 3738 1137 3871 usquead
1159 3792 1253 3851 noris·

131 3876 234 3914 armum
260 3859 418 3935 imperent:
446 3860 555 3919 (linui
580 3862 696 3921 ‹lomnm
728 3866 895 3938 aedificent,
919 3866 1042 3925 Satanae
1067 3870 1252 3927 subvertant:

131 3950 199 3990 oves
225 3944 357 4009 pascant,
388 3934 471 4011 lupos
493 3936 665 4015 prolligent:
696 3940 804 3999 dociles
825 3942 975 4002 instituant
994 3956 1025 4003 et
1049 3944 1252 4004 exhortentur:

129 4006 255 4066 rebelles
276 4020 305 4065 et
326 4011 488 4085 pervicaces
509 4025 645 4093 arguunt,
666 4016 831 4094 increpent,
850 4018 1002 4099 subigant:
1028 4018 1122 4101 ligent
1140 4042 1175 4081 ae
1195 4019 1252 4081 sol-

128 4095 211 4142 vant:
239 4082 388 4175 fulgurent
408 4086 548 4165 demque,
574 4088 597 4147 si
618 4110 689 4167 opus
711 4106 767 4165 est,
787 4115 820 4153 ae
842 4095 1009 4155 fulminent:
1034 4098 1085 4156 sed
1106 4097 1205 4157 omnia
1224 4098 1252 4155 in

127 4158 221 4217 verbo
242 4158 308 4219 Der.
327 4192 366 4207 ·-
405 4161 580 4241 Quanquam
607 4166 683 4222 inter
703 4166 861 4248 Apostolus
889 4183 919 4230 et
944 4192 1046 4231 eorum
1071 4192 1251 4233 successores

126 4230 195 4307 hoe,
216 4246 247 4294 ut
267 4234 332 4307 dixi,
352 4236 485 4311 interest,
504 4241 584 4327 quod
603 4239 645 4298 illi
667 4242 784 4305 luerunt
804 4248 876 4306 certi
897 4259 927 4305 et
946 4248 1145 4310 authenticis
1170 4250 1251 4309 iritnr

126 4311 219 4369 sancti
239 4330 443 4373 amanuenses:
463 4324 495 4373 et
512 4314 580 4375 rdeo
593 4334 693 4377 eorum
711 4323 814 4401 scripta
836 4344 890 4402 pro
904 4324 962 4384 llei
974 4326 1099 4388 oracolis
1119 4272 1249 4387 habenda
