2700 4732
478 195 857 277 fflffiwffl
1038 258 1043 273 ,
1175 200 1234 277 m

106 366 169 406 rom
189 365 287 406 rerum
305 343 553 424 complementum
572 342 685 419 nititur,
703 344 734 403 in
754 354 883 422 utroque
901 361 1000 403 unum.
1031 341 1141 423 ‚Quare
1154 339 1236 419 ¹nibil

105 423 137 482 in
158 423 298 504 mysterio
317 420 459 482 interiore
479 433 524 482 est
549 419 738 494 discriminis,
770 438 786 479 e
814 439 874 499 quo
899 429 963 479 tota
988 430 1235 481 sacramentorum

105 502 147 559 vis
168 513 198 558 et
219 499 381 578 proprietas
401 496 651 567 aestimanda-est.
698 496 783 571 Quae
803 507 893 565 restat
913 486 1129 568 dissimilitudo,
1150 515 1182 561 ea
1203 498 1234 556 in

105 577 272 635 ceremonia
285 575 428 635 exteriore
448 576 533 647 iacet,
553 592 627 651 quae
646 572 765 635 minima
777 584 820 632 est
839 571 954 652 portior
975 593 1063 651 quum
1083 572 1240 651 potissima

105 673 172 742 pars
193 651 422 786 apromissioue
441 663 472 712 et
490 671 524 711 re
542 651 655 730 signata
673 649 810 728 pendeat.
850 648 953 727 ltaque
965 647 1235 724 constituerelicet,
1306 693 1308 709 2

106 750 225 807 quicque

106 816 227 883 excepta
250 803 372 863 visibilis
402 801 585 863 ceremoniae
617 801 794 863 differentia.
843 801 890 860 Ad
922 801 995 861 lanc
1024 821 1177 882 anagogen
1203 812 1236 861 et

106 880 355 960 comparationem
376 877 618 939 nosmauuducit
636 877 773 958 Apostoli
792 875 892 958 regula
912 877 1014 954 (Rom.
1027 883 1075 952 12,
1087 883 1116 943 3.
1135 890 1165 947 et
1179 879 1237 956 6.),

105 977 162 1034 qua
182 976 299 1016 omnem
311 955 479 1034 scripturae
498 954 772 1032 interpretationem
792 955 831 1013 ad
847 954 1072 1089 proportionem
1088 940 1156 1013 fidei
1176 956 1235 1014 exi·

106 1052 177 1111 gere
196 1031 340 1094 iubemur.
387 1032 426 1090 Et
444 1050 512 1090 sane
531 1036 625 1109 padue
649 1051 681 1092 se
700 1029 878 1111 palpandam
919 1051 953 1091 ac
975 1031 1005 1089 in
1027 1042 1108 1109 parte
1127 1030 1234 1091 ueritas

105 1108 237 1186 praebet.
275 1105 403 1168 Perinde
423 1100 553 1168 enim'ae
573 1105 777 1182 Circumcisio,
797 1108 864 1186 quia
883 1118 990 1167 tessera
1010 1107 1124 1168 ludaeis
1144 1108 1240 1187 quaed

107 1185 254 1260 damerat,
274 1204 379 1264 quase
399 1184 429 1244 in
449 1183 589 1264 populum
610 1180 872 1263 familiamqneDei
889 1180 1021 1264 adoptari
1040 1182 1150 1245 fiebant
1169 1203 1234 1244 cer-
1330 1236 1334 1242 ,

106 1262 213 1336 tiores,
246 1282 279 1320 ac
305 1261 361 1341 ipsi
386 1260 472 1320 etiam
491 1259 616 1320 vicissim
642 1280 751 1320 nomen
774 1281 807 1320 se
825 1261 893 1322 Deo
913 1260 981 1320 dare
1008 1259 1234 1341 profitebantur,

107 1338 216 1419 primus
236 1337 290 1398 illis
311 1349 374 1397 erat
392 1337 423 1395 in
444 1335 594 1397 ecclesiam
614 1332 774 1417 ingressus:
802 1359 880 1399 nnnc
906 1357 1024 1416 quoque
1044 1358 1097 1428 per
1115 1336 1234 1418 Baptis-

106 1435 186 1473 mum
207 1414 273 1474 Deo
294 1414 457 1488 initiamur,
477 1424 509 1470 ut
529 1413 590 1472 eius
609 1410 722 1493 populo
743 1413 934 1488 ascribamur,
953 1425 984 1472 et
1003 1414 1058 1494 ipss
1078 1425 1180 1496 mutpn
1201 1415 1250 1476 ins

107 1490 168 1550 eius
188 1510 296 1550 nornen
315 1491 451 1551 iuremus.
491 1488 561 1563 Quo
574 1491 887 1551 entracontroversiam
906 1501 1035 1570 apparet,
1053 1490 1234 1570 Baptismnm

104 1565 386 1627 incircumcisionis
406 1564 503 1625 locum
521 1565 653 1641 subiisse,
671 1577 704 1627 nt
716 1566 829 1627 easdem
849 1568 925 1649 apud
945 1586 1000 1626 nos
1019 1578 1115 1646 partes
1135 1568 1234 1637 obeat.

114 1697 118 1703 .
182 1651 210 1707 5.
249 1642 354 1702 Iamsi
375 1642 517 1722 vestigare
541 1641 647 1720 placet,
670 1664 708 1704 an
726 1645 790 1703 iure
809 1643 967 1704 infantibus
985 1641 1132 1723 Baptisma
1145 1652 1237 1716 'com--¹

106 1720 285 1779 muniretur:
317 1738 417 1779 noune
441 1718 562 1777 nimium
585 1718 666 1778 illum
692 1719 835 1799 ineptire,
863 1721 923 1779 imo
949 1719 1072 1781 delirare
1096 1719 1236 1794 dicemus,

108 1795 207 1874 quiin
229 1796 375 1854 elemento
401 1814 493 1872 aquae
519 1794 655 1854 duntaxat
674 1807 704 1856 et
723 1809 840 1857 esterna
861 1795 1069 1863 obseruatione
1085 1794 1236 1863 immorari

107 1872 193 1944 velit,
219 1872 256 1932 ad
278 1869 427 1951 spirituale
451 1890 521 1930 vero
546 1872 714 1951 mysterium
738 1885 866 1934 mentem
891 1873 1042 1932 advertere
1067 1892 1128 1932 non
1146 1873 1235 1933 susti-

108 1949 196 2008 neat?
217 1950 297 2008 cuius
317 1948 340 2009 si
361 1968 417 2026 qua
436 1946 579 2009 habeatur
600 1947 693 2023 ratio,
712 1948 859 2010 constabit
878 1948 982 2031 procul
1001 1947 1091 2008 dubio
1110 1948 1235 2010 infanti-

108 2025 163 2085 bus
188 2028 293 2086 merito
319 2023 512 2085 administrari
532 2024 727 2114 Baptismum,
760 2026 862 2105 utqui
885 2024 942 2086 illis
968 2024 1116 2085 debeatur.
1163 2027 1235 2085 Non

106 2104 184 2161 enim
197 2101 344 2163 Dominus
363 2098 433 2160 olim
444 2098 675 2162 Circumcrsione
694 2102 890 2182 dignatusest,
901 2102 972 2183 quin
989 2122 1091 2163 eorum
1104 2104 1236 2163 omnium

107 2178 263 2258 participes
283 2180 408 2250 faceret,
428 2197 501 2255 quae
514 2197 579 2257 per
600 2178 860 2239 circumcisionem
879 2192 949 2239 tunc
973 2181 1086 2260 signata
1107 2179 1235 2240 luerunt.

106 2256 228 2334 Alioqui
248 2256 333 2316 meris
353 2252 517 2334 praestigiis
536 2253 708 2333 ludificatus,
720 2268 794 2316 esset
834 2255 955 2336 opnllrm
974 2278 1068 2332 suum,
1088 2254 1235 2316 siiallaci-

108 2334 162 2393 bus
181 2333 325 2409 symbolis
344 2351 394 2393 eoa
415 2330 562 2391 lactasset:
583 2330 747 2410 qu'odflsolo
768 2276 867 2393 auditu
887 2330 1065 2394 horrendum
1086 2342 1138 2393 est.
1176 2332 1246 2413 Di,

106 2422 183 2470 serte
205 2430 328 2489 namque
347 2407 529 2488 pronuntiat,
549 2406 808 2477 circumcisionem
833 2406 969 2483 infantuli
991 2409 1059 2469 loco
1078 2406 1166 2490 sigilli
1187 2398 1235 2490 iu·

105 2499 200 2546 turam
221 2488 256 2546 ad
271 2482 482 2567 obsignandam
501 2481 629 2547 foederis
650 2485 882 2565 promissionem.
913 2485 1041 2560 ,Quodsi
1060 2484 1164 2563 foedus
1182 2486 1235 2557 fir-

105 2585 185 2622 mum
206 2572 235 2622 et
255 2563 340 2623 fixum
361 2572 470 2620 manet:
493 2559 723 2623 Christianorum
744 2562 916 2635 liberisnou
935 2564 1032 2625 minus
1051 2562 1234 2624 hodierum·

130 2640 191 2717 etit,
211 2661 297 2718 quam
316 2639 369 2700 sub
389 2636 482 2698 veteri
502 2636 692 2700 Testamenta
717 2638 753 2698 ad
773 2638 947 2703 ludaeorum
972 2639 1098 2700 iniante's
1117 2653 1239 2719 specta-.

106 2661 166 2775 bat.
205 2716 296 2795 niqui
315 2717 338 2776 si
358 2715 400 2774 rei
411 2713 540 2794 signatae
553 2726 623 2774 sunt
641 2714 805 2794 participes,
824 2737 876 2775 cuc
896 2737 913 2775 e
932 2717 1017 2794 signo
1038 2715 1234 2795 arcebuntur?

105 2793 129 2851 si
149 2793 298 2851 veritatem
311 2791 457 2864 obtinent,
477 2811 528 2849 cuc
546 2811 562 2850 a
582 2790 673 2870 ligura
684 2789 887 2869 depellentur?
925 2792 1099 2870 Quanquam
1116 2792 1235 2874 signum

266 725 489 791 Circumcisioni
516 726 669 798 conuenit,
700 726 738 785 ed
756 723 1044 806 Baptismumsimul
1074 724 1235 805 pertinere,
1333 761 1338 770 ·

108 2868 233 2927 euterius
252 2868 281 2926 in
302 2877 481 2927 sacramento
500 2866 540 2927 ita
553 2888 618 2927 cum
638 2864 729 2926 verbo
751 2866 899 2945 cohaeret,
919 2880 952 2927 ut
971 2862 1070 2927 diuelli
1090 2880 1233 2951 nequeat:
1337 2924 1340 2933 .

107 2944 131 3003 si
151 2955 247 3002 tamen
260 2943 449 3015 discernatur,
468 2953 575 3015 utrum,
595 2962 713 3021 quaeso,
732 2942 821 3022 pluris
833 2942 1034 3022 censebimus?
1054 2944 1132 3004 Sane
1144 2966 1234 3023 quum

107 3020 222 3101 signum
244 3020 389 3081 videamus
409 3017 500 3078 verbo
520 3020 644 3094 servire,
669 3018 787 3080 subesse
806 3018 848 3080 illi
869 3020 1011 3095 dicemus,
1035 3032 1065 3080 et
1090 3020 1246 3089 inferiore¹

107 3096 176 3156 loco
196 3108 362 3160 statuemus.
413 3095 513 3170 Quum
534 3116 605 3178 ergo
624 3097 660 3161 ad
681 3095 808 3157 infantes
828 3096 992 3163 destinetur
1008 3092 1151 3178 Baptismi
1167 3119 1234 3159 ver-

108 3173 195 3248 bum,
211 3173 421 3254 ‚cur.signum,
450 3170 506 3230 hoc
527 3185 571 3232 est
590 3172 671 3233 verbi
691 3172 850 3253 appendix,
876 3173 912 3233 ab
933 3172 1234 3255 illisprobibebituri

107 3249 190 3310 Haec
210 3272 265 3310 una
285 3251 376 3323 ratio,
406 3248 432 3310 si
451 3246 547 3308 nullae
566 3249 639 3309 aliae
658 3261 865 3329 suppeterent,
889 3249 1005 3311 abunde
1029 3249 1177 3312 sufficeret
1195 3250 1234 3313 ad

108 3326 304 3407 confutandos
325 3325 495 3406 omnesqui
518 3325 676 3386 reclamare
700 3325 854 3387 voluerint.
908 3326 1157 3400 Quodobiicitur
1175 3339 1233 3389 sta·

111 3413 170 3458 tum
192 3402 277 3462 luisse
297 3404 373 3462 diem
395 3403 634 3474 circumcisioni,
662 3404 749 3483 plane
773 3404 1042 3485 tergiversatorium
1068 3417 1120 3465 est.
1146 3405 1233 3467 .Nos

108 3479 165 3535 iam
185 3479 269 3538 certis
290 3479 390 3539 diebus
411 3500 470 3540 non
492 3498 553 3538 esse
573 3477 748 3540 Iudaeorum
769 3480 858 3541 instar
877 3479 1010 3560 alligatus
1027 3480 1231 3542 concedimus:

107 3574 207 3613 verum
228 3558 344 3632 quando
358 3550 514 3635 Dominus,
532 3568 679 3634 utcunque
699 3557 812 3618 nullum
830 3556 907 3616 diem
948 3557 1116 3631 raescribat,
1136 3556 1233 3620 deela-

107 3641 155 3689 rat
176 3642 271 3689 tamen
290 3631 344 3690 sibi
365 3631 490 3712 placere,
510 3645 542 3692 ut
560 3630 685 3694 sollenni
701 3636 759 3696 ritu
778 3635 809 3695 in
827 3576 1033 3695 sunniacum
1050 3633 1247 3714 recipiantur.

107 3705 249 3781 infantes,
269 3708 338 3785 qnid
358 3709 432 3767 ultra
474 3708 634 3770 uaerimus?

184 3788 211 3845 6.
253 3783 427 3862 Quanquam
453 3731 605 3865 bcriptura
634 3786 789 3847 certiorem
821 3785 914 3863 adbuc
938 3784 1065 3867 cegitatio
1097 3787 1233 3868 notitiam

107 3858 194 3917 nobis
214 3861 316 3938 aperit.
355 3861 507 3940 Siquidem
527 3862 771 3923 evidentissimum
785 3876 838 3939 est,
878 3854 939 3922 uod
956 3863 1045 3939 semel
1061 3885 1125 3924 cum
1137 3863 1234 3947 sibra-

107 3935 195 3995 haurn
215 3935 359 3997 Dominus
380 3939 483 3997 foedus
503 3941 652 4017 percussit,
672 3961 733 4000 non
754 3885 1141 4001 minusirodieChristianis
1160 3961 1233 4000 con·

106 4024 198 4081 stare,
219 4034 303 4090 quarn
325 4014 394 4073 olim
415 4014 534 4074 ludaico
555 4017 680 4097 populo:
707 4016 840 4096 adeoque
859 4004 1155 4098 verbpmnistud-mb
1179 4014 1233 4075 mi-

107 4109 162 4147 uus
188 4087 559 4171 Christianosrespicere,
590 4115 673 4172 quam
698 4093 824 4165 Iudaeos
853 4106 915 4153 tum
941 4082 1125 4175 respiciebat
1167 4087 1232 4152 Nisi

109 4163 187 4222 forte
207 4165 389 4240 arbitramur,
410 4167 559 4229 Christum
578 4190 632 4230 suo
652 4170 778 4232 adventu
798 4170 892 4247 Patris
912 4160 1034 4252 gratiam
1053 4160 1235 4229 imminuisse

107 4252 158 4298 aut
172 4241 348 4302 decurtasse:
370 4245 629 4322 quodenseccabili
648 4246 897 4327 blasphemianon
907 4256 1008 4338 vacat,¹
1023 4243 1232 4391 ῑὲιιᾳωοὺιεπι

107 4327 137 4375 et
147 4316 321 4380 ludaeorum
342 4319 436 4398 liberi,
456 4322 537 4400 quod
550 4322 612 4385 eius
630 4322 758 4388 foederis
777 4322 914 4389 haeredes
933 4321 1037 4395 lectra
1060 4320 1232 4403 ¹impiorum
