2700 4732
493 202 569 265 ιιι.
589 202 636 265 ιι
670 202 760 267 cnr.
779 204 816 263 v.
903 156 907 167 ’
1166 158 1227 271 ιιι

106 360 153 421 ert,
166 366 226 411 nort
244 348 345 411 mnu·
362 346 464 411 lacere
482 367 571 429 quam
591 361 710 429 peecata
735 358 908 430 perpetrare
932 347 1063 409 dicimur.
1107 349 1226 423 Quodsi

106 436 203 519 precata
220 426 286 513 inre
300 426 395 515 ‘nobis
415 427 608 517 imputantur,
626 427 717 487 veluti
736 448 753 487 a
772 427 860 517 nobis
880 427 1028 515 prolecta:
1048 437 1130 486 certe
1143 438 1173 485 et
1192 427 1224 485 in

106 504 200 565 tutitiis
217 501 329 583 aqud
349 502 437 564 nobie
449 503 654 583 assignandum
665 502 766 562 eadem
788 516 903 563 ratione
923 514 988 561 erit.
1026 502 1132 582 Neque
1145 503 1225 561 enim

108 590 318 639 ermentaneum
337 592 416 639 esset
434 578 556 652 rationi,
575 591 608 638 ut
627 600 662 639 ea
675 579 841 639 diceremur
852 581 959 652 facere,
979 578 1084 657 quibus
1103 578 1225 659 agendis

118 662 122 671 ’
167 656 207 717 rio
226 666 313 716 notu
332 655 487 729 inhabiles,
507 656 596 716 instar
616 655 745 735 lapidum
765 677 781 716 a
799 656 868 715 Deo
889 675 1049 714 movemur.
1087 655 1131 714 Ut
1150 674 1224 747 ergo

108 676 275 813 bblgrame
294 733 404 813 primas
424 731 542 806 demus,
562 734 690 791 nostram
711 744 808 791 tamen
829 753 951 813 operam
972 730 1018 789 vel
1038 731 1224 793 secundariae

110 820 193 869 terere
201 821 311 889 partes,
329 806 398 869 illae
416 808 606 887 loquutiones
626 809 767 868 indicant.
805 809 838 867 Si
858 830 948 868 onum
969 806 1040 867 illud
1058 820 1226 887 urgeretur,

111 882 174 943 bora
190 904 277 965 opera
297 898 399 946 nostra
420 885 594 961 nuncupari,
613 905 671 977 ego
686 886 809 945 vicissim
830 885 1002 953 obiicerem,
1021 904 1126 961 panem
1147 906 1227 943 nun-

113 960 192 1041 upari
208 972 353 1037 mmm,
373 982 460 1041 quern
481 962 566 1022 nobis
587 961 648 1021 dart
668 983 683 1020 a
702 962 771 1021 Deo
795 963 950 1041 poscimus.
996 959 1076 1033 Quid
1102 980 1137 1019 ex
1156 981 1225 1039 por-

114 1034 223 1097 tessioris
239 1037 331 1097 titulo
352 1038 533 1117 percipient,
564 1060 651 1117 quam
669 1038 727 1097 Dei
749 1039 931 1118 benignitate
951 1058 984 1097 ae
1032 1036 1139 1097 ratuito
1159 1058 1226 1095 mu-

71 1190 73 1199 .
114 1126 313 1177 mnostrum
333 1113 415 1185 lieri,
434 1114 515 1193 quod
536 1116 654 1173 minime
674 1114 742 1174 alias
769 1115 857 1175 nobis
882 1058 1029 1178 debeturi
1068 1112 1150 1195 Ergo
1175 1124 1228 1171 aut

115 1188 212 1249 rrnrlen
238 1191 271 1249 in
301 1191 439 1250 oratione
457 1190 615 1251 [lominica
640 1191 756 1249 rideant
780 1190 1002 1250 absurditatem
1033 1200 1084 1248 aut
1111 1208 1149 1247 ne
1169 1209 1226 1269 pro

114 1265 214 1326 rllirulo
234 1265 380 1340 babeant,
399 1267 480 1345 quod
502 1280 600 1327 nostra
620 1278 763 1327 vorantur
782 1266 862 1326 bona
881 1287 982 1347 opera,
1002 1267 1033 1326 in
1054 1264 1160 1345 quibus
1180 1266 1227 1324 ni·

115 1338 289 1403 llbrbemus
309 1344 461 1422 proprium
481 1343 536 1403 nisi
557 1364 592 1402 er
604 1343 661 1402 Dei
682 1343 825 1423 largitate.
863 1343 955 1421 Atqui
976 1342 1053 1401 istud
1073 1341 1226 1421 aliquanto

114 1428 145 1477 et
157 1418 290 1509 validius,
308 1419 390 1510 quod
410 1440 468 1509 nos
484 1419 563 1499 ipsos
582 1420 679 1478 Deum
700 1421 815 1510 colere,
840 1439 956 1479 servare
976 1418 1132 1493 iustitiam,
1151 1418 1226 1477 obe·

116 1490 263 1660 &lat
276 1494 524 1663 ,ttttttltt
540 1495 1228 1663 {tlztadtt'tttttj‘ttdfitt‘tnltt

115 1646 752 1816 elatrent‘aesinatae
765 1648 1228 1813 ”stanneamtetta

116 1796 594 1967 tetraptotam
608 1802 883 1938 ennaea
901 1814 1251 1967 rationando

117 1952 234 2037 puluere
253 1963 389 2029 gravant:
419 1974 484 2043 quis
508 1972 587 2011 eninr
611 1954 652 2013 ita
677 1954 738 2015 desi
762 1956 798 2028 it,
829 1966 862 2014 ut
882 1954 1007 2013 bomnns
1027 1965 1190 2013 motionem
1210 1972 1228 2011 a

118 2040 175 2103 tete
190 2028 291 2121 lapidis
311 2028 384 2089 nibil
404 2028 526 2088 disserte
545 2030 697 2091 autumet?
735 1978 840 2109 Seque
860 2051 930 2090 vero
953 2030 1107 2121 quiequam
1132 2026 1228 2088 simile

119 2118 281 2185 nequatur
305 2125 340 2164 rx
364 2118 465 2165 nostra
491 2106 634 2166 doctrina.
683 2106 720 2166 In
752 2105 898 2167 naturales
924 2105 1051 2166 bomrnrs
1076 2105 1227 2165 facultates

119 2178 252 2258 mannus,
271 2181 447 2272 approbpre,
466 2204 619 2261 respuere:
639 2183 726 2253 velle,
739 2184 833 2244 nolle:
854 2184 936 2255 eniti,
948 2186 1099 2243 resistere:
1120 2201 1228 2317 nempe

122 2256 255 2335 Umber·
268 2270 438 2333 vanitatem,
458 2280 597 2337 respuere
616 2259 743 2319 solidum
763 2260 890 2319 bouum:
911 2260 986 2318 velle
1005 2258 1124 2333 malum,
1145 2259 1227 2317 nole

124 2328 218 2395 bom:
236 2334 310 2397 eniti
331 2334 367 2393 ad
386 2336 562 2413 nequitiam,
583 2336 717 2396 resistere
737 2336 874 2397 iustitiae.
915 2336 997 2409 Quid
1018 2334 1063 2395 bic
1083 2337 1144 2417 agit
1161 2338 1228 2397 Do-

124 2406 207 2472 h'tr?
240 2412 275 2471 Si
295 2411 438 2472 eiusmodi
460 2413 600 2491 pravitate
629 2412 671 2472 uti
690 2413 755 2473 vult
779 2426 917 2492 tauquam
942 2414 1002 2471 irae
1022 2433 1090 2472 snae
1117 2415 1222 2472 instru-

123 2498 212 2561 uto,
234 2489 338 2569 dirigit
361 2509 396 2549 ae
422 2488 548 2548 destinat
566 2510 626 2567 quo
653 2490 791 2562 libuerit,
824 2501 858 2548 ut
883 2489 1088 2569 pernitiosam
1109 2511 1227 2549 uranum

123 2556 207 2625 lun
227 2586 311 2625 suurn
342 2586 417 2644 opus
442 2578 624 2644 exsequatur.
673 2565 836 2626 Scelestum
863 2567 953 2646 igitur
980 2565 1145 2637 bominem,
1177 2567 1228 2645 qui

122 2622 163 2697 llti
176 2642 320 2720 potentiae
338 2643 381 2700 sic
402 2644 505 2714 seruit,
531 2642 598 2700 dum
618 2642 732 2701 libidini
753 2656 865 2701 tantum
887 2663 954 2701 suae
974 2641 1098 2720 obsequi
1119 2644 1228 2717 studet,

124 2730 216 2777 terrm
234 2738 303 2779 saxo
324 2717 520 2791 conferemus,
540 2720 619 2797 qnod
639 2720 736 2778 alieno
757 2720 867 2799 inipetu
880 2720 1037 2793 vibratum,
1059 2739 1114 2778 uec
1134 2732 1229 2793 motu,

124 2806 161 2851 tte
180 2815 277 2870 sensu,
304 2814 361 2853 nee
385 2795 534 2854 voluntate
565 2797 686 2874 proprie
718 2796 830 2856 fertur?
869 2797 1010 2854 Videmus
1029 2810 1170 2874 quantum
1191 2796 1229 2854 sit

126 2862 275 2931 biennium
315 2872 396 2945 Quid
416 2892 487 2931 vero
508 2873 536 2931 in
558 2872 654 2945 bonis,
676 2872 712 2931 de
728 2874 833 2951 quibus
854 2874 1009 2952 praecipua
1023 2884 1066 2931 est
1077 2872 1228 2949 quaestio?

126 2936 167 3003 lbi
180 2968 297 3031 regnum
323 2950 353 3006 in
379 2948 435 3007 illis
454 2970 538 3007 suum
555 2951 657 3029 erigit:
683 2949 880 3020 voluntatem,
900 2970 938 3008 ne
960 2951 1037 3029 vagis
1058 2948 1228 3007 libidinibus

127 3036 208 3081 Ιιιιι
224 3025 361 3085 deorsum
382 3036 526 3104 raptetur,
556 3048 611 3104 pro
632 3038 751 3085 naturae
773 3027 981 3099 inclinatione,
1014 3047 1066 3105 per
1086 3025 1229 3105 Spiritum

129 3112 185 3183 {tn
200 3101 331 3161 robibrt:
358 3123 418 3180 qno
440 3103 469 3159 in
490 3103 673 3161 sanctitatem
695 3124 728 3161 ac
747 3103 884 3161 iustitiam
907 3104 1104 3182 propendeat,
1123 3102 1160 3159 ad
1182 3101 1229 3159 iu-

84 3215 87 3226 ·
130 3174 278 3237 *decenae
297 3180 429 3259 regulam
451 3179 558 3253 lleetit,
584 3179 750 3257 componit,
778 3180 901 3253 format,
922 3178 1037 3258 dirigit:
1064 3199 1101 3236 ne
1121 3178 1230 3237 titubet

71 3292 73 3309 n
132 3256 316 3333 tymnddat,
341 3255 468 3334 Spiritus
492 3256 537 3314 sui
556 3258 663 3314 virtute
688 3255 799 3315 stabilit
825 3276 858 3315 ac
883 3256 1045 3316 consumat.
1095 3255 1163 3328 Qua
1184 3277 1230 3313 ra·

133 3330 429 3419 Qldugustinus
460 3331 512 3409 [de
540 3344 669 3409 corrept,
690 3344 720 3390 et
738 3345 813 3467 grat.
839 3353 902 3423 cap.
922 3336 977 3410 2.Ι;
1010 3332 1120 3404 „llicet
1146 3333 1229 3405 mihi,

132 3420 226 3481 mut,
252 3430 328 3490 ergo
346 3410 474 3487 agimur,
499 3429 560 3469 uon
581 3410 702 3489 agimus.
763 3430 811 3467 mo
838 3429 897 3489 agn
917 3420 948 3468 et
966 3410 1076 3490 ageris:
1108 3420 1139 3467 et
1160 3421 1230 3467 tuuc

130 3474 289 3565 diffregit,
308 3485 334 3546 si
352 3507 367 3544 a
388 3486 469 3544 bono
490 3486 591 3565 agaris.
632 3485 757 3563 Spiritus
777 3486 834 3543 Dei
853 3485 904 3561 qui
925 3497 955 3543 te
974 3488 1051 3567 agit,
1075 3486 1230 3565 egentibus

128 3554 230 3621 abror
242 3575 299 3621 est:
321 3561 582 3621 nomenadiutoris
601 3564 781 3641 praescribit,
804 3564 883 3640 quod
903 3575 934 3620 et
953 3575 984 3620 tu
1005 3562 1111 3640 aliquid
1132 3567 1231 3641 agas.“

71 3670 74 3677 ·
125 3624 202 3695 ldore
211 3638 504 3706 membroadmonet,
517 3639 662 3697 actionem
684 3638 810 3697 bominis
832 3660 891 3697 non
912 3640 977 3697 tolli
991 3640 1119 3717 Spiritus
1138 3638 1231 3697 sancti

123 3722 197 3777 fletu.
215 3717 280 3793 quia
300 3735 315 3773 a
338 3728 440 3773 nature
461 3726 504 3773 est
524 3714 669 3787 voluntas,
689 3736 763 3793 qnae
784 3717 897 3792 regitur
916 3728 948 3774 ut
968 3716 1004 3773 ad
1025 3716 1135 3773 bonum
1156 3714 1232 3792 aspi-

121 3797 158 3845 Μ.
190 3790 279 3865 Quod
299 3805 399 3849 autern
424 3813 490 3848 ιιιιιι
511 3791 660 3869 adiungit,
686 3812 719 3848 ex
741 3795 860 3850 nomine
886 3791 982 3850 anxilii
1009 3811 1093 3868 posse
1120 3790 1232 3869 colligi,

119 3878 157 3923 ter
172 3871 257 3927 etiam
277 3867 389 3947 aliquid
409 3888 507 3947 agere,
528 3890 589 3926 nou
609 3869 750 3927 convenit
770 3869 809 3927 ita
829 3872 978 3948 accipere,
999 3868 1077 3956 quasi
1098 3886 1232 3924 seor-sum

116 3936 203 4031 {liquid
223 3944 310 4004 nobis
329 3944 456 4003 tribuat:
491 3945 541 4003 sed
568 3964 605 4002 ne
633 3945 732 4003 foveat
757 3947 785 4003 in
808 3946 893 4004 nobis
920 3947 1080 4024 ignaviam,
1112 3943 1154 4002 sic
1172 3942 1233 4002 Dei

71 4048 73 4053 ·
114 4030 241 4079 tetronern
262 4044 328 4080 curn
349 4032 449 4079 nostra
471 4019 622 4091 eoru-iliat,
644 4034 675 4079 ut
696 4021 769 4079 velle
789 4024 827 4081 sit
847 4045 862 4080 a
884 4034 1005 4093 natura,
1038 4018 1114 4077 bene
1134 4031 1233 4078 autent

113 4093 205 4157 vrttes
247 4096 329 4157 ratia.
368 4096 442 4157 Ideo
467 4098 555 4175 paulo
580 4109 649 4157 ante
670 4096 793 4157 dixerat:
815 4100 899 4172 „Nisi
920 4097 1002 4154 Deus
1026 4117 1081 4155 nos
1106 4095 1234 4171 adiuvet,

109 4188 159 4233 ton
177 4118 266 4235 modo
285 4176 416 4247 vincere,
434 4176 485 4232 sed
506 4196 603 4255 neque
625 4195 755 4255 pugnare
777 4178 968 4255 poterimus.“

72 4266 76 4275 “
174 4258 219 4315 15.
258 4251 338 4311 lline
357 4265 497 4331 apparet,
528 4253 649 4331 gratiam
673 4252 727 4309 ttei
748 4256 797 4327 (ut
817 4254 873 4310 boe
895 4270 1001 4308 nomen
1023 4248 1162 4320 sumitur,
1182 4248 1234 4307 ubi

107 4321 138 4384 de
155 4329 381 4409 regeneratione
399 4340 445 4387 est
463 4332 576 4405 sermo)
603 4348 665 4388 esse
685 4329 811 4407 Spiritus
836 4326 967 4407 regulam
993 4325 1029 4385 ad
1055 4325 1234 4407 dirigendam
