2700 4732
80 221 139 283 11⁰
468 214 545 275 tto.
566 216 590 274 1.
631 216 720 277 CAI'.
740 216 820 277 xttt.

123 379 173 421 em
196 358 307 419 babere
331 360 491 436 momenti,
514 360 645 441 probent
663 360 824 441 Apostolos
850 360 946 443 legem
970 359 1070 423 tulisse
1089 360 1128 421 de
1142 336 1222 443 qua·

81 381 247 519 diagesima
267 448 297 496 et
320 436 461 497 similibus
493 438 682 518 corruptelis:
714 438 787 497 nihil
818 442 930 498 naeniis
957 437 1030 513 illis,
1063 458 1139 519 quae
1164 438 1221 500 sub

81 512 194 597 Ignatii
218 514 339 573 nomine
360 515 455 573 editae
478 525 562 585 sirnt,
595 514 735 594 putidius.
788 514 859 589 Quo
879 516 975 575 miuus
994 515 1157 576 tolerabilis
1176 526 1222 575 est

67 612 189 649 ¹eorum
209 590 405 669 impudentia,
434 592 484 671 qui
513 589 622 650 talibus
647 591 731 650 larvis
759 592 793 649 ad
821 592 978 651 fallendum
1005 614 1037 653 se
1062 594 1220 653 instruunt.

81 669 181 728 Porro
210 664 281 725 hinc
299 680 432 727 veterum
453 687 612 728 consensus
637 668 713 727 clarc
739 669 930 747 perspicitur,
964 669 1044 749 quod
1071 667 1220 749 nequerin

83 742 214 805 concilio
235 744 475 819 NicaenoArius,
496 765 529 803 en
549 745 717 824 cuiusquam
738 746 853 821 probati
874 746 1025 879 scriptoris
1044 744 1221 807 auctoritate

82 822 183 881 fucum
197 820 302 887 ¹lacere
322 843 405 880 ausus
425 833 483 880 est:
511 832 541 879 et
565 842 653 880 nemo
674 823 850 883 extiraecis
869 822 914 879 vel
947 823 1047 883 uotiuis
1068 832 1220 882 excusata

82 897 234 980 prioribus
259 918 291 958 se
316 897 480 960 dissentire.
527 898 708 978 Augustinus
729 898 797 979 [lib.
819 899 856 955 de
875 900 967 960 trinit.
989 911 1019 958 et
1038 897 1142 979 alibi],
1172 896 1221 959 cni

81 974 249 1035 nebulones
274 975 322 1033 isti
339 973 523 1034 infestissimi
546 986 630 1045 sunt,
661 973 749 1054 qnam
777 972 879 1035 sedulo
905 977 1065 1035 exerrsserit
1086 974 1219 1037 omniunt

57 1048 63 1065 ’
82 1052 203 1131 scripta,
223 1063 254 1111 et
265 1072 351 1130 quam
370 1063 542 1111 reverenter
553 1050 698 1129 amplexus
708 1056 755 1126 sit,
776 1052 874 1111 dicere
894 1051 968 1111 nihil
988 1053 1102 1112 attinet.
1128 1051 1220 1113 Certe

82 1130 114 1189 in
135 1128 261 1187 minimis
282 1127 447 1207 quibusque
466 1128 610 1206 scrupulis
636 1130 793 1189 ostendere
812 1127 899 1202 solet,
919 1150 971 1188 cur
991 1127 1027 1188 ab
1047 1128 1104 1188 illis
1125 1128 1220 1189 disce·

83 1206 156 1265 dere
182 1216 315 1284 cogatur.
368 1204 404 1263 ln
434 1203 492 1263 boc
525 1206 611 1263 etiam
635 1218 810 1285 argumento
836 1206 859 1265 si
886 1205 957 1284 quid
982 1205 1153 1287 ambiguum
1171 1204 1219 1267 vel

83 1276 243 1344 obscurum
264 1279 369 1360 legerit
388 1281 465 1360 apud
490 1280 577 1355 alios,
596 1300 660 1340 non
680 1282 839 1342 dissimulat
849 1281 893 1357 ll).
934 1281 1032 1355 Quam
1051 1294 1150 1341 tamen
1171 1280 1219 1343 isti

83 1369 260 1439 oppugnant
279 1357 538 1437 doctrinam,.pro
565 1352 701 1419 confesso
728 1360 830 1432 sumit,
854 1358 891 1417 ub
918 1357 1018 1416 ultima
1045 1358 1221 1436 antiquitate

83 1438 147 1498 sine
168 1435 368 1495 controversia
389 1434 476 1493 luisse
496 1446 655 1513 receptam.
685 1437 791 1515 Neque
810 1444 909 1494 tamen
925 1434 994 1512 quid
1013 1446 1082 1493 anto
1103 1436 1221 1495 docuit·

83 1512 232 1585 sentalii,
264 1512 358 1591 ipsum
377 1510 509 1583 latuisse,
542 1510 588 1570 vel
614 1532 727 1571 exunn
747 1512 839 1571 verbo
865 1522 996 1584 cunstat,
1023 1511 1076 1572 ubi
1096 1512 1168 1571 dicit
1185 1512 1220 1571 in

78 1591 176 1650 -Patre
197 1608 258 1648 esse
284 1589 428 1647 unitatem
456 1586 510 1666 [de
529 1587 663 1647 doctrina
685 1588 851 1648 Christiana
871 1588 921 1646 lib.
943 1588 1003 1666 t.]:
1030 1609 1066 1647 ou
1088 1588 1223 1671 garrient

83 1667 129 1727 sui
150 1677 221 1725 tunc
241 1664 328 1724 luisse
349 1663 493 1723 oblitum?
530 1663 623 1744 Atqui
649 1665 718 1724 alibi
744 1665 779 1724 ab
807 1665 860 1725 bae
886 1664 1029 1725 calumnia
1049 1685 1081 1724 se
1101 1674 1220 1747 purgat,

83 1743 136 1803 ubi
147 1744 264 1803 Patrem
285 1753 371 1800 vocat
389 1740 566 1820 principium
585 1742 677 1801 totius
698 1738 822 1814 deitatis,
842 1741 908 1821 qnia
930 1762 945 1798 a
967 1740 1049 1799 nullo
1070 1753 1130 1802 est:
1148 1764 1221 1823 pro·

84 1820 190 1881 denter
218 1816 331 1879 scilicet
360 1818 543 1898 expendens,
574 1818 739 1897 specialiter
764 1818 844 1877 Patri
873 1817 981 1877 ascribi
1007 1818 1067 1876 Dei
1098 1838 1223 1895 nomen,

83 1896 165 1977 quod
186 1897 241 1956 nisi
261 1894 298 1954 ab
324 1895 390 1975 ipso
411 1895 462 1954 liat
481 1896 611 1969 initium,
637 1896 754 1975 concipi
782 1907 909 1973 nequeat
934 1894 1055 1973 simplex
1073 1894 1133 1954 Dei
1151 1895 1224 1955 uui·

82 1986 138 2035 tas.
176 1974 230 2032 llis
251 1972 337 2031 etiam
358 1972 490 2045 demum,
511 1983 543 2031 ut
561 1993 665 2052 spero,
686 1983 826 2052 agnoscet
846 1972 909 2051 pius
931 1970 1026 2029 lector
1045 1991 1149 2031 omnes
1169 1992 1224 2033 ca-

82 2050 207 2112 lumnias
232 2049 386 2120 discussas,
416 2048 521 2126 quibus
548 2048 637 2107 Satan
665 2048 803 2108 hactenus
829 2070 929 2128 puram
955 2047 1108 2107 doctrinae
1131 2047 1224 2125 sideni

105 2139 256 2189 ervertere
280 2125 329 2184 rel
355 2124 553 2184 obtenebrare
584 2123 704 2185 molitus
735 2138 789 2183 est.
840 2126 978 2202 Denique
1007 2136 1101 2184 totam
1135 2125 1223 2187 tutus

83 2150 238 2265 doctrinae
256 2222 396 2262 summam
417 2200 543 2259 fideliter
563 2221 625 2260 esse
645 2200 813 2280 explicatam
835 2202 971 2274 confido,
989 2200 1134 2280 siquidem
1154 2222 1224 2263 mo-

83 2282 153 2341 dum
164 2278 325 2340 curiositati
345 2278 499 2356 imponant
517 2276 655 2351 lectores,
676 2297 731 2338 nec
751 2278 888 2338 molestas
907 2292 937 2337 et
956 2279 1105 2358 perplexas
1120 2277 1224 2358 dispu-

82 2358 210 2418 tationes
230 2354 374 2435 copidius,
393 2374 480 2431 quam
501 2374 553 2433 par
572 2356 621 2427 sit,
640 2353 696 2414 sibi
715 2368 871 2414 arcessant.
909 2356 983 2413 Nam
996 2376 1070 2433 quos
1090 2353 1224 2415 oblectet

82 2431 253 2514 speculandi
277 2432 481 2509 intemperies,
512 2432 631 2489 minime
656 2430 814 2511 placandos
838 2432 975 2510 suscipio.
1028 2432 1121 2491 Certe
1147 2430 1224 2492 nibil

82 2521 178 2571 astute
197 2508 336 2587 praeterii
349 2506 428 2585 quod
449 2506 519 2567 milti
540 2508 690 2567 adversum
712 2527 774 2566 esse
794 2520 941 2588 putarem:
962 2507 1013 2567 sed
1034 2507 1102 2566 dum
1124 2506 1224 2569 eccle-

81 2589 143 2649 siae
163 2584 358 2645 aedificationi
379 2583 495 2657 studeo,
514 2584 604 2643 multa
624 2606 685 2643 non
707 2586 853 2665 attingere
872 2585 1144 2643 consultiusvisum
1167 2594 1224 2661 est,

82 2683 159 2744 quae
179 2673 210 2721 et
229 2682 331 2739 parum
350 2660 556 2739 prodessent„
571 2674 602 2720 et
629 2660 756 2721 lectores
779 2673 935 2741 gravarent
958 2681 1134 2739 supervacua
1154 2680 1224 2721 mo-

82 2738 175 2801 lestia.
228 2737 310 2810 Quid
341 2738 419 2795 euim
445 2737 593 2817 disputare
613 2739 736 2811 attinet,
767 2760 804 2797 an
829 2758 946 2815 semper
969 2748 1093 2818 generet
1113 2734 1224 2799 Pater?

82 2816 203 2897 quando
223 2814 312 2874 stulte
331 2815 452 2894 fingitur
471 2815 629 2874 continuus
648 2826 728 2874 actus
748 2816 919 2895 generandi,
940 2834 973 2872 cx
989 2834 1049 2891 quo
1070 2812 1165 2892 liquet
1183 2812 1224 2875 ab

82 2906 205 2954 aeterno
225 2904 285 2951 tres
304 2891 414 2950 inlJco
435 2911 577 2971 personas
596 2890 768 2953 substitisse.
797 2890 846 2972 [ut
864 2891 963 2953 multis
983 2892 1114 2971 disputat
1128 2890 1224 2951 Lom-

81 2966 432 3047 numium]

454 3187 708 3258 CAPUT
759 3183 853 3261 XIV.

82 3362 126 3420 In
145 3359 224 3439 ipsa
249 3358 358 3417 etiam
382 3354 504 3415 mundi
524 3368 562 3414 et
586 3376 706 3414 rerum
726 3355 885 3416 omnium
906 3354 1103 3415 creatione
1124 3354 1224 3415 Scri·

1 3507 3 3526 ,
101 3464 245 3533 pturam
261 3449 373 3511 certis
393 3449 496 3510 notis
512 3448 979 3509 discernerevcrumDeum
999 3470 1015 3508 a
1036 3448 1203 3511 fictitiis.

150 3613 305 3666 Secunda
324 3630 400 3680 pars
417 3608 500 3663 libri
517 3610 545 3673 l.,
563 3613 602 3663 dr
619 3609 744 3663 notitia
762 3608 915 3663 bominis.
951 3606 1224 3677 Quasdamveroboae

83 3696 176 3769 Capite
191 3696 404 3767 praemittuntur:
423 3694 454 3765 1)
473 3696 506 3747 de
523 3695 656 3747 creatione
672 3694 778 3757 mundi,
803 3695 831 3747 in
849 3714 954 3760 genere,
980 3708 1034 3747 sect
1062 3696 1084 3745 1.
1104 3706 1130 3745 et
1144 3694 1172 3747 2.
1190 3718 1224 3735 -

80 3780 115 3847 2)
130 3781 284 3834 tractatione
308 3783 341 3832 de
367 3780 476 3832 bomine
503 3778 531 3831 in
556 3780 705 3849 proximum
729 3793 808 3849 eaput
827 3778 935 3841 reiecta,
961 3781 995 3832 de
1018 3776 1115 3841 angelis
1132 3776 1224 3841 agitem

81 3880 141 3919 sect.
157 3848 314 3921 3-13.¹·-
329 3862 362 3932 3)
380 3866 414 3915 de
430 3864 503 3917 malis
521 3864 616 3929 angelis
632 3865 685 3915 sinu
700 3863 819 3926 diabolis,
834 3879 893 3917 sect.
909 3865 1030 3920 13—20.
1048 3892 1080 3903 ··-
1107 3860 1139 3931 4)
1157 3858 1224 3931 QuIa

81 3952 179 4003 fructui
197 3968 227 4001 ex
245 3949 352 4002 historia
372 3949 509 4001 creationis
527 3968 541 4000 a
557 3948 636 4000 nobis
652 3948 683 3999 sit
700 3948 868 4013 colligendus,
881 3964 941 4002 sect
957 3948 1080 4003 20-2'2.

150 4150 179 4217 l)
195 4148 284 4201 Docte
300 4163 326 4201 et
341 4163 428 4203 saneto
445 4163 536 4201 monet
552 4149 767 4202 Athanasius:
785 4147 837 4210 „ln
850 4149 899 4200 Aac
914 4146 1064 4217 quaestione
1081 4142 1182 4197 etiamsi
1198 4154 1224 4193 te

82 4235 198 4281 „nones
219 4218 287 4279 lices,
303 4238 359 4269 non
377 4232 414 4269 est
430 4217 491 4270 ideo
502 4216 676 4269 dillidendum
692 4217 768 4271 sacris
777 4216 924 4286 Seriptnris,
942 4216 1067 4284 qnoniam
1085 4212 1224 4290 meliusep¹

82 4236 307 4405 „tpaipebqndoe
323 4285 440 4354 ignorata
458 4306 535 4341 cauea
552 4300 639 4340 tacere
654 4300 678 4339 ot
691 4286 803 4351 eredere,
820 4306 899 4355 quam
909 4284 1034 4338 idounon
1045 4282 1224 4351 crederequa

28 4420 38 4439 h·
80 4386 99 4419 „
139 4370 174 4405 eu
186 4372 218 4407 oe.
