2700 4732
507 203 658 299 iiu.iv.
697 198 786 266 cdi.
806 194 874 263 xii.
1199 204 1258 265 aas

116 361 150 412 et
167 350 276 411 addicit
296 359 417 411 aeterno
436 350 541 410 ciiitina
561 349 634 410 baec
653 349 684 409 iii
703 367 803 407 mores
820 345 912 428 inagis
932 344 1062 423 vindicat
1077 354 1166 423 11111
1182 344 1251 404 snt»

57 418 61 439 ¹
114 428 280 487 madvertit.
329 427 370 486 Et
389 447 553 506 quanquam
575 424 677 506 plectit
696 425 784 483 etiam
803 425 865 503 ipsa
890 421 1053 482 bominem:
1085 420 1126 481 sic
1151 433 1248 481 tamen

112 504 218 584 plectit
238 515 270 563 ut
289 503 404 562 suturae
432 523 501 562 suae
522 502 718 563 damnationis
742 501 836 581 ipsum
856 498 1094 579 praemonendo,
1120 497 1150 557 iii
1170 497 1248 558 salu-

111 591 174 641 tem
198 591 326 639 revocet.
378 579 495 653 Quodsi
520 579 706 651 obtineatur,
736 590 836 657 parata
860 586 904 636 est
934 574 1136 635 reconciliatio
1162 585 1193 633 et
1216 574 1247 633 in

109 655 350 717 communionem
371 657 526 716 restitutio.
576 653 776 714 Anathematis
801 668 893 734 perro
914 663 965 712 aut
988 654 1129 730 perquam
1156 671 1247 724 rarus,

111 744 166 792 aut
184 731 279 807 nullus
301 733 422 791 omnino
447 754 515 792 usus
540 743 593 791 est.
643 730 774 803 Proinde
803 728 921 790 tametsi
943 727 1114 800 familiarius
1139 728 1246 786 versari

110 819 164 869 aut
191 808 363 868 interiorem
395 809 637 868 consuetudinem
669 807 777 866 babere
807 826 873 865 cuin
903 803 1246 877 excommunicationes

108 884 200 946 liceat
222 904 276 965 per
296 886 517 944 ecclesiasticam
545 884 741 963 disciplinam:
776 882 917 941 debemus
933 893 1033 941 tamen
1054 877 1247 953 contendere,

110 959 225 1053 quibus.
240 981 392 1042 possumus
412 961 524 1037 niodis,
549 972 582 1020 ut
601 961 638 1019 ad
657 959 810 1019 meliorem
832 958 859 1016 sr
901 976 946 1016 em
967 957 1118 1029 conversi,
1145 955 1177 1013 in
1196 974 1246 1015 tn·

109 1047 247 1098 cretatem
267 1058 301 1098 ae
321 1038 461 1108 unitatem
483 1037 622 1098 ecclesiae
642 1056 674 1097 se
694 1035 846 1114 recipiant.
861 976 1144 1108 u§Quemadmodum
1163 1033 1246 1112 Ap'o·

108 1111 203 1174 stolus
222 1133 342 1192 quoque
363 1114 451 1173 docet
469 1113 525 1192 (ll.
542 1114 778 1190 Tbess.3,15.):
798 1109 920 1187 „Nolite
938 1110 1065 1189 (inquit)
1083 1107 1246 1168 existimare

108 1190 194 1269 qnasi
212 1188 357 1263 inimicos,
375 1188 428 1248 sed
440 1191 580 1270 corripite
600 1202 633 1249 ut
653 1189 787 1251 iratres.“
826 1188 907 1246 llaec
928 1186 1090 1257 hnmanitas
1109 1184 1165 1243 nisi
1184 1195 1246 1244 tani

106 1265 244 1345 privatim
287 1286 350 1324 uam
370 1267 566 1325 communiter
583 1277 727 1342 serretur,
744 1262 905 1346 periculum
925 1273 970 1323 est
990 1280 1028 1321 ne
1047 1280 1081 1320 er
1094 1259 1245 1340 disciplina

110 1358 183 1398 anor
202 1287 370 1398 deludamur
389 1341 424 1399 ad
445 1342 651 1401 carnificinam.
1072 1356 1075 1361 '

124 1482 127 1487 ,
187 1418 235 1478 11.
275 1413 343 1474 Hoc
360 1434 479 1494 quoque
499 1415 536 1473 ad
549 1417 719 1494 disciplinae
730 1412 967 1472 moderationem
984 1413 1126 1492 imprimis
1144 1413 1246 1494 requi·

107 1487 195 1580 ritui,
215 1489 295 1569 quod
308 1488 536 1571 Augustinus
556 1501 660 1550 contra
672 1490 842 1550 Donatistae
859 1488 904 1548 dis
926 1499 999 1562 urae
1018 1490 1123 1549 nevel
1142 1490 1245 1569 privati

107 1565 255 1641 homines,
266 1565 290 1625 si
300 1566 425 1626 viderint
437 1565 893 1645 minusdiligenteraSeniorum
903 1510 1114 1645 bonellioiitia
1125 1565 1245 1645 corrigi,
1287 1573 1289 1577 '

108 1641 318 1703 discessionem
343 1654 499 1722 propterea
525 1645 669 1703 continuo
689 1643 725 1703 ab
746 1640 868 1702 ecclesia
889 1641 1013 1701 iaciant:
1036 1652 1093 1711 ,aut
1112 1643 1166 1720 ipsi
1186 1641 1243 1711 Pa·

107 1729 220 1793 stores,
239 1718 262 1778 si
283 1731 432 1798 nequeant
452 1741 484 1778 er
504 1720 592 1778 animi
613 1720 656 1779 siii
675 1731 747 1779 voto
768 1718 864 1779 omnia
885 1735 1060 1811 repurgare,
1080 1736 1155 1796 quue
1175 1738 1243 1778 cnr·

106 1795 242 1865 rectione
261 1795 410 1877 indigent,
430 1797 499 1855 ideo
518 1797 658 1856 abiiciunt
676 1796 884 1872 ministerium,
908 1793 955 1853 vel
976 1794 1112 1855 inusitata
1132 1793 1241 1875 asperi-

107 1881 171 1930 tate
190 1882 283 1930 tutam
303 1872 453 1932 ecclesiam
473 1872 659 1951 perturbent.
704 1872 759 1932 Est
776 1872 855 1931 enim
874 1870 1052 1931 verissimum
1073 1871 1152 1951 quod
1172 1870 1243 1931 seri·

107 1947 156 2006 bit
175 1947 399 2029 Augustinus
425 1952 520 2026 (coiit.
540 1950 676 2009 Parmen.
701 1948 753 2009 lib.
771 1955 800 2012 2.
821 1968 846 2009 1.
866 1948 920 2025 1.).
957 1945 1243 2031 11111111,1111111111Ι

107 2021 177 2101 „vel
197 2024 278 2104 quod
296 2037 396 2103 potest
413 2025 564 2107 arguendo
575 2025 711 2106 corrigit:
731 2023 869 2105 velquod
884 2025 1033 2116 corrigere
1053 2043 1115 2083 nnn
1136 2030 1244 2105 potest,

108 2098 213 2176 „salvii
233 2105 310 2179 pacis
330 2101 447 2160 viuculo
468 2102 609 2162 excludit:
639 2102 687 2162 vel
706 2101 786 2181 quod
810 2101 891 2163 salvo
911 2122 989 2182 pacis
1007 2099 1126 2162 vinculo
1146 2098 1243 2159 eretu-

107 2175 201 2254 „dere
221 2198 282 2235 non
303 2189 417 2255 potest,
437 2179 582 2256 aequitate
603 2177 765 2260 improbat,
785 2177 920 2237 firmitate
939 2188 1108 2257 supportat:
1129 2178 1244 2239 liune'a

71 2292 75 2299 -
105 2250 335 2330 „maledictione
362 2254 485 2313 liberum
505 2275 539 2313 ac
562 2255 690 2316 solutum
711 2259 806 2315 esse.“
856 2254 1014 2314 llationein
1039 2253 1110 2314 alibi
1129 2253 1242 2334 (11131

105 2348 135 2389 e.
154 2330 208 2407 1.)
220 2328 332 2405 reddit,
353 2331 420 2408 quia
440 2331 623 2412 „omnispin
641 2331 733 2408 ratio,
753 2344 782 2391 et
801 2332 906 2392 modiis
926 2330 1136 2392 ecclesiasticae
1156 2330 1244 2389 disci·

107 2404 245 2486 „plinae,
274 2409 416 2466 unitatem
441 2409 557 2486 spiritus
582 2411 614 2467 iii
633 2408 751 2470 uinculo
772 2409 849 2490 pacis
874 2408 984 2467 intueri
1003 2420 1119 2487 semper
1138 2405 1242 2466 debet:

107 2482 210 2562 „quod
219 2484 380 2561 Apostolus
399 2482 570 2544 sullerendo
591 2506 644 2546 nos
663 2487 787 2545 invicem
806 2484 950 2565 praecipit
969 2484 1122 2548 custodiri:
1142 2486 1242 2563 etque

108 2580 193 2635 „non
214 2560 377 2634 custodito,
408 2561 553 2623 vindictae
572 2562 718 2624 medicina
743 2582 803 2623 non
827 2574 941 2624 tantum
966 2582 1158 2643 supervacua,
1189 2559 1241 2619 aed

108 2635 219 2712 „etiam
250 2636 414 2714 perniciosa
446 2656 508 2697 esse
536 2638 595 2700 inci
618 2640 656 2703 it:
688 2640 816 2720 ideoque
845 2639 988 2698 medicina
1019 2659 1080 2699 esse
1105 2637 1243 2696 desinit.“

109 2712 216 2789 „llaec
235 2713 345 2790 (inquit
365 2735 396 2773 ca
420 2715 482 2789 .2.)
503 2717 553 2793 qui
574 2660 731 2797 ddigenter
751 2717 872 2796 cogitat,
893 2718 997 2776 necin
1018 2713 1241 2774 consecratione

108 2788 249 2864 „unitatis
262 2788 384 2870 negligit
396 2734 565 2870 disciplinae
578 2792 772 2864 severitatem,
794 2811 847 2850 nec
865 2792 1040 2873 intemperie
1052 2789 1244 2851 correctionis

109 2863 286 2945 „disrumpit
315 2867 461 2925 vinculum
492 2868 670 2928 societatis.“
719 2868 841 2926 Fatetur
871 2866 989 2946 quidem
1020 2888 1082 2927 nou
1106 2867 1243 2926 Pastorea

109 2940 201 3000 inodo
222 2942 330 3001 debere
351 2943 379 3000 in
401 2942 475 3002 lianc
496 2955 606 3021 partem
626 2942 812 3019 incumbere,
843 2962 880 3002 ne
900 2943 969 3023 quid
989 2944 1020 3003 iii
1041 2943 1162 3004 ecclesia
1180 2941 1243 3001 vitii

109 3031 269 3093 remaneat,
288 3018 338 3076 sed
358 3019 517 3098 unicuique
536 3021 640 3079 eudem
661 3021 831 3079 enitendum
850 3040 905 3101 pro
925 3041 976 3080 sua
995 3019 1085 3082 virili:
1105 3039 1160 3079 nec
1182 3018 1242 3078 dis-

109 3093 235 3169 simulat,
255 3117 321 3153 eum
332 3097 382 3174 qui
402 3095 492 3156 malus
504 3116 638 3173 monere,
657 3117 793 3179 arguere,
810 3098 960 3177 corrigere
974 3097 1110 3179 negligit,
1130 3094 1244 3154 etiamsi

110 3173 145 3231 lis
171 3193 231 3230 nuii
259 3172 369 3245 faveat,
399 3192 454 3232 nec
479 3194 544 3232 cum
570 3173 603 3234 iis
632 3186 751 3254 peccet,
782 3194 863 3234 reiim
891 3194 953 3233 csse
977 3194 1076 3233 corani
1096 3173 1243 3233 llominne

111 3248 218 3339 quodsi
239 3250 325 3308 talem
346 3250 422 3330 gerit
441 3270 606 3328 personam,
626 3264 659 3310 ut
679 3252 765 3310 etiam
784 3252 1066 3311 aSacramentorum
1087 3248 1243 3329 participa·

110 3338 195 3384 tione
214 3329 307 3403 possit
325 3347 474 3404 separare,
494 3338 524 3385 et
543 3348 604 3386 non
626 3328 711 3402 lacit,
737 3329 792 3387 iam
814 3348 872 3386 non
895 3326 991 3387 alieno
1011 3327 1088 3386 malo
1109 3344 1244 3404 peccare,

110 3400 162 3462 sed
180 3423 243 3460 suo.
282 3402 411 3461 Tantum
436 3403 465 3461 id
490 3403 553 3462 lieri
573 3403 636 3464 vult
653 3403 780 3463 adbibita
806 3404 971 3484 prudentia,
991 3425 1076 3482 quam
1096 3403 1244 3462 llominne

113 3495 233 3555 quoque
259 3479 695 3612 repuirit(lllatth.13,22·):
724 3488 783 3555 „ne
814 3481 882 3538 dum
914 3479 1098 3540 eradicantur
1122 3479 1245 3552 zizania,
1280 3484 1283 3489 '

112 3552 279 3628 „frumenta
311 3557 480 3615 aedantirr.“
521 3555 597 3614 Iride
617 3555 732 3637 colligit
750 3576 783 3616 ex
803 3557 828 3617 C
852 3558 968 3638 priano:
993 3555 1246 3630 „llliserieorditer
1295 3561 1299 3567 ’

113 3629 225 3706 „igitur
245 3632 383 3709 corripiat
403 3632 491 3692 bomo
513 3632 592 3722 quod
613 3632 727 3712 pbtest:
760 3578 848 3712 quod
860 3645 955 3692 autern
977 3655 1039 3692 non
1059 3643 1173 3716 potest,
1191 3652 1243 3718 pa·

111 3708 243 3781 „tienter
261 3705 347 3781 serat,
367 3719 480 3767 etcum
502 3708 658 3771 dilectione
679 3720 776 3791 gemat
794 3721 883 3789 atque
902 3709 1034 3790 lugeat.“

189 3787 236 3845 1⁶2.
276 3783 343 3841 Hoc
362 3797 458 3843 autem
479 3784 549 3843 dicit
567 3797 690 3878 propter
708 3784 930 3846 Donatistarum
951 3788 1168 3862 morostiaini,
1193 3783 1245 3865 qui

135 3879 203 3917 uum
225 3873 382 3919 cernerent
400 3861 430 3918 iii
456 3860 584 3920 ecclesiis
605 3863 691 3937 vitia,
720 3881 795 3941 quae
820 3862 915 3923 verbis
940 3863 1057 3942 quidem
1082 3862 1244 3947 reprelien-

112 3882 219 3997 derent
239 3936 388 4015 episcopi,
407 3936 457 3996 sed
478 3938 778 3998 excommunicatione
798 3958 860 3999 non
879 3939 1059 4018 plecterent,
1078 3939 1163 4018 (quia
1181 3958 1244 3998 non
1287 3988 1292 3998 ,

112 4011 257 4106 putabant
276 4033 306 4071 se
328 4013 443 4075 1111111
463 4013 845 4106 quicquamprolecturos)
871 4014 901 4074 iii
926 4018 1082 4153 episcopos
1105 4016 1245 4074 atrociter

112 4089 330 4149 invehebantur
354 4103 490 4169 tanquam
522 4089 691 4172 disciplinae
721 4091 904 4180 proditores:
937 4104 1001 4151 eta
1039 4085 1134 4150 'bristi
1154 4109 1246 4171 grege

109 4167 205 4242 impin
218 4165 371 4225 schismate
384 4187 414 4225 se
427 4166 604 4227 dividebant.
644 4167 780 4242 Qualiter
799 4168 889 4227 bodie
901 4167 1012 4228 11111111
1021 4168 1244 4302 Anabaptisme:

114 4243 165 4320 qui
186 4241 253 4301 dum
275 4243 386 4302 nullum
399 4256 516 4302 coetum
529 4243 639 4304 Cbristi
659 4257 836 4326 agnoscunt,
855 4244 912 4304 nisi
920 4245 1051 4326 angelica
1063 4264 1117 4324 per
1131 4243 1249 4305 ectione

116 4318 251 4380 omnies
271 4331 355 4400 partu
379 4321 589 4403 eeiispicuuin,
619 4319 673 4383 sub
705 4331 858 4402 praetextu
888 4320 933 4384 sui
957 4320 1014 4383 seli
1038 4317 1181 4404 11111111
1205 4333 1250 4384 eat
