2700 4732
441 194 518 259 nn
536 168 562 259 ι’
601 195 691 265 cer.
710 197 825 261 ιιιιι

410 488 664 563 canor
713 428 841 565 ιιιιιι.

89 680 174 745 llenn
194 680 244 745 lta
267 682 467 765 lmplornm
491 684 699 767 operanti,
732 697 769 749 et
800 687 940 749 animos
966 686 1125 750 llectere
1148 692 1190 755 ad

112 776 328 859 exsequenda
347 796 410 839 rna
429 777 582 854 iudicia,
606 789 645 838 nt
663 800 777 859 purus
795 780 874 862 ipse
893 780 933 843 ab
953 784 1052 843 omni
1071 782 1153 845 labe

522 858 721 951 meneatl).

113 1046 233 1107 'Come
254 1060 418 1121 pomnanna
438 1048 490 1100 boe
509 1044 598 1119 Caput
618 1048 699 1119 prirni
715 1049 777 1103 librl
791 1050 874 1103 tribua
890 1050 1013 1121 partibus
1047 1050 1080 1121 1)
1096 1050 1189 1121 antn

89 1130 142 1199 tul·
162 1146 219 1185 ute
235 1134 335 1187 dietum
356 1131 403 1195 eit,
424 1132 512 1185 Deum
528 1133 658 1202 reprobos
675 1153 766 1187 ornnes
783 1150 859 1204 atque
876 1136 943 1187 adeo
961 1136 1085 1187 Satanarn
1103 1137 1188 1207 ipsum
1217 1180 1220 1185 .

89 1217 227 1271 ”arbitrio
244 1218 362 1279 llecoere.
383 1231 434 1270 tres
456 1230 598 1271 occurrunt
615 1218 780 1271 obiectiones.
821 1216 915 1289 Prior,
939 1217 991 1270 Dei
1011 1220 1190 1288 permissione,

89 1302 272 1365 nrotnntate,
286 1301 316 1355 id
332 1300 397 1355 lieri.
434 1300 503 1353 Huic
520 1300 661 1354 obiectioni
679 1302 773 1372 duplex
791 1302 935 1372 opponitur
951 1303 1100 1372 responsio:
1121 1324 1189 1375 qno·

89 1402 121 1437 Ιι
134 1386 225 1449 altera,
239 1387 345 1450 angelos
362 1400 388 1437 et
404 1385 521 1438 bomine·
539 1386 624 1436 bonos
641 1386 775 1455 malosque
791 1386 857 1439 nibil
874 1386 992 1449 efficere,
1013 1386 1063 1439 nisi
1080 1388 1154 1457 quod
1172 1408 1188 1441 a

89 1464 122 1521 leo
136 1472 301 1523 constitutum
320 1484 370 1522 eat:
392 1468 486 1531 altera,
507 1489 601 1521 areana
618 1489 710 1523 ornnes
733 1485 819 1524 motin
835 1472 868 1524 ab
886 1473 988 1524 occulta
1005 1468 1057 1521 Do·
1078 1470 1189 1541 inspira·

89 1548 139 1617 ’.1,
152 1557 186 1607 etl
202 1557 283 1611 linctu
299 1574 377 1607 enum
394 1552 469 1617 dirigi
486 1554 657 1623 probatum.
674 1555 759 1609 1-2.
777 1585 809 1595 -
830 1556 862 1623 2)
879 1556 968 1607 Altera
986 1553 1108 1616 obiectio,
1124 1557 1189 1611 duas

89 1636 162 1689 allen
180 1640 323 1692 contuitu
340 1657 393 1691 esse
408 1638 566 1698 voluntates,
588 1638 610 1689 ai
635 1639 739 1691 occulto
761 1638 871 1691 comitio
897 1638 1027 1701 decernit,
1049 1659 1115 1707 qnae
1132 1641 1189 1705 lege

89 1740 110 1771 ιι
119 1722 203 1791 palam
220 1722 358 1793 probibet,
373 1744 393 1775 s.
408 1722 433 1776 3.
450 1722 564 1775 diluitur.
579 1749 615 1760 -
647 1721 679 1791 ³)
697 1722 844 1785 Postrema.
867 1722 955 1775 Deum
974 1723 1094 1775 constitui
1108 1726 1189 1776 seele-

89 1822 123 1873 t!
135 1808 250 1861 omium
267 1822 411 1869 auctoran,
425 1806 447 1859 ai
463 1810 519 1859 noia
535 1805 618 1860 inodo
636 1804 779 1876 impiorum
798 1827 879 1877 opera
897 1808 948 1867 uti.
965 1809 1011 1859 aed
1030 1807 1107 1859 etiarn
1123 1828 1189 1861 con-

89 1886 156 1941 flet
173 1892 280 1945 allatus
302 1891 447 1956 gnbernare
470 1890 584 1952 dicatur,
606 1910 636 1942 ae
656 1892 769 1961 proinde
789 1890 885 1960 impios
908 1890 1039 1943 immerito
1062 1891 1190 1956 damnari,

89 1972 323 2029 ὐΙιιιιωειιιὶι.

137 2146 164 2207 1.
196 2144 238 2203 Ex
257 2142 321 2203 aliir
340 2140 425 2218 loeis,
443 2141 494 2203 ubi
507 2142 586 2203 Deus
599 2142 733 2201 Satanam
754 2140 763 2200 i
785 2164 847 2202 sum
868 2152 898 2202 et
918 2160 1022 2203 omnes
1041 2142 1187 2223 reprobos

89 2234 123 2277 nn
137 2218 248 2281 arbitrio
267 2221 389 2279 flectere
400 2218 446 2279 vel
465 2220 710 2294 traberedicitnr‚
731 2220 760 2278 di
797 2219 881 2279 cilior
901 2222 1025 2299 emergit
1046 2224 1186 2298 quaestio.

89 2292 220 2367 Quomodo
239 2298 319 2357 enirn
341 2316 395 2376 per
413 2296 479 2355 illos
498 2317 587 2377 agens
607 2296 717 2355 nullam
739 2317 771 2354 er
787 2316 890 2355 eorum
902 2295 975 2355 vitio
997 2295 1092 2356 labem
1113 2318 1186 2357 con-

89 2368 173 2445 nbat,
192 2372 250 2434 into
270 2374 302 2432 in
323 2393 415 2453 opere
435 2374 583 2433 communi
607 2373 642 2431 ab
664 2374 746 2432 omni
765 2371 849 2452 culpa
868 2373 906 2431 sit
925 2373 1075 2445 immunis,
1099 2373 1187 2432 mini·

89 2454 143 2505 tros
158 2460 248 2509 autern
268 2470 336 2509 snos
357 2450 430 2510 iuste
451 2449 585 2524 damnet,
608 2450 652 2508 vix
673 2448 750 2529 capit
769 2470 869 2509 sensus
894 2448 998 2509 carnis.
1034 2448 1114 2509 llinc
1141 2471 1185 2509 re·

89 2534 146 2581 terta
163 2526 309 2584 distinrtio
335 2527 413 2585 inter
437 2546 524 2608 agere
549 2537 579 2584 et
604 2528 788 2604 permittere:
812 2525 878 2604 quia
905 2523 949 2582 hic
975 2525 1069 2585 nodus
1089 2524 1187 2586 multis

89 2600 266 2681 nerplicabilis
286 2602 362 2661 visus
383 2615 440 2677 est,
466 2602 519 2661 sub
538 2602 597 2662 Ilei
623 2623 709 2661 mann
730 2614 760 2660 et
780 2601 903 2680 imperio
925 2600 1062 2660 Satanam
1084 2614 1113 2660 et
1133 2603 1187 2661 im-

89 2668 133 2733 tior
150 2697 246 2737 omnes
266 2680 304 2738 ita
326 2700 403 2751 esse,
424 2693 453 2739 ut
476 2700 577 2738 eorum
599 2678 735 2737 malitiam
756 2680 786 2737 in
807 2698 1011 2757 quemcunque
1031 2680 1121 2739 visum
1143 2690 1187 2739 est

89 2750 153 2811 iottn
170 2755 283 2837 dirigat,
308 2768 338 2814 et
357 2755 514 2815 sceleribus
539 2767 635 2813 utatur
655 2755 690 2813 ad
718 2753 898 2834 exsequenda
918 2775 967 2812 sna
988 2754 1103 2815 iudicia.
1142 2755 1187 2815 Ac

89 2830 226 2891 meabilis
245 2833 323 2893 sorte
335 2845 410 2892 esset
428 2854 528 2894 eorum
549 2833 701 2903 modestia,
715 2854 787 2911 quos
809 2843 898 2889 terret
918 2831 1101 2890 absurditatis
1120 2854 1133 2890 s
1156 2851 1188 2890 e-

89 2900 143 2991 tita,
157 2908 206 2967 nisi
245 2910 302 2970 uod
324 2930 477 2989 perperam
497 2908 639 2968 mendacii
661 2908 826 2988 patrocinio
848 2926 976 2966 asserere
995 2918 1111 2966 tentant
1129 2852 1188 2967 bei

89 2980 197 3041 tortitiam
215 2930 250 3045 ab
271 2988 351 3046 omni
371 2986 482 3046 sinistra
504 2996 583 3044 nota.
622 2984 789 3043 Absurdum
809 2984 934 3054 videtur,
954 2982 1073 3041 volente
1092 3004 1124 3043 ac
1144 2984 1188 3043 iu·

89 3050 163 3115 butte
176 3060 237 3121 lleo
262 3063 411 3121 excoecari
437 3063 600 3134 bominem,
630 3061 678 3141 qui
705 3083 770 3119 mox
802 3060 953 3119 coecitatis
984 3079 1053 3118 suae
1077 3080 1188 3142 poenae

94 3126 184 3193 laurus
200 3150 249 3197 est.
286 3137 522 3220 Tergiversando
544 3138 641 3216 itaque
655 3138 811 3218 effugiunt,
831 3138 887 3194 Dei
908 3148 1018 3195 tantum
1036 3136 1189 3217 permissu,

96 3222 143 3263 noa
157 3213 229 3273 etiam
247 3216 399 3275 voluntate
421 3215 476 3275 hoc
495 3214 574 3273 fieri:
600 3216 608 3273 i
631 3234 660 3271 se
680 3233 751 3272 vero
772 3213 865 3292 palam
885 3233 916 3271 se
938 3214 1034 3271 lacere
1076 3234 1188 3272 ronun·

99 3278 164 3369 llftt,
179 3291 307 3375 elingium
329 3291 398 3350 illncl
420 3291 562 3370 repudiat.
602 3236 692 3364 ὅιιοά
705 3302 802 3349 autern
823 3288 893 3347 nibil
906 3289 1036 3348 efficiant
1055 3234 1189 3349 loannes

100 3356 143 3443 tusi
156 3369 310 3429 artanoDei
331 3381 415 3441 tantu,
435 3388 488 3427 nec
508 3368 662 3457 quicquam
683 3365 873 3424 deliberando
894 3368 1017 3445 agitent,
1038 3367 1091 3425 nisi
1109 3366 1189 3444 quod

102 3450 149 3519 ffl’t
163 3440 205 3499 iem
221 3446 291 3526 apud
312 3466 343 3504 se
371 3446 550 3516 decreverit,
574 3458 603 3501 et
628 3464 732 3502 arcuna
757 3465 806 3502 sua
832 3442 995 3501 directione
1019 3444 1190 3517 constituat,

100 3519 223 3577 unumne
239 3534 267 3580 et
286 3522 372 3581 claris
393 3520 563 3579 testimoniis
605 3519 734 3578 robatur.
786 3518 877 3592 Quod
898 3531 966 3577 ante
986 3518 1135 3579 citavimus
1156 3540 1190 3577 ex

99 3580 199 3669 Psalmo,
215 3596 307 3657 Deum
328 3617 519 3677 quaecunque
544 3542 605 3656 vult
631 3597 740 3668 lacere,
764 3596 800 3653 ad
821 3615 921 3654 omnes
941 3595 1073 3655 actiones
1093 3595 1191 3653 bomi-

99 3676 301 3748 ”sepertinere
330 3686 442 3733 certum
464 3685 516 3732 est.
561 3674 593 3731 Si
613 3672 693 3731 Dens
715 3670 859 3731 bellorum
881 3684 911 3729 et
930 3672 1009 3751 pacis
1029 3683 1125 3730 certus
1145 3681 1190 3729 est

97 3738 189 3822 vlita,
209 3763 240 3810 ut
260 3750 321 3810 illie
342 3750 463 3822 dicitur,
487 3749 575 3828 idque
595 3750 658 3808 sine
679 3748 737 3807 ulla
758 3750 946 3828 exceptione,
972 3770 1008 3808 eo
1028 3748 1120 3807 inscio
1141 3758 1190 3805 ant

96 3819 226 3905 {ducente
246 3826 381 3887 homines
402 3846 492 3886 coeco
513 3838 596 3885 motu
616 3839 727 3884 temere
753 3824 833 3901 ferri,
854 3826 916 3904 quis
937 3825 1034 3884 dicere
1053 3821 1190 3885 audebit?

95 3892 134 3955 ltl
149 3901 174 3961 io
190 3904 364 3985 specialibus
385 3902 522 3983 exemplis
542 3902 607 3985 plns
631 3901 705 3961 lucis
725 3901 791 3961 erit.
834 3903 878 3960 Ex
896 3901 993 3981 primo
1018 3900 1113 3980 capito
1132 3896 1191 3957 lob

94 4056 1190 4088 mm
1276 4062 1285 4081 q

137 4174 160 4243 ⁸)
175 4177 238 4232 Vide
257 4178 329 4231 Calr.
345 4178 443 4231 advers.
459 4179 604 4231 Libertinos
622 4198 677 4249 cap.
695 4179 735 4231 15.
755 4191 780 4229 et
796 4178 836 4231 16.
854 4191 879 4230 et
895 4175 1026 4240 Angrtstin.
1044 4176 1078 4227 do
1091 4173 1194 4227 Ordine

133 4248 152 4297 l.
169 4251 227 4301 et2
244 4248 288 4298 ubi
306 4246 466 4298 sanctissime
488 4248 615 4319 disputat,
639 4261 727 4300 utrum
751 4247 840 4299 omnia
862 4246 933 4297 bona
957 4258 982 4297 et
1001 4246 1069 4296 ruala
1091 4243 1194 4295 divinae

89 4314 238 4373 Fandentiae
255 4314 324 4367 ordo
342 4314 481 4371 contineat.
648 4320 655 4332 ⁴
