2700 4732
508 192 1017 277 mmmm,f
1186 208 1245 272 ns

63 368 66 377 “
106 375 185 418 uuus
203 354 306 429 bomo,
323 353 462 416 translata
481 351 517 412 ad
537 373 570 414 se
587 354 736 415 communi
756 363 920 434 potestate,
941 352 1110 433 tyrannicae
1128 348 1247 411 libidini

107 433 251 514 patefecit
265 432 385 506 aditum,
405 443 435 491 ct
455 429 594 491 ccclesiae
614 430 694 510 quod
714 453 797 491 suurn
818 440 881 490 erat
899 429 1016 509 eripuit,
1035 442 1065 490 et
1077 448 1245 490 consessum

108 531 128 572 a
150 510 258 570 Christi
279 508 391 589 Spiritu
413 508 578 567 ordinatum
599 508 761 586 suppressit
779 518 810 566 et
829 506 983 567 abdicarit.

131 618 134 623 ·
188 593 215 650 7.
235 587 346 644 tarum
372 589 420 662 (ut
445 584 520 642 aliud
543 581 649 641 malurn
669 603 787 663 semper
807 603 839 640 ex
859 582 918 642 alio
940 584 1083 659 nascitur)
1102 581 1245 663 episcopi,

107 662 190 723 velut
209 682 269 721 rem
290 683 339 722 sua
360 682 428 721 cura
449 660 598 739 indignam
620 660 810 732 fastidientes,
830 660 866 718 ad
878 659 949 720 alios
961 660 1142 743 ablegarunt.
1170 658 1245 716 Inde

107 739 201 801 creati
222 737 388 809 Officiales,
408 736 457 816 qui
478 736 574 796 locum
593 735 675 794 illurn
695 736 889 795 sustinerent:
911 737 1041 796 nondum
1062 736 1139 812 dico,
1159 734 1246 814 quale

90 830 205 954 'genus
225 815 389 887 bominum,
409 813 466 872 boc
486 824 599 871 tanturn
620 813 699 887 dico,
721 812 791 871 nibil
813 812 935 871 differre
954 834 970 871 a
992 815 1122 892 profanis
1142 810 1246 871 indici·

131 915 174 952 us.
212 893 252 951 Et
271 884 367 950 timeo
387 887 566 967 spiritualem
587 888 817 948 iurisdictionem
838 889 933 948 adbuc
951 901 1076 964 vocant,
1096 888 1147 948 ubi
1168 909 1245 948 non-

107 968 167 1030 nisi
187 968 224 1028 de
244 968 330 1027 rebus
350 966 475 1025 terrenis
495 964 632 1045 litigatur.
674 965 716 1023 Ut
736 964 807 1023 nibil
826 966 863 1025 sit
882 965 959 1025 aliud
980 965 1062 1039 mali,
1091 965 1188 1025 forum
1209 964 1245 1024 li·
1299 965 1302 977 '

107 1046 249 1127 tigiosnm
270 1064 328 1123 qua
348 1043 448 1102 fronte
468 1061 573 1100 vocare
592 1041 702 1101 audent
721 1041 858 1101 iudicium
879 1042 1035 1102 ecclcsiae?
1055 1041 1164 1101 dtillic
1177 1051 1246 1101 sunt

110 1123 303 1194 monitiones,
323 1130 367 1179 est
387 1117 658 1179 excommunicatio.
708 1117 829 1177 Scilicet
860 1118 899 1179 ita
931 1140 996 1177 curn
1028 1119 1096 1178 lleo
1127 1118 1247 1178 luditur.

106 1198 210 1258 Debet
229 1195 421 1278 pauperculus
440 1195 542 1283 aliquis
562 1193 736 1273 pecuniam?
756 1193 884 1255 Citatur:
905 1195 929 1255 si
944 1208 1106 1276 comparet,
1126 1197 1246 1254 damna-

105 1286 175 1336 tur:
196 1275 348 1333 damnatus
369 1272 422 1331 nisi
443 1272 610 1346 satisfaciat,
631 1282 782 1330 monetur:
811 1291 827 1330 a
846 1272 1012 1331 monitione
1032 1273 1158 1333 secunda
1180 1292 1246 1353 gra·

107 1352 164 1411 dus
184 1350 217 1410 fir
237 1352 274 1410 ad
295 1348 638 1409 excommunicationem:
671 1347 695 1406 si
725 1368 787 1406 non
813 1360 980 1428 comparet,
1005 1363 1143 1409 monetur
1162 1361 1195 1407 ut
1213 1368 1246 1408 se

107 1429 191 1489 sistat
210 1427 334 1486 iudicio:
363 1427 387 1485 si
408 1446 519 1484 moram
541 1426 627 1498 facit,
656 1435 805 1495 monetur,
834 1437 863 1485 et
883 1444 948 1484 mox
969 1425 1245 1486 excommunicatur.

109 1506 249 1579 Quaeso,
270 1504 338 1584 quid
360 1503 480 1562 omnino
505 1502 599 1561 simile
619 1500 664 1559 vel
685 1522 751 1561 eum
783 1503 916 1561 instituto
945 1502 1068 1573 Christi,
1098 1502 1144 1562 rel
1178 1522 1245 1562 curn

107 1600 196 1640 more
220 1581 335 1661 prisco,
365 1579 411 1638 vel
439 1600 504 1639 cum
531 1579 646 1637 ratione
671 1576 880 1639 ecclesiastica?
911 1577 951 1637 A:
970 1580 1003 1638 fit
1024 1581 1108 1638 etiam
1128 1577 1188 1638 illic
1209 1579 1245 1637 de

106 1658 190 1719 vitiis
210 1678 342 1717 censura.
382 1658 495 1734 Nempe
515 1656 718 1728 scortationes,
738 1653 879 1730 lascivias,
900 1654 1055 1729 ebrietates
1076 1656 1177 1715 eteius
1191 1674 1245 1736 ge-

107 1735 189 1794 neris
208 1734 316 1813 flagitia
337 1753 397 1792 non
418 1744 531 1790 tantum
553 1730 695 1805 tolerant,
719 1730 768 1791 sed
789 1731 876 1791 tacita
897 1733 1114 1810 quodammodo
1135 1752 1246 1811 appro-

108 1811 230 1871 batione
257 1810 358 1869 forent
384 1830 418 1869 ac
444 1807 632 1868 confirmant:
666 1826 762 1885 oeque
788 1807 817 1866 id
844 1808 873 1866 in
894 1808 982 1887 plebe
1001 1809 1108 1883 modo,
1142 1809 1245 1868 sedin

109 1887 120 1947 i
143 1887 180 1947 sis
200 1906 320 1966 quoque
341 1885 460 1945 clericis.
510 1885 552 1944 Ex
572 1885 670 1944 multis
690 1903 797 1963 paucos
817 1884 851 1943 ad
864 1898 903 1943 'se
921 1897 1043 1959 cocant,
1073 1884 1120 1945 vel
1146 1905 1184 1943 ne
1204 1885 1246 1943 ri·

131 1976 237 2024 eantur
255 1963 340 2022 nimis
359 1961 499 2022 socordes
519 1961 548 2020 in
571 1960 771 2033 connivendo,
790 1959 835 2018 rel
857 1972 889 2019 ut
900 1963 1052 2040 pecuniam
1065 1962 1141 2022 emnl
1166 1974 1244 2021 eant.

109 2041 212 2100 Taceo
254 2039 369 2112 raedas,
389 2037 519 2118 rapinas,
540 2037 706 2117 peculatus,
726 2036 890 2118 sacrilegia,
912 2058 986 2116 quae
1007 2039 1075 2098 inde
1096 1981 1165 2097 colli
1190 2060 1244 2096 irn-

106 2129 166 2178 tur.
246 2136 316 2175 aceo
342 2115 442 2193 quales
462 2114 651 2194 utplurimum
678 2113 843 2206 deligantur
867 2113 904 2174 ad
931 2115 986 2174 boc
1012 2136 1125 2174 munus.
1208 2135 1245 2175 oc
1271 2164 1274 2173 .

108 2194 180 2261 satis
208 2211 354 2271 superque
386 2203 445 2264 est,
477 2192 555 2269 quod
585 2184 674 2270 quum
700 2189 929 2250 iurisdictionem
955 2213 1035 2251 suam
1064 2191 1245 2270 spiritualem

107 2271 219 2330 iactant
238 2271 457 2340 Romanenses,
477 2267 633 2327 ostendere
654 2279 820 2347 promptum
844 2279 899 2342 cst,
918 2269 1067 2329 institutae
1087 2290 1103 2329 a
1124 2268 1243 2329 Christo

107 2346 218 2407 rationi
237 2344 311 2404 nihil
331 2365 393 2403 esse
413 2345 503 2423 magis
523 2343 718 2404 contrarium:
743 2364 808 2403 cum
849 2344 923 2405 risca
943 2365 1013 2405 vero
1032 2345 1245 2406 consuetudine
1329 2374 1335 2385 ·

63 2430 69 2438 “
108 2423 202 2483 nihilo
222 2423 286 2503 plus
307 2421 416 2480 babere
434 2420 630 2481 similitudinis
650 2442 734 2499 quam
754 2365 892 2481 tenebras
912 2442 977 2482 cum
998 2421 1073 2482 luce.

185 2505 213 2564 8.
253 2499 380 2557 Tametsi
401 2518 461 2557 non
483 2497 580 2556 omnia
601 2496 731 2570 diximus,
752 2518 826 2577 quae
846 2497 904 2558 huo
922 2498 1024 2559 afferri
1044 2508 1193 2578 poterant,
1213 2510 1244 2558 et

109 2595 272 2656 eaquoque
293 2577 364 2654 ipsa,
384 2594 458 2652 qnae
479 2575 608 2646 diximus,
623 2575 726 2709 paucis
747 2576 899 2667 perstricta
919 2587 1002 2635 sunt:
1022 2578 1063 2636 sic
1081 2589 1178 2634 tamen
1195 2576 1245 2634 dn-
1324 2606 1328 2613 ·

109 2653 249 2713 bellatum
270 2672 332 2711 esse
352 2651 486 2724 confido,
506 2663 539 2709 ut
558 2650 619 2709 nihi
652 2651 706 2710 iam
732 2663 769 2710 srt
788 2673 840 2710 cnr
859 2652 1000 2731 quispiam
1021 2652 1165 2733 ambigat,
1184 2652 1245 2730 spi-

108 2729 243 2788 ritualem
264 2739 456 2808 potestatem,
488 2749 544 2806 qua
565 2727 645 2806 Papa
665 2749 730 2786 cum
752 2739 817 2787 toto
838 2747 891 2787 suo
913 2748 1006 2808 regno
1027 2751 1058 2787 sn
1084 2730 1169 2801 erbit,
1190 2731 1246 2786 im·

110 2806 188 2886 piam
210 2825 271 2864 esse
292 2817 395 2864 contra
415 2805 471 2862 Dei
492 2803 623 2874 verbum,
643 2825 674 2862 ac
695 2803 830 2862 iniustam
851 2804 880 2862 in
902 2804 962 2862 eins
983 2751 1124 2883 populum
1145 2817 1246 2883 tyran-

111 2882 221 2940 nidem.
270 2879 314 2940 Ac
344 2879 500 2959 spiritualis
530 2879 646 2957 quidem
678 2879 829 2957 potestatis
858 2881 979 2938 nomine
1009 2892 1071 2938 turn
1098 2880 1245 2941 audaciam

90 3030 93 3037 Ι
112 2959 296 3039 complector
314 2959 344 3015 in
366 2956 540 3015 fabricandis
562 2955 643 3014 novis
665 2955 823 3029 doctrinis,
848 2955 952 3035 quibus
972 2955 1105 3015 miseram
1149 2956 1245 3018 lebern

108 3057 125 3095 a
146 3055 283 3130 germana
302 3033 387 3091 verbi
407 3033 464 3090 Dei
484 3032 610 3111 puritate
630 3042 816 3107 averterunt,
847 3043 907 3091 tum
935 3034 1055 3111 iniquas.
1072 2978 1246 3096 traditiones

109 3115 215 3192 quibus
245 3113 335 3191 ipsam
362 3109 572 3188 illaquearunt,
605 3119 665 3167 tum
697 3108 1036 3186 pseudoecclesiasticam
1067 3110 1246 3171 iurisdictio·

108 3210 194 3262 nem,
214 3209 298 3268 quam
320 3207 373 3264 per
393 3185 595 3264 suffraganeos
616 3197 646 3244 et
666 3185 805 3246 officiales
826 3188 1077 3247 exercent..Nam
1089 3187 1113 3246 si
1126 3186 1246 3248 Christo

107 3287 232 3347 regnum
254 3266 332 3322 inter
352 3284 406 3321 nos
426 3261 635 3340 permittimus,
666 3262 729 3320 lieri
761 3282 822 3321 uon
842 3273 942 3343 potest
962 3261 1032 3342 quin
1052 3274 1147 3322 totum
1168 3264 1245 3324 istud

110 3341 320 3401 dominationis
340 3359 432 3416 genus
454 3337 599 3415 extemplo
621 3351 824 3417 prosternatur
843 3361 874 3398 ac
896 3351 1023 3398 corruat.
1075 3341 1124 3400 lus
1149 3353 1246 3401 autem

109 3418 198 3497 gladii
218 3417 295 3495 quod
316 3417 370 3476 sibi
392 3434 509 3494 qnoque
530 3415 675 3487 tribuunt,
694 3417 761 3494 quia
780 3415 810 3474 in
832 3416 1026 3475 conscientias
1046 3437 1106 3475 non
1126 3437 1247 3477 exerce·

109 3506 176 3565 tur,
206 3505 330 3552 tractare
360 3494 519 3572 praesentis
549 3491 662 3571 negotii
692 3512 752 3550 non
782 3503 835 3551 est.
888 3493 954 3566 Qua
980 3505 1078 3553 tamen
1106 3494 1137 3552 in
1162 3506 1247 3574 parte

111 3570 198 3628 etiarn
219 3569 450 3627 animadvertere
471 3586 580 3646 operae
606 3568 731 3644 pretinm
754 3580 813 3642 est,
834 3570 877 3627 sui
896 3589 1013 3648 semper
1040 3588 1101 3628 esse
1128 3570 1246 3630 similes:

111 3645 184 3703 nibil
204 3643 316 3704 scilicet
335 3647 429 3703 minus
455 3664 541 3723 quam
562 3642 643 3720 quod
667 3643 768 3703 baberi
792 3645 912 3718 volunt,
938 3644 1078 3706 eeclesiae
1103 3659 1246 3738 pastores.
1341 3691 1342 3695 ,

110 3723 175 3781 Nec
197 3719 353 3800 peculiaria
374 3721 523 3779 bominum
544 3718 629 3789 vitia,
653 3720 704 3778 sed
725 3741 880 3781 commune
900 3723 992 3782 totius
1014 3722 1124 3781 ordinis
1144 3723 1247 3799 scelus,

110 3799 247 3875 adeoque
278 3798 368 3886 ipsam
396 3795 505 3855 ordinis
532 3807 641 3874 pestem
667 3817 775 3876 arguo:
807 3798 925 3876 quomo
958 3799 1075 3858 mutilus
1101 3799 1161 3859 itte*
1180 3800 1246 3860 fore

110 3876 251 3942 creditur,
273 3875 327 3932 ursi
347 3872 497 3953 opulentia
518 3883 547 3930 et
565 3873 697 3950 superbis
717 3871 807 3932 titulis
827 3875 991 3953 spectabilis
1013 3874 1111 3940 fuerit.
1148 3876 1182 3935 Si
1195 3877 1247 3937 bac

111 3952 149 4011 de
169 3971 201 4009 rc
223 3950 334 4011 Christi
360 3950 565 4009 auctoritatem
585 3949 763 4028 quaerimus,
787 3971 848 4009 non
869 3950 989 4011 dubium
1010 3951 1080 4029 quin
1100 3953 1182 4012 verbi
1202 3953 1248 4014 sui

110 4029 260 4087 ministros
285 4047 301 4085 a
328 4026 404 4087 civili
430 4025 630 4085 dominatione
651 4047 684 4084 ac
703 4037 824 4085 terreno
845 4026 968 4119 imperio
990 4047 1090 4087 arcere
1110 4029 1248 4106 voluerit,

111 4127 201 4183 quum
222 4104 334 4163 diceret
354 4101 473 4181 (blattb.
493 4107 542 4178 20,
560 4104 639 4180 25.);
659 4101 779 4182 „Reges
805 4100 948 4163 Gentium
967 4103 1157 4164 dominantur
1176 4106 1247 4167 illis:
1299 4154 1302 4158 -

110 4193 279 4241 vosautem
301 4201 362 4240 non
383 4179 455 4239 sic.“
494 4177 650 4260 Significat
669 4179 747 4238 enim
774 4199 835 4239 non
861 4181 951 4240 modo
971 4181 1096 4261 pastoris
1116 4182 1246 4243 officium

111 4256 279 4318 distinctum
300 4276 363 4317 esse
383 4256 419 4317 ab
440 4254 541 4317 officio
560 4255 714 4335 principis:
745 4256 798 4316 sed
822 4275 870 4318 res
895 4276 958 4317 esse
980 4278 1026 4316 ma
1050 4259 1073 4318 is
1092 4269 1248 4339 separatas,

111 4352 199 4414 quam
217 4333 302 4395 utin
321 4354 413 4395 unum
433 4332 583 4394 bominem
602 4332 684 4394 coire
696 4343 814 4412 queant.
851 4329 926 4395 Nam
937 4275 1250 4414 mathomum-
