2700 4732
170 190 212 253 68
564 185 641 249 tls.
660 186 687 249 l.
727 187 817 251 cte.
838 186 907 249 Vll.

171 333 237 391 iure
255 326 469 423 plenantapud
487 328 589 423 fideles
607 331 814 427 aqctoritateqn
826 332 976 425 obtinent,
994 352 1083 413 quam
1095 332 1154 424 ,ubi
1172 343 1307 397 statuunt

170 408 1306 621 ttt‘ltpltttttttttttttttltttsst'lttsttt‘l{ttulit

172 560 232 621 Sed
252 560 288 621 da
311 573 364 622 unt
382 562 496 621 veniam
515 559 658 634 lectores,
681 562 706 623 si
729 562 823 655 magis
847 562 999 642 respiciam
1020 563 1091 654 quid
1111 564 1187 623 lerat
1206 564 1306 644 operis

57 680 66 693 .
170 636 299 699 instituti
318 637 410 713 ratio,
440 658 528 718 quam
547 637 617 718 quid
638 637 721 698 buius
741 659 784 699 res
804 637 967 719 amplitudo
985 652 1126 719 requirat.
1176 638 1321 711 Incaluit·

170 726 270 775 autem
294 714 371 795 apud
396 713 553 795 plerosque
578 715 837 794 perniciosissimus
863 735 962 789 error,
994 716 1165 796 Scriptum
1189 728 1306 777 tantum

121 862 125 871 Ι
169 792 266 853 inesse
289 790 432 852 momenti
456 802 596 870 qnantum
625 790 668 851 illi
694 791 834 853 ecclesiae
853 792 997 887 suffragiis
1017 794 1211 867 conceditur,
1241 791 1305 853 acsi

168 888 242 929 vero
262 880 382 929 aeterua
400 866 635 947 inviolabilisque
654 868 712 927 Dei
731 868 852 940 veritas,
877 869 1028 929 hommum
1048 869 1172 929 arbitrio
1192 869 1305 929 nitere-

170 957 233 1006 tur:
253 945 295 1007 sic
316 944 394 1003 enim
413 963 522 1027 magno
543 965 610 1005 eum
630 942 792 1005 ludibrioS
815 945 897 1006 initus
915 946 1009 1006 sancti
1021 957 1175 1027 quaerunt.
1194 944 1305 1023 Ecquis

170 1020 259 1082 nobis
277 1019 364 1081 fidem
384 1019 487 1097 iaciat,
511 1020 584 1081 baec
603 1042 620 1081 a
639 1022 708 1082 Deo
729 966 812 1101 procl

170 1098 207 1158 ad
238 1111 367 1159 nostram
394 1117 486 1177 usque
509 1109 635 1158 aetatem
661 1098 844 1179 pervenisse,
875 1099 1017 1159 certiores
1035 1097 1157 1160 reddat?
1195 1098 1306 1177 Ecquis

169 1174 358 1257 persuadeat,
381 1172 488 1266 librum
507 1170 586 1234 hunc
605 1188 775 1266 reverenter
794 1174 1011 1267 excipiendum,
1035 1175 1157 1236 alterum
1173 1194 1305 1268 pumero

169 1251 485 1389 ttttttltt't't
503 1262 613 1409 {tit
631 1252 1306 1408 'tttttntffltttttttt“tetttltttttt

169 1416 202 1467 et
220 1424 296 1485 qnae
314 1404 486 1483 Scripturae
504 1406 667 1465 reverentia
688 1405 844 1477 debeatur,
874 1406 975 1486 etqui
999 1405 1067 1465 libri
1091 1407 1123 1466 in
1144 1406 1205 1466 eius
1224 1416 1305 1466 cata-

168 1479 242 1564 logo
271 1480 410 1543 censendi
440 1481 508 1542 sint.
555 1481 601 1541 Ita
631 1480 767 1564 sacrilegi
799 1481 948 1556 homines,
976 1481 1046 1542 dum
1078 1482 1133 1543 sub
1159 1482 1305 1542 ecclesiae

168 1570 320 1638 praetextu
343 1556 447 1618 volunt
476 1556 649 1619 effrenatam
674 1559 865 1635 tyrannidem
894 1559 1053 1633 invehere,
1084 1559 1169 1619 nihili
1197 1568 1306 1621 curant

169 1634 276 1713 quibus
294 1654 326 1695 se
345 1646 377 1695 et
394 1633 467 1695 alios
484 1633 710 1695 absurditatibus
729 1634 906 1716 illaqueent,
935 1635 1026 1696 modo
1053 1634 1110 1696 boc
1136 1656 1225 1696 unum
1251 1654 1304 1697 es-

168 1722 329 1790 torqueaut
347 1710 424 1805 apud
444 1711 606 1790 simplices,
626 1711 781 1773 ecclesiam
798 1711 873 1772 nihil
891 1733 953 1771 non
973 1732 1068 1792 posse.
1106 1712 1199 1792 Atqui
1218 1710 1246 1773 si
1263 1710 1305 1773 ita

170 1799 231 1862 est,
249 1787 321 1867 quid
341 1788 453 1849 miseris
472 1788 661 1851 conscientiis
680 1788 746 1864 het,
763 1788 889 1849 solidam
907 1789 986 1849 ritae
1006 1800 1143 1849 aeternae
1161 1787 1305 1850 securita-

167 1875 229 1924 tem
249 1864 474 1944 quaerentibus,
492 1864 730 1949 si-quaecpnque
750 1877 862 1926 exstant
881 1865 918 1924 de
938 1884 972 1927 ea
991 1866 1220 1945 promissiones,
1235 1862 1305 1927 eolo

168 1939 324 2001 hominum
353 1940 463 2002 iudicio
488 1940 593 2016 fultae,
626 1942 808 2003 consistant?
856 1944 904 2001 An
929 1954 1052 2003 acceuto
1076 1942 1128 2002 tali
1157 1960 1304 2021 responso

167 2018 304 2081 fluctuari
329 2029 359 2077 et
382 2018 531 2099 trepidare
550 2018 703 2080 desinent?
746 2020 871 2079 Rursum
892 2011 1009 2098 quibus⁸
1022 2020 1183 2112 impiorum
1204 2016 1305 2081 nanis

168 2093 323 2155 subiicitur
343 2093 414 2155 fades
434 2106 551 2169 nostra,
570 2107 706 2175 quantam
727 2096 805 2175 apud
825 2116 927 2155 omncs
947 2096 978 2154 in
998 2096 1194 2175 suspicionem
1212 2112 1305 2156 roca·

168 2182 234 2245 tur,
257 2170 282 2230 si
307 2170 442 2231 credatur
466 2171 619 2233 hominurn
643 2172 807 2245 beneficio,
831 2192 892 2232 nou
912 2190 995 2232 secus
1014 2192 1049 2231 ac
1069 2170 1230 2252 precariam
1250 2168 1304 2231 laa-

168 2247 241 2309 bere
260 2248 483 2308 auctoritatem?

243 2330 273 2388 2
311 2323 372 2385 Sed
392 2323 537 2385 eiusmodi
555 2323 691 2398 rabulae,
714 2324 761 2385 rel
780 2346 841 2385 uno
860 2323 1000 2403 Apostoli
1017 2323 1111 2385 verbo
1130 2321 1234 2403 pulcre
1251 2341 1305 2383 re-

167 2396 319 2461 felluntur.
367 2399 527 2463 Ecclesiam
552 2401 603 2463 ille
626 2413 766 2475 testatur,
798 2402 857 2462 l’ro
881 2402 1012 2461 betarum
1038 2412 1068 2460 et
1087 2398 1303 2480 Apostolorum

166 2476 361 2537 fundamento
379 2477 516 2539 sustiueri
535 2478 658 2559 (Ephes.
677 2484 707 2554 2,
724 2480 796 2555 20.)
870 2479 880 2538 i
899 2476 1121 2537 fundamentum
1142 2488 1186 2535 est
1205 2477 1304 2537 ecele-

167 2552 229 2615 siae
255 2553 434 2633 l’rophctica
458 2566 490 2615 et
508 2554 678 2635 Apostolica
703 2555 852 2631 doctriua,
882 2574 963 2616 snam
996 2554 1062 2614 huic
1094 2552 1303 2614 certitudinem
1331 2594 1336 2607 .

167 2642 237 2693 aute
257 2643 393 2691 constare
412 2642 544 2711 oportet,
564 2653 650 2710 quam
669 2632 719 2692 illa
740 2644 851 2691 exstare
870 2632 1001 2711 incipiat.
1037 2632 1145 2711 Neque
1163 2640 1208 2691 est
1220 2628 1303 2709 quod

167 2706 358 2781 cavillentur,
378 2707 490 2769 etiamsi
508 2708 578 2768 inde
597 2709 722 2788 primum
742 2709 892 2769 exordium
913 2709 999 2769 duest
1019 2706 1156 2780 ecclesia,
1180 2724 1303 2766 manere

167 2796 266 2844 tamen
292 2783 412 2844 dubium
434 2804 508 2864 quae
533 2784 692 2865 Prophetis
717 2786 792 2846 etA
815 2785 917 2847 ostolis
940 2786 999 2845 sint
1028 2782 1214 2857 ascribenda,
1244 2780 1303 2843 niel

167 2860 306 2921 iudicium
326 2861 415 2942 ipsius
435 2861 609 2921 intercedat.
644 2863 718 2922 Nam
731 2861 754 2923 si
821 2861 1072 2923 ristiannecclesia
1085 2859 1302 2940 Prophetarum

167 2937 298 3018 scriptis,
317 2952 348 2997 et
366 2936 580 3018 Apostolorum
602 2939 819 3019 praedicatione
838 2939 924 2999 initio
943 2938 1063 2998 lundata
1084 2937 1154 3012 fuit,
1174 2934 1302 2995 ubicun-

167 3034 227 3093 que
245 3015 410 3096 reperietur
429 3033 463 3073 ea
483 3015 636 3089 doctrina,
660 3014 812 3076 eeclesiam
832 3026 913 3075 certe
933 3014 1090 3094 praecessit
1109 3013 1172 3072 eius
1190 3030 1345 3092 appro-„,.

168 3091 266 3167 batio,
284 3092 347 3152 siue
368 3112 424 3170 qua
444 3112 593 3171 nunquam
615 3092 737 3153 ecclesia
756 3092 820 3181 ipsa
839 3091 1001 3152 exstitisset.
1039 3088 1236 3149 Vanissimum
1255 3094 1334 3159 este,

166 3169 259 3251 igitur
282 3180 498 3242 commentum,
526 3168 698 3249 Scripturae
722 3168 894 3229 iudicandae
920 3177 1095 3247 potestatem
1120 3184 1182 3225 esse
1208 3178 1321 3245 penes-
1338 3184 1346 3223 ·.

806 1021 877 1083 iise?
914 1022 1023 1103 Ecquis
1049 1022 1123 1083 salsa
1144 1034 1174 1082 et
1192 1022 1305 1083 intacta

68 3284 71 3289 ·
167 3244 334 3305 ecclesiam:
358 3255 393 3305 ut
416 3244 453 3306 ab
480 3244 566 3305 buius
589 3256 664 3305 nutu
690 3243 766 3305 illius
787 3244 933 3304 certitudo
959 3243 1090 3336 pendere
1107 3240 1302 3325 intelligatuet

169 3322 271 3397 Quare
290 3320 359 3379 dum
379 3318 458 3381 illam
479 3320 598 3399 recipit,
618 3341 652 3382 ac
670 3321 813 3404 suffragio
833 3342 887 3381 suo
908 3321 1055 3403 obsignat,
1073 3340 1135 3379 non
1155 3336 1191 3378 en
1210 3316 1302 3379 dubia

167 3409 218 3458 aut
236 3396 347 3475 alioqui
363 3409 553 3459 controversa
572 3397 770 3458 authenticam
791 3398 900 3458 reddit:
920 3397 971 3458 sed
984 3397 1054 3476 quia
1071 3394 1223 3456 veritatem
1236 3412 1303 3455 esse
1336 3404 1341 3475 J

168 3473 303 3556 agnoscit
322 3473 379 3533 Dei
398 3472 460 3549 sui,
491 3495 547 3555 pro
588 3474 683 3535 ietatis
703 3475 823 3547 officio,
854 3474 927 3535 nibil
950 3471 1116 3534 cunctando
1136 3480 1302 3539 veneratur.

169 3549 261 3629 Quod
282 3563 379 3612 autem
399 3563 522 3633 rogant,
576 3551 633 3610 ude
653 3551 892 3631 persuadebimus
911 3572 928 3612 a
946 3550 1014 3610 Deo
1032 3549 1163 3623 fluxisse,
1188 3548 1243 3609 uisi
1263 3546 1304 3609 ad

169 3626 311 3689 ecclesiae
331 3626 481 3687 decretum
493 3626 716 3708 confugiamus?
736 3628 860 3708 perinde
879 3639 924 3687 cst
941 3626 998 3687 acsi
1011 3626 1074 3707 quis
1094 3636 1192 3707 roget,
1211 3624 1321 3685 Unde·

168 3706 313 3766 discemus
338 3702 435 3765 lucem
459 3704 627 3765 discernere
651 3725 667 3763 a
692 3705 839 3779 tenebris,
868 3703 966 3767 album
986 3723 1003 3762 a
1023 3704 1125 3785 nigro,
1155 3720 1242 3763 suase
1263 3700 1304 3763 ab

168 3780 288 3845 amarol
333 3800 397 3840 nou
436 3782 515 3841 enim
558 3779 759 3841 obscuriorem
795 3781 924 3842 veritatis
958 3799 1028 3841 suae
1062 3798 1180 3840 sensum
1218 3776 1303 3839 ultre

21 3918 24 3943 Ι
154 3859 321 3951 ,δετξρῑιιη
340 3876 462 3938 praese
482 3857 559 3932 lert,
581 3877 668 3936 quarn
687 3857 797 3918 eoloris
815 3859 861 3920 sui
886 3878 933 3920 res
952 3856 1036 3919 albae
1059 3877 1094 3917 sc
1113 3856 1231 3937 nigraes
1252 3874 1304 3917 sa-

170 3957 261 4018 pons,
278 3952 382 4024 suaves
400 3944 432 3994 et
448 3954 573 3995 amarae.
596 3954 599 3959 ·
1234 4007 1243 4024 ι

244 4016 272 4076 ‘L
304 4010 383 4103 θ8ου)
409 4011 545 4101 equidem
569 4010 658 4095 vulgo
683 4011 767 4104 eitari
787 4011 945 4107 Augustini
969 4009 1162 4084 sententiam,
1191 4008 1244 4069 nbr
1269 4026 1305 4101 qa

167 4087 334 4226 tute
354 4087 533 4225 mn„
552 4100 732 4225 estrees
745 4088 1346 4248 sustentasset:stu-

167 4166 534 4333 baaluhsnltbiechiletq‘rp'iu·
549 4261 616 4334 eum
635 4206 779 4315 sensum:
794 4210 829 4301 ei
842 4186 997 4332 'consessui
1017 4185 1110 4333 facille,
1129 4184 1175 4301 Et
1193 4238 1346 4325 sepse-12

168 4318 309 4381 bendere.
344 4317 506 4401 Negotium
524 4317 567 4379 ulls
587 4331 651 4380 erat
670 4341 735 4380 cum
756 4319 952 4395 blanicbaess,
974 4340 1026 4398 qus
1046 4316 1156 4397 absque
1175 4328 1304 4379 sonuu-
