2700 4732
488 202 867 267 mmmm
1194 205 1332 298 m,

108 349 261 414 Christum
282 347 392 409 esurire
418 367 577 428 quaerere,
596 361 740 429 spectare,
761 351 884 422 discere,
903 347 1034 409 ediscere
1049 354 1250 425 nosoportet,

106 428 207 489 donec
227 422 349 505 magnus
368 389 419 483 ille
439 424 501 484 dies
520 424 663 503 illuxerit,
715 448 755 488 uo
778 427 904 509 gloriam
928 444 960 484 re
1004 423 1014 483 i
1038 423 1084 486 sni
1103 421 1250 483 Dominus

109 503 147 563 ad
168 501 286 583 plenum
307 500 558 562 manifestabittet
575 522 624 578 se,
642 448 736 583 qualis
756 516 811 578 est,
830 502 918 563 nobis
936 522 969 580 sp
989 499 1126 562 standum
1147 510 1249 559 osten-

108 579 161 638 det
181 579 222 658 (l.
241 578 286 637 Io.
301 577 399 652 3,2.).
446 577 547 657 Atque
576 579 633 641 hac
659 583 778 640 ratione
808 589 941 639 nostrum
964 577 1029 636 lroc
1049 575 1196 637 sue'cnlum
1215 573 1247 659 in

110 654 318 734 Scripturis*)
349 673 403 733 per
424 652 614 714 novissimam
646 656 764 731 horem,
787 656 961 717 novissimos
987 652 1067 726 dies,
1091 651 1246 731 norissima

107 743 246 811 tempora
267 731 451 810 designatur,
471 749 510 788 ne
530 733 594 810 quis
616 752 688 792 vana
708 753 803 794 novae
821 732 940 792 alicuius
960 729 1112 790 doctrinae
1131 739 1247 789 autre·

108 807 264 868 velationis
283 826 330 866 exa
353 808 501 865 octatione
516 827 580 867 sese
599 807 688 868 sallat.
727 809 971 888 „Saepenumero
991 805 1069 865 enim
1087 803 1246 882 multisque
1325 841 1328 845 -

109 884 206 944 modis
224 894 309 943 antea
329 827 490 973 loquuntus
511 903 565 962 per
583 884 758 965 Prophetas,
777 884 887 945 ultimis
907 884 939 943 in
959 882 1003 943 his
1023 881 1125 941 diebus
1138 879 1246 960 loquu-

109 972 157 1021 tus
178 965 243 1019 est“
262 958 397 1019 coelestis
416 957 505 1017 Pater
523 960 554 1019 in
575 960 683 1021 dilecto
703 962 781 1022 Filio
801 981 867 1034 suo,
887 959 938 1039 qui
957 958 1037 1021 solus
1046 957 1165 1018 Patrem
1185 974 1246 1016 ma·

112 1036 255 1097 nilestare
297 1046 375 1094 otest
394 1046 425 1093 et
442 1054 476 1093 re
490 1057 558 1097 vcra
574 1037 610 1095 ad
651 1037 749 1098 lenum
770 1035 974 1111 manifestavit,
993 1044 1246 1115 quantumnostra

109 1114 249 1186 interest,
268 1057 337 1170 ium
358 1131 435 1171 nnnc
463 1132 517 1190 per
536 1059 686 1191 specuium
709 1134 775 1174 eum
796 1112 1001 1193 conspicimus.
1039 1112 1101 1171 Iam
1121 1129 1193 1172 vero
1212 1119 1247 1169 ut

110 1190 169 1249 hoc
189 1187 354 1248 hominibus
380 1185 510 1247 ablatum
531 1201 592 1262 est,
615 1209 654 1248 ne
680 1211 755 1251 nova
776 1189 965 1250 Sacramenta
987 1189 1019 1249 in
1044 1186 1167 1248 ecclesia
1185 1185 1245 1245 Dei

109 1265 241 1325 condere
265 1265 393 1354 possint:
427 1264 467 1322 ita
491 1266 653 1342 optandum
666 1279 764 1340 esset,
788 1267 823 1327 iis
842 1266 929 1357 ipsis,
949 1283 1023 1345 qnae
1042 1263 1146 1325 alteo
1167 1272 1245 1337 sunt,

109 1338 877 1499 ttl?.”l;¹t?”¹tltt²lstlttti‘tt‘ttdtl‘itt
898 1341 1247 1478 ..ititlitttl‘tt

107 1493 189 1553 rinae
209 1457 441 1553 massa'acescit:
461 1491 502 1551 sic
522 1494 727 1571 mysteriorum
736 1439 808 1555 Dei
814 1439 966 1555 sinciritas
984 1493 1057 1553 nihil
1067 1492 1145 1554 aliud
1158 1511 1246 1573 quam

106 1569 287 1648 inquinatur,
306 1568 358 1627 ubi
378 1566 467 1626 homo
482 1570 635 1647 quicquam
655 1570 692 1630 de
711 1592 765 1631 suo
786 1570 895 1632 adiicit.
932 1571 972 1631 Et
989 1582 1086 1630 tamen
1106 1569 1248 1646 videmus,

108 1656 249 1725 quantum
270 1665 286 1704 a
306 1663 445 1724 germana
464 1664 514 1704 sua
535 1646 660 1724 puritate
673 1647 881 1729 degenerarint
891 1647 1092 1722 Sacramenta,
1112 1644 1246 1706 uthodie

109 1721 227 1800 quidem
246 1732 417 1781 tractantur.
464 1718 535 1781 Plus
554 1725 623 1796 satis
647 1723 759 1804 ubique
778 1745 848 1806 pom
870 1744 968 1799 rrum,
998 1723 1245 1797 ceremoniarum,

109 1797 381 1878 gesticulationum:
412 1806 442 1855 at
466 1797 549 1856 verbi
567 1797 627 1859 Dei
650 1799 769 1873 interim
800 1744 880 1860 nulia
905 1818 1002 1880 neque
1032 1800 1244 1878 rationeque

108 1876 238 1949 mentio,
266 1874 329 1934 sine
353 1894 413 1952 quo
438 1872 627 1936 Sacramenta
658 1877 745 1936 etiarn
773 1878 834 1968 ipsa
872 1876 1059 1937 Sacramenta
1084 1895 1145 1934 non
1165 1884 1244 1936 sunt.

111 1947 194 2023 Quin
214 1970 270 2010 nec
289 1949 474 2010 ceremoniae
498 1949 615 2030 ipsae-a
633 1952 703 2012 Deo
726 1953 875 2015 institutae
895 1955 926 2012 in
951 1965 1031 2013 tanta
1049 1951 1140 2012 turba
1155 1962 1243 2030 caput

110 2046 243 2086 exserere
262 2037 399 2108 possunt,
429 2025 480 2085 sed
505 2038 643 2107 tanquam
668 2053 686 2089 u
710 2050 824 2108 pressae
848 2029 956 2089 iacent.
1007 2025 1193 2104 Quantulum
1210 2027 1243 2086 in

108 2101 150 2161 Ba
173 2102 258 2161 tismo
278 2101 446 2181 adspicitur,
464 2103 544 2181 quod
564 2125 655 2165 unum
675 2048 734 2167 ilic
754 2106 853 2166 lucere
863 2117 893 2165 et
902 2106 1028 2198 spectari
1037 2104 1190 2179 debuerat,
1208 2112 1243 2163 nt

109 2124 179 2238 atili
199 2179 275 2238 iuste
294 2178 448 2257 conquesti
466 2200 579 2254 snmus,
605 2201 672 2240 nem
695 2203 711 2243 e
729 2182 893 2263 Baptismus
911 2183 992 2274 ipse?
1030 2181 1135 2242 Coena
1155 2198 1243 2262 prom·

111 2277 160 2315 sus
179 2252 292 2335 sepulta
312 2266 366 2329 est,
386 2276 475 2332 quum
494 2275 578 2315 versa
597 2256 655 2316 tuit
672 2205 857 2334 ln-Missam,
877 2258 932 2320 nist
952 2257 1031 2339 qnod
1056 2257 1147 2320 semel
1166 2270 1242 2336 quo-
1276 2268 1289 2288 ‘

109 2331 217 2410 tannis,
236 2332 288 2394 sed
307 2343 467 2413 concerpta
486 2344 517 2393 et
536 2331 684 2397 dimidiata
703 2336 858 2419 laceraque
875 2335 970 2402 torma
984 2333 1093 2398 visitur.
1126 2338 1128 2349 '

474 2691 737 2766 CAPUT
787 2697 886 2767 xlx,

110 2880 165 2939 De
197 2879 355 2959 quinque
385 2882 481 2942 falso
513 2885 715 2946 nominatis
742 2886 1005 2956 Sacremeutis:
1036 2882 1239 2943 nbiSacra·

111 2986 230 3035 menta
249 2995 319 3033 non
341 2993 417 3033 esse
438 2976 603 3056 quinque
624 2975 783 3057 reliqua,
803 2998 979 3061 quae-pro
995 2973 1239 3039 Sacramentit

149 3067 322 3129 hactenus
342 3068 453 3150 vulgo
475 3069 603 3130 habita
621 3083 721 3148 sunt,
741 3068 970 3133 declaratur:
991 3083 1063 3132 tum
1080 3067 1204 3150 qualia

510 3162 600 3239 sint,
618 3165 843 3226 ostenditur.

179 3338 242 3390 Duo
266 3352 325 3390 sunt
345 3352 430 3409 partes
453 3340 529 3393 liuius
547 3336 659 3412 Capitis:
688 3341 719 3410 1)
741 3341 774 3393 ln
798 3360 891 3406 genem
907 3343 940 3394 de
960 3340 1001 3394 tis
1017 3339 1133 3411 quinque
1149 3335 1242 3389 Sacru-

111 3423 205 3475 mcntis
221 3422 364 3487 disseritur,
380 3437 440 3476 acet.
458 3428 545 3482 1-3.
563 3457 596 3468 -
630 3425 662 3495 2)
679 3426 783 3479 Deinde
798 3424 974 3496 speciatim,a
991 3437 1051 3477 sest.
1068 3424 1093 3478 tl.
1108 3440 1190 3493 usqne
1208 3420 1242 3472 atl

111 3509 191 3559 linem
209 3527 265 3577 cap.
306 3506 425 3561 Primum
448 3511 481 3562 de
503 3511 713 3572 confirmatione,
738 3524 797 3563 sect.
812 3511 918 3569 t-13.
953 3509 1076 3563 Secundo
1094 3498 1128 3560 di
1149 3502 1242 3577 poeni·

111 3590 199 3653 tentia,
214 3607 275 3643 sect.
292 3591 410 3648 14-17.
445 3593 534 3648 Tertio
559 3598 592 3649 de
615 3609 727 3648 extrema
744 3595 886 3658 unctione,
908 3607 967 3649 sect.
985 3591 1104 3650 18-21·
1140 3590 1243 3658 Quem

112 3678 146 3728 de
163 3677 269 3738 ordine,
290 3696 319 3727 ex
337 3697 390 3746 quo
407 3691 504 3747 septem
522 3680 708 3733 sammentula
725 3678 893 3750 prodierunt,
908 3693 967 3732 sect.
984 3677 1106 3733 22-33·
1140 3675 1241 3745 Quinto

111 3762 145 3813 dc
163 3760 338 3824 matrimonio,
353 3777 414 3816 sect.
429 3764 551 3820 34-37.

188 3937 217 3992 1.
257 3927 381 3988 Poterat
404 3925 540 4009 superior
565 3932 602 3991 de
621 3931 826 3992 sacramentis·
846 3929 1004 4010 disputatio
1029 3924 1110 4008 apud
1133 3924 1244 3987 dociles

112 4017 144 4066 et
168 4004 284 4065 sobrios
309 4005 365 4064 hos
389 4007 542 4077 obtinere,
566 4028 605 4068 ne
634 4007 710 4068 ultra
734 4006 876 4069 curiosius
906 4004 1158 4088 progrederentur
1187 4021 1245 4063 uec

113 4093 231 4163 praeter
250 4081 300 4140 illu
321 4082 392 4158 duo,
413 4103 487 4162 quae
507 4084 666 4146 aDomino
686 4083 819 4160 instituta
838 4095 968 4158 nossent,
987 4080 1046 4143 ulla
1065 4078 1121 4141 alia
1140 4078 1244 4140 Sacra·
1281 4086 1283 4091 '

184 4330 450 4401 ⁸)t.1oinu.t,tt.
484 4335 654 4404 t.t’ee.1,20.
689 4335 853 4401 [oreimis
886 4333 1019 4409 flamm.
1053 4330 1251 4395 t.coe.1³.¹2
