2700 4732
360 212 717 281 ttuucar.x11t
1074 220 1117 285 Θ

89 356 152 421 reli
182 376 237 419 ose
266 366 299 419 et
326 358 455 421 fideliter
483 361 573 441 ipsius
603 360 774 442 scripturae
790 362 905 425 veritati
924 360 1064 437 serviant,
1082 372 1117 423 et
1156 370 1161 377 '

89 378 293 528 medelaque,
311 455 368 496 nee
387 440 458 499 eitra
477 438 662 529 occasionem
675 440 875 532 usurpenturi
891 438 983 501 Cuius
994 438 1039 498 rei
1050 456 1115 499 non

89 511 290 679 :iiiiii
301 513 921 680 tttltssstt‘lattttlatita:
928 532 1115 654 attat:

89 688 133 757 upa
147 665 285 755 fuersesr
296 686 360 745 quis
371 667 705 758 verborum-noysmtem
715 680 779 727 turn
790 668 998 760 reprehendat,
1011 686 1115 729 nonne

89 738 368 891 salathiei*
381 743 905 899 iiiiii?iiididi'i’aih‘¹¹¹'
923 754 1036 805 ‘'¹¹²⁸''
1055 742 1115 805 ¹¹⁰⁰

117 894 301 985 llqimmodi
319 907 416 987 autem
434 896 592 957 verborum
612 896 724 957 novitas
744 896 780 973 (si
799 898 840 989 ita
860 894 1034 977 appellanda
1052 894 1115 973 ert)

89 971 946 1129 ffittttttttthlttad'ttt'tafttttttt‘t.
959 970 1116 1128 atti:

89 1146 153 1197 nur,
172 1122 282 1214 quibus
301 1123 457 1204 plurimum
476 1136 521 1185 est
538 1125 653 1205 negotii
674 1127 705 1186 iu
734 1146 806 1207 expu
830 1124 932 1185 nandit
956 1142 1049 1205 purae
1067 1144 1116 1185 ta·
1148 1122 1155 1131 ’

89 1200 269 1260 ¹doetrinae
288 1200 436 1261 hostibus:
467 1202 543 1261 adeo
569 1203 692 1282 obliquo
718 1214 750 1263 et
771 1146 893 1267 volubili
911 1200 990 1261 flexu
1008 1198 1117 1261 lubrici

89 1275 1000 1444 aa.attentat,tatas‘assentiente
1015 1294 1117 1435 tat:

91 1428 145 1488 uid
168 1428 318 1489 sentirent
341 1441 435 1490 coacti
459 1440 528 1489 sunt
552 1433 691 1511 exquisita
715 1451 782 1512 pers
805 1430 923 1491 ienitate
943 1429 1117 1505 edisserere,

89 1506 161 1584 iqua
179 1502 363 1587 subterfugia
383 1505 479 1587 impiis
497 1505 709 1586 relinquerent,
728 1452 833 1586 quidus
851 1506 1010 1567 verborum
1028 1504 1117 1567 inro-

89 1602 216 1641 errorum
238 1594 322 1640 eraut
346 1581 483 1641 latebrae.
531 1584 618 1643 Arius
637 1584 783 1644 fatebatur
802 1584 951 1647 Christum
965 1581 1065 1641 Deum
1083 1590 1117 1643 et

101 1657 176 1733 Dei,
196 1658 267 1737 qnia
288 1658 469 1719 evidentibus
489 1659 612 1721 oraculis
623 1660 759 1721 reluctari
773 1682 834 1720 non
868 1670 975 1737 oterat,
989 1668 1021 1719 et
1031 1658 1116 1751 quasi

90 1733 251 1794 defunctus
270 1754 444 1795 consensum
463 1734 587 1814 aliquem
607 1760 672 1797 cum
692 1736 755 1797 aliis
772 1682 938 1797 simulabat.
975 1733 1017 1794 At
1035 1746 1117 1795 rote-

89 1832 114 1869 ιι
136 1809 293 1869 desinebat
312 1812 417 1872 iactare
438 1812 585 1874 Christum
610 1826 738 1873 creatum
764 1832 826 1873 esse
856 1822 887 1873 et
915 1810 1031 1871 initium
1061 1808 1116 1871 ba-

103 1898 138 1947 ut
158 1884 287 1965 reliquas
307 1899 459 1949 creaturas.
499 1889 569 1962 Quo
589 1889 715 1949 flexilem
735 1887 861 1949 hominis
879 1886 1024 1946 vafritiem
1037 1884 1054 1946 e'
1068 1884 1115 1947 la-

89 1964 278 2023 estraberent
295 1976 418 2037 veteres,
437 1962 512 2024 ultra
533 1966 681 2045 progressi
699 1977 777 2038 sunt,
804 1963 953 2023 Christum
978 1982 1116 2043 pronun·
1185 1996 1190 2005 ·

102 2050 260 2098 aeternnm
286 2040 381 2099 Patris
405 2041 524 2115 Filium,
553 2044 695 2119 Patrique
719 2039 1005 2101 consubstantialem.
1055 2038 1115 2101 llic

89 2116 118 2175 iit
138 2116 283 2193 impietas,
313 2116 381 2175 dnm
406 2137 516 2176 nomen
545 2116 697 2189 ὁμοσισίου
715 2117 840 2197 pessime
867 2115 963 2178 odisse
982 2126 1013 2176 et
1032 2136 1115 2177 exse-

89 2193 177 2252 iriani
198 2204 371 2272 coeperunt
430 2193 546 2267 Quodsi
567 2194 710 2273 principio
735 2192 862 2253 confessi
885 2203 982 2253 essent
997 2193 1113 2253 sincere

89 2272 182 2328 inimo
202 2269 311 2342 Deum,
341 2290 404 2327 non
427 2269 547 2329 inficiati
573 2282 670 2329 essent
692 2270 773 2331 Patri
799 2290 861 2329 esse
881 2268 1115 2329 consubstantia-

97 2345 178 2418 Qnis
202 2346 314 2425 probos
344 2346 409 2405 illos
432 2345 511 2405 viros
536 2346 671 2407 insectari
696 2347 802 2406 audeat
820 2346 902 2425 quasi
921 2344 1063 2413 rixatores
1082 2356 1115 2407 et

89 2422 197 2495 tiosos,
218 2421 298 2499 quod
319 2422 358 2481 ob
378 2422 509 2481 voculam
530 2445 614 2482 urnam
635 2436 717 2483 tanto
730 2422 910 2502 disceptandi
929 2421 1047 2481 fervore
1065 2422 1116 2482 in-

89 2511 121 2558 nt
142 2510 175 2555 et
193 2496 333 2557 ecclesiae
374 2499 479 2557 nietem
500 2500 698 2559 turbaverint?
716 2500 758 2557 m
774 2498 880 2558 somilo
890 2496 939 2557 illa
950 2497 1115 2579 distingne-

89 2596 130 2633 ‚er
173 2594 242 2632 urae
267 2574 334 2632 fidei
353 2520 538 2634 libristianos
565 2588 596 2635 et
619 2576 776 2655 sacrilegos
800 2575 936 2635 Arianos.
980 2574 1116 2634 Surrexit

101 2596 262 2721 Saliellius‚
291 2652 340 2729 qui
365 2652 469 2723 Patris,
499 2653 566 2710 Filii
595 2664 624 2710 et
648 2654 774 2731 Spiritus
798 2654 890 2710 sancti
909 2652 1030 2710 nomina
1049 2650 1115 2711 sere

89 2728 149 2787 bilo
170 2726 306 2801 ducebat,
326 2748 385 2786 non
407 2729 599 2788 distinctionis
615 2728 733 2788 alieuius
753 2750 837 2787 cansa
858 2728 952 2806 posita
973 2746 1035 2785 esse
1056 2727 1117 2787 dis-

89 2848 94 2876 ,
112 2804 167 2863 sed
189 2804 299 2862 diversa
321 2824 382 2863 esse
402 2804 459 2862 Dei
479 2806 625 2879 attributa,
645 2805 806 2865 cuiusmodi
820 2804 941 2882 plurima
957 2803 1114 2864 habentur.

89 2894 236 2940 certamen
256 2892 375 2939 ventum
396 2895 482 2957 esset,
502 2882 648 2940 fatebatur
672 2902 703 2941 se
729 2881 850 2941 credere
870 2880 987 2938 Patrem
1007 2880 1117 2957 Deum,

107 2958 218 3029 Deum,
239 2956 378 3035 Spiritum
398 2958 511 3016 Deum:
536 2959 586 3017 sed
613 2971 716 3037 postea
741 2955 818 3016 elabi
847 2967 1015 3034 promptum
1042 2969 1117 3033 erat,

91 3033 207 3092 ealiud
227 3032 331 3092 dixisse
352 3056 436 3112 quam
458 3036 480 3093 si
501 3036 596 3093 Deum
623 3036 731 3093 fortem
758 3046 789 3092 et
813 3032 918 3091 iustum
945 3043 975 3090 et
997 3032 1116 3111 sapien·

89 3123 203 3169 teasset.
255 3110 359 3187 Itaque
389 3111 541 3169 recinebat
570 3111 653 3170 aliam
685 3110 871 3179 cantilenam,
902 3108 1022 3167 Patrem
1053 3129 1118 3169 esse

121 3199 154 3245 et
182 3188 203 3244 S
228 3185 324 3244 iritum
356 3188 385 3248 S.
419 3208 479 3246 esse
513 3189 650 3261 Patrem,
693 3186 773 3244 nullo
806 3184 928 3258 ordine,
963 3185 1043 3243 nulla
1072 3186 1118 3245 di·

89 3282 149 3321 sne.
208 3209 302 3321 l'robi
323 3263 468 3335 doctores,
493 3265 597 3342 quibus
618 3275 678 3321 tum
699 3261 790 3341 pietas
810 3262 892 3319 cordi
918 3274 990 3333 erat,
1009 3273 1043 3320 ut
1063 3262 1117 3321 ho-

89 3338 306 3417 improbitatem
327 3339 508 3419 frangerent,
533 3339 728 3398 reclamabant
747 3358 815 3395 vere
836 3338 1034 3417 agnoscendas
1055 3358 1117 3398 esse

89 3437 101 3475 s
123 3436 185 3473 uno
207 3428 266 3473 tres
307 3417 489 3494 roprietates.
527 3417 626 3494 Atque
647 3429 679 3474 ut
705 3435 736 3474 se
757 3426 859 3473 eontra
880 3425 1028 3474 tortuosas
1047 3435 1118 3475 ver-

90 3514 104 3550 a
128 3504 192 3549 erta
212 3438 393 3569 simplicique
412 3492 534 3550 veritate
553 3493 713 3561 munirent,
732 3492 912 3549 affirmarunt
931 3510 998 3548 vere
1016 3490 1119 3551 inuno

89 3515 240 3639 adsistere,
260 3590 311 3627 sen
330 3568 426 3647 (quod
445 3568 523 3627 idem
544 3572 619 3645 erat)
639 3569 670 3627 in
681 3567 739 3626 Dei
756 3567 867 3625 unitate
879 3566 1037 3627 subsistere
1048 3588 1119 3645 per-

89 3668 119 3703 .m
142 3645 329 3703 Trinitatem.

128 3722 162 3779 Si
185 3742 259 3800 ergo
281 3733 392 3779 temere
412 3741 472 3780 non
494 3731 561 3781 sunt
586 3720 703 3779 inventa
724 3719 859 3792 nomina,
889 3716 1049 3777 cavendum
1075 3728 1121 3777 est

96 3797 280 3877 repudiando
301 3798 444 3876 superbae
463 3798 633 3856 temeritatis
654 3817 818 3878 arguamur.
859 3794 978 3853 [ltinam
1000 3793 1122 3870 quidem

89 3898 97 3934 ι
117 3886 228 3943 essent,
248 3886 398 3933 constaret
417 3876 506 3933 modo
529 3875 600 3933 haec
621 3874 697 3931 iuter
718 3894 820 3931 omnes
841 3871 923 3945 fides,
950 3871 1069 3929 Patrem
1089 3882 1124 3937 et

89 3995 92 4009 .
113 3962 146 4010 et
166 3950 310 4029 Spiritum
331 3970 392 4010 esse
412 3973 501 4009 unum
522 3952 634 4009 Deum:
662 3969 718 4008 uec
743 3959 841 4007 tamen
861 3958 911 4005 ant
930 3944 1036 4004 Filium
1057 3965 1122 4005 esse

89 4050 113 4101 n,
138 4040 189 4087 aut
210 4028 352 4106 Spiritum
369 4027 489 4099 Filium,
508 4028 559 4085 sed
578 4026 761 4106 proprietate
780 4022 904 4102 quadam
929 4042 990 4081 esse
1016 4021 1122 4085 distin-

96 4104 205 4192 Neque
217 4124 288 4162 vero
308 4116 367 4162 tam
388 4106 517 4182 praecisa
537 4126 601 4163 snm
621 4102 802 4171 austeritate,
821 4111 854 4159 ut
866 4098 1009 4158 obnndas
1029 4118 1123 4157 vocu-

89 4180 203 4259 qladsari
221 4181 387 4239 sustineam.
426 4180 635 4239 Animadverte
657 4178 734 4237 enim
754 4188 879 4250 veteres,
898 4173 991 4233 multa
1011 4172 1124 4252 alioqui

89 4277 130 4315 me
150 4256 189 4317 de
209 4256 245 4315 iis
266 4256 354 4315 rebus
373 4254 545 4336 loquentes,
566 4277 622 4316 nee
641 4255 720 4315 inter
731 4273 778 4327 se,
808 4273 864 4311 nec
882 4248 1014 4329 singulos
1035 4251 1125 4311 etium

106 4332 217 4413 ubique
235 4333 413 4395 consentire.
465 4335 547 4409 Quas
572 4332 652 4394 enim
670 4330 798 4392 llilarius
816 4326 994 4389 formulare
1013 4325 1127 4389 Gond-
