2700 4732
96 228 157 292 ΠΙ)
470 219 547 281 ult.
566 220 607 281 ll.
647 218 736 283 che.
755 218 840 280 titt

49 358 52 365 ’
96 384 164 449 anos
182 378 301 429 nostros
320 378 514 441 commoveat.
567 365 625 427 Cui
648 365 810 447 respondet
833 384 868 426 ex
886 344 1009 428 adierso
1027 380 1116 445 praec

99 455 135 505 ut
153 443 291 524 quicquid
312 442 502 522 concipimus,
523 442 727 518 deliberamus,
746 443 890 517 uolumus,
908 442 1094 514 meditamur,
1112 444 1116 500 l

96 522 297 601 proximorum
319 521 400 581 bono
421 531 452 579 et
470 519 679 583 commoditate
697 521 735 580 sit
753 518 1037 581 coniunctum.=Sed
1056 517 1107 578 bic

97 608 130 657 et
149 596 301 677 perplexa,
330 608 363 655 ut
382 596 508 671 videtur,
538 596 691 657 difficultas
710 596 795 657 nobis
816 598 954 656 occurrit.
1010 595 1043 654 Si
1062 593 1116 657 eut

97 674 264 753 superiusa
285 673 370 733 nobis
403 673 595 747 dictumest,
626 673 678 733 sub
708 674 896 733 scortationis
922 685 952 732 et
977 671 1116 732 furtivos

96 748 247 813 scortandi
271 750 441 821 libidinem,
467 762 496 808 et
524 749 650 809 nocendi
688 749 865 829 fallendique
897 748 1050 809 consilinm
1081 769 1116 808 co

96 847 309 906 supervacuum
330 826 416 885 fnisse
435 825 526 885 videri
546 840 648 906 queat„
680 838 713 885 ut
738 825 829 893 uobis,
844 838 945 906 postea
964 846 1096 885 seorsum

97 925 165 964 rum
185 903 333 962 bonorum
353 903 590 982 concupiscentia
611 903 845 962 interdiceretur.
884 902 944 961 Sed
965 900 1051 961 nobis
1072 901 1117 961 sac

97 979 168 1039 dum
188 978 273 1038 istum
294 979 429 1057 expediet
448 979 604 1039 distinctio.
615 979 693 1038 inter
703 978 856 1039 consilium
867 989 897 1037 et
910 979 1116 1057 concupiscent

97 1054 263 1119 Consilium
283 1056 377 1128 enim,
397 1055 521 1134 qualiter
540 1056 576 1113 de
597 1074 633 1115 eo
653 1056 684 1114 in
704 1055 905 1135 superioribus
924 1055 1088 1134 praeceptis
1113 1053 1116 1109 l

95 1154 204 1205 sumus,
225 1144 268 1192 est
287 1130 447 1191 deliberata
465 1131 623 1192 voluntatis
642 1131 808 1205 consensio,
827 1131 878 1190 ubi
898 1132 1026 1192 animum
1046 1128 1116 1190 libid

96 1208 214 1290 ingerit.
272 1208 424 1288 Cupiditas
448 1210 519 1268 citra
543 1209 631 1268 talem
659 1222 688 1269 et
713 1208 957 1268 deliberationem
982 1219 1012 1266 et
1031 1227 1114 1269 assen

96 1304 161 1345 esre
191 1295 305 1364 potest,
336 1305 425 1363 quum
455 1285 566 1344 animus
596 1286 674 1345 ranis
705 1287 906 1365 perversisque
934 1283 1059 1345 obiectis
1088 1304 1116 1362 ps

96 1359 189 1421 modo
208 1372 239 1422 et
257 1359 399 1420 titillatur.
440 1360 695 1434 Quemadmodum
711 1380 783 1441 ergo
794 1361 1003 1437 voluntatibus,
1022 1360 1116 1421 studit

96 1437 193 1511 ribus,
232 1438 357 1499 caritatis
377 1439 507 1530 regulam
527 1457 659 1516 praeesse
680 1438 819 1497 hactenus
837 1438 984 1497 Dominus
1003 1436 1101 1499 iussit:

82 1514 223 1574 -eandem
259 1534 337 1574 nrrnc
369 1514 458 1596 dirigi
488 1515 577 1573 animi
606 1515 817 1594 conceptiones
848 1514 946 1588 iubet,
982 1533 1022 1574 ne
1057 1514 1116 1574 sint

96 1610 202 1670 pravae
222 1601 252 1650 et
272 1602 438 1662 contortae,
458 1610 532 1669 quae
550 1592 676 1650 animum
698 1591 832 1650 aliorsum
845 1590 1038 1649 exstimulent.
1078 1590 1116 1665 Qu

95 1666 216 1727 modum
236 1667 364 1726 animum
385 1668 496 1727 inflecti
514 1678 603 1747 atque
626 1667 730 1728 induci·
749 1667 780 1726 in
807 1667 896 1742 iram,
930 1665 1046 1741 odiurn,
1074 1686 1116 1726 sec

95 1763 175 1817 nem,
193 1744 335 1823 rapinam,
355 1744 538 1804 mendacium
557 1744 665 1818 uetuit,
684 1744 723 1803 ita
743 1764 822 1804 nunc
841 1742 981 1823 probibet
1000 1741 1116 1835 instigas

166 1814 221 1885 do.
260 1822 366 1901 Neque
384 1841 454 1881 vero
474 1821 538 1881 sine
557 1841 642 1881 causa
661 1833 768 1881 tantam
788 1820 995 1880 rectitudinem
1014 1819 1113 1900 exigat.

95 1895 162 1977 quis
181 1916 306 1989 aequum
327 1916 389 1957 esse
409 1909 514 1979 neget,
544 1917 647 1958 omnes
667 1897 780 1957 animae
809 1897 957 1976 potentias
989 1895 1111 1956 caritate

94 1974 178 2066 pari?
198 1974 231 2032 Sa
252 1987 423 2052 quaautem
444 1994 459 2033 a
480 1975 606 2034 caritatis
623 1994 714 2054 scopo
736 1974 869 2046 aberret,
892 1973 957 2052 quis
977 1972 1116 2034 morbosa

94 2048 259 2109 inficietur?
278 2050 341 2112 lam
357 2071 431 2110 vero
452 2051 530 2110 unde
549 2052 592 2125 fit,
611 2063 644 2109 ut
662 2050 788 2110 animum
807 2061 890 2109 tunm
910 2050 1037 2108 subeant
1055 2070 1114 2131 cup

94 2126 179 2187 l'ratri
197 2136 249 2185 tuo
271 2126 443 2201 damnosae,
474 2128 530 2187 nisi
550 2128 629 2206 qnod
650 2128 788 2209 neglecto
808 2126 876 2201 illo,
902 2126 956 2187 tibi
976 2126 1028 2186 uni
1047 2127 1116 2187 rtnd

94 2204 173 2262 enim
194 2208 314 2261 caritate
334 2214 415 2263 totns
435 2216 510 2264 esset
529 2204 656 2264 imbutus
676 2205 803 2279 animus,
836 2203 915 2262 nulla
941 2205 1001 2262 eius
1022 2205 1116 2284 partie

94 2279 172 2339 libus
190 2279 448 2361 imaginationibus
468 2292 591 2360 pateret.
643 2281 772 2340 Vacuum
794 2299 865 2362 ergo
887 2292 1007 2339 catenus
1026 2283 1116 2343 carita

93 2366 226 2434 oportet,
246 2367 389 2434 quatenus
410 2356 676 2436 concupiscentiam
696 2356 809 2437 recipit.
849 2355 981 2415 Obiiciet
993 2356 1116 2437 quispim

92 2442 192 2491 umen
212 2443 442 2492 consentaneum
463 2454 534 2508 esse,
554 2444 587 2492 ut
611 2433 793 2514 phantasiae,
825 2453 899 2512 quae
926 2447 1038 2493 temere
1059 2434 1116 2494 volu

92 2509 126 2568 in
144 2519 255 2583 mente,
276 2520 306 2566 et
325 2510 445 2569 tandem
464 2523 656 2581 evanescunt,
676 2531 732 2590 pro
752 2511 1010 2590 concupiscentiis,
1043 2532 1116 2591 quar

94 2584 145 2645 des
164 2584 195 2642 in
215 2585 306 2643 corde
326 2597 380 2659 cst,
400 2586 585 2645 damnentur.
624 2588 814 2667 llespondeo,
835 2586 881 2647 hic
902 2587 1109 2666 quaestionem

93 2663 156 2721 eius
171 2662 291 2743 generis
303 2661 472 2741 phantasiis,
490 2684 565 2742 quae
586 2664 654 2723 dum
673 2663 820 2723 mentibus
840 2664 1043 2738 obversantur,
1063 2665 1116 2723 sim

92 2758 173 2797 nrum
193 2738 353 2817 cupiditate
372 2740 512 2799 mordent
538 2761 571 2799 ac
598 2740 721 2800 feriunt:
755 2739 993 2820 quandoquidem
1023 2762 1116 2833 nunqu

92 2826 222 2874 mentem
242 2816 323 2874 venit
342 2828 446 2896 optare
466 2817 574 2896 aliquid
594 2819 666 2897 quin
687 2839 740 2877 cnr
760 2818 913 2876 excitatum
933 2817 1024 2876 saliat.
1065 2818 1116 2877 Μιι

94 2886 168 2973 ergo
188 2890 354 2952 dilectionis
373 2893 508 2953 ardorem
528 2893 610 2953 Deus
629 2895 761 2967 mandat,
792 2914 878 2973 quem
904 2911 943 2951 ne
966 2893 1116 2955 minimis*

92 2968 351 3060 concupiscentiae
372 2970 449 3029 tricis
468 2968 531 3029 vult
548 2971 693 3061 impediri.
731 2972 870 3029 Anirunm
888 2969 1012 3030 mirifice
1033 2991 1116 3051 comp

91 3045 235 3123 requirit,
251 3065 338 3124 quem
358 3066 398 3105 ne
417 3046 528 3106 levibus
549 3047 666 3124 quidem
687 3047 791 3106 aculeis
818 3047 1000 3106 commoveri
1026 3060 1116 3108 contr

92 3121 200 3181 ctionis
220 3121 317 3202 legem
337 3124 454 3214 patitur.
498 3123 546 3182 Ad
572 3123 647 3183 hanc
667 3123 891 3217 intelligentiam
911 3122 984 3181 milri
1004 3124 1116 3202 primun

90 3198 206 3277 apernit
219 3196 400 3334 Augustinus
409 3199 475 3275 a),
495 3220 532 3258 ne
553 3201 632 3290 gravi
652 3199 793 3279 suffragio
815 3199 932 3258 destitui
952 3220 1015 3259 eam
1055 3212 1116 3259 ntes

91 3286 191 3333 autem
210 3295 267 3353 qua
281 3272 344 3334 rbet
365 3296 451 3365 prava
471 3276 631 3355 cupiditate
654 3277 830 3338 interdicere
850 3275 1005 3335 consilium
1057 3278 1116 3338 omi

91 3369 127 3410 ea
146 3361 245 3409 umen
265 3349 382 3411 obiecta
401 3372 432 3410 an
452 3353 616 3432 exemplum
635 3355 805 3433 proposuit,
836 3373 910 3433 quae
932 3352 1001 3415 salsa
1026 3352 1116 3413 deleet

90 3426 220 3507 imagine
240 3446 294 3487 nos
314 3426 505 3508 utplurimum
524 3430 659 3509 capiunt:
710 3451 748 3490 ne
774 3430 843 3510 quid
870 3430 1028 3509 cupiditati
1044 3448 1116 3510 pror

90 3500 255 3583 linqueret,
284 3504 336 3564 nbi
355 3503 392 3564 ab
413 3505 447 3565 iis
467 3504 555 3565 rebus
575 3505 706 3579 retrahit,
726 3510 755 3566 in
778 3527 848 3587 quas
868 3507 1053 3586 potissimum
1072 3508 1116 3568 ins

91 3579 223 3640 exsultat.
262 3578 309 3639 En
328 3581 456 3642 secunda
475 3583 562 3664 Legis
581 3584 695 3658 tabula,
715 3585 744 3643 in
768 3604 822 3662 qua
846 3585 913 3643 satis
934 3584 1113 3647 admonemur

90 3654 261 3717 bominibus
282 3655 439 3718 debeamus
459 3671 583 3738 propter
601 3660 710 3734 Deum,
729 3683 746 3719 a
766 3660 846 3720 cuius
868 3661 1107 3722 consideratione

88 3743 154 3792 tota
174 3733 300 3793 caritatis
331 3735 417 3793 ratio.
477 3736 578 3809 Quare
610 3736 715 3797 frustra
747 3737 946 3813 inculcaveris,
977 3758 1116 3830 quaecum

89 3808 145 3871 bac
163 3808 263 3870 tabula
284 3810 430 3871 docentur
449 3812 563 3888 officia,
590 3814 646 3874 nisi
666 3815 800 3875 doctrina
821 3827 870 3874 tua
890 3816 949 3873 Dei
968 3826 1077 3876 timore
1097 3836 1114 3875 c

88 4074 114 4127 ι
157 4004 465 4127 *psvid1e1tpa2p2in
482 4008 534 4059 line
555 4024 615 4061 sect.
633 4010 675 4063 24.
694 4024 718 4062 et
735 4010 779 4062 hb.
795 4012 819 4063 3.
839 4029 859 4061 c.
876 4009 901 4063 3.
918 4030 938 4062 a.
956 4010 996 4063 ll.
1020 4010 1116 4066 121³

35 4110 40 4127 '
131 4092 185 4209 ⁶3⁸)
205 4093 248 4192 'ci
265 4111 372 4205 sinat.
388 4142 467 4213 opos
485 4145 544 4197 noo.
563 4145 597 4196 aa
615 4145 754 4197 asellicum
774 4158 798 4196 o
814 4144 861 4195 ιιι.
876 4145 917 4199 ss.
936 4144 1116 4225 quaenam

87 4224 183 4280 quaem.
200 4208 407 4280 &Praecipue
423 4225 508 4263 autern
527 4212 648 4265 concion.
665 4212 688 4265 8.
705 4211 733 4262 in
744 4211 810 4293 anl.
828 4213 884 4267 118
904 4214 1013 4277 Atuugit
1022 4228 1049 4265 et
1059 4212 1116 4266 ἰιιΙΙ

84 4280 174 4399 ἕαδε·
190 4274 338 4416 ἓοριιηέιιε,
362 4298 477 4335 ammon.
499 4280 542 4337 45.
565 4293 591 4333 et
607 4279 743 4334 Roractat.
760 4282 805 4335 hb.
823 4283 847 4335 1.
865 4300 921 4351 cap.
937 4282 962 4337 b.
980 4294 1006 4335 et
1022 4281 1069 4336 lib.
1087 4282 1116 4337 ele
