2700 4732
505 182 884 287 mmmm
1189 184 1249 297 'm

118 363 278 423 servandas
297 362 344 423 bie
362 362 449 433 ordo,
467 362 504 423 ad
546 384 610 423 nem
625 364 774 444 Scriptura
795 388 848 428 nos
867 365 1044 429 manuducit.
1073 366 1244 447 Respexisse

118 437 281 499 Dominum
311 439 347 498 ad
371 438 448 498 abet
474 385 576 500 scribit
597 441 696 502 llloses
714 440 808 519 (Gen.
827 449 861 517 ,4,
880 444 923 536 d.)
949 454 980 504 et
1002 444 1039 505 ad
1058 464 1148 527 opera
1167 450 1240 507 eius.

118 514 209 575 Vides
232 527 265 574 ut
288 513 447 575 Dominum
480 516 645 576 bominibus
664 518 823 597 propitium
848 519 997 601 designet,
1022 531 1179 600 autequam
1203 522 1240 583 ad

115 608 338 741 eorurqut'oppra
361 590 520 726 respiciatbi
559 592 659 726 Quqre
688 592 921 729 purificatipuem
944 594 1040 730 eordlq's
1064 598 1240 687 praecedere

116 686 179 746 opo
209 685 286 756 eon
319 686 393 745 qnae
412 687 487 757 anno
511 690 533 757 ιι
552 689 607 747 pro
629 690 694 759 eun·
718 688 808 749 opera
849 691 987 761 eprgnea
1037 691 1073 733 eo
1094 691 1239 765 ercrprau3

116 752 270 909 linat:
282 742 890 913 {tlrttztss‘ltla¹50't't'tttl‘ttt
904 748 1239 914 {tzilnltlnlt

115 893 464 1104 ttlltq‘ltlt'llss
475 896 1142 1067 3:⁰53}pettulit:ttlnbtlll,⁹⁹²
1158 898 1238 1066 „ne

114 1050 221 1213 quai}
241 1047 1112 1213 stilla?”tll‘ttl‘lll'33:⁰12:tllltndtttll
1129 1049 1236 1187 llll:
1305 1196 1310 1209 ,

113 1196 172 1257 nbr
191 1197 363 1288 feepncrlrat
381 1198 476 1269 Deus,
499 1221 532 1289 ac
556 1210 689 1289 gratuita·
707 1212 894 1292 peccatorum
918 1203 1091 1263 remissione
1109 1203 1235 1263 donatos

134 1292 171 1333 ro
191 1284 271 1364 rostra
290 1273 391 1334 habeta
413 1295 477 1364 tum
489 1275 631 1334 erusmodr
649 1277 846 1337 mrserrcordra
866 1279 1052 1339 coniunctam
1071 1277 1156 1339 simul
1173 1298 1238 1338 esse

111 1292 190 1439 bane
202 1369 263 1409 erus
283 1348 515 1441 benefieentram
534 1350 613 1441 qnod
633 1371 686 1431 per
698 1352 837 1433 Spiritum
848 1374 930 1413 sunm
949 1366 1078 1415 sanctum
1097 1356 1128 1414 iu
1148 1354 1235 1413 nobis

110 1422 240 1517 ''ffb'd'lt
259 1446 338 1485 curus
357 1435 464 1515 qntnte
484 1427 738 1507 concnprscentiae
762 1428 854 1489 earnis
873 1441 990 1491 nostrae
1008 1430 1099 1511 magis
1119 1450 1153 1490 ac
1171 1449 1233 1489 ma-

109 1520 156 1583 grs
177 1501 514 1591 rodresomorltrficantnr:
533 1523 672 1594 posuero
688 1504 910 1581 sanctificamur,
931 1506 987 1567 hoc
1007 1516 1061 1579 eat,
1080 1525 1233 1565 cousecra-

109 1596 179 1635 mnr
197 1576 328 1669 meroo
347 1598 378 1635 m
397 1596 493 1667 veram
514 1590 588 1637 ntae
608 1590 777 1669 puritatem,
797 1580 940 1669 ‘cordibus
965 1582 1071 1642 nostris
1097 1583 1126 1640 in
1146 1580 1234 1661 Legis

111 1650 285 1731 obsequrum
305 1654 444 1712 formans.
495 1654 535 1711 Ut
559 1653 630 1712 haec
648 1666 685 1713 stt
710 1676 863 1735 praecipua
889 1669 988 1716 nostra
1007 1656 1158 1729 voluntas,
1180 1676 1233 1715 no·

110 1726 217 1787 luntati
237 1728 440 1818 eiusservire,
463 1748 496 1819 ac
517 1730 578 1787 eius
598 1730 733 1821 duntaxat
751 1729 872 1819 gloriam
892 1730 985 1791 modia
1005 1731 1141 1820 omuibus
1161 1749 1232 1812 pro-

110 1800 232 1867 vetere:
264 1824 411 1865 eormvero
431 1816 517 1863 enam
538 1805 604 1863 dnm
624 1817 716 1865 saneti
736 1806 860 1884 Sprritus
880 1806 968 1867 doctu
988 1808 1018 1867 iu
1037 1807 1090 1867 vris
1108 1806 1233 1866 Domini

107 1878 300 1955 ambulamus,
319 1901 358 1941 ne
378 1892 473 1940 tamen
495 1882 586 1940 nostri
603 1881 689 1940 obliti
708 1882 821 1941 animos
840 1881 986 1957 tollamus,
1004 1894 1159 1942 remanent
1176 1882 1231 1941 im·
1343 1888 1346 1895 '

107 1954 300 2037 perfectiouis
310 1957 459 2035 reliquiae,
500 1976 553 2015 uae
571 1956 656 2017 nobis
668 1956 1046 2017 humilitatisaroumeutum
1060 1958 1231 2049 praebeant.

107 2030 201 2111 „Nou
222 2045 265 2093 est
284 2034 406 2108 iustus,“
424 2034 465 2093 ait
479 1977 633 2113 beriptnra
654 2032 693 2111 (I.
713 2033 785 2115 lieg.
799 2006 902 2125 bibl)
920 2033 993 2113 „qui
1012 2034 1101 2095 latrat
1119 2032 1231 2094 bouum

107 2120 142 2170 et
161 2128 221 2169 ooo
242 2116 373 2189 peccet“
406 2108 532 2183 Qualem
547 2130 618 2191 ergo
639 2109 777 2168 iustitiam
797 2128 831 2168 es
849 2131 906 2169 sun
919 2110 1056 2203 operibus
1073 2110 1231 2170 etiamnum

106 2184 304 2247 obtinebunt?
341 2186 469 2245 Primum
490 2186 566 2259 dieo,
586 2185 666 2263 qnod
685 2185 829 2264 optimum
846 2187 881 2247 ab
901 2184 957 2245 illrs
977 2186 1104 2267 proferri
1122 2196 1232 2265 potest,

106 2260 205 2341 aliqua
223 2272 319 2321 tamen
334 2282 448 2355 semper
466 2261 557 2321 carnis
577 2260 742 2351 impuritate
762 2280 924 2343 respersum
937 2272 966 2321 et
978 2274 1147 2343 corruptum
1159 2280 1231 2336 esse,

107 2350 298 2417 numnquam
319 2336 427 2417 aliand
448 2338 534 2397 laetis
554 2338 707 2396 adrurrtnm
732 2336 849 2397 babere.
894 2338 1023 2419 seligat,
1042 2340 1176 2417 inquam,
1195 2356 1228 2397 ea

107 2426 173 2476 tota
191 2434 242 2474 sua
260 2414 318 2474 vita
336 2426 452 2474 sanctus
471 2414 529 2473 Dei
547 2433 656 2488 servus,
681 2414 761 2493 quod
781 2413 809 2473 io
839 2412 901 2473 eius
921 2436 1007 2475 eursu
1030 2414 1152 2474 maxime
1171 2414 1229 2473 esi·

107 2491 200 2551 mium
218 2510 250 2550 se
269 2489 383 2625 putabit
402 2490 533 2581 edidissq²
553 2490 629 2549 bene
648 2490 777 2581 revolvat
795 2488 923 2579 singulas
933 2502 1045 2581 partes:
1065 2490 1229 2571 depreben-

107 2565 1229 2733 lttlttt?elltllltltltll‘ltltntl‘il'ltlqtllnttttlt,

106 2718 161 2781 sed
180 2740 210 2778 ιιι
230 2740 314 2779 cursu
333 2718 510 2778 retardando
531 2718 620 2777 mnlta
636 2717 776 2777 debrlitas.
816 2662 991 2797 liuanquam
1011 2738 1071 2779 noo
1092 2717 1231 2777 obscuras

109 2813 175 2855 esse
192 2795 315 2855 maculas
333 2795 473 2869 videmus,
492 2794 595 2874 quibus
615 2814 745 2927 respersa
769 2794 829 2854 siut
854 2815 942 2928 opera
967 2805 1151 2868 sanctorum,
1183 2793 1228 2851 iao

108 2884 209 2931 tamen
228 2871 432 2930 minutissimos
452 2891 513 2930 esse
533 2890 638 2929 naevos
679 2881 809 2928 notarat:
834 2891 864 2929 se
904 2890 940 2929 au
960 2869 1062 2928 oculos
1080 2868 1139 2927 Dei
1156 2867 1230 2927 uibil

108 2945 273 3021 offendent,
293 2967 390 3007 coram
411 2948 514 3025 quibus
532 2968 570 3004 ne
589 2945 689 3005 stellae
706 2945 820 3024 quidem
841 2966 931 3026 purae
949 2944 1033 3003 suut?
1072 2943 1231 3017 Habemus,

108 3043 166 3083 uec
177 3042 265 3082 unum
281 3022 412 3083 asanctis
425 3025 501 3081 exire
519 3044 601 3101 opus,
621 3020 710 3100 quod,
729 3021 753 3081 si
772 3022 802 3081 in
823 3041 854 3082 se
866 3033 1026 3097 censeatur,
1045 3040 1106 3081 nou
1118 3039 1230 3081 merea·

107 3110 158 3159 tur
176 3097 280 3158 iustam
300 3099 453 3178 opprobrii
473 3098 644 3157 mercedem.

183 3180 230 3239 1⁰.
268 3175 385 3235 Deinde
405 3176 514 3234 etiamsi
535 3173 596 3232 fieri
616 3184 723 3252 posset,
742 3185 774 3232 ιιι
792 3172 886 3253 aliqua
905 3174 990 3233 nobis
1002 3174 1229 3235 essentomnino

106 3272 180 3333 pura
200 3252 389 3329 absolutaque
407 3272 508 3330 opera,
530 3272 618 3309 unnrn
637 3262 735 3309 tamen
755 3262 904 3329 peecatum
924 3253 991 3311 satis
1011 3250 1108 3311 estad
1128 3250 1230 3309 deleu-

107 3330 173 3389 dam
194 3326 282 3386 eastin
306 3327 487 3406 nendanrque
508 3348 624 3386 onmem
649 3327 818 3385 memoriam
842 3326 947 3406 prioris
973 3327 1114 3402 institiae,
1137 3338 1170 3384 nt
1189 3327 1230 3387 ait

104 3403 258 3483 Propheta
278 3347 396 3478 (lueet.
409 3411 456 3472 18,
466 3407 537 3480 il).
577 3403 633 3463 tlui
653 3414 682 3461 et
702 3401 826 3462 lacobus
846 3404 1008 3467 consentit:
1028 3402 1112 3478 „Qui
1132 3402 1229 3463 oileu-

106 3480 412 3558 dit(inquit2‚1ll.)
436 3481 466 3537 in
487 3499 561 3553 nno,
591 3478 681 3539 lactus
701 3490 745 3537 est
764 3478 892 3537 onmium
912 3484 1008 3539 rens.“
1057 3479 1120 3539 lam
1140 3500 1228 3557 qnnm

105 3558 178 3616 haec
199 3556 256 3615 vita
276 3556 406 3614 mortalis
426 3576 609 3634 nunquama
628 3567 748 3634 peceato
768 3576 838 3634 pura
857 3554 895 3613 sit
913 3567 1071 3627 autumna,
1090 3554 1229 3633 quioquid

105 3633 234 3692 iustitiae
254 3653 270 3691 a
291 3633 377 3690 nobis
397 3647 594 3709 comparatum
616 3632 707 3701 soret,
726 3630 756 3688 id
775 3630 962 3709 sequentibus
980 3630 1139 3690 identidem
1159 3648 1230 3709 pec·

106 3708 178 3769 catis
199 3720 384 3787 corruptum,
415 3728 584 3799 oppressum
605 3720 634 3765 et
653 3706 814 3785 perditum,
833 3708 863 3764 in
884 3719 1071 3787 conspectum
1091 3706 1147 3764 llei
1167 3725 1229 3765 nou

105 3785 230 3857 veniret,
249 3804 304 3843 nec
323 3786 352 3841 in
374 3785 508 3843 institranr
530 3783 615 3843 nobis
635 3783 834 3861 imputaretur.
874 3783 1010 3861 Denique
1030 3782 1080 3843 nbi
1100 3782 1136 3841 de
1156 3802 1173 3841 o
1197 3799 1229 3838 e-

105 3882 172 3919 rurn
192 3861 288 3918 avitus
308 3860 427 3932 iustitia,
447 3880 506 3919 nou
527 3880 600 3937 opus
619 3858 706 3939 Legis
726 3857 937 3939 respiciendum
957 3872 1017 3928 est,
1036 3858 1086 3918 sod
1107 3803 1226 3917 manda·

106 3948 178 3997 tum.
210 3905 289 3995 ideo
310 3936 333 3995 si
355 3956 387 3994 ex
405 3937 486 4015 Lege
506 3936 612 3996 iustitia
631 3934 788 4013 quaeritur,
807 3933 912 3994 frustra
930 3955 1020 3993 unum
1039 3945 1090 3995 ant
1107 3932 1229 3991 alterurn

105 4033 182 4091 opus
207 4012 402 4091 proferamus:
433 4013 482 4072 sed
514 4013 674 4071 necessaria
705 4021 748 4070 est
772 4021 913 4090 perpetua
936 4011 1023 4092 Legis
1052 4008 1228 4068 obediontia.

106 4090 210 4162 Quare
230 4088 326 4163 illam,
347 4088 383 4147 de
404 4110 459 4166 qna
479 4088 593 4167 loquuti
611 4109 724 4160 snmus,
765 4097 928 4145 eccatorum
948 4087 1146 4146 remissionem
1167 4104 1227 4144 non

105 4163 197 4225 seurel
216 4166 265 4241 (ut
284 4164 368 4223 ruulti
386 4164 492 4224 stolide
512 4165 684 4256 opinantur)
709 4106 794 4222 nobis
818 4162 850 4221 in
873 4162 1011 4223 iustitiam
1028 4162 1110 4221 Dens
1133 4160 1230 4251 impu-

106 4253 168 4314 tat,
192 4250 226 4299 ut
245 4243 396 4321 impetrata
416 4250 591 4321 praetentae
610 4239 685 4301 vitae
704 4239 803 4315 venia,
848 4251 926 4300 ostea
946 4238 976 4297 in
995 4238 1076 4321 Lege
1094 4236 1230 4297 iustitiam

108 4336 297 4396 quaeramus:
323 4318 402 4397 quod
428 4317 499 4377 nihil
527 4332 612 4398 quam
635 4316 666 4377 iu
689 4334 770 4398 spem
795 4260 894 4378 falsam
917 4314 1054 4378 inductos
1069 4312 1182 4375 rideret
1197 4332 1235 4375 ao
