2700 4732
101 222 160 288 acu
436 182 441 193 ’
462 213 540 276 utu.
559 211 617 274 ιιι.
658 216 745 279 cnr.
766 216 876 277 xxiv.

106 368 182 433 bilis.
221 368 304 429 llaec
322 363 477 446 pmdeutia
496 387 551 427 nos
570 388 587 428 a
607 364 705 429 multis
723 365 834 447 laqueis
854 366 1005 447 expediet,
1031 368 1108 431 siin
1126 382 1231 433 rectum

107 467 193 509 nsum
217 442 440 506 accommodare
464 442 568 503 scimus
594 443 674 523 quod
700 455 782 504 recte
806 445 946 525 scriptum
965 456 1027 513 cst:
1060 466 1124 509 non
1142 458 1232 511 anon

105 521 322 585 inconsiderate
341 518 397 579 buc
416 517 485 578 illuc
505 519 651 580 trahamus
692 519 751 581 nod
771 520 908 602 restringi
927 520 1085 584 debuerat.

184 605 211 663 6.
250 595 375 657 Accedit
396 596 431 654 ad
455 595 657 657 stabiliendam
704 596 815 656 (luciam
841 594 914 669 alia,
943 618 1033 734 puram
1060 618 1130 659 cum
1152 616 1237 663 m.
1266 624 1271 631 ·

9 696 19 707 ··
108 676 192 737 tione
211 685 313 735 nostra
332 671 472 753 coniungi
491 672 628 746 diximus,
660 671 813 732 electionis
838 673 946 735 firmitu
968 695 996 734 o.
1055 674 1144 749 Quos
1162 675 1230 735 enirn

107 751 237 812 nominis
256 749 300 809 sui
320 748 491 831 cognitione
515 747 694 808 illuminatos
717 749 749 807 in
777 749 916 809 ecelesiae
939 768 1007 811 suae
1032 750 1132 811 sinum
1152 750 1231 813 cbri-

108 839 169 891 rtur
181 826 304 899 asciscit,
323 823 490 885 condicitur
510 825 540 882 in
559 824 646 883 fidem
665 824 844 905 tutelamque
862 846 941 885 snam
962 826 1110 905 recipere.
1140 824 1231 901 Quon-

109 923 226 983 cunquc
245 914 340 962 autem
361 899 476 980 recipit,
495 901 521 958 ci
542 920 558 960 a
579 902 666 960 Patre
686 902 831 961 commissi
852 901 990 961 dicuntur
1007 923 1044 963 ac
1064 902 1231 977 concrediti,

108 979 192 1040 utin
213 979 299 1038 vitam
320 988 467 1036 aeternam
487 976 695 1037 custodiantur.
735 977 815 1051 Quid
842 970 928 1037 nobis
947 976 1107 1039 volumus?
1138 978 1231 1039 elamat

111 1055 167 1118 alta
187 1072 262 1116 voce
282 1052 432 1125 Christus,
462 1065 535 1131 quot
557 1065 608 1113 uot
627 1053 717 1113 Pater
743 1053 837 1113 salvos
862 1072 924 1114 esse
943 1054 1030 1129 velit,
1061 1073 1117 1115 eos
1135 1054 1231 1117 nibiia

109 1131 328 1211 protectionem
358 1127 508 1188 tradidisse
536 1074 601 1207 llo.
618 1135 653 1203 6,
671 1134 710 1195 37
717 1134 805 1194 -39.
825 1141 854 1188 et
874 1135 922 1203 17,
940 1135 970 1193 6.
991 1142 1024 1189 et
1043 1134 1122 1209 12).
1161 1130 1230 1213 Ergo

108 1207 134 1269 si
153 1207 261 1266 rescire
280 1204 354 1265 libet
373 1224 410 1265 an
422 1204 489 1264 Deo
509 1225 596 1265 curae
614 1206 653 1265 sit
670 1216 771 1265 nostra
790 1204 874 1280 salus,
886 1225 1059 1285 quaeramus
1070 1228 1110 1267 an
1122 1206 1232 1269 Cbmtn

108 1279 1233 1421 ‘titt‘tttittittttftttitl‘'tlttitttffltiffiltttdt*

110 1434 239 1517 recepti,
263 1433 313 1492 ille
333 1432 507 1492 dubitationi
528 1435 673 1509 occurrit,
704 1434 771 1493 dum
790 1454 822 1493 se
840 1444 989 1515 pastorem
1006 1446 1122 1515 sponte
1141 1376 1233 1507 ol'l'qcld,

110 1532 144 1573 ac
164 1510 196 1570 in
215 1508 311 1571 ovium
331 1528 446 1569 suarum
466 1528 589 1569 numero
611 1531 664 1570 nos
689 1510 755 1569 sore
779 1511 961 1588 pronuntiat,
983 1508 1009 1571 ai
1028 1530 1144 1573 vocem
1162 1530 1232 1573 suu

112 1586 260 1648 audiamus
280 1584 340 1663 (lo.
360 1590 408 1658 1⁰,
426 1592 454 1651 ³.
474 1585 545 1661 16).
594 1586 742 1645 Christum
764 1605 836 1667 ergo
861 1584 990 1669 benigne
1015 1588 1108 1649 nobis
1129 1586 1234 1669 exponi·

109 1674 183 1741 tum,
203 1675 233 1724 ct
252 1662 366 1722 obviam
386 1662 579 1740 prodeuntem
599 1662 819 1742 amplectamur:
840 1661 890 1721 illc
904 1674 1000 1723 autem
1021 1682 1079 1724 noe
1100 1666 1134 1725 in
1153 1680 1234 1801 perpe

111 1762 165 1802 suo
186 1738 361 1810 recensebit,
381 1749 411 1796 et
430 1736 508 1797 inter
527 1759 575 1796 sua
597 1759 627 1797 se
649 1751 677 1798 ta
698 1737 851 1798 conclusos
870 1736 994 1799 tenebit
1035 1739 1077 1799 At
1098 1740 1181 1803 snbrt
1207 1762 1234 1799 ι·

77 1850 84 1859 ν
112 1818 172 1877 turi
191 1828 282 1877 status
301 1813 435 1875 anxietas.
477 1814 552 1872 Nam
571 1825 603 1872 nt
624 1762 728 1873 drutus
748 1816 847 1873 vocari
870 1814 972 1890 docet,
991 1816 1045 1895 qui
1065 1814 1159 1879 electi
1175 1826 1234 1877 aru

113 1892 223 1952 luerint
242 1892 344 1971 (Rom.
363 1896 400 1973 8,
418 1891 496 1966 36.):
529 1890 569 1948 ita
589 1890 722 1998 Cbristus
743 1891 1004 1983 ostenditomultos
1024 1911 1091 1983 esse
1112 1904 1234 1969 voutnn

111 1989 222 2107 iiiiii
237 1987 344 2103 61⁰2
356 1965 774 2127 {instillabitills
785 1966 1027 2119 cittfl'ti't
1036 1984 1234 2121 ’ῗδέῗὲ

113 2134 201 2200 ,‚stat,
219 2120 249 2178 in
273 2121 324 2194 uit,
342 2119 438 2177 videat
456 2138 494 2176 ne
514 2119 626 2178 cadat.“
664 2120 738 2178 Item
757 2119 859 2192 (Rom.
872 2128 920 2193 11,
938 2123 1016 2198 20.):
1036 2118 1195 2195 „insertus
1208 2138 1232 2181 tt

112 2200 163 2277 „in
183 2142 324 2278 popiilum
336 2193 401 2268 Ilei,
422 2194 483 2253 noli
501 2195 663 2274 superbire,
683 2196 733 2253 sed
752 2196 838 2254 time:
859 2208 957 2275 potest
976 2196 1058 2255 enim
1072 2198 1163 2261 Deus
1179 2216 1233 2261 11·

113 2296 196 2352 „sum
216 2272 380 2343 succidere,
405 2283 438 2328 ut
462 2269 534 2329 nlios
557 2272 695 2331 inserat.“
734 2271 869 2350 Denique
893 2273 952 2363 ipsa
973 2270 1232 2352 experientia'd'!

115 2352 271 2439 docemur,
302 2347 383 2426 parvi
410 2366 471 2406 esse
489 2348 676 2438 procationem
699 2368 735 2437 με
755 2346 858 2420 fidem,
889 2350 1088 2441 nisi-accedat
1108 2350 1235 2463 pe'raere'

112 2422 1232 2582 urcisininni::nr”incircumspecte

114 2576 321 2659 promissiones
340 2574 400 2650 (lo.
419 2579 448 2648 6,
467 2581 514 2639 37.
534 2586 565 2633 ct
583 2577 658 2652 dd.):
679 2577 799 2647 „Omne
818 2577 896 2657 quod
919 2578 967 2637 dat
985 2578 1059 2636 mibi
1079 2576 1230 2657 estuat

114 2673 184 2731 „me
199 2653 294 2711 venit:
315 2662 345 2709 et
365 2670 429 2709 eum
451 2651 500 2729 qui
520 2654 632 2710 venerit
651 2653 685 2710 ad
707 2674 763 2728 me,
783 2675 843 2713 non
864 2655 976 2713 eiiciam
995 2653 1114 2715 loras.“
1151 2656 1230 2717 ltena

115 2731 221 2809 „Haec
240 2740 284 2788 est
303 2726 437 2788 voluntas
458 2727 519 2786 eius
539 2730 590 2819 qui
614 2730 691 2788 misit
710 2749 756 2787 me
778 2730 886 2805 Patris,
913 2750 950 2789 nc
970 2728 1043 2809 qnid
1064 2732 1188 2811 perdam
1204 2750 1230 2791 en

114 2806 272 2881 „omnibus
292 2824 367 2883 quae
387 2803 467 2863 dedit
486 2802 567 2863 mibi:
598 2805 648 2864 sed
675 2806 841 2864 resuscitem
863 2827 894 2866 ea
919 2806 948 2864 in
976 2809 1144 2870 novissimo
1166 2808 1231 2869 die-‘⁸

114 2885 190 2944 ltem
209 2881 297 2960 (ibid.
316 2886 364 2955 10,
383 2883 460 2959 27.);
493 2882 593 2955 „Ores
624 2902 705 2941 meac
730 2902 830 2942 vocem
856 2903 948 2942 meam
975 2882 1123 2960 audiunt,
1149 2898 1257 2947 etse·-

115 2971 266 3050 „quuntur
285 2978 341 3050 mc.
376 2957 441 3037 Ego
462 2958 609 3038 cognosco
631 2968 749 3048 eas,·et
768 2959 854 3018 vitam
874 2971 1020 3049 peternam
1043 2962 1084 3020 do
1108 2962 1168 3041 ein,
1185 2980 1231 3021 not

115 3035 610 3189 :ztitltt'tttl‘ttt’6523
613 3047 991 3172 ‘oidiiseiilli‘iido
1000 3036 1131 3191 ‘³566
1133 3056 1231 3195 '12:22

115 3188 173 3263 „de
202 3207 289 3245 manu
321 3186 413 3245 Patris
446 3186 533 3243 mei.“
583 3186 643 3244 Iam
675 3187 725 3246 ubi
758 3188 927 3267 pronuntiat
955 3190 1056 3264 (Mate
1083 3194 1231 3268 15,16):

115 3262 241 3338 „Omnis
261 3261 364 3336 arbor,
383 3282 468 3339 quam
489 3281 549 3320 non
569 3263 712 3340 plantavit
731 3265 819 3324 Pater
843 3284 924 3323 meus
943 3263 1184 3329 eradicabiturz“
1204 3286 1232 3329 tt

113 3339 253 3474 lappposito
273 3338 367 3397 innuit
386 3357 532 3415 nunquam
553 3358 638 3416 posse
656 3361 671 3398 a
691 3341 782 3399 salute
802 3340 895 3415 evelli,
915 3340 965 3418 qui
983 3340 1119 3403 radicem
1133 3346 1165 3405 in
1175 3344 1232 3405 ben

136 3436 150 3473 a

113 3491 246 3563 fuissent,
266 3511 327 3550 non
347 3490 480 3549 exiissent
489 3491 589 3569 utiquc
608 3513 624 3550 a
643 3492 758 3552 nobis.“
796 3494 873 3552 Ilmc
885 3495 970 3552 etiam
990 3496 1153 3578 magnifica
1162 3492 1233 3559 ent

137 3567 253 3628 loriatio
283 3577 385 3626 contra
411 3566 496 3624 vitam
528 3578 559 3626 ct
587 3579 727 3641 mortem,
757 3568 920 3649 praesentia
947 3581 979 3629 et
1008 3570 1115 3633 sutura
1140 3574 1234 3655 (ilon-

112 3588 239 3718 ἔξω.»
260 3663 344 3721 quam
365 3641 393 3699 in
414 3641 494 3702 dono
513 3646 744 3721 perseverantiae
764 3647 912 3705 fundatam
932 3664 994 3706 esse
1014 3658 1155 3727 oportet.
1181 3652 1234 3711 tto

115 3718 234 3779 dubium
255 3730 309 3791 cst,
329 3718 398 3797 quin
419 3718 454 3778 ad
474 3719 583 3779 electos
602 3740 703 3781 omnes
722 3725 893 3782 sententiam
910 3720 984 3783 banc
1003 3723 1126 3807 dirigat.
1163 3724 1234 3789 Alibi

114 3795 192 3855 idem
211 3794 316 3854 Paulus
336 3792 427 3871 (Phil.
436 3801 465 3869 1,
480 3797 538 3872 6.):
558 3796 641 3870 „Qui
661 3796 809 3877 coepitio
829 3798 912 3859 vobis
932 3818 949 3857 o
973 3821 1005 3859 us
1025 3800 1145 3863 bonum
1175 3822 1234 3887 pec·

114 3869 193 3931 ficiet
211 3888 302 3950 usque
322 3870 353 3929 in
373 3869 448 3929 diem
470 3871 608 3931 christis
656 3873 749 3933 Sicuti
769 3875 854 3934 etiam
873 3820 978 3947 David,
998 3896 1092 3955 quum
1114 3846 1235 3943 talares

113 3958 162 4007 ret
187 3947 248 4006 eiua
271 3946 357 4020 fides,
387 3947 417 4005 in
445 3947 518 4007 banc
542 3946 679 4009 fulturam
703 3951 838 4010 recubuit
858 3951 920 4030 (Ps.
942 3956 1015 4024 138,
1036 3956 1100 4032 8.):
1134 3956 1234 4039 „Opnt

112 4043 251 4103 manuum
269 4034 384 4082 tuarum
405 4043 465 4081 non
486 4025 630 4085 deseres.“
677 4026 737 4085 Iam
757 4047 827 4086 vero
848 4046 944 4106 neque
964 4027 1021 4088 boc
1042 4030 1171 4094 dubium
1189 4042 1235 4107 est,

114 4118 203 4177 quum
222 4110 289 4158 orat
308 4098 442 4160 Christus
467 4121 520 4179 pro
542 4100 675 4162 omnibus
695 4102 810 4178 electis,
835 4104 904 4182 quin
925 4104 1002 4164 idem
1021 4104 1079 4166 illis
1101 4122 1235 4189 precetur

114 4175 194 4253 qnod
212 4174 319 4250 Petro,
339 4186 538 4254 nonunquam
558 4177 671 4237 deficiat
691 4178 760 4239 fides
780 4199 881 4239 eorum
900 4178 987 4258 (Luc.
1006 4188 1063 4259 22,
1082 4189 1162 4265 32).
1198 4184 1234 4245 Er

112 4269 173 4328 quo
192 4249 337 4327 elicimus,
356 4262 434 4312 extra
454 4253 613 4331 periculum
634 4254 806 4315 deiectionis
827 4276 899 4331 esse,
919 4258 985 4336 qnia
1008 4278 1119 4321 eorum
1140 4258 1234 4345 pietati

175 3425 233 3473 ent.
273 3414 331 3475 Cui
351 3415 498 3473 consentit
516 3413 586 3473 illud
607 3415 725 3475 loannis
745 3418 785 3495 (I.
806 3417 995 3510 ep.2‚19.):
1021 3418 1078 3492 „Si
1101 3440 1140 3481 cx
1158 3420 1233 3483 nobit

13 4338 17 4343 '
110 4327 301 4388 constantiam
322 4328 470 4409 postulans
490 4329 580 4389 Filius
606 4329 662 4388 Dei
688 4333 832 4410 repulsam
856 4354 952 4413 passus
972 4349 1115 4400 nonest.
1159 4334 1233 4415 Quid
