2596 4726
124 162 185 255 sa'u
426 182 430 189 ·
516 184 593 247 uin.
614 184 668 245 ιιι.
708 184 797 247 cue.
816 184 887 249 xit

125 356 160 395 ac
178 344 295 413 tempus
314 333 462 416 proximae
481 330 654 392 ludiccrent.
693 332 768 391 Nam
789 328 951 393 reuisereale
971 350 1083 415 cogere
1101 328 1256 393 Concilium

126 408 216 471 colina
241 420 303 469 erat
331 411 535 488 imperatoris,
563 406 806 488 quemadmodum
834 418 983 469 testantur
1007 428 1115 468 omnes
1138 420 1257 468 vetustae

125 486 312 545 indictiones.
353 486 502 561 Quamdiu
520 484 643 565 rigebat
661 485 732 545 baec
750 485 904 559 severitas,
923 505 986 545 nun
1005 484 1074 565 plus
1094 482 1187 545 verbo
1204 485 1256 543 eri·

125 561 239 642 gcbaut
258 560 358 621 clerici
378 583 393 622 a
413 562 512 643 plebe,
532 583 616 653 quam
637 560 770 643 exemplo
791 574 822 621 et
837 580 928 641 opere
970 574 1146 621 raestareut.
1183 560 1255 635 Quin

126 636 221 697 multo
248 638 405 720 rigidiores
429 650 515 698 crant
539 660 569 698 ua
595 658 626 697 se
652 639 733 718 ipsos
753 658 839 717 quam
865 582 1030 729 tornigus.
1080 636 1124 697 Et
1141 637 1255 697 sancita

126 712 224 787 dccet,
243 726 275 773 ut
296 714 468 774 humaniore
488 728 519 774 ct
538 713 647 773 laxiore
672 719 720 792 (ut
739 716 777 774 ita
798 714 916 794 loquar)
941 713 1096 793 disciplina
1116 712 1199 793 plebs
1215 732 1254 773 re·

125 802 227 881 gutur:
249 790 349 849 clerici
371 794 448 851 inter
467 812 498 849 se
517 793 646 851 acriores
660 802 813 851 excarceant
833 810 979 867 censuras,
994 792 1159 870 minusque
1177 789 1221 849 lon

125 867 183 928 subi
207 888 293 947 quam
319 866 382 925 aliis
409 866 589 947 indulgeant.
616 901 653 912 ···
691 867 773 927 Istud
804 878 900 927 totum
924 877 958 926 ot
986 864 1171 928 obsoleverit
1192 808 1254 925 uili

127 964 147 1005 o
170 964 204 1003 us
223 954 268 1001 est
286 944 412 1017 relerre,
444 966 533 1022 quum
563 941 636 1003 nihil
662 941 750 1002 bodie
770 943 842 1025 lingi
862 954 952 1023 q·.cat
970 942 1029 1003 boc
1049 942 1216 1003 ordinema

127 964 244 1081 eilreue
268 1040 301 1079 ac
327 1019 513 1081 dissolutum:
545 1040 578 1080 ac
609 1040 647 1080 eo
672 1018 808 1079 licentiae
833 1018 986 1099 prorupit,
1014 1030 1050 1077 ut
1078 1030 1202 1081 toturo
1233 1016 1252 1075 is

126 1096 319 1157 vociferetur.
369 1098 415 1155 Ne
435 1096 513 1175 apud
537 1097 617 1176 ipsos
643 1094 774 1157 videatur
820 1118 916 1155 rursus
944 1096 1062 1175 sepulta
1088 1116 1152 1155 esse
1169 1094 1251 1155 omnir

126 1174 294 1251 antiquitas,
314 1172 440 1243 umbris,
460 1172 571 1245 fatcor,
592 1172 765 1252 quibusdam
806 1172 936 1252 eripiunt
954 1170 1133 1251 simpliciu-
1152 1170 1253 1243 oculus,

127 1248 179 1309 eed
222 1266 275 1305 uae
293 1248 329 1305 ad
354 1260 484 1307 retentos
504 1270 601 1309 umores
625 1248 719 1309 nihilo
740 1248 862 1329 propius
881 1248 1036 1321 accedunt,
1056 1270 1146 1327 quam
1163 1246 1252 1307 simiae

127 1269 284 1385 aemiliano
303 1324 338 1383 ad
359 1324 389 1382 id
402 1324 482 1403 quod
503 1324 618 1385 ratione
638 1336 669 1384 et
688 1324 812 1386 consilio
832 1325 945 1385 iaciunt
963 1322 1112 1383 homiues.
1148 1321 1253 1381 bleno-

127 1398 228 1459 rabilis
257 1410 301 1459 est
331 1401 406 1479 apud
431 1401 661 1479 Xenophontem
691 1400 789 1479 locus,
809 1401 859 1460 ubi
879 1402 967 1461 docet
985 1400 1119 1481 (Cyrop.
1138 1396 1253 1533 imi

126 1496 217 1555 quum
241 1477 368 1553 turpiter
393 1478 618 1555 degenerassent
642 1478 749 1537 Persae
774 1498 790 1535 a
816 1476 959 1536 maiorum
984 1476 1142 1545 institutis,
1171 1486 1234 1534 era

127 1564 245 1611 austero
266 1552 381 1611 vivendi
406 1574 516 1633 genere
536 1555 572 1613 ad
592 1552 745 1613 mollitiem
766 1565 797 1612 ct
816 1552 933 1612 delicias
952 1552 1085 1631 prolapsi
1104 1561 1210 1625 arent,
1225 1558 1253 1609 ιιι

125 1638 224 1688 tamen
245 1628 372 1688 dedecus
391 1628 449 1690 boc
469 1641 623 1709 tegerent,
648 1631 760 1721 priscos
785 1632 857 1689 ritus
876 1628 978 1689 sedulo
997 1646 1140 1689 seruasse.
1187 1626 1252 1687 Nau

125 1726 216 1783 quum
238 1706 310 1785 Cyri
330 1719 465 1785 tempore
490 1728 619 1789 eousque
638 1718 750 1787 vigeret
774 1706 919 1767 sobrietas
938 1716 968 1765 et
993 1702 1203 1784 temperantia,
1223 1710 1251 1761 ut

127 1784 247 1865 emungi
268 1804 286 1843 ο
311 1804 342 1841 us
363 1804 423 1841 nou
445 1785 536 1858 esset,
560 1798 647 1863 atquc
669 1783 754 1843 etiam
775 1783 877 1863 probri
898 1781 967 1842 loco
987 1780 1163 1854 duceretur,
1185 1776 1251 1859 apud

139 1872 263 1919 austeros
283 1804 401 1918 durarit
419 1859 541 1941 religio,
566 1882 603 1921 nc
624 1860 688 1939 quis
708 1881 824 1918 turicum
851 1879 867 1917 e
887 1857 1003 1919 naribus
1023 1856 1172 1918 traheret:
1195 1874 1250 1916 sor·

126 1882 199 1995 bere
224 1954 294 1993 vero
321 1946 351 1995 et
381 1935 458 1994 intus
489 1938 566 1996 alere
592 1937 627 1996 ad
648 1936 832 2015 putredinem
853 1954 944 2013 usquc
964 1933 1095 1994 foetidos
1115 1932 1249 2002 humores,

127 2034 201 2091 sparus
222 2030 256 2069 er
274 2012 403 2091 ingluvie
423 2024 640 2086 contraxerant,
661 2013 839 2089 permissum.
878 2012 924 2071 Ita
944 2022 1090 2070 exuetere
1103 2018 1248 2089 praecepto

127 2109 232 2147 urceos
259 2088 368 2147 allerre
394 2088 431 2145 eut
463 2110 590 2149 mensam
621 2090 717 2149 melas:
748 2108 862 2147 merum
886 2087 1084 2171 ingurgitare,
1113 2097 1145 2145 ut
1165 2084 1249 2144 ebrios

126 2163 235 2224 aralerri
255 2184 374 2225 neccsse
395 2164 489 2238 iuret,
517 2166 681 2226 tolerabile.
731 2163 831 2223 Semel
855 2166 1012 2224 comedere
1031 2163 1247 2243 praescriptum:

125 2242 184 2301 hoc
205 2261 266 2299 non
285 2242 501 2321 abrogaverant
519 2244 591 2302 boui
611 2244 859 2314 istisuccessorcs,
878 2240 929 2300 sed
948 2252 981 2299 ut
1001 2261 1017 2299 a
1034 2238 1248 2317 meridiemque

125 2318 162 2377 ad
183 2316 307 2375 mediam
328 2328 447 2377 noctem
461 2319 669 2379 continuarent
687 2340 751 2379 suas
772 2316 912 2396 crapulas.
951 2316 1112 2379 Conbcere
1125 2316 1247 2375 dtumun

125 2394 185 2451 iter
204 2394 333 2465 ieiunos,
359 2394 426 2471 quia
448 2393 491 2451 lcr
513 2394 649 2467 iubebat,
674 2396 808 2474 perpetui
829 2394 905 2473 apud
925 2414 976 2453 cos
995 2393 1088 2453 moris
1108 2392 1178 2451 suit:
1206 2388 1246 2449 sed

126 2468 301 2531 lassitudinis
322 2470 455 2527 vitandae
476 2490 576 2545 causa,
596 2472 652 2530 iter
671 2472 706 2530 ad
728 2473 797 2528 clueas
817 2469 903 2529 horas
923 2468 1117 2544 contrahere,
1135 2468 1246 2528 liberunt

126 2559 157 2607 ct
178 2546 312 2604 usitatum
334 2566 367 2603 ex
387 2549 598 2606 consuetudine
619 2548 682 2605 l'uit.
727 2546 854 2620 Quoties
879 2545 1040 2627 degeneres
1059 2568 1126 2605 suas
1145 2544 1246 2623 regulas

126 2623 294 2684 obtenderit
312 2622 464 2701 Papistae,
491 2635 523 2681 ut
542 2646 573 2682 se
599 2624 756 2682 ostendant
780 2623 881 2682 affines
902 2643 964 2683 csse
987 2624 1093 2683 sanctis
1114 2622 1245 2691 Patribus,

125 2698 276 2759 ridiculam
307 2718 408 2759 eorum
441 2700 634 2759 imitationem
665 2699 721 2758 hoc
753 2700 915 2778 exeurplum
945 2700 1013 2759 satis
1040 2710 1196 2781 coarguet,
1220 2708 1245 2755 nt

126 2777 223 2835 nullus
244 2778 341 2857 pictor
361 2775 451 2857 magis
472 2778 506 2835 ad
530 2778 623 2836 visuum
643 2776 736 2856 possit
756 2778 925 2855 exprimere.

203 2860 250 2917 22
290 2853 354 2911 Una
376 2854 405 2910 in
427 2875 459 2912 re
481 2854 543 2933 plus
557 2876 640 2944 quam
662 2853 747 2931 rigidi
767 2864 834 2912 sunt
854 2864 884 2910 ct
904 2851 1111 2925 inexorabiles,
1130 2872 1169 2912 ne
1186 2870 1245 2913 eon·

127 2930 239 3011 iugium
259 2929 461 2990 sacerdotibus
482 2943 661 3009 perurrttant.
706 2930 823 3003 Quanta
845 2931 921 3007 apud
940 2950 991 2989 eos
1009 2929 1163 2988 scortandi
1181 2949 1245 3009 gras-

126 3021 208 3067 setur
227 3007 394 3086 impunitas,
414 3008 511 3067 dicere
533 3008 602 3065 nihil
621 3006 740 3066 attinet:
762 3026 795 3065 ac
816 3006 928 3065 luetido
948 3026 1002 3064 suo
1023 3006 1172 3065 coelibatu
1191 3000 1246 3065 lreti

127 3085 320 3142 occuluerunt
340 3085 374 3141 ad
396 3086 491 3141 omnia
513 3083 634 3161 flagitia:
668 3084 736 3141 hacc
758 3095 854 3141 tanuen
876 3082 1037 3161 probibitio
1060 3082 1140 3141 clare
1161 3094 1244 3143 osten·

127 3159 182 3229 dit,
202 3181 287 3236 quarn
308 3160 463 3235 pestilerae
482 3159 540 3216 siut
561 3180 661 3217 omues
681 3158 870 3217 traditiones:
896 3170 926 3216 ut
940 3169 999 3216 rote
1020 3180 1097 3237 quae
1124 3181 1184 3219 non
1207 3178 1245 3218 so·

127 3234 186 3293 luni
207 3236 323 3293 orbavit
343 3234 491 3293 eccles-iarn
514 3234 613 3311 probis
634 3248 663 3293 et
684 3236 796 3294 idoneis
809 3182 989 3309 Pastorihus,
1009 3235 1059 3294 scd
1082 3234 1245 3295 horrendam

127 3311 235 3370 iuverit
255 3311 397 3368 scelernm
419 3309 591 3381 colluviem,
617 3312 778 3389 occultasque
805 3316 912 3370 animos
933 3312 962 3369 in
984 3312 1133 3392 gurgitem
1155 3313 1245 3401 despt·

126 3389 248 3446 rationis
269 3387 403 3465 proiecit.
444 3388 533 3445 (lecte
555 3390 632 3465 ‹lsuod
653 3388 853 3448 sacerdotibus
873 3388 1059 3447 interdictum
1083 3388 1139 3447 luit
1157 3408 1245 3449 conru-

126 3464 218 3543 gium,
236 3462 264 3521 id
287 3462 392 3522 lactum
407 3476 451 3522 est
470 3462 556 3539 impia
577 3464 741 3541 tyrannide,
761 3486 820 3524 nou
842 3464 931 3523 niodo
946 3459 1248 3535 contravcrbumllei,

126 3542 177 3602 sed
199 3541 284 3598 etiarn
305 3550 407 3599 contra
428 3561 545 3597 omniurn
566 3542 752 3619 aeqcitatem.
793 3542 922 3600 Primum
942 3554 1041 3598 vetare
1062 3537 1246 3631 quodliurni·

127 3640 182 3677 nus
208 3616 331 3677 liberum
358 3616 539 3695 reliquisset,
569 3619 648 3676 nuilla
679 3618 792 3675 ratione
819 3616 985 3677 hominibus
1014 3616 1105 3675 licuit.
1143 3614 1245 3677 Deinde

126 3694 299 3757 nominatim
310 3692 405 3750 Deum
426 3694 533 3751 cavisse
554 3694 644 3754 verbo
664 3714 728 3768 suo,
750 3715 787 3751 ne
807 3694 877 3755 baec
897 3693 1016 3752 libertas
1036 3694 1247 3775 infringeretur,

126 3770 232 3831 clarius
252 3782 305 3843 est,
326 3790 412 3847 quam
433 3781 466 3827 ut
485 3770 570 3849 lurrga
583 3771 833 3829 demonstratione
855 3772 897 3830 uti
918 3788 1042 3830 necesse·
1056 3771 1105 3829 sit.
1144 3768 1244 3829 Omitto

127 3846 206 3927 quood
223 3845 329 3905 Paulus
350 3844 480 3923 plurimis
502 3847 571 3907 locis
593 3848 762 3926 episcopum
782 3848 843 3906 vult
863 3868 924 3907 csse
944 3846 1243 3907 uniusnxon‘svirun:

126 3924 178 3983 scd
198 3922 267 4013 quid
286 3924 385 3998 putuit
403 3921 604 3982 vehementius
625 3925 681 3982 dici
702 3945 786 4000 quarn
811 3922 862 3982 ubi
889 3944 922 3981 ex
941 3923 1054 4003 Spiritu
1079 3936 1181 3983 sancto
1205 3920 1245 3979 de·

126 4010 253 4071 nuntiat,
273 3996 337 4055 lore
359 3998 519 4057 novissimis
538 3999 719 4079 temporibus
742 4000 874 4059 homines
894 4001 999 4077 impius
1019 4000 1070 4078 qui
1091 3998 1245 4079 coniugium

125 4074 303 4153 prohibeant
321 4074 361 4150 (l.
383 4075 460 4133 Tim.
480 4082 508 4143 4,
528 4078 585 4151 3.):
612 4095 721 4154 eosque
749 4098 808 4137 uon
835 4077 924 4135 modo
950 4076 1127 4154 impostores
1148 4092 1246 4133 usroce·

125 4163 187 4229 pot,
206 4150 257 4210 sed
277 4149 455 4211 daemones?
493 4151 560 4211 lioc
580 4152 668 4233 igitur
688 4153 870 4225 vaticinium,
894 4152 951 4212 boe
974 4174 1092 4212 sucrum
1110 4149 1245 4211 oraculum

124 4239 171 4287 ert
190 4224 317 4305 Spiritus
337 4228 445 4300 sancti,
474 4248 534 4307 quo
561 4229 711 4289 ecclesiam
741 4230 777 4287 ab
803 4230 887 4289 initio
914 4230 1101 4308 praemunire
1125 4228 1246 4287 adsersus

124 4301 258 4384 pericula
276 4298 387 4382 voluit,
411 4304 576 4366 doctrinam
601 4304 823 4367 daemoniorum
843 4324 906 4367 esse
925 4304 1057 4389 coniugii
1082 4300 1246 4385 probibitio·
