2596 4726
118 186 180 251 236
332 222 341 237 .
452 268 469 309 Ι
527 182 605 244 Llll.
624 182 678 255 tv,
716 180 806 245 CAP.
825 182 863 245 V.

120 326 289 391 sacerdotio
317 325 501 411 iungeretur.
548 326 624 389 Nam
643 327 847 406 Hieronymus
876 348 909 391 re
933 326 1067 389 officium
1095 324 1248 388 sacerdotis

120 424 210 491 agere
229 416 335 497 negat,
361 428 449 485 quum
474 407 553 466 inter
576 403 854 487 monachosdegit:
883 424 974 485 reque
1000 424 1095 463 unum
1114 402 1248 485 explebe

119 480 204 557 iacit,
224 503 273 561 qur
293 502 309 543 a
328 482 528 542 sacerdotibus
539 495 667 564 regatur.
706 482 881 556 Verum,'ut
899 480 957 542 hoc
975 479 1033 541 illis
1052 480 1166 555 demus,
1184 478 1248 561 quid

120 571 219 621 tamen
250 558 341 620 officii
365 558 495 620 iaciunt?
531 558 575 617 Ex
602 557 837 619 mendicantibus
864 555 999 619 nonnulli
1024 558 1246 619 continuantur:

120 634 229 714 reliqui
255 652 358 696 omnes
387 634 524 697 monachi
552 634 599 695 vel
624 635 777 695 cantillam
795 634 842 695 vel
862 635 1083 695 demurmurant
1101 632 1246 693 blissarin

120 712 181 789 ruis
202 711 338 771 latibulis.
378 711 471 787 Quasi
491 712 526 770 ad
547 711 604 771 boc
624 712 688 771 lieri
706 710 904 792 presbyteros,
923 722 975 770 ant
993 710 1130 771 Christus
1149 706 1246 770 volue-

121 788 177 863 rit,
201 800 251 849 aut
269 790 397 849 muneris
416 800 519 847 natura
539 788 673 879 patiatur.
719 788 820 862 Quum
839 788 990 867 Scriptura
1015 786 1112 868 palam
1130 796 1247 846 testetur

121 866 204 958 (Act.
223 870 273 938 20,
290 865 369 943 28),
387 864 553 945 presbyten
574 884 635 925 esse
661 865 811 944 propriam
832 863 982 925 ecelesiam
1001 882 1126 945 regere,
1154 880 1246 923 aunon

119 942 211 1034 rmpia
231 952 275 1002 est
293 942 471 1020 profanatio,
491 942 548 1001 alio
566 941 737 1015 transferre,
756 942 816 1001 imo
835 942 950 1020 penitus
969 940 1125 999 immutare
1144 957 1246 999 sacrum

120 1018 179 1078 Der
199 1018 382 1078 institutum?
418 1018 493 1077 Nam
514 1040 601 1097 quum
619 1017 801 1092 ordinantur,
819 1015 991 1076 nominatim
1001 1026 1142 1075 vetantur
1160 1012 1247 1075 tacere

120 1115 196 1185 quac
215 1095 296 1154 Dens
316 1093 498 1173 preshyteris
512 1094 646 1153 omnibus
667 1093 803 1175 iniungit.
842 1092 993 1172 Siquidem
1013 1090 1073 1153 illis
1093 1090 1169 1151 baec
1187 1110 1248 1151 cau·

120 1172 212 1232 trlena
232 1171 362 1245 canitur,
393 1170 556 1231 Monachus
575 1190 629 1230 suo
649 1168 775 1231 claustro
797 1181 969 1243 contentus,
999 1172 1056 1228 uec
1076 1176 1248 1228 aeramenta

120 1246 333 1321 administrare,
353 1265 409 1306 uec
421 1246 497 1306 aliud
510 1246 658 1326 quippiam
677 1245 789 1325 publici
808 1246 935 1306 muneris
953 1263 1060 1326 gerere
1079 1252 1249 1324 praesumat.

119 1325 251 1404 Negent,
269 1322 294 1381 si
313 1334 466 1401 poterunt,
485 1334 618 1404 apertum
640 1342 701 1383 esse
722 1322 780 1383 Dei
800 1322 974 1394 ludibrium,
995 1320 1027 1379 io
1046 1318 1107 1381 hoc
1126 1319 1247 1399 aliquem

119 1397 329 1479 presbyterum
348 1398 427 1475 lieri,
446 1410 480 1459 ut
499 1420 514 1460 a
535 1418 605 1460 vero
626 1410 656 1458 et
676 1419 818 1480 germano
838 1398 936 1461 ollicio
956 1396 1118 1475 abstineat,
1137 1406 1170 1457 et
1189 1413 1247 1456 eun

121 1476 173 1557 qui
192 1494 302 1534 nomen
321 1474 421 1546 habet,
440 1496 501 1533 rem
523 1496 584 1534 nou
604 1496 690 1555 posse
711 1476 831 1537 habere.

197 1558 225 1617 9.
264 1552 362 1611 Venio
382 1552 418 1611 ad
430 1550 664 1613 Saeculares:
685 1553 735 1645 qui
750 1554 850 1633 partim
861 1550 1042 1613 beneficiarii
1061 1560 1133 1611 sunt
1151 1546 1248 1629 (otlo-

141 1629 266 1707 unntur)
285 1628 315 1688 id
335 1639 394 1702 est,
424 1628 534 1688 habent
557 1629 719 1689 sacerdotia
739 1632 844 1710 quibus
868 1629 996 1689 alantur:
1028 1628 1137 1709 partim
1157 1622 1249 1706 quoti·

121 1650 220 1764 dianas
240 1725 343 1783 operas
362 1704 462 1765 locant
482 1707 628 1765 missaudo
647 1704 694 1767 vel
715 1707 864 1782 canendo,
891 1716 920 1764 et
938 1706 1020 1783 quasi
1040 1702 1168 1765 collecta
1187 1700 1247 1761 inde

122 1781 198 1861 stipe
219 1780 358 1842 victitant.
402 1782 551 1841 Bruefici'a
573 1794 621 1841 aut
641 1803 739 1841 curam
760 1784 917 1842 animarum
937 1781 1064 1853 babent,
1084 1790 1119 1839 ut
1138 1778 1247 1860 episeo-

122 1870 208 1939 patus
229 1868 259 1916 et
278 1857 450 1934 parochiae:
481 1871 533 1919 aut
550 1859 695 1938 stipendia
714 1871 781 1919 sunt
803 1859 951 1917 homiuum
972 1856 1186 1931 delicatorum,
1202 1850 1246 1933 qui

121 1934 301 1996 cantillando
322 1934 429 1994 victum
449 1936 618 2014 acquirunt:
641 1947 673 1995 ut
693 1935 892 2014 praebendae,
917 1933 1124 2006 canonicatus,
1153 1950 1247 2011 perso·

120 2022 206 2071 natus
227 2030 259 2070 ae
279 2009 444 2091 dignitates,
465 2011 653 2091 capellaniae,
674 2024 704 2070 et
723 2011 834 2071 similia.
874 2010 1062 2089 Quanquam,
1082 2007 1173 2069 rebus
1190 2026 1247 2067 :ur-

121 2109 185 2149 sum
213 2085 348 2146 deorsum
379 2087 436 2148 iam
468 2088 630 2162 conversis,
661 2086 805 2147 Abbatiac
830 2098 860 2146 ct
878 2088 1028 2147 Prioratus
1053 2106 1117 2145 non
1141 2092 1245 2143 tantum

121 2162 316 2224 saecularibus
337 2165 523 2245 presbyteris,
542 2165 593 2225 sed
613 2165 711 2246 pueris
731 2184 850 2243 qnoque
870 2162 1023 2245 privilegio
1043 2161 1090 2241 (id
1110 2172 1167 2233 est,
1186 2158 1246 2219 vul·

122 2240 186 2320 gari
205 2250 236 2297 et
255 2240 357 2299 usitata
378 2240 607 2319 consuetudine)
626 2240 829 2301 conferuntur.
875 2239 1026 2315 Quantum
1046 2238 1084 2298 ad
1103 2254 1247 2298 mercena·

121 2318 182 2376 rins
202 2317 318 2387 attinet,
339 2317 388 2433 qui
408 2318 528 2376 indiam
542 2319 652 2378 victum
691 2329 823 2391 naeruut,
842 2318 911 2397 quid
931 2316 1008 2376 aliud
1029 2315 1247 2399 lacerentquaut

123 2391 204 2471 quod
224 2391 347 2451 iaciunt.
379 2412 486 2474 nempe
510 2407 543 2454 ut
567 2340 702 2453 illiberaili
728 2416 762 2453 ac
790 2394 928 2473 pudendo
954 2392 1045 2452 modo
1065 2411 1130 2453 sese
1151 2400 1247 2471 prostr-

122 2478 207 2528 tuant
231 2465 266 2525 atl
288 2481 453 2545 quaestum:
485 2470 655 2548 praesertim
676 2471 705 2529 in
726 2482 807 2529 tanta
832 2470 1027 2540 multitudine,
1047 2480 1159 2547 quanta
1178 2482 1247 2525 nunc

125 2544 205 2603 orbis
224 2555 326 2602 scatet.
367 2544 471 2623 ltaque
492 2567 579 2624 quum
600 2546 693 2624 palam
713 2547 881 2605 mendicare
898 2567 957 2605 non
978 2547 1116 2620 audeant,
1135 2544 1182 2605 uel
1202 2543 1247 2601 bac

122 2621 168 2681 via
189 2631 325 2698 reputent
344 2640 375 2679 se
395 2642 496 2701 parum
510 2623 705 2701 prolecturus,
725 2623 804 2682 velut
825 2642 910 2682 canes
923 2622 1047 2681 famelici
1061 2622 1247 2689 circumeunt,

124 2709 156 2758 et
178 2718 227 2757 sun
258 2697 477 2777 importunitate
511 2720 571 2758 non
597 2719 679 2757 secus
704 2720 737 2758 ac
762 2699 867 2757 latratu
894 2710 1070 2777 extorquent
1096 2698 1133 2757 ab
1159 2696 1246 2756 inuitis

124 2773 308 2844 bominibus,
328 2775 406 2854 quorl
427 2777 458 2834 in
479 2775 590 2834 aridum
610 2787 741 2835 ventrem
761 2776 904 2853 ingerant.
949 2776 1004 2834 llic
1024 2774 1048 2834 si
1067 2773 1169 2833 verbis
1187 2790 1247 2853 per·

124 2851 207 2931 sequi
227 2872 318 2910 coner
338 2865 480 2930 quantum
499 2853 536 2911 sit
556 2852 680 2911 dedecus
698 2852 846 2925 ecclcsiae,
866 2872 902 2911 eo
922 2852 1040 2911 rediisse
1060 2850 1205 2909 honorem
1222 2854 1247 2905 et

124 2949 230 2986 munus
250 2926 441 3007 presbyterii,
466 2929 560 2988 nullus
581 2928 637 2986 erit
656 2928 729 2987 finis.
767 2930 836 2987 Non
857 2940 900 2987 est
919 2928 1010 3007 igitur
1030 2948 1084 2986 cur
1103 2948 1119 2984 a
1140 2946 1186 2985 me
1202 2944 1245 2982 er·

124 3024 138 3064 s
161 3016 260 3062 ectent
280 3004 403 3064 lectores
423 3007 597 3079 orationem,
612 3026 686 3083 quae
706 3005 934 3083 tamllagitiosac
955 3003 1122 3083 indignitati
1132 3024 1177 3062 res
1197 3021 1245 3061 ou·

148 3092 201 3138 cat.
240 3081 373 3139 Breviter
393 3081 474 3151 dico,
506 3082 538 3139 Si
564 3082 728 3161 presbyteri
753 3080 883 3139 officium
904 3092 947 3140 est
967 3080 1063 3159 (quod
1084 3091 1115 3138 ct
1133 3024 1246 3139 verbm

124 3155 184 3215 Dei
204 3157 376 3235 praescribit
395 3156 433 3232 (l.
447 3157 517 3217 Cor.
529 3165 557 3229 4,
573 3159 615 3229 t.)
636 3170 667 3215 et
685 3158 790 3216 vetusti
812 3157 949 3216 Cauoncs
969 3155 1141 3234 requirunt)
1161 3152 1247 3216 eccle-

125 3233 195 3292 siam
218 3252 346 3309 pasccrc,
367 3245 397 3291 et
411 3233 558 3312 spirituale
572 3233 681 3293 Christi
701 3254 823 3314 regnum
835 3234 1048 3292 administrat-e:
1068 3232 1143 3292 tales
1155 3248 1246 3291 omnes

126 3307 263 3379 sacrifici,
284 3309 333 3384 qui
354 3309 465 3368 nullutn
493 3311 546 3369 nisi
567 3310 596 3367 iu
617 3310 767 3370 blissaruun
793 3310 1005 3368 nundinatione
1032 3330 1107 3386 opus
1132 3320 1184 3367 aut
1205 3305 1248 3366 sti·

126 3384 264 3464 pendium
286 3385 408 3456 habent,
435 3406 495 3443 nun
521 3386 611 3446 modo
639 3398 751 3445 cessant
775 3387 804 3444 in
826 3385 939 3457 officio,
971 3384 1021 3443 sed
1043 3384 1156 3443 nullum
1178 3378 1248 3463 quotl

55 3488 63 3503 =
128 3471 282 3521 exerceant
311 3460 472 3540 legitimum
503 3462 614 3521 habeut
638 3464 775 3522 officium.
823 3462 918 3522 Locus
944 3463 1022 3520 enim
1048 3460 1178 3520 docendi
1200 3456 1248 3518 illia

128 3538 223 3597 nullus
244 3538 341 3595 datur:
369 3535 477 3595 nullam
503 3538 619 3615 plebem
649 3540 756 3597 babent
781 3559 867 3617 quam
891 3538 1068 3619 gubernent.
1120 3536 1249 3613 Denique

127 3613 198 3674 nihil
219 3613 274 3672 illis
294 3614 438 3692 reliquum
459 3626 502 3673 est
522 3627 638 3691 praeter
657 3615 757 3683 altare,
777 3615 806 3672 iu
828 3635 885 3693 quo
908 3614 1057 3673 Christum
1077 3613 1248 3673 sacrificent:

128 3689 208 3770 quod
229 3710 289 3827 gon
311 3702 354 3830 cpt
373 3691 457 3763 Deo,
486 3692 538 3750 sed
559 3692 716 3751 daemoniis
737 3691 836 3766 litare,
866 3703 899 3751 ut
922 3690 992 3750 alibi
1015 3690 1184 3751 videbimus
1202 3683 1248 3769 (cl.

128 3770 535 3901 ca.l.s..,9.etll.g.

162 3790 242 3905 pill·
280 3843 350 3900 Non
371 3845 483 3923 attingo
531 3844 556 3902 ic
582 3856 716 3903 extranea
735 3844 817 3913 vitia,
849 3843 900 3904 sed
927 3844 1063 3905 duntaxat
1087 3840 1249 3903 intestinum

128 3917 246 3989 malum,
266 3919 344 3997 quod
364 3919 394 3976 in
415 3920 543 3997 ipsorum
564 3921 747 3980 institutione
766 3921 902 3981 radicitus
924 3921 1032 3980 haeret.
1070 3918 1186 3979 Addam
1204 3937 1250 3978 vo·

129 4012 208 4064 cem,
230 4016 303 4074 quae
325 3995 397 4053 urale
417 3997 535 4054 sonabit
554 3996 583 4055 in
605 4014 706 4056 eorum
728 3997 856 4056 auribus:
883 3999 932 4055 sed
954 3998 1020 4075 quia
1040 4017 1109 4057 vera
1129 4008 1187 4069 est,
1212 3992 1250 4051 di·

129 4090 196 4128 cere
217 4082 347 4149 oportet,
367 4070 469 4129 eodem
490 4071 557 4131 locu
579 4072 730 4133 habendos
751 4093 811 4133 esse
832 4074 1009 4146 (Iauonicos,
1028 4074 1178 4143 Decanos,
1198 4070 1251 4130 Ca·

128 4145 278 4224 pellanos,
310 4147 498 4227 Praeposito:
530 4160 560 4209 et
589 4149 757 4229 quicunque
792 4151 893 4209 otiosis
923 4150 1092 4209 sacerdotiis
1129 4147 1249 4206 aluntur.

132 4220 230 4293 Quale
256 4221 334 4281 enim
360 4224 499 4283 ecelesiae
525 4224 715 4284 ministerium
743 4237 888 4304 praestare
912 4227 1043 4303 queunt?
1080 4226 1155 4285 Nam
1174 4218 1250 4282 verbi

129 4300 388 4375 praedicationem,
407 4300 696 4380 curamdisciplioae,
715 4314 746 4362 ct
764 4314 1011 4363 sacramentorum
1030 4298 1250 4362 administratio·
