2596 4726
7 39 49 101 l

23 236 32 257 .
107 213 166 278 aso
219 170 225 185 ’
495 208 570 275 ιιι.
591 210 648 272 ιιι.
689 210 777 275 car.
799 209 856 272 111.

109 355 170 449 les,
200 353 326 417 stadium
345 354 565 437 poenitentiae,
596 356 628 415 in
652 370 713 437 qno
740 366 804 418 tota
828 354 890 417 rita
915 365 1052 432 currant,
1086 354 1144 416 illis
1171 354 1255 417 Dens

112 452 167 495 aas:
190 442 250 493 nat.

168 452 229 574 g10.
270 506 321 570 Sic
340 528 414 593 ergo
435 529 452 570 a
472 511 585 590 peccati
609 508 751 570 servitute
776 508 939 570 liberantur
963 509 1017 568 filii
1042 506 1101 570 Dei
1124 526 1183 589 per
1206 527 1256 569 re-

111 585 351 666 generationem,
383 606 445 646 non
475 597 509 646 nt
537 587 619 666 quasi
648 585 766 666 plenam
791 584 934 647 libertatis
960 586 1178 678 possessionem
1198 584 1257 644 iam

111 658 227 742 adepti,
258 661 331 721 nibil
355 661 478 742 amplius
504 663 658 723 molestiae
681 684 697 723 a
717 681 806 723 carne
824 684 877 722 sna
896 674 1042 723 sentiant:
1071 661 1123 722 sed
1142 671 1178 721 ut
1198 661 1265 723 illis

112 749 231 799 maneat
250 749 392 818 perpetua
411 740 575 800 certaminis
590 740 722 815 materia,
742 738 821 800 unde
833 750 1039 799 exerceantur:
1060 757 1158 818 neque
1171 756 1256 797 erer-

114 825 237 874 ceantur
255 814 362 890 modo,
380 814 433 877 sed
452 814 792 896 infirmitatem'quoque
810 837 892 875 suam
912 815 1016 876 melius
1035 814 1175 879 discant..
1197 816 1256 875 At-

112 906 172 969 que
190 889 222 951 in
242 910 277 951 ea
297 910 330 951 re
349 910 459 969 omnes,
471 891 594 953 sanioris
614 892 715 952 iudicii
733 892 891 985 scriptores
911 893 991 952 inter
1008 911 1040 952 se
1053 891 1257 966 consentiunt,

109 984 231 1026 manere
251 966 282 1027 in
302 967 422 1029 bomine
441 981 616 1063 regenerato
636 969 706 1029 mali
725 970 876 1039 fomitem,
894 967 974 1028 unde
994 974 1141 1048 perpetuo
1161 979 1256 1028 scate-

110 1052 164 1102 ant
182 1043 368 1123 cupiditates,
388 1064 465 1124 quae
483 1065 579 1124 rpsnm
599 1045 635 1107 ad
659 1046 841 1124 peccandum
861 1044 984 1106 illiciant
1003 1056 1033 1105 et
1054 1043 1253 1105 exstimulent.

111 1116 257 1179 Fateatur
275 1120 379 1195 etism,
397 1132 514 1182 sanctos
534 1120 586 1180 illo
606 1122 836 1201 concupiscendi
855 1120 964 1182 morbo
983 1120 1078 1180 adbuc
1097 1121 1139 1181 ita
1158 1120 1255 1200 impli-

112 1194 187 1256 citos
196 1196 302 1270 teneri,
312 1207 346 1255 nt
356 1195 474 1256 obstare
487 1209 636 1276 nequeant
645 1196 716 1333 :prin
726 1197 851 1257 subinde
861 1197 906 1259 vel
920 1196 956 1256 ad
968 1197 1132 1273 libidinem,
1152 1198 1202 1258 rel
1216 1196 1254 1257 ad

24 1345 26 1349 Ι
112 1271 650 1347 avaritiam,reladambitionem,vela
677 1272 1255 1335 aliavitiatitillenturetincitcutnr.Ne-

112 1365 171 1438 qpe
190 1368 265 1428 opus
285 1360 330 1410 est
348 1348 472 1409 multum
492 1348 695 1441 investigando
706 1348 852 1426 laborare,
873 1350 942 1429 quid
962 1349 1009 1410 bic
1028 1360 1255 1441 veteresrense·

112 1435 185 1497 rant:
206 1425 324 1504 quando
344 1446 422 1517 unns
441 1426 670 1520 Augustinus
689 1425 826 1487 sulficere
845 1426 881 1486 ad
902 1427 930 1486 id
973 1437 1068 1497 otest,
1088 1428 1139 1505 qui
1159 1424 1255 1517 bdell-

112 1508 160 1593 ter
183 1521 348 1583 magnaque
372 1501 529 1595 drbgeutra
552 1523 685 1594 omnium
716 1504 874 1596 sententias
899 1449 980 1595 colle
1003 1504 1026 1564 it
1044 1502 1089 1580 a),
1127 1500 1254 1595 Expllo

111 1587 205 1712 ttlt'
222 1599 324 1715 3¹:353
327 1577 427 1715 ι1ξέἔῖ
429 1599 529 1715 iiiii*
538 1600 580 1716 {t
581 1578 648 1716 ‘ld
651 1578 1256 1741 tatttttlttltt..tltttittltt

112 1747 188 1806 ease,
228 1731 286 1792 uod
306 1732 368 1822 ipse
388 1731 515 1824 quidem·
528 1752 619 1812 quum
639 1731 740 1824 fideles
750 1733 905 1824 concedat,
924 1732 1063 1824 quamdiu
1079 1732 1110 1791 in
1124 1750 1256 1821 corpore

110 1751 231 1868 mortali
251 1805 394 1882 habitant,
411 1830 454 1870 stc
472 1808 602 1891 illigatos
620 1820 717 1869 tener:
737 1810 993 1888 concupiscentiis,
1012 1818 1046 1868 ut
1065 1816 1257 1887 nonpossint

7 1930 10 1935 .
111 1900 175 1942 non
196 1885 423 1965 concupiscere,
453 1904 521 1946 eum
545 1898 643 1946 tamen
663 1883 800 1946 morbum
818 1896 973 1977 pec-catum
993 1902 1101 1944 vocare
1120 1903 1184 1944 non
1203 1901 1256 1945 an·

111 1956 176 2018 det:
216 1960 268 2021 sed
299 1961 336 2020 ad
371 1959 442 2021 illud
475 1961 689 2044 designandum
718 1960 894 2022 infirmitatus
929 1962 1050 2022 nomine
1084 1970 1257 2033 contentus,

111 2044 183 2096 tnnc
218 2036 337 2097 demum
371 2037 434 2099 beri
470 2051 621 2119 peccatum
658 2038 763 2114 docet,
801 2038 852 2099 ubi
886 2037 934 2099 vel
965 2059 1056 2117 opus,
1094 2035 1141 2096 vel
1177 2056 1254 2097 con-

111 2132 214 2174 sensus
242 2113 278 2173 ad
309 2115 537 2195 conceptionem
568 2113 615 2175 vel
646 2114 913 2195 apprehensionem
943 2114 1074 2175 aceedit:
1107 2111 1166 2173 boe
1199 2122 1256 2187 est,

112 2189 233 2269 qnando
257 2189 370 2270 primae
394 2190 571 2271 appetitioni
591 2190 670 2253 cedit
688 2190 832 2252 voluntas.
865 2192 929 2252 Nos
949 2202 1046 2252 antem
1065 2189 1138 2249 illud
1160 2189 1256 2268 ipsum

15 2336 18 2341 ¹
112 2286 169 2346 pro
190 2278 313 2345 peccato
333 2266 486 2340 babemus,
516 2268 596 2359 quod
624 2267 721 2359 aliqua
746 2269 869 2329 omnino
890 2268 1049 2348 cupiditate
1069 2279 1174 2328 contra
1194 2268 1254 2329 Le-

99 2361 181 2425 ,gem
199 2343 259 2403 Dei
278 2342 369 2404 bomo
387 2344 539 2404 titillatur:
559 2365 619 2404 nmo
639 2364 732 2425 :psam
752 2344 936 2425 pravitatem,
956 2364 1031 2425 quae
1047 2344 1192 2405 eiusmodi
1204 2366 1257 2407 cu·

112 2416 248 2512 piditates
268 2419 356 2480 nobis
374 2433 509 2502 generat,
530 2421 683 2481 asserimus
703 2441 766 2481 esse
786 2432 947 2501 peccatum.
985 2421 1136 2482 Docemns
1155 2421 1257 2503 itaque

112 2516 144 2555 ιιι
163 2497 281 2570 sanctis,
301 2496 397 2557 donec
417 2497 535 2557 mortali
555 2517 683 2573 corpore
703 2509 862 2571 exuantur,
880 2517 998 2578 semper
1008 2516 1070 2558 esse
1085 2508 1256 2578 peccatum:

112 2572 180 2652 quia
200 2571 231 2631 in
252 2592 356 2633 eorum
377 2593 466 2634 carne
485 2574 594 2635 residet
612 2574 663 2635 illa
682 2574 912 2655 concupiscendi
932 2575 1070 2653 pravitas,
1090 2593 1165 2665 quae
1187 2596 1255 2636 cum

112 2649 290 2710 rectitudine
310 2662 429 2731 pugnat.
468 2650 513 2709 Ne
537 2672 574 2711 uc
593 2662 691 2710 tamen
711 2671 827 2731 semper
846 2672 862 2710 a
883 2652 996 2731 peccati
1022 2670 1143 2711 nomine
1163 2651 1256 2711 absti-

113 2738 180 2787 net:
199 2725 286 2787 sicnti
328 2748 397 2786 num
417 2726 487 2788 dicit
505 2672 782 2810 (linguatinusfl
823 2729 913 2803 „Hoc
933 2727 1047 2806 peccati
1069 2728 1256 2808 nomineap-

113 2803 227 2885 „pellat
244 2748 462 2880 Paulus„unde
482 2806 620 2865 oriuntur
639 2817 743 2866 cuncta
757 2816 883 2884 peccata,
902 2805 932 2863 in
949 2802 1094 2863 carnalem
1106 2802 1167 2863 scil.
1180 2824 1257 2867 con-

112 2880 352 2962 „cnpiscentiam
392 2882 471 2957 Hoc,
513 2893 631 2942 uantum
652 2882 689 2941 ad
708 2894 823 2943 sanctos
865 2883 984 2955 ertinet,
1003 2900 1127 2962 regnum
1147 2881 1259 2941 amittit

112 2957 165 3034 „in
185 2970 274 3033 terra,
294 2959 372 3038 perit
390 2960 420 3019 in
442 2902 561 3021 coelo.“
588 2958 704 3033 Quibus
721 2958 816 3019 verbis
836 2903 956 3032 ditetur,
975 2969 1119 3036 quatenus
1131 2956 1257 3019 obnoxii

112 3045 183 3096 sont
202 3035 303 3095 fideles
323 3035 570 3115 concupiscentiis
588 3037 692 3110 carnis,
708 3036 826 3128 peccati
847 3054 909 3096 esse
928 3054 1005 3094 reos.

191 3117 237 3175 11.
279 3111 370 3186 Quod
392 3125 490 3172 autem
510 3111 592 3172 Deus
612 3112 763 3173 ecclesiam
783 3134 864 3172 suam
884 3131 1012 3191 purgare
1032 3109 1069 3170 ab
1087 3111 1170 3169 omni
1185 3130 1258 3192 pec·
1291 3114 1294 3121 '

114 3198 181 3249 calo
202 3187 310 3247 dicitur
328 3189 369 3265 (E
394 3187 635 3265 1ι.5,26.27.),
665 3187 745 3267 quod
772 3208 836 3247 eam
857 3187 1038 3248 liberationis
1058 3187 1180 3268 gratiam
1201 3207 1260 3267 per

113 3262 295 3399 Baptismum
315 3210 490 3343 poldcctur,
521 3266 601 3324 etin
622 3264 722 3325 electis
741 3266 800 3325 suis
819 3265 937 3345 implet:
967 3264 1002 3322 ad
1023 3276 1136 3323 reatum
1155 3266 1259 3342 potins

112 3359 146 3399 re
160 3339 267 3400 erimus
287 3361 373 3419 quam
392 3342 428 3402 ad
448 3340 539 3421 ipsam
558 3342 673 3421 peccati
692 3343 853 3402 materiam.
894 3342 1028 3399 Praestat
1053 3340 1110 3401 boc
1135 3341 1259 3419 quidem

113 3416 312 3490 Deus,'suos
341 3417 562 3498 regenerando,
599 3428 633 3476 ut
661 3418 774 3496 peccati
798 3438 923 3499 regnum
949 3418 980 3475 in
1005 3416 1074 3496 ipsis
1099 3415 1260 3477 aboleatur

113 3492 268 3572 (virtutem
288 3493 367 3552 enim
386 3493 514 3575 Spiritus
533 3492 748 3569 subministrat,
773 3516 831 3573 qua
849 3495 1016 3573 superiores
1041 3493 1071 3552 in
1092 3494 1259 3554 certamine

113 3569 241 3633 victores
264 3588 301 3628 ue
314 3569 412 3648 fiant):
432 3570 484 3631 sed
505 3589 629 3652 regnare
647 3582 772 3644 tantum,
793 3591 854 3631 non
876 3570 962 3628 etiam
984 3569 1116 3630 babitare
1137 3570 1258 3631 desinit.

113 3646 208 3711 Proin
231 3646 307 3707 esic
328 3646 448 3707 dicimus
468 3658 599 3707 veterem
620 3646 768 3707 bominem
789 3647 957 3707 crucifixum
974 3666 1052 3720 esse,
1071 3646 1169 3728 legem
1185 3666 1259 3728 pec·

115 3723 173 3786 cati
191 3722 232 3785 sic
251 3721 392 3783 abolitam
413 3742 477 3784 esse
500 3722 530 3781 in
557 3722 621 3783 liliis
646 3723 705 3782 Dei
737 3723 841 3801 (Rom.
860 3729 890 3797 6,
908 3726 966 3799 6.),
996 3735 1029 3782 ut
1048 3722 1101 3781 reli
1124 3724 1193 3783 uiae
1211 3735 1261 3784 ta·

112 3820 183 3861 men
202 3799 362 3880 supersint:
395 3819 458 3861 non
477 3810 511 3859 ut
529 3798 729 3869 dominentur,
758 3799 810 3859 sed
840 3811 874 3858 nt
906 3818 957 3861 eos
987 3818 1056 3859 suae
1075 3746 1260 3862 inlumitatis

113 3877 294 3941 comcientia
314 3875 477 3940 humilient.
516 3874 556 3935 Et
574 3875 639 3937 illas
659 3874 778 3956 quidem
799 3875 925 3936 latemur
945 3895 1007 3936 non
1026 3876 1177 3957 imputari,
1196 3877 1261 3939 acsi

182 4123 212 4192 ⁸)
229 4121 270 4181 cf.
289 4123 392 4188 bugmc
409 4121 444 4174 ad
460 4118 549 4174 Bonis·
564 4118 614 4176 lib.
631 4121 656 4174 4.
675 4134 701 4172 et
718 4134 809 4173 contra
826 4120 963 4174 lulianum.
981 4122 1026 4175 h'h.
1043 4121 1067 4173 1.
1086 4135 1110 4173 et
1126 4121 1151 4173 2.
1168 4120 1260 4175 Paulo

113 4191 181 4245 infra
199 4193 313 4245 ciusdem
329 4209 404 4244 semu.
424 4189 449 4244 d.
477 4190 510 4241 de
535 4187 619 4241 uerbis
646 4190 735 4259 Apost
754 4217 786 4229 -
825 4188 927 4243 Videt
949 4192 982 4243 ad
1008 4190 1076 4243 hane
1096 4201 1157 4243 sect.
1179 4189 1260 4248 Calr.

114 4278 136 4312 c.
152 4257 273 4328 Pigbinua
290 4273 341 4331 atq.
359 4258 436 4314 eund
454 4258 489 4315 ad
507 4254 725 4314 Concludunt
741 4256 838 4328 plurib.
854 4257 926 4311 locis.
