2700 4732
482 216 559 281 ΠΒ.
577 215 632 280 IV.
669 215 759 281 Cdl’.
776 216 805 281 1.
1147 221 1207 288 1oe
1315 244 1318 249 ·

89 368 260 426 tamennon
278 356 393 422 tollitur
410 360 570 442 gratiam
588 359 754 452 diversitas²
774 360 861 422 sicuti
883 361 989 424 scinne
1008 362 1088 425 varie
1107 362 1205 426 distri-

89 439 134 531 bui
152 438 279 531 Spiritus
298 437 391 498 dona:
410 458 505 530 neque
519 438 607 529 ⁸ctiam
626 436 800 530 convellatur
810 435 885 499 ordo
904 436 1048 519 politicus,
1067 460 1126 521 quo
1138 460 1204 503 suae

89 534 240 607 parcusque
252 513 407 604 ‘facultates
426 525 558 593 privatim
578 513 726 593 possidere
745 514 830 589 lrcet,
854 526 887 606 ut
899 534 1023 607 'necesse
1039 527 1101 607 est,
1125 517 1204 596 pacis

89 590 554 804 {tizlttttttttfflltt
567 591 1205 746 ‘tttuttffltltttt:mittitete

105 742 240 817 escribit,
269 740 348 821 quod
373 741 563 802 multitudinis
589 742 769 802 credentium
787 754 862 804 esset
880 763 934 803 cor
952 765 1042 802 unurn
1061 754 1091 804 et
1110 743 1206 806 anima

89 840 142 881 una
161 816 242 897 (Act.
261 824 292 893 4,
311 816 389 894 320:
408 829 438 876 et
456 817 578 890 Paulus,
598 838 686 897 quum
705 816 841 879 bortatur
859 818 1000 898 Ephesios
1019 824 1070 899 (4,
1089 821 1151 897 4.),
1168 830 1203 880 ιιι

89 896 144 956 rint
162 914 273 968 „unum
292 913 415 972 corpus,
440 913 514 954 unus
533 895 668 984 spiritus,
691 893 776 954 sicuti
792 895 888 955 vocati
906 893 974 955 sunl
992 895 1023 954 in
1043 916 1101 956 uua
1119 897 1203 976 spe.“

89 972 189 1049 Neque
208 970 285 1028 enirn
304 968 367 1027 fieri
386 981 498 1048 potest,
528 992 552 1030 ιι
576 989 644 1030 vere
668 969 796 1048 persuasi
819 970 879 1030 sint
897 970 993 1030 Deum
1017 990 1204 1032 communem

89 1046 140 1109 sibi
159 1045 293 1106 omnibus
312 1044 427 1105 Patrem
449 1064 520 1120 esse,
539 1057 570 1105 et
588 1046 736 1107 Christum
756 1064 912 1106 commune
930 1059 1034 1126 ceput,
1054 1047 1125 1139 quin
1146 1047 1204 1108 lra-

89 1134 173 1184 terno
192 1120 271 1181 inter
288 1140 320 1181 re
332 1141 431 1181 amore
441 1120 600 1197 coniuncti,
618 1121 696 1182 ultro
709 1121 842 1201 citroque
860 1142 911 1183 sua
924 1134 1148 1184 communrcent.
1165 1138 1205 1169 —·-

89 1199 148 1259 laur
165 1197 320 1278 plurimum
332 1208 430 1258 nostra
449 1198 571 1257 interest
588 1197 673 1273 scire,
683 1197 746 1278 quis
765 1197 833 1257 inde
853 1199 889 1259 ad
907 1218 963 1259 nos
974 1198 1083 1260 fructus
1095 1199 1205 1259 redeat.

89 1275 150 1334 llac
169 1273 245 1332 enirn
265 1270 330 1354 lege
350 1274 491 1333 credimus
516 1273 684 1348 ecclesiam,
714 1285 748 1333 ut
777 1287 860 1334 certo
885 1274 1012 1353 persuasi
1036 1274 1124 1336 rimus
1148 1294 1205 1336 uos

89 1369 150 1411 esse
168 1349 229 1410 eins
247 1348 386 1408 membra.
425 1350 491 1409 lloc
510 1352 586 1410 enim
607 1350 696 1410 modo
716 1349 818 1409 nititur
836 1349 912 1411 salua
930 1350 1135 1419 nostracertis
1153 1369 1204 1411 ro·
1293 1417 1295 1421 Α

89 1426 210 1505 lidisque
229 1423 337 1498 fulcris,
355 1437 388 1484 ut
407 1425 517 1485 etiamsi
535 1436 598 1487 tota
608 1426 688 1486 orbis
700 1425 831 1487 machina
842 1424 1045 1502 labefactetur,
1065 1444 1206 1488 corruere

88 1503 149 1580 ipsa
168 1512 198 1561 et
215 1500 370 1561 concidere
389 1521 426 1560 ne
448 1512 525 1560 uest.
573 1502 701 1561 Primum
724 1513 780 1562 stat
799 1523 865 1562 cunr
882 1502 941 1561 Dei
967 1501 1126 1577 electione,
1148 1522 1205 1563 nec

89 1578 143 1638 nisi
171 1598 236 1637 cnm
264 1588 383 1637 aeterna
413 1523 489 1638 illius
518 1578 702 1656 providentia
729 1578 839 1638 variare
857 1590 919 1638 ,ιιι
945 1578 1070 1637 delicere
1097 1589 1204 1670 potest.

89 1652 203 1714 Deinde
223 1652 439 1743 quodammodo
465 1656 620 1714 coniuncta
644 1665 688 1715 est
712 1675 776 1714 cum
802 1654 978 1714 firmitudine
999 1653 1122 1714 chriso:
1155 1652 1210 1733 qui

89 1749 258 1821 non‘rnagrs
278 1729 403 1808 patietur
425 1748 443 1788 a
466 1748 500 1788 se
530 1729 626 1789 divelli
648 1749 714 1790 suos
748 1729 863 1805 fideles,
891 1751 977 1810 quam
1001 1729 1131 1790 membra
1154 1750 1205 1790 sua

89 1805 265 1896 discerptae
285 1804 424 1865 dilaniari.
472 1803 597 1864 Accedit
622 1805 701 1885 quod
721 1805 890 1880 veritatem,
919 1806 988 1865 dum
1013 1805 1043 1865 in
1067 1804 1211 1866 ecclesiae.
1307 1832 1312 1839 ·

89 1881 153 1943 sinu
163 1891 357 1954 reducemur,
375 1900 489 1958 semper
508 1880 593 1942 nobis
604 1893 798 1941 constaturam
811 1882 1021 1943 securisumus.
1050 1881 1205 1943 Postremo

108 1957 168 2018 nod
187 1955 392 2035 promissiones
410 1959 477 2017 istas
496 1958 633 2019 sentimur
652 1956 688 2017 ad
708 1978 762 2018 uos
782 1959 943 2037 pertinere:
974 1956 1080 2034 „Salus
1100 1957 1155 2018 erit
1173 1957 1205 2017 in

89 1978 196 2095 lsioud‘
215 2032 319 2109 „Deus
342 2033 372 2093 in
392 2045 542 2093 aeternum
563 2033 790 2093 commorabitur
809 2033 841 2093 in
861 2034 959 2094 medio
978 2032 1147 2105 Ierusalem,
1166 2051 1205 2093 ue

89 2130 213 2188 unquam
233 2115 471 2169 commoveatur‘
491 2108 581 2185 (loel.
595 2116 625 2184 2,
643 2115 689 2173 32.
710 2109 806 2169 Obad.
821 2116 850 2183 1,
866 2116 897 2176 7.
917 2109 963 2169 l’s.
973 2115 1021 2183 46,
1031 2110 1084 2185 6.).
1123 2109 1206 2168 Tan-

89 2199 150 2247 tnnr
169 2195 266 2264 potest
283 2184 422 2244 ecclesiae
436 2185 635 2276 participatio,
655 2196 688 2245 ιιι
706 2206 760 2246 nos
778 2184 809 2246 in
821 2186 878 2246 Dei
896 2187 1037 2247 societate
1048 2185 1205 2247 contineat.

89 2264 125 2323 ln
143 2261 153 2321 i
173 2281 207 2320 so
227 2280 285 2339 quo
309 2280 344 2321 ue
364 2280 482 2320 nomme
503 2261 724 2324 Communiouis
743 2261 897 2342 plurimum
917 2273 962 2321 est
981 2261 1206 2322 consolationis:

89 2281 256 2428 quoldum
275 2282 311 2428 ed
330 2357 383 2396 nos
403 2337 550 2429 pertinere
576 2337 661 2429 firpm
687 2348 745 2413 est,
775 2337 913 2428 quicquid
936 2337 1073 2397 membris
1096 2337 1154 2399 suis
1172 2357 1207 2397 ac

89 2411 1207 2569 pppltppplrlsrpppppegppnpuduszpmppppppppmepzurpwlpitpntescppseppapopffipapppl·

89 2566 161 2626 nibil
185 2569 232 2644 (ut
255 2565 388 2641 diximus)
418 2586 491 2644 opus
517 2578 561 2626 est
585 2565 733 2626 ecclesiam
761 2567 852 2645 ipsam
876 2566 969 2626 oculis
993 2585 1128 2641 cernere,
1160 2585 1194 2625 ve

89 2640 219 2702 manibus
240 2640 369 2720 palpare:
391 2643 459 2720 quin
479 2642 575 2722 potius
596 2662 631 2701 eo
653 2644 732 2722 qnod
752 2643 781 2701 in
801 2642 858 2701 fide
877 2644 930 2702 sita
946 2654 998 2716 est,
1016 2642 1207 2702 admonemur

89 2716 274 2777 nibilominus
299 2718 485 2798 cogitandum
512 2737 588 2793 esse,
617 2718 684 2776 dum
713 2718 934 2798 intelligentiam
965 2729 1092 2777 nostram
1121 2738 1207 2796 prse-

89 2794 170 2867 terit,
189 2814 273 2884 quarn
284 2796 308 2854 si
321 2793 413 2873 palam
425 2805 569 2874 appareat.
606 2794 710 2873 Neque
729 2795 796 2853 ideo
814 2792 943 2854 deterior
957 2805 1000 2853 est
1019 2793 1089 2852 fides
1108 2804 1207 2853 nostra

89 2869 171 2949 quod
194 2889 260 2929 mco
303 2871 369 2929 itam
395 2870 600 2950 apprehendit:
625 2870 740 2947 quando
761 2868 885 2929 hicnon
911 2868 1045 2928 iubemur
1064 2867 1207 3003 reprobos

89 2946 128 3006 ab
149 2944 247 3005 electis
286 2947 429 3006 iscernere
448 2946 542 3024 (quod
553 2946 610 3004 Dei
629 2957 672 3005 est
690 2946 777 3005 solius
798 2967 857 3007 non
878 2945 1037 3021 nostrum),
1054 2962 1085 3003 se
1125 2955 1207 3005 certo

89 3033 215 3085 statuere
234 3022 264 3081 in
285 3022 386 3081 animis
405 3022 522 3097 nostris,
540 3042 641 3081 omues
661 3041 711 3082 eos
730 3021 778 3101 qui
790 3021 952 3081 Dei-Patris
971 3019 1134 3095 clementia,
1153 3039 1208 3099 per

89 3099 217 3177 Spiritus
237 3099 326 3157 sancti
347 3098 513 3170 efficaciam,
532 3098 561 3156 in
583 3097 692 3158 Christi
715 3098 965 3179 participationem
991 3107 1150 3171 venerunt,
1175 3096 1207 3155 in

89 3174 149 3266 llei
168 3173 311 3254 peculium
331 3196 363 3234 ac
383 3175 528 3253 propriam
548 3173 758 3264 possessionem
767 3186 946 3255 segregatos,
965 3193 999 3233 ac
1014 3194 1104 3253 quum
1119 3173 1207 3233 simus

89 3273 122 3312 ιιι
142 3268 244 3311 eorum
264 3271 395 3325 numero,
415 3263 511 3309 tantae
530 3263 636 3331 gratiae
657 3269 711 3309 nos
730 3270 792 3311 esse
811 3261 972 3311 consortes.

154 3333 197 3393 ,4.
235 3326 344 3387 Verum
365 3327 432 3405 quia
451 3347 527 3385 nunc
548 3326 583 3384 de
603 3326 707 3386 visibili
726 3325 844 3387 ecclesia
865 3326 1004 3386 disserere
1023 3345 1077 3403 pro
1100 3324 1207 3386 ositum

89 3411 154 3475 est,
184 3402 322 3463 discamus
345 3404 391 3461 vel
421 3423 480 3460 uno
501 3403 629 3462 lllatris
654 3401 751 3482 elogio
773 3423 858 3480 quarn
883 3400 961 3462 utilis
984 3401 1022 3460 sit
1042 3345 1127 3461 uoltis
1147 3400 1208 3460 eius

89 3477 512 3635 tttllttit⁰.tttsstt¹t
531 3478 822 3632 tttltttttlt
838 3475 1210 3614 {tlttltttl‘ttttt

89 3632 183 3706 ribus,
204 3632 330 3709 denique
350 3630 402 3689 sub
416 3630 545 3690 custodia
565 3641 594 3688 et
613 3597 825 3711 gubernatione
844 3650 892 3689 sua
913 3648 967 3690 nos
986 3639 1095 3703 teneat,
1114 3627 1209 3688 donec

90 3709 170 3767 exuti
189 3727 276 3767 carne
295 3705 422 3780 mortali,
442 3706 547 3765 similes
568 3707 672 3765 erimus
691 3705 1068 3786 angelis(lllatth.‘l‘l,30·).
1105 3703 1211 3782 Neque

89 3783 170 3844 enim
190 3784 299 3863 patitur
318 3795 415 3842 nostra
436 3783 582 3842 infirmitas
600 3803 617 3841 a
637 3781 734 3842 schola
744 3802 797 3841 nos
812 3783 925 3853 dimitti,
941 3783 1037 3842 donec
1054 3791 1120 3840 toto
1131 3779 1212 3840 ritae

90 3881 179 3921 cursu
199 3858 331 3938 discipuli
351 3858 496 3918 fuerimus.
534 3858 617 3917 Adde
629 3857 708 3939 quod
728 3869 807 3916 extra
826 3857 888 3920 eius
907 3858 1048 3939 gremium
1067 3854 1148 3916 nulla
1167 3865 1212 3915 est

89 3936 237 4071 iiiiii?
247 3934 711 4090 (t‘tlt5⁰¹³..1‘ttll0tttt:¹
713 3930 861 4070 istit
871 3945 945 4088 ‘iii‘
963 3932 1056 4083 liiia
1072 3933 1212 4067 lilii?

89 4087 211 4147 nuntiat
229 4088 260 4147 in
281 4034 536 4168 catalogoqpoputi
556 4086 613 4146 Dei
637 4107 698 4146 non
725 4086 789 4145 lore
809 4106 882 4166 quos
905 4029 1139 4146 a’coete'stlvtra
1159 4082 1213 4142 ab·

93 4163 181 4222 dicat.
220 4163 313 4222 Sicuti
337 4183 371 4221 ex
395 4164 530 4242 opposito
557 4162 692 4222 dicuntur
715 4181 823 4221 nomen
848 4183 930 4225 suum
957 4159 1116 4221 inscribere
1135 4160 1213 4219 iuter

92 4239 172 4301 cives
191 4239 430 4319 Hierosolymae,
460 4239 509 4318 qni
534 4257 565 4298 se
591 4239 627 4298 ad
651 4258 736 4299 verae
762 4238 877 4331 pietatis
901 4236 1010 4298 cultum
1030 4245 1213 4296 convertunt.

94 4315 167 4390 Qua
184 4317 300 4378 ratione
320 4315 424 4377 etalio
445 4313 560 4377 Psalmo
581 4320 665 4391 (1⁰6,
684 4315 727 4392 4.)
746 4314 865 4377 dicitur:
895 4315 1067 4393 „Memento
1087 4310 1146 4375 mei
1164 4311 1213 4372 Ie·
