2700 4732
490 188 858 254 mmmm
1128 178 1248 258 ’ω

108 334 471 415 Iacobo(l5,1lb)utiliter
489 336 629 398 traditur:
649 337 818 409 „Tristatnr
831 333 894 414 quis
907 331 1069 395 intervos?
1088 344 1172 394 uret:
1192 335 1246 416 qui
1285 362 1291 377 ·

107 412 202 474 laetus
222 424 277 488 est,
297 417 412 472 canat.“
445 413 526 494 Ergo
548 414 710 493 dictatipsc
730 414 893 472 communis
913 429 1023 482 sensus,
1043 413 1109 490 quia
1123 410 1244 473 nimium

108 490 187 571 pigri
206 510 321 559 sumus,
341 502 431 568 prout
451 510 496 548 res
517 490 621 570 exigit,
646 509 701 550 nos
721 491 815 550 aerius
835 509 851 547 a
871 489 938 547 Deo
979 489 1050 568 ungi
1070 489 1105 547 ad
1124 500 1245 550 strenue

109 567 264 639 orandum.
303 566 342 625 Et
363 565 420 626 hoc
439 578 554 656 tempus
575 578 776 645 opportunum
797 566 930 624 nominat
948 509 1042 624 david
1054 564 1116 641 (Ps.
1128 568 1246 644 32,6.):
1320 572 1323 581 '

109 644 179 722 quia
200 643 299 722 (sicuti
313 643 444 722 pluribus
459 644 520 701 aliis
538 642 609 702 locis
628 644 729 716 docet)
750 663 809 721 quo
830 663 885 701 nos
905 640 1004 700 durius
1024 655 1161 721 premunt
1180 664 1245 704 mo·

109 719 223 792 lestiae,
243 719 438 790 incommoda,
456 721 587 792 timores,
608 719 739 797 aliaeque
758 718 868 798 species
888 718 1092 790 tentationum,
1112 719 1169 778 acsi
1190 740 1245 781 nos

84 854 87 860 ,
109 797 192 855 Deus
212 795 247 855 ad
268 816 299 855 se
319 808 488 869 arcesseret,
510 797 632 853 liberior
653 807 732 874 patet
752 815 890 854 accessus.
929 795 1047 853 Interea
1069 815 1128 855 non
1150 797 1245 857 minus

108 892 213 931 verum
234 884 278 931 est
297 871 368 930 illud
390 871 483 944 Pauli,
503 873 583 931 omni
603 883 738 951 tempore
759 871 903 931 orandum
924 890 985 930 esse
1005 870 1095 950 (pr.
1115 878 1144 945 6,
1164 875 1243 948 18.):

109 950 178 1085 guia
197 959 347 1027 utcunque
368 969 402 1006 ex
422 949 509 1007 animi
530 949 622 1007 nostri
641 949 787 1008 sententia
806 968 852 1007 res
873 948 1128 1027 prosperelluant,
1148 961 1245 1009 etun-

132 1027 202 1105 ique
227 1045 280 1084 nos
301 1026 462 1085 circumdet
486 1026 612 1084 laetitiae
632 1026 768 1096 materia,
788 1025 899 1083 nullum
920 1036 1019 1083 tamen
1040 1037 1083 1084 est
1123 1037 1244 1086 unctum

110 1101 268 1180 temporis,
293 1123 352 1179 quo
379 1101 499 1179 nosffad
530 1101 708 1180 precandum
741 1101 840 1179 inopia
871 1112 971 1159 nostra
1002 1122 1065 1161 nou
1101 1046 1245 1163 ductetur.

109 1178 253 1257 Abundat
273 1179 415 1257 quispiam
435 1177 503 1237 vino
525 1191 554 1236 ct
573 1179 689 1237 tritico:
715 1178 833 1256 quando
859 1176 990 1236 buccella
1020 1177 1102 1256 panis
1124 1179 1177 1238 nisi
1197 1200 1244 1240 as·
1280 1212 1282 1217 .

108 1256 194 1316 sidua
208 1254 271 1313 ·l)ei
292 1256 381 1335 gratia
401 1254 458 1311 srui
480 1275 540 1312 non
562 1264 669 1333 potest,
689 1275 750 1312 non
771 1254 932 1334 impedient
951 1253 1042 1314 cellae
1063 1253 1108 1313 vel
1127 1253 1244 1330 horrea,

108 1331 268 1423 quominus
292 1352 396 1411 panem
422 1331 623 1408 quotidianum
651 1328 789 1410 postulet.
841 1330 900 1389 lam
925 1330 949 1389 si
978 1344 1145 1411 reputemus
1171 1345 1245 1411 quot

106 1430 153 1469 stn
199 1406 232 1466 lis
252 1407 586 1467 momentisdiscrimina
607 1409 787 1482 immineant,
807 1407 919 1466 nullum
931 1405 967 1464 ab
980 1408 1094 1467 orando
1114 1409 1246 1470 immune

106 1505 152 1545 no
176 1485 198 1543 is
219 1502 281 1543 esse
301 1494 414 1561 tempus
427 1478 548 1542 dodcbit
567 1496 660 1543 metus
681 1486 752 1562 ipse.
791 1484 859 1544 lloe
877 1494 975 1542 tamen
995 1483 1025 1542 in
1046 1485 1245 1563 spiritualibus

105 1560 215 1621 melius
235 1559 304 1619 licet
321 1580 512 1651 cognoscere.
553 1560 683 1634 Quando
700 1559 777 1619 enim
796 1570 843 1620 tot
863 1571 991 1638 peecata,
1011 1582 1137 1693 puerum
1157 1563 1245 1626 nobis
1303 1609 1308 1631 2

107 1658 210 1700 sumus
229 1657 354 1707 consen,
382 1659 436 1696 nos
454 1657 573 1696 securos
594 1657 706 1697 cessare
725 1636 834 1711 sinent,
853 1640 923 1714 quin
943 1658 1017 1715 supp
1031 1637 1113 1697 iciter
1132 1652 1162 1697 et
1183 1639 1246 1700 eul-
1334 1698 1337 1703 ,

108 1735 179 1795 pam
198 1726 229 1773 et
247 1734 372 1793 poenam
394 1714 605 1792 deprecemur?
645 1714 773 1788 Quando
800 1711 886 1773 nobis
910 1713 1089 1777 tentationes
1114 1715 1246 1779 inducias

111 1791 296 1865 concedunt,
320 1791 391 1869 quin
417 1792 452 1850 ad
477 1789 612 1848 arssilium
633 1791 843 1869 properemus?
886 1788 1007 1848 Adlraec
1029 1790 1114 1870 regni
1134 1791 1193 1852 llei
1213 1806 1246 1855 et

108 1866 224 1963 gloriae
243 1867 371 1926 studium
392 1887 453 1926 non
473 1887 528 1945 per
547 1867 716 1940 intervalla,
745 1867 795 1925 sed
822 1865 934 1926 assidue
960 1885 1014 1925 nos
1034 1886 1138 1947 rapere
1155 1868 1192 1928 ad
1213 1891 1245 1932 se

109 1957 153 2007 ata
174 1943 278 2017 debet,
299 1954 332 2002 ut
349 1944 450 2001 eadem
471 1963 586 2023 semper
611 1964 667 2003 nos
686 1954 803 2001 mancat
821 1942 1037 2031 opportunitas.
1071 1944 1156 2025 -Ergo
1181 1967 1245 2008 non

109 2023 218 2083 frustra
237 2020 325 2079 toties
345 2019 431 2079 uobis
451 2020 628 2099 praecipitur
648 2019 751 2079 orandi
770 2020 927 2079 assiduitas.
965 2017 1105 2080 Nondum
1120 2024 1156 2082 de
1175 2042 1247 2114 per·

107 2096 274 2161 severantia
293 2096 418 2175 loquor,
438 2097 518 2157 cuius
538 2108 641 2174 postea
660 2096 712 2157 fiet
730 2097 858 2158 mentio:
888 2093 940 2156 sed
960 2095 1112 2188 Scriptura
1131 2101 1246 2161 assiduo

108 2175 257 2236 orandum
277 2173 454 2246 admonens,
478 2173 642 2233 socordiam
664 2187 793 2234 nostram
813 2171 960 2253 coarguit:
985 2193 1134 2252 quianon
1154 2179 1246 2238 senti·

107 2273 175 2312 mus
195 2271 280 2329 quam
300 2251 461 2309 necessaria
481 2251 518 2309 sit
538 2250 623 2309 nobis
645 2250 715 2311 haec
735 2272 803 2310 cura
824 2264 855 2311 et
872 2248 1019 2310 sedulitas.
1060 2251 1124 2314 Hsc
1142 2254 1247 2335 regula

109 2330 130 2388 b
174 2327 275 2386 ocrisis
291 2338 321 2385 et
333 2326 400 2385 Deo
414 2326 575 2386 mentiendi
588 2326 729 2387 calliditas
740 2328 776 2387 ab
790 2328 925 2388 oratione
937 2338 1063 2402 arcetur,
1081 2329 1142 2389 imo
1155 2329 1248 2415 longe

107 2426 125 2466 a
149 2406 249 2486 agitur.
288 2402 441 2463 Promittit
463 2404 544 2462 Deus
567 2425 599 2463 se
618 2405 818 2485 propinquum
839 2404 903 2464 lnce
923 2403 1071 2480 omnibus,
1091 2411 1140 2485 qui
1160 2407 1246 2468 iuvo-

110 2480 244 2542 eaverint
263 2498 329 2538 eum
355 2481 384 2538 in
406 2482 540 2555 veritate,
573 2492 603 2539 et
628 2482 799 2541 inventuros
825 2481 978 2540 denuntiat
998 2482 1048 2559 qui
1068 2485 1247 2561 quaesierint

108 2560 143 2620 in
163 2568 232 2617 toto
253 2557 356 2615 corde:
384 2576 421 2615 eo
447 2559 565 2617 minime
590 2580 619 2618 as
642 2558 719 2617 irant
738 2559 788 2638 qui
807 2558 862 2619 sibi
881 2558 1000 2636 placent
1020 2558 1050 2617 in
1070 2560 1130 2621 suis
1149 2562 1247 2621 sordi-

108 2636 177 2696 bus.
198 2667 234 2679 -
266 2634 371 2711 Itaque
391 2635 602 2712 poenitentiam
623 2580 753 2715 legitima
774 2637 869 2695 oratio
890 2635 1026 2712 postulat.
1064 2635 1154 2697 Unde
1173 2637 1248 2698 illud

109 2713 213 2773 tritum
224 2711 253 2768 in
268 2709 435 2800 scripturis,
456 2711 550 2769 Deum
562 2712 720 2771 sceleratos
735 2734 795 2771 non
807 2713 951 2784 exaudire,
972 2723 1003 2769 et
1021 2732 1123 2791 preces
1144 2733 1248 2774 eorum

112 2808 178 2849 esse
197 2787 393 2861 exsecrabiles,
412 2789 497 2846 sicuti
517 2801 547 2847 et
566 2788 720 2849 sacrificia:
742 2791 807 2868 quia
826 2809 951 2867 aequum
972 2800 1016 2846 est
1035 2799 1068 2847 ut
1086 2790 1144 2848 Dei
1164 2810 1248 2852 aures

113 2863 224 2928 clausas
247 2864 412 2938 inveniant,
438 2865 487 2942 qui
507 2864 646 2925 obserant
671 2867 759 2925 corda
792 2886 859 2938 sua,
892 2886 947 2924 nec
966 2864 1064 2923 Deum
1089 2866 1249 2945 flexibilem

110 2940 257 3017 sentiant,
283 2944 332 3021 qui
352 2964 402 3002 sua
422 2941 529 3001 duritie
554 2954 718 3021 provocant
742 2944 803 3003 eius
829 2943 853 3002 ri
876 2963 967 3001 orem.
1018 2940 1104 3019 Apud
1128 2942 1249 3004 Iesaiatn

110 3019 244 3080 minatur
267 3018 297 3076 in
326 3018 404 3079 hunc
428 3021 547 3078 modum
574 3020 645 3096 (les.
666 3028 699 3092 1,
719 3023 796 3094 15.):
830 2962 954 3095 „zoom
985 3017 1248 3108 multiplicaveritis

111 3108 354 3178 precesvestras,
375 3118 434 3154 non
457 3098 619 3155 exaudiam:
640 3118 740 3156 manus
760 3096 837 3157 enim
849 3109 962 3157 vestrae
981 3114 1123 3175 sanguine
1143 3095 1249 3175 plenae

110 3177 213 3235 sunl.“
263 3173 338 3231 Item
359 3173 436 3252 apud
457 3174 611 3231 Ieremiam
632 3180 700 3247 (11,
720 3180 747 3238 7.
767 3177 796 3236 8.
818 3185 848 3233 et
867 3175 943 3248 11.):
972 3171 1125 3247 „Clamavi
1144 3184 1174 3231 et
1199 3193 1249 3232 re·

109 3261 244 3309 aruerunt
271 3250 384 3308 audire:
418 3250 584 3309 clamabunt
611 3250 665 3328 ipsi
689 3251 827 3324 vicissim,
860 3263 890 3310 et
914 3270 975 3308 non
1001 3249 1151 3308 audiam:“
1180 3249 1248 3330 quia

111 3325 219 3388 summi
240 3326 341 3405 probri
362 3327 430 3385 loco
452 3327 547 3400 ducit,
578 3327 679 3386 iactari
707 3327 810 3387 foedus
835 3349 918 3386 suum
943 3326 981 3386 ab
1007 3324 1165 3405 improbis,
1196 3329 1247 3407 qui

110 3424 226 3464 sacrum
247 3403 308 3460 eius
329 3424 437 3461 nornen
458 3415 521 3463 tota
541 3405 597 3462 vita
620 3402 764 3482 polluunt.
815 3404 902 3468 Unde
928 3402 1004 3482 apud
1026 3402 1147 3463 lesaiam
1174 3425 1249 3463 eon·

112 3479 259 3559 queritur,
280 3501 367 3557 quum
389 3480 474 3539 labiis
494 3481 529 3539 ad
549 3501 580 3539 sc
600 3481 701 3539 Iudaei
719 3479 869 3552 accedant,
890 3499 1054 3540 cereorum
1076 3500 1137 3538 esse
1157 3478 1249 3561 longe

110 3568 262 3617 remotum
283 3557 354 3629 (les.
374 3564 423 3629 29,
442 3559 512 3634 13).
551 3560 624 3617 Non·
642 3558 792 3638 restringit
811 3557 928 3635 quidem
949 3557 1007 3615 hoc
1027 3557 1062 3614 ad
1083 3557 1159 3616 solas
1177 3576 1248 3646 pre-

111 3653 179 3693 ces:
203 3632 255 3691 scd
282 3632 429 3691 fictionem
451 3636 480 3692 in
501 3634 620 3714 singulis
640 3632 734 3692 cultus
753 3635 796 3692 sui
817 3633 947 3713 partibus
966 3654 997 3692 se
1023 3633 1184 3691 abominari
1204 3655 1250 3693 as-
1269 3690 1272 3695 .

111 3709 195 3771 serit.
237 3708 308 3782 Quo
329 3711 458 3787 pertinet
477 3709 547 3769 illud
569 3710 670 3770 lacobi
689 3714 734 3786 (4,
753 3712 813 3787 3.):
848 3710 987 3784 „l’etitis,
1010 3722 1039 3766 et
1059 3729 1120 3767 non
1141 3710 1251 3789 accipi-

112 3787 168 3845 tis:
190 3786 257 3863 quia
277 3787 352 3844 male
372 3787 484 3864 petitis,
503 3799 536 3845 ut
554 3787 583 3844 in
605 3787 768 3866 voluptates
788 3798 896 3847 vestras
915 3785 1098 3845 insumatis.“
1137 3787 1249 3846 Verum

113 3861 235 3942 quidem
257 3875 301 3921 est
320 3868 368 3939 (ut
388 3864 475 3942 paulo
498 3875 564 3941 post
582 3865 691 3922 iterum
711 3862 889 3940 videbimus)
913 3883 975 3922 non
1002 3862 1088 3921 inniti
1115 3862 1249 3943 dignitati

113 3939 234 4020 piorum
256 3961 326 4016 quas
352 3940 479 3998 fundunt
502 3961 617 4018 preces:
650 3961 711 3998 non
737 3953 835 3999 tamen
859 3959 1036 4019 supervacua
1062 3950 1105 3999 est
1129 3939 1250 4001 Ioannis

115 4014 282 4073 admonitio
303 4015 342 4093 (l.
363 4038 408 4094 cp.
428 4022 457 4089 3,
476 4020 553 4094 aab:
578 4016 632 4090 „Si
654 4016 722 4095 quid
742 4017 928 4094 petierimus,
947 4018 1009 4074 acci
1031 4016 1123 4075 iemus
1143 4016 1179 4075 ab
1201 4037 1250 4091 eo,

117 4092 187 4168 quia
210 4102 366 4170 psaecepta
396 4093 458 4151 eins
484 4098 667 4152 servamus:“
698 4093 937 4172 quandoquidem
966 4036 1041 4152 maia
1072 4093 1250 4154 conscientia

115 4167 235 4227 ianuam
256 4168 342 4228 nobis
362 4169 478 4229 claudit.
511 4170 598 4229 Unde
617 4190 648 4229 se
672 4171 759 4243 uitur,
780 4191 835 4229 nec
845 4169 901 4229 rite
914 4170 1038 4248 precari,
1058 4188 1113 4229 nec
1123 4171 1251 4230 exaudiri

117 4242 177 4304 nisi
195 4244 393 4307 sincerosllei
412 4246 550 4309 cultores.
587 4191 751 4329 Displiceat
770 4246 860 4330 igitur
877 4246 934 4308 sibi
954 4246 984 4306 in
1003 4247 1061 4309 suis
1080 4237 1251 4328 malisquis·
