2700 4732
499 211 576 275 tte.
595 211 649 274 lv.
688 211 778 277 CAP.
798 210 878 276 xlx.
1202 216 1262 280 «¹56

123 356 318 433 ceremonias,
335 356 536 420 nisivolumus
556 358 587 416 in
607 356 699 418 multa
708 356 835 419 absurda
853 356 993 418 incidere.
1031 352 1056 417 A
1080 355 1169 418 ostoli
1188 364 1256 419 ora2

123 445 195 494 runt
218 435 342 515 genibus
366 434 462 496 llexise
484 454 582 517 genna
602 434 694 518 igitur
712 454 774 494 non
793 433 951 496 flectentur
966 433 1034 496 siae
1051 378 1256 495 §aeramento

102 509 267 591 ,Discipuli
288 509 423 572 feruntur
441 531 541 571 orasse
561 530 659 572 sersus
679 508 848 571 Orientem:
866 510 909 572 sie
927 510 1015 572 nobie
1034 509 1256 572 Sacramentum

124 586 256 646 Orientis
267 588 400 666 aspectus
412 589 581 666 (aeteae
592 598 623 646 et
635 589 764 663 mee).
781 585 969 648 'Paulussnlt
987 588 1070 649 omni
1088 585 1157 651 loco
1176 588 1256 650 siros

123 661 232 723 tollere
249 684 336 744 puras
355 685 458 725 manus
476 665 517 744 (Ι.
528 664 607 724 Tim.
620 669 650 739 2,
661 666 716 743 D),
735 675 767 724 et
785 663 903 725 elevatis
921 662 1055 725 manibus
1074 663 1170 724 oratio
1190 682 1256 724 sae·

123 739 189 821 pius
208 742 349 800 assuetis
373 740 449 801 sacta
479 751 672 801 memorator:
704 752 734 800 et
751 760 893 801 manuum
910 758 1031 820 quoque
1049 741 1179 800 extensio
1199 739 1256 801 Sa«-

123 827 303 875 erameutum
322 816 390 877 lists
422 836 524 877 omnes
550 816 678 897 denique
701 825 870 877 sanctoruni
896 828 995 898 gestus
1018 816 1050 877 in
1074 828 1256 881 remanente

121 902 281 966 transeant,
300 894 354 953 etsi
373 912 412 952 ne
432 892 503 953 baec
516 893 634 972 quidem
647 892 803 954 admodum
819 908 969 969 morarer,
981 892 1072 955 modo
1083 911 1146 954 non
1158 902 1256 955 essent

121 989 187 1028 cum
206 968 366 1030 maioribus
385 968 441 1030 illis
459 970 654 1031 incommodis
672 970 839 1031 coniuncta.
1226 992 1229 999 ·

196 1049 225 1108 3.
264 1045 297 1104 Si
315 1046 421 1107 veteris
448 1045 592 1107 ecelesiae
617 1046 793 1107 auctoritate
833 1064 947 1106 ramere
967 1063 1023 1105 uos
1040 1043 1150 1123 velint,
1175 1044 1255 1123 dieo,

122 1139 174 1180 eos
193 1120 292 1182 fucum
318 1122 424 1185 lacere.
473 1122 625 1216 Nusquam
651 1124 729 1184 enim
754 1066 831 1203 apog
856 1121 1066 1183 ecclesiasticos
1094 1123 1254 1202 scriptores

120 1216 258 1258 numerus
279 1197 325 1258 bie
343 1200 525 1281 septenarius
545 1198 708 1259 invenitur:
741 1199 882 1273 neesatis
902 1209 1027 1274 constat,
1046 1218 1106 1278 quo
1125 1199 1252 1279 primurn

118 1282 255 1362 tempore
273 1272 448 1366 obrepserit.
487 1276 599 1336 Fateor
608 1274 752 1411 guidem,
769 1276 804 1365 in
820 1273 968 1394 voralpsulo
986 1274 1169 1336 sacramenti
1187 1292 1253 1368 esse

118 1348 1253 1519 stetu,lassessere„testamcutumaas

118 1499 1169 1670 litbi'ttletti}‘stell?22²‘strtttsit‘tttlttllt
1187 1520 1251 1668 ‘tt

117 1672 183 1785 ¹ptus
202 1652 275 1713 falso
299 1654 400 1714 iactari
418 1655 477 1714 boe
502 1673 585 1747 ame
602 1667 708 1812 putet,
736 1677 827 1735 pauca
843 1656 1051 1768 ‚Auffilfmst
1081 1665 1250 1715 testsmonsa

115 1728 1252 1898 „telate,llltt¹¹lltbttd²llpslbtt,lattlsl‘t‘ttlf

116 1891 216 1956 „stum
234 1884 324 1959 (sicut
343 1885 405 1963 ipse
424 1885 455 1942 in
474 1884 635 2022 Evangelio
656 1884 802 1964 loquitur)
827 1883 888 1944 leni
911 1884 982 1966 iugo
1008 1903 1063 1944 nos
1086 1881 1249 1945 subdidisse

115 1966 168 2031 „et
185 1957 315 2019 sarcinae
335 1960 399 2020 levi.
442 1960 532 2020 Unde
580 1961 753 2022 aeramentis
772 1979 896 2019 numero
920 1958 1113 2050 paucissimis,
1143 1957 1249 2020 obses·-

114 2034 258 2108 „vatione
277 2034 434 2111 facillimis,
463 2036 676 2118 significatione
696 2034 961 2116 praestantissimis,
984 2036 1157 2097 societatem
1176 2033 1248 2096 novi

114 2110 239 2188 „populi
259 2110 424 2193 colligavit:
454 2113 539 2173 sicuti
563 2124 608 2174 est
630 2113 795 2194 Baptismus
814 2111 969 2173 Trinitatis
994 2111 1115 2172 nomine
1140 2130 1248 2172 conse*

113 2198 248 2322 „cpatps,
273 2199 316 2323 egt
336 2188 714 2322 eoprmunieatioeorporis
734 2187 1157 2326 ⁰²d⁸²5⁸¹ii⁸i⁸1p⁰mi⁰ik⁰²d⁸i
1168 2186 1248 2325 :pepp

124 2283 150 2333 ,a
164 2285 193 2321 ru
237 2284 268 2322 sn
313 2285 353 2324 ers
389 2285 448 2325 urss
467 2285 616 2327 eanonrers
636 2284 866 2325 commen‘aur.
956 2284 1002 2323 ern
1041 2311 1044 2315 ⁷
1132 2285 1168 2326 oe
1199 2288 1208 2324 ι

114 2338 280 2400 Christiana
316 2339 509 2418 liberes:
538 2343 591 2416 „b
605 2343 821 2402 resurrectione
840 2340 963 2401 Domini
982 2340 1124 2421 quaedam
1153 2359 1248 2421 pauca

113 2305 122 2336 a
355 2284 373 2344 P
1008 2306 1019 2341 s
1177 2418 1185 2433 .

113 2416 158 2490 „si
180 2437 216 2476 na
232 2437 288 2496 pro
304 2416 404 2476 multis
424 2419 585 2510 eademque
604 2417 681 2478 iactu
702 2417 848 2490 facillima,
866 2417 1019 2479 intellectu
1032 2438 1067 2478 au
1091 2418 1245 2494 ustissrrna,

112 2435 340 2566 „offsersationc
359 2496 510 2556 castissima
531 2515 593 2574 ipse
612 2495 759 2556 Dominus
778 2505 809 2555 et
827 2494 1000 2575 Apostoliea
1019 2436 1140 2556 ualidis
1158 2493 1246 2554 disci·
1338 2540 1342 2547 .

112 2609 132 2644 „
155 2568 226 2629 linat
258 2569 343 2629 sicuti
369 2583 413 2632 est
436 2571 612 2650 Baptismus.
628 2582 658 2630 et
684 2569 855 2633 Celebratio
882 2572 1016 2650 eorporis
1041 2584 1071 2632 et
1095 2570 1245 2652 sanguinis

123 2590 287 2718 ,Dominif‘
327 2645 390 2706 Cur
410 2647 518 2708 nullam
540 2648 587 2707 bic
603 2648 677 2725 sacri
692 2647 818 2721 numeri,
837 2647 894 2707 boe
911 2660 956 2707 est
970 2647 1140 2726 septenarii,
1159 2665 1245 2706 men·

111 2724 226 2781 tionem
251 2721 337 2782 lacit?
386 2723 434 2782 An
453 2723 610 2784 verisimile
634 2735 679 2783 est
701 2723 970 2802 praetermissurum
991 2722 1093 2799 luisse,
1116 2723 1142 2782 si
1170 2734 1245 2784 tunc

112 2796 216 2857 fuisset
243 2798 274 2855 in
303 2797 425 2860 ecelesia
448 2800 612 2874 institutus,
642 2799 813 2879 praesertim
834 2820 922 2876 quum
943 2799 979 2858 sit
999 2798 1068 2859 alias
1088 2799 1118 2857 in
1139 2797 1244 2858 obser-

110 2873 211 2935 vandis
228 2874 356 2933 numeris
376 2876 534 2948 curiosior,
555 2895 640 2952 quam
660 2894 779 2934 neeesse
798 2873 897 2934 foret?
934 2872 1111 2964 Iuro-quum
1129 2874 1245 3010 Baptis-

112 2687 121 2718 l

111 2970 191 3008 mum
212 2960 242 3008 et
254 2949 541 3022 Coenamnominat,
561 2950 615 3009 alia
634 2949 821 3025 subticet*),
839 2970 942 3011 annon
960 2960 1027 3010 satis
1046 2951 1153 3021 innuit,
1193 2970 1245 3015 aec

111 3026 172 3086 duo
191 3026 331 3102 mysteria
343 3026 481 3108 singulari
491 3025 633 3108 dignitate
653 3038 810 3105 praestare,
830 3025 898 3087 alias
910 3027 1093 3087 ceremonias
1102 3027 1245 3088 inferiore

109 3102 180 3163 loco
200 3101 369 3163 subsidere?
408 3103 510 3179 Quare
529 3103 767 3163 sacramentarios
790 3103 862 3163 istos
881 3103 1029 3165 Doctores
1049 3123 1110 3163 non
1129 3115 1244 3164 tantum

107 3178 202 3240 verbo
215 3179 347 3255 Domini,
365 3180 416 3241 sed
427 3179 534 3240 veteris
554 3180 639 3239 etiam
660 3178 799 3240 ecelesiae
819 3180 1015 3241 consensione
1035 3179 1152 3241 destitui
1166 3181 1245 3256 dieo,

109 3269 259 3335 utcunque
293 3255 348 3317 boc
374 3268 525 3336 praetextu
550 3256 673 3316 maxime
696 3255 877 3335 superbiant.
927 3255 988 3317 Sed
1013 3253 1072 3333 iesu
1098 3256 1134 3316 ad
1165 3258 1242 3338 ipsas

107 3332 221 3413 species
239 3332 457 3395 descendamus.

444 3507 503 3568 De
524 3507 897 3589 confirmationem.

185 3641 214 3698 4.
253 3633 310 3693 llic
329 3654 394 3695 rnns
413 3631 484 3694 olim
503 3633 573 3712 tuis,
592 3645 625 3695 ut
637 3633 870 3696 Christianorum
889 3630 988 3711 liberi,
1027 3636 1245 3725 ostpnarnado-

66 3712 75 3726 '
107 3712 259 3789 leverant,
279 3731 379 3770 coram
400 3712 540 3791 episcopo
559 3710 746 3772 sisterentur:
777 3724 812 3772 ut
830 3711 961 3774 officium
983 3653 1056 3771 iliud
1076 3712 1220 3791 rmplereu

108 3788 190 3869 quod
202 3787 238 3847 ab
257 3787 293 3847 iis
312 3786 492 3869 exigebatur,
511 3787 611 3868 quise
631 3788 668 3849 ad
679 3789 858 3926 Baptismum
878 3787 970 3848 adulti
990 3786 1168 3849 offerebant.
1204 3791 1245 3851 Hi

107 3866 188 3926 enim
209 3865 286 3923 inter
305 3863 529 3926 catechumenos
548 3865 700 3942 sedebant,
740 3887 816 3926 onec
835 3865 892 3926 rite
911 3864 980 3924 lidei
1000 3865 1143 3944 mysteriis
1161 3865 1246 3926 insti·

106 4013 1239 4043 μ--ᾞ--μ-..ῇ--ῄ

162 4128 204 4191 st)
223 4127 267 4181 Sic
291 4142 316 4181 et
338 4130 490 4184 Ambrosius
516 4130 544 4185 in
568 4132 614 4184 lib.
632 4132 665 4184 de
690 4128 720 4184 iis
742 4130 787 4202 qui
809 4129 866 4184 init.
887 4127 1010 4202 mysteriis
1028 4143 1075 4182 etc.
1103 4142 1130 4182 et
1152 4128 1180 4181 in
1199 4147 1242 4182 sex

104 4196 179 4249 libris
195 4198 229 4249 de
247 4197 426 4251 sacramentis.
529 4210 534 4221 '
582 4254 585 4258 ,
1020 4220 1022 4225 ’

159 4264 201 4336 l⁴)
217 4267 276 4318 Vid.
295 4265 366 4318 Calv.
384 4269 440 4319 adv.
451 4264 554 4319 Coneil.
566 4264 684 4321 Trident.
712 4266 776 4319 Item
795 4268 901 4337 praefat
918 4265 945 4318 in
964 4263 1156 4322 catechismum
1174 4263 1243 4320 bari-

106 4352 181 4387 num.
215 4333 280 4387 lteru
298 4334 416 4390 viretum
432 4335 478 4391 lib.
491 4337 529 4388 ·de
545 4335 653 4389 edetur.
670 4334 831 4393 Sanamem.
848 4353 905 4407 cap.
920 4335 1008 4389 2-5.
