2700 4732
472 188 547 249 LIB.
567 189 623 248 lll.
664 188 752 251 CAP.
772 189 878 252 XXIV.
1025 216 1028 222 ·
1182 195 1239 259 166

108 331 272 412 praecipui:
302 329 377 391 siciit
405 328 513 391 dicitur
536 332 566 392 iii
588 332 704 394 Psalmo
724 336 788 413 (69,
807 336 886 412 29.):
919 332 1104 410 „Deleantur
1122 351 1139 394 e
1158 314 1257 398 libro¹

107 409 197 481 ritae,
216 419 246 466 et
266 428 330 465 cum
351 406 431 466 iustis
450 428 510 466 non
531 409 729 470 scribantur.“

185 489 233 548 10.
273 482 431 559 Enimvero
452 481 547 559 electi,
566 505 622 545 nee
640 489 737 547 statim
756 486 793 547 ab
813 498 913 562 utero,
930 506 986 546 nec
1005 485 1111 546 eodem
1131 506 1233 548 omnes

104 568 261 640 tempore,
291 559 341 619 sed
366 571 457 639 prout
479 560 569 620 visum
590 573 634 621 est
652 562 719 626 Deo
742 585 823 624 suam
842 562 898 623 illis
918 562 1040 643 gratiam
1060 562 1224 642 dispensare

106 636 140 697 iu
160 634 238 695 ovile
257 634 367 697 Christi
408 654 440 694 er
458 639 643 697 vocationem
661 651 866 735 aggregantur.
903 638 983 699 Ante
1002 658 1072 699 vero
1092 661 1177 718 quain
1198 606 1234 700 ad

107 732 253 774 summum
271 711 351 771 illurn
372 656 522 771 Ppastorem
543 713 731 794 colligantur,
751 738 780 775 in
801 716 947 775 communi
967 714 1084 775 deserto
1105 715 1171 774 dissi
1193 715 1233 774 ati

107 788 260 848 aberrant:
282 807 337 847 nec
356 786 391 846 ab
411 787 474 847 aliis
494 791 648 868 quicquain
669 791 826 863 disserunt,
844 792 900 850 nisi
920 791 999 871 quod
1018 790 1156 881 singulari
1206 791 1233 851 ei

106 863 305 923 misericordia
324 874 531 945 proteguntur,
552 886 591 925 ne
610 867 641 924 iii
662 866 794 937 ultimum
806 868 907 926 mortis
919 869 1120 958 praecipitium
1139 878 1232 927 ruant.
1290 940 1293 944 ι

106 938 145 998 lii
165 940 244 1018 ipsos
264 959 335 1021 ergo
356 941 379 999 si
399 941 546 1032 respicias,
573 941 683 1002 videbis
703 944 783 1002 Adae
804 963 990 1025 progeniem,
1010 963 1084 1024 quae
1104 964 1235 1003 cominu·

107 1035 178 1075 nem
197 1036 305 1076 massae
325 1028 546 1094 corruptionem
572 1017 713 1078 redoleat.
763 1018 853 1095 Quod
880 1040 939 1079 non
967 1021 996 1078 in
1023 1030 1177 1079 extremam
1204 1030 1235 1080 et

108 1092 290 1172 desperatam
311 1112 402 1171 usque
421 1093 601 1173 impietatem
621 1094 769 1171 seruntur,
802 1095 830 1153 id
855 1114 915 1154 non
939 1094 972 1153 sit
997 1094 1035 1154 ali
1058 1116 1093 1154 ua
1113 1094 1168 1156 illis
1187 1095 1233 1154 in-

109 1170 210 1249 genita
232 1166 380 1226 bonitate:
401 1169 451 1227 sed
473 1170 539 1247 quia
559 1172 590 1229 in
610 1170 739 1251 ipsorum
759 1172 881 1232 salutern
903 1170 1024 1231 excubat
1038 1117 1101 1230 bei
1121 1169 1233 1246 oculus,

109 1255 142 1303 et
172 1265 271 1304 manus
299 1254 412 1303 extenta
438 1256 489 1304 est.
538 1246 612 1305 Naro
637 1246 686 1326 qui
711 1247 748 1307 ab
773 1249 833 1327 ipsa
858 1247 1006 1308 nativitate
1029 1247 1146 1307 insitum
1171 1267 1233 1309 esse

108 1339 212 1379 eorum
233 1320 369 1380 cordibus
387 1339 486 1380 semen
508 1322 707 1402 nescioquod
728 1323 880 1385 electionis
896 1324 1052 1399 somniant,
1072 1323 1152 1383 cuius
1170 1324 1233 1383 rir-

107 1406 174 1456 tute
193 1416 308 1476 semper
327 1397 361 1455 ad
382 1395 520 1475 pietatem
539 1398 734 1479 timoremque
752 1399 810 1459 Dei
829 1400 886 1459 sint
910 1398 1055 1474 inclinati,
1079 1418 1135 1459 nec
1154 1398 1234 1460 Seri·

131 1485 214 1533 turae
239 1475 412 1531 auctoritate
441 1473 626 1548 adiuvantur,
658 1487 688 1534 et
717 1477 777 1555 ipsa
808 1476 1023 1554 redarguuntur
1046 1475 1233 1554 experientia.

106 1492 248 1641 Exempla
268 1548 385 1628 quidem
404 1568 495 1628 pauca
515 1550 685 1628 proferunt,
706 1551 783 1610 unde
803 1551 932 1631 probent
951 1550 1061 1611 electos
1080 1563 1148 1611 aute
1167 1550 1235 1611 illu·

105 1627 298 1688 minationem
319 1643 437 1703 quoque
460 1645 520 1684 nori
542 1626 627 1685 luisse
648 1646 663 1684 a
684 1627 827 1708 religione
846 1627 970 1687 alienos:
990 1626 1111 1687 Paulum
1131 1627 1161 1685 in
1180 1647 1233 1689 suo

107 1700 300 1764 Pbarisaismo
323 1701 425 1760 vixisse
454 1700 757 1779 irreprehensibilem:
791 1702 963 1764 Cornelium
989 1702 1114 1762 eleemos
1127 1705 1179 1761 ’nis
1203 1714 1235 1764 et

108 1777 292 1843 orationibus
312 1776 398 1836 luisse
422 1789 572 1856 acceptum
592 1778 675 1853 Deo,
707 1791 738 1838 et
756 1780 780 1839 si
802 1800 856 1858 qua
882 1791 950 1838 sunt
974 1777 1074 1837 similia
1095 1724 1184 1857 (itit.
1203 1785 1233 1855 3,

106 1863 138 1924 ὗ.
158 1866 190 1914 et
205 1859 235 1918 6.
254 1853 322 1912 Act.
341 1857 389 1926 10,
407 1856 459 1929 2.).
498 1854 545 1911 De
564 1854 657 1914 Paulo
676 1855 732 1915 illis
752 1854 956 1915 concedimus:
977 1854 1006 1914 in
1027 1854 1170 1915 Cornelio
1190 1852 1234 1913 di-

106 1933 201 1997 cimus
221 1928 406 1989 ballucinari:
426 1930 482 1987 iani
495 1928 571 1987 enini
591 1942 652 1989 tiim
672 1930 864 1991 illuminatum
878 1952 910 1991 ac
926 1940 1128 2024 regeneratum
1148 1929 1235 1991 luisse

108 2017 248 2101 apparet,
268 2017 301 2065 ut
320 2005 392 2063 nihil
412 2005 454 2064 illi
475 2005 588 2065 deesset
613 2021 729 2085 praeter
745 2008 931 2099 perspicuam
951 2007 1102 2087 hvangelii
1121 2006 1234 2067 revela·

106 2097 232 2147 tionem.
271 2081 428 2141 Sedenim
455 2080 523 2160 quid
551 2084 681 2160 pauculis
706 2084 766 2144 istis
786 2083 923 2162 exemplis
941 2083 1057 2142 tandem
1079 2094 1235 2201 extorpue-

106 2161 201 2236 bunt,
232 2157 380 2217 electosne
410 2177 512 2217 omnes
541 2159 657 2236 pietatis
676 2159 779 2239 spiritu
797 2180 912 2240 semper
931 2178 993 2218 esse
1012 2158 1159 2237 praedito's
1235 2230 1240 2239 ¹

106 2239 179 2303 Non
200 2234 291 2316 magis
330 2254 397 2293 uain
416 2236 439 2294 si
451 2235 513 2313 quis
526 2235 721 2295 demonstrata
732 2236 875 2310 Aristidis,
895 2235 1034 2309 Socratis,
1051 2235 1236 2310 Xenocratis,

107 2313 161 2375 Sei
183 2312 273 2385 ionis,
305 2254 403 2383 durii,
433 2310 564 2383 Camilli,
585 2323 615 2370 et
639 2310 762 2370 alioruin
782 2311 950 2393 integritate
970 2311 1022 2447 (cs.
1043 2311 1093 2370 lib.
1112 2317 1139 2375 2.
1161 2331 1187 2371 e.
1206 2315 1236 2377 3.

106 2400 133 2451 t’.
152 2334 213 2469 dh,
239 2386 307 2446 inde
327 2385 461 2468 colligat,
482 2407 582 2446 omnes
602 2388 651 2466 qui
677 2389 705 2445 iii
727 2389 869 2447 coecitate
889 2387 969 2447 idolo
982 2389 1072 2448 atriae
1092 2388 1232 2447 deserun-

106 2477 175 2540 tur,
192 2462 400 2524 sanctimoniae
421 2475 451 2521 et
470 2461 625 2542 probitatis
647 2463 732 2523 inisse
748 2464 903 2524 studiosos.
948 2465 1028 2539 Quin
1049 2465 1135 2524 etiam
1156 2463 1236 2523 Scri·

106 2554 195 2623 ptura
216 2561 275 2599 noo
296 2558 356 2597 uno
369 2540 407 2597 'iii
429 2538 495 2597 loco
516 2538 571 2599 illis
591 2539 685 2618 palam
706 2539 852 2600 reclamat.
893 2541 954 2615 Qui
967 2542 1043 2600 euim
1062 2539 1237 2601 describitur

108 2616 239 2679 aPaulo
265 2617 289 2673 E
313 2615 457 2675 besiorum
486 2627 575 2674 status
602 2629 670 2674 ante
703 2616 972 2697 regenerationem,
1004 2638 1125 2697 granum
1151 2616 1235 2674 buius

107 2694 226 2755 seminis
252 2636 362 2751 nuiium
384 2691 520 2750 ostendit.
559 2693 672 2764 „Eratis
697 2693 954 2772 (inqiiiitlphn,
975 2700 1003 2757 1.
1024 2716 1036 2752 s
1060 2694 1102 2771 q.)
1123 2690 1235 2750 delictis

108 2781 164 2846 „et
182 2769 307 2848 peccatis
327 2769 450 2839 mortui,
483 2770 511 2826 in
539 2769 644 2846 quibus
674 2769 839 2827 ambulastis
864 2768 938 2826 iiiita
964 2715 1108 2828 saeciiium
1135 2766 1237 2825 mundi

108 2845 227 2922 ‚,buius,
246 2847 321 2904 iuxta
341 2845 503 2922 principem
525 2845 608 2918 airis,
629 2846 677 2923 qui
697 2866 774 2904 nunc
795 2849 855 2925 agit
875 2846 902 2901 in
925 2843 989 2903 siliis
1001 2842 1234 2903 contumacibus:

107 2921 211 2999 „inter
230 2942 302 3000 quos
324 2935 353 2979 et
372 2942 426 2978 nos
446 2940 547 2979 omnes
567 2921 752 2979 versabamur
771 2920 927 2998 aliquando
949 2921 977 2976 iii
993 2918 1235 3009 concupiscentiis

105 2996 226 3076 „carnis
245 3008 373 3070 nostrae,
393 2996 532 3055 iacientes
547 3018 620 3075 quae
640 2999 717 3055 carni
739 3008 768 3055 et
789 2997 878 3053 menti
898 2995 1037 3055 libebant.
1074 2995 1113 3053 bt
1124 3014 1236 3054 eramus

107 3087 239 3153 „natura
257 3073 309 3131 filii
328 3073 399 3146 irae,
418 3073 493 3131 sicut
513 3086 544 3131 et
563 3072 701 3131 caeteri.“
740 3071 814 3131 ltem
835 3073 921 3149 (ibid.
942 3095 966 3130 v.
986 3072 1063 3148 12.):
1083 3071 1236 3145 „blemen-

109 3163 206 3227 „t0te,
227 3149 306 3228 quod
316 3150 378 3209 sine
390 3170 441 3227 spe
454 3148 611 3226 aliquando
626 3147 746 3223 fueritis,
766 3148 869 3208 etDeo
882 3149 1031 3207 carueritis
1050 3148 1079 3205 in
1091 3145 1236 3206 mundo.“
1261 3198 1264 3203 .

110 3230 189 3288 Item
209 3226 294 3302 (ibid.
314 3232 342 3299 5,
361 3227 418 3300 8.):
438 3225 554 3298 „Eratis
575 3225 730 3303 aliquando
751 3224 903 3283 tenebrae:
926 3245 1002 3283 nunc
1023 3236 1118 3283 autem
1138 3223 1184 3282 liiii
1203 3223 1234 3282 iii

108 3303 277 3377 „Dumium
299 3313 332 3359 ut
351 3302 402 3359 lilii
422 3301 492 3360 lucis
511 3301 687 3360 ambulate.“
726 3301 766 3359 At
790 3322 823 3360 ea
850 3302 926 3359 forte
951 3301 1054 3359 relerri
1074 3299 1174 3359 volent
1198 3298 1235 3359 ad

108 3378 306 3462 ignorantiam
326 3378 468 3453 veriDei,
509 3400 543 3436 ua
564 3376 673 3436 electos
692 3387 845 3456 antequam
855 3388 1011 3452 vocentur,
1032 3376 1154 3437 detineri
1174 3395 1236 3435 non

110 3454 318 3536 negant(ibid.
331 3461 359 3526 4,
372 3458 444 3529 tit).
484 3400 659 3544 Quanquam
680 3452 736 3511 boc
756 3466 831 3512 esset
849 3452 1035 3532 impudenter
1054 3451 1236 3523 calumniari,

113 3522 203 3592 'uum
225 3550 256 3589 ex
275 3530 331 3588 illis
351 3531 468 3605 inserat,
497 3551 557 3589 non
578 3551 633 3588 iam
655 3528 773 3607 amplius
794 3549 855 3588 esse
875 3528 920 3588 rel
945 3529 1159 3599 mentiendum,
1188 3526 1235 3584 vel

110 3556 282 3670 iurandum:
315 3607 384 3682 quid
408 3619 506 3666 tamen
528 3606 562 3663 ad
583 3604 653 3664 alios
678 3604 759 3663 locos
785 3604 1024 3685 respondebunt?
1063 3603 1165 3677 Qualis
1185 3601 1235 3663 ille

111 3696 158 3745 est
176 3685 212 3743 ad
225 3682 409 3757 Corinthios,
428 3682 478 3740 ubi
494 3703 582 3760 quum
594 3681 800 3755 denuntiasset,
819 3701 916 3761 neque
934 3692 1121 3754 scortatores,
1140 3697 1237 3757 neque

109 3758 293 3830 idololatras,
307 3778 402 3836 neque
412 3758 568 3831 adulteros,
581 3777 676 3836 neque
687 3755 799 3830 molles3
812 3777 906 3836 neque
917 3758 1126 3836 paedicatores,
1139 3770 1236 3832 neque

109 3839 310 3913 iures,neque
330 3856 441 3909 avaros,
461 3830 543 3914 reg'ni
564 3834 619 3892 Dei
639 3834 702 3891 lore
722 3832 861 3893 haeredes
881 3834 921 3910 (l.
943 3833 1013 3893 Cor.
1025 3837 1054 3906 6,
1066 3838 1095 3895 9.
1110 3842 1139 3888 et
1156 3832 1234 3903 ai.):

111 3913 257 3975 continuo
270 3910 429 3993 subiungit,
449 3910 513 3970 illos
525 3911 625 3969 iisdem
636 3909 753 3991 flagitiis
773 3908 871 3984 inisse,
891 3920 958 3968 ante
971 3907 1118 3968 Christum
1131 3905 1237 3986 cogni·

111 4002 187 4061 tum,
206 3988 377 4069 implicitos:
398 4009 476 4046 nune
494 4007 566 4044 vero
587 3999 616 4047 et
634 3985 776 4068 sanguine
797 3986 856 4044 eius
876 3984 1000 4056 ablutos,
1020 3993 1051 4040 et
1069 3981 1182 4063 Spiritu
1200 3979 1237 4039 li-

110 4065 242 4125 beratos.
280 4062 356 4122 Item
376 4064 449 4122 alter
468 4063 503 4121 ad
524 4063 672 4122 Romanos
690 4065 736 4139 (6,
755 4063 830 4138 19.):
855 4059 1132 4136 „Quemadmodum
1152 4077 1239 4136 prae·

114 4141 239 4216 „buistis
260 4139 389 4199 inembra
409 4151 499 4199 vestra
519 4158 597 4198 serva
618 4137 832 4211 immunditiae,
861 4149 891 4197 et
909 4135 1054 4215 iniquitati
1073 4135 1108 4193 ad
1128 4132 1237 4211 iniqui-

114 4229 240 4297 „tatem,
271 4236 349 4278 nunc
378 4215 502 4279 addicite
531 4214 579 4274 illa
611 4215 640 4277 iu
667 4212 835 4283 servitutem
861 4213 994 4277 iustitiae·
1037 4212 1135 4292 Quem
1160 4208 1238 4275 enim

522 4372 528 4400 t
