2700 4732
15 192 20 203 ’
84 220 145 284 sas
463 210 539 273 sm
559 209 616 271 nr.
656 212 745 274 car.
766 212 807 274 rt

85 346 237 439 utcunque
256 356 374 417 decussa
394 355 451 417 huc
471 366 522 416 aut
540 356 608 417 illuc
628 356 770 418 inclinare
788 357 933 417 videatur:
963 358 1025 418 eius
1054 350 1154 419 luinen
1181 359 1220 426 tta

86 456 235 515 nunquam
246 433 389 511 exstingui
408 445 459 492 aut
477 434 653 512 praefocari,
672 435 742 512 quin
762 434 862 496 saltem
883 434 962 494 velut
980 434 1034 494 sub
1054 434 1149 496 lavilla
1168 434 1221 495 de·

87 513 213 573 litesc'at:
234 521 322 585 atque
343 512 400 569 boc
420 509 597 569 documento
639 511 766 585 atefieri,
790 510 929 585 verbum,
954 510 1034 590 quod
1053 532 1154 572 semen
1175 522 1221 572 est

85 585 325 666 incorruptibile,
347 586 474 645 fructum
494 587 538 646 sui
557 532 679 645 similem
699 586 880 678 producere,
900 587 979 646 cuius
999 608 1121 668 germen
1141 608 1220 648 nun-

87 664 173 746 q'uam
193 663 299 723 arescit
318 683 351 722 ac
370 661 499 754 peritia
519 673 623 723 totum.
681 663 833 742 Siquidem
857 684 946 742 qurum
967 664 1037 724 haec
1057 663 1094 723 sit
1112 665 1220 725 sanctis

86 753 213 801 extrema
233 740 444 817 desperationis
465 739 595 811 materia,
614 758 730 797 manum
743 739 801 798 Dei
815 739 842 797 in
863 761 945 798 suarm
966 740 1093 813 exitium,
1112 760 1219 801 secun-

87 818 157 878 dum
181 816 375 897 praesentium
400 834 498 874 rerum
528 816 776 890 aestimationem,
803 815 926 876 sentire:
958 836 1029 876 eous
1053 836 1089 875 ue
1117 828 1219 877 tamen

85 912 307 975 progressuram
326 911 408 971 spem
428 912 507 951 suam
527 891 583 951 lob
604 891 729 951 aibr-snat
748 893 812 968 (13,
832 893 906 967 ts),
926 904 959 951 ut
977 891 1001 953 si
1021 838 1058 952 al>
1078 912 1115 952 eo
1135 893 1218 953 oeci-

86 973 181 1041 datur,
201 988 263 1027 non
283 968 321 1028 sit
340 979 496 1047 propterea
516 967 659 1027 desiturus
679 971 709 1027 in
729 986 795 1027 eum
820 991 832 1026 s
856 987 945 1027 crare.
1004 967 1049 1029 lta
1074 980 1119 1029 est
1136 988 1220 1043 saue,

87 1068 148 1107 non
168 1046 247 1105 intus
267 1044 297 1103 in
318 1043 456 1105 cordibus
474 1043 590 1124 piorum
611 1056 716 1126 regnat
741 988 943 1117 incredulitas,
974 1044 1025 1106 sed
1058 1044 1129 1106 soris
1160 1065 1219 1124 op·

85 1132 214 1205 pugnat:
255 1141 310 1180 nec
342 1119 468 1254 lepaliter
491 1119 625 1180 vulnerat
643 1121 701 1181 suis
720 1120 802 1199 telis,
830 1120 882 1180 sed
902 1121 1037 1194 infestat,
1066 1132 1118 1182 aut
1136 1131 1219 1181 certe

85 1204 126 1261 sic
146 1196 251 1271 laedit,
272 1208 305 1255 ut
323 1219 359 1258 vu
373 1218 426 1256 nus
445 1197 483 1256 sit
504 1196 645 1257 sanabile.
704 1196 791 1263 Fides
815 1198 909 1270 enim,
940 1210 974 1257 ut
997 1196 1104 1258 Paulus
1128 1195 1221 1259 docet

84 1274 307 1356 (pr.6‚1b·)
337 1272 422 1333 uobis
443 1293 497 1352 pro
516 1284 600 1334 scuto
621 1283 678 1332 est:
711 1291 745 1332 ea
769 1272 834 1334 telis
854 1273 1003 1353 opposita,
1032 1292 1135 1333 eorum
1159 1273 1218 1335 vim

84 1352 127 1421 sie
139 1350 256 1430 excipit,
276 1361 308 1409 ut
328 1369 446 1429 prorsus
466 1348 604 1428 depellat,
621 1348 668 1407 acl
686 1348 788 1408 saltem
809 1349 935 1432 frangat,
955 1369 993 1408 ne
1008 1349 1043 1410 ad
1055 1348 1152 1410 vitalia
1164 1368 1218 1430 pe·

85 1438 193 1488 netret.
232 1426 332 1501 Quum
353 1445 386 1484 er
407 1446 426 1485 o
451 1423 619 1485 concutitur
651 1424 739 1501 fides,
769 1425 892 1504 perinde
923 1438 968 1485 est
997 1426 1056 1487 acsi
1084 1425 1217 1487 violento

85 1505 146 1565 ictu
164 1502 261 1575 iaculi,
281 1502 362 1561 miles
381 1445 492 1581 ιιῇἱοιῃιί
511 1502 609 1561 firmus
650 1501 734 1560 edem
755 1521 873 1562 morere
892 1512 1029 1584 cogatur,
1049 1513 1079 1561 et
1098 1502 1217 1583 paulum

51 1590 54 1595 '
85 1581 208 1640 cederes
234 1600 323 1658 quum
344 1590 441 1638 autem
460 1579 604 1638 sauciatur
622 1522 692 1638 illes
712 1577 791 1656 ipsa,
817 1577 942 1657 perinde
958 1591 1003 1640 est
1020 1579 1078 1639 acsi
1097 1578 1218 1659 clypeus

84 1657 257 1717 fractionem
278 1655 401 1733 aliquam
422 1674 455 1713 ex
474 1655 665 1734 impressione
685 1653 816 1733 recipiat,
835 1655 877 1714 sic
896 1667 995 1715 tamen
1013 1666 1047 1714 ut
1066 1676 1128 1714 non
1143 1674 1217 1737 per-

85 1734 210 1794 foretur.
269 1731 394 1810 Semper
413 1729 490 1789 enim
511 1750 547 1789 eo
568 1731 614 1810 pia
634 1749 716 1791 mens
736 1743 881 1812 emerget,
900 1744 934 1791 ut
952 1753 1019 1793 curn
1037 1729 1151 1805 Daside
1170 1729 1219 1791 di-

85 1822 133 1870 eat
151 1808 215 1886 (Pa.
234 1812 284 1881 23,
302 1809 359 1883 4.):
380 1806 434 1878 „Si
454 1806 639 1867 ambulavero
660 1807 691 1866 in
710 1806 808 1866 medio
830 1808 950 1867 rrurlrrae
969 1807 1081 1882 mortis,
1100 1827 1162 1867 non
1175 1806 1217 1867 ti-

84 1884 173 1946 mebo
193 1884 283 1944 mala:
305 1885 443 1964 quoniam
463 1894 496 1943 tu
516 1903 630 1943 mecum
649 1888 711 1942 es.“
768 1883 927 1943 Ambulare
947 1896 1028 1944 certe
1043 1885 1073 1943 in
1089 1882 1219 1966 ealigine

85 1961 187 2022 mortis
209 1972 253 2019 est
271 1958 445 2020 terrificum:
466 1979 520 2019 nec
540 1960 603 2018 fieri
624 1970 723 2038 potest
764 1965 812 2018 uin
833 1959 943 2034 fideles,
962 1960 1146 2041 quantumuis
1163 1959 1217 2018 lir-

84 2037 234 2098 mitudinis
254 2036 391 2109 habeant,
410 2037 438 2094 id
460 2036 693 2116 perhorrescant
742 1980 809 2096 ‘led
836 2037 974 2115 quoniam
998 2037 1048 2097 illa
1073 2034 1218 2118 cogitatio

84 2125 214 2195 superat,
233 2112 313 2190 quod
334 2112 429 2171 Deum
451 2112 578 2172 habeant
597 2124 794 2191 praesentem,
819 2124 849 2171 et
867 2133 935 2172 suae
954 2112 1039 2173 saluti
1058 2112 1217 2193 consulen-

85 2203 156 2265 tem,
174 2189 259 2249 simul
280 2189 404 2247 vincitur
424 2189 513 2248 timor
531 2189 695 2247 securitate.
754 2188 960 2264 Quantaslibet
983 2200 1079 2249 autern
1105 2187 1215 2251 macti-

84 2286 137 2326 nas
156 2274 206 2345 (ut
225 2265 403 2347 Augustinus
423 2266 477 2342 ait)
497 2264 647 2324 adversum
667 2285 723 2325 nos
743 2266 836 2355 erigat
854 2263 996 2339 diabulus,
1016 2265 1136 2344 quando
1153 2284 1215 2326 nott

85 2355 168 2403 tenet
186 2341 283 2405 locum
304 2341 412 2417 cordis,
432 2340 483 2401 ubi
503 2341 574 2399 fides
595 2339 714 2416 habitat,
735 2354 843 2401 erectus
864 2353 907 2400 est
924 2341 1014 2403 loeas.
1071 2341 1117 2402 lta
1136 2342 1162 2403 si
1179 2360 1218 2403 ex

85 2430 192 2479 eventu
217 2417 355 2477 iudicium
386 2418 451 2490 fiat,
482 2438 542 2476 non
573 2428 685 2477 tantum
716 2417 752 2476 ab
780 2419 860 2476 omni
879 2438 977 2499 pugna
996 2417 1067 2478 salvi
1087 2417 1217 2479 eradunt

84 2494 196 2567 fideles,
216 2505 248 2552 ut
267 2493 353 2572 paulo
374 2505 442 2572 post
460 2504 580 2572 recepto
601 2494 702 2569 vigore
722 2515 819 2553 rursus
839 2495 869 2554 in
893 2515 1010 2553 arenam
1036 2492 1216 2555 descendere

84 2572 144 2631 sint
184 2569 270 2629 arati:
290 2570 340 2629 sed
360 2569 498 2649 impletur
516 2569 596 2648 quod
617 2570 687 2629 dicit
707 2570 810 2630 Ioanu.
830 2570 859 2629 in
879 2591 928 2629 sua
949 2571 1089 2631 canoniea
1108 2570 1146 2647 (l.
1161 2588 1212 2650 ep.

83 2654 114 2723 5,
132 2593 191 2727 dit
210 2646 312 2721 „llaec
332 2657 376 2706 est
388 2646 525 2719 uictoria,
545 2666 618 2725 quae
637 2647 726 2705 vincit
743 2645 894 2717 mundum,
913 2646 984 2707 fides
1005 2652 1128 2708 vestra.“
1150 2646 1214 2706 tte·

85 2744 143 2804 que
164 2724 241 2783 enim
261 2734 373 2782 tantum
393 2721 423 2781 in
443 2722 560 2801 proelio
581 2743 649 2782 nuo,
662 2723 707 2781 vel
733 2722 849 2802 paucis,
878 2723 922 2784 vel
954 2736 1057 2783 contra
1085 2723 1215 2805 aliquem

84 2799 222 2861 insultum
241 2799 367 2860 albrmat
387 2798 451 2860 lore
471 2799 628 2874 victricem,
647 2799 696 2859 scd
709 2800 887 2878 superiorem
900 2811 966 2860 toto
979 2799 1102 2877 mundo,
1112 2820 1216 2881 qnam·

83 2878 125 2938 ais
145 2875 248 2936 millies
267 2875 433 2955 impetatur.

159 2959 207 3017 22.
245 2950 346 3013 Altera
367 2963 410 3011 cst
430 2951 540 3011 timoris
560 2973 594 3011 ac
613 2950 817 3031 trepidationis
836 2953 961 3032 species,
986 2973 1019 3012 ea
1039 2973 1095 3032 qua
1116 2962 1216 3013 tamen

85 3030 161 3090 adeo
190 3029 262 3088 nihil
294 3028 410 3088 decedit
440 3028 507 3087 lidei
537 3029 701 3099 securitati,
737 3040 770 3088 ut
798 3027 916 3089 solidius
946 3030 1014 3087 inde
1039 3028 1214 3094 stabiliatur.

84 3108 200 3186 Nempe
220 3105 288 3164 dum
309 3104 409 3165 fideles
428 3103 474 3164 vel
495 3104 622 3196 exempla
647 3104 760 3165 divinae
792 3105 912 3165 ultionis
942 3106 1076 3166 adversus
1107 3105 1215 3185 impios

84 3182 161 3241 edita
181 3181 426 3241 documentorum
445 3180 508 3240 vice
527 3181 583 3240 siba
602 3200 663 3241 esse
692 3181 870 3261 cogitantes,
902 3202 939 3240 ne
968 3181 1069 3242 iisdem
1098 3181 1216 3264 flagitiis

84 3258 156 3317 iram
169 3257 227 3316 Dei
245 3257 276 3315 in
296 3277 327 3318 se
347 3276 507 3336 provocare
526 3258 582 3316 sibi
602 3258 765 3338 contingat,
785 3257 909 3318 sollicite
929 3269 1046 3318 cavent:
1066 3257 1112 3317 vel
1123 3278 1216 3338 quum
1281 3258 1284 3262 ’

84 3334 227 3393 miseriam
247 3355 326 3394 snam
346 3350 444 3393 secum
464 3353 533 3392 reeo
557 3346 725 3407 noscentes,
755 3355 772 3394 a
792 3335 922 3395 Domino
942 3334 997 3394 toti
1017 3334 1147 3414 pendere
1167 3333 1216 3393 di-

46 3434 50 3449 *
84 3421 185 3484 scunt,
215 3409 278 3470 sine
309 3430 368 3489 quo
397 3428 428 3470 se
457 3352 591 3489 quolibet
613 3423 701 3469 vento
722 3410 813 3469 lluxos
834 3411 923 3492 magis
943 3422 973 3470 et
993 3409 1131 3470 evanidos
1151 3429 1217 3471 csse

83 3486 192 3546 vident.
231 3487 305 3545 Nam
325 3486 486 3578 Apostolus
506 3487 545 3563 (l.
567 3487 638 3546 Cor.
658 3492 705 3558 to,
723 3487 796 3561 tt),
816 3488 883 3546 dum
904 3486 1062 3567 propositis
1082 3485 1216 3570 flagellis,

105 3562 190 3622 uibus
210 3562 240 3620 in
262 3561 450 3623 israeliticum
473 3564 612 3656 populum
633 3562 703 3622 olim
715 3562 859 3623 Dominus
879 3564 1049 3638 vindicarat,
1067 3575 1215 3621 terrorem

18 3647 20 3650 ’
84 3583 248 3701 dorintbiis
269 3640 385 3712 incutit,
405 3659 443 3699 ne
462 3640 602 3699 similibus
622 3639 704 3699 malis
723 3660 754 3698 se
773 3639 851 3719 ipsos
872 3640 1069 3720 obstringant,
1089 3659 1125 3698 eo
1138 3637 1216 3699 fidu·

83 3717 158 3776 ciam
178 3715 187 3772 i
209 3737 306 3775 sorum
328 3714 402 3774 nibil
421 3715 591 3777 labefactat:
624 3716 675 3775 sed
699 3726 852 3796 torporem
872 3717 964 3776 carnis
985 3715 1075 3775 modo
1095 3714 1217 3791 excutit,

83 3813 144 3873 quo
164 3738 235 3852 fides
256 3791 342 3851 obrui
362 3792 453 3874 magis
473 3813 559 3872 quam
579 3792 744 3851 confirmari
763 3790 847 3854 solet
885 3793 948 3851 Nec
968 3791 1038 3849 dum
1056 3790 1216 3851 aludaeo·

82 3891 147 3928 rum
168 3889 236 3928 casu
255 3882 458 3948 argumentum
479 3867 652 3947 exhortandi
672 3867 759 3927 sumit
788 3867 974 3946 (ibid.12.),
1005 3879 1037 3926 ut
1067 3867 1118 3947 qui
1147 3877 1217 3942 stat,

82 3945 242 4005 videatne
269 3945 366 4018 cadat,
397 3966 452 4007 uos
477 3944 611 4005 vacillare
635 3943 734 4018 iubet,
765 3944 822 4004 acsi
841 3957 959 4004 nostrae
978 3943 1143 4005 stabilitatis
1161 3964 1217 4023 pa·

82 4042 147 4081 rum
167 4021 239 4080 certi
260 4039 400 4082 essemus:
430 4020 480 4081 sed
511 4041 577 4082 arro
599 4021 705 4080 entiam
730 4020 868 4080 duntaxat
892 4031 922 4079 et
940 4020 1122 4081 temerariam
1143 4040 1216 4100 pro-

81 4096 163 4177 priae
182 4096 296 4158 virtutis
316 4097 531 4177 praefidentiam
551 4116 567 4157 a
588 4096 669 4171 amit,
699 4116 737 4156 ne
762 4096 887 4177 depulsis
913 4096 1030 4157 Iudaeis
1050 4095 1165 4157 Gentes
1184 4097 1216 4155 in

82 4192 185 4234 eorum
206 4173 302 4234 locum
324 4186 475 4252 receptae,
498 4173 626 4234 ferocius
644 4171 786 4234 insultent
810 4174 911 4252 (Rom.
931 4181 979 4248 11,
997 4173 1070 4251 to).
1110 4172 1215 4247 Quan-

82 4270 167 4329 quam
188 4270 249 4309 non
270 4248 368 4308 fideles
388 4260 500 4309 tantum
520 4250 580 4310 illic
605 4247 780 4328 alloquitur,
809 4251 860 4310 sed
887 4251 1022 4310 oratione
1048 4270 1099 4311 sua
1119 4249 1215 4329 hypo-

32 4354 59 4451 -ι
81 4325 168 4389 critas
186 4326 274 4386 etiam
293 4325 531 4406 comprehendit,
562 4325 613 4407 qui
638 4337 756 4387 esterna
777 4324 912 4389 duntaxat
929 4328 1027 4406 speeie
1045 4325 1220 4409 gloriaban-

546 4584 555 4627 l
