2700 4732
79 172 140 236 sao
282 222 288 234 .
461 134 900 234 usn.rncaa.xv1.'

81 322 159 374 stum
185 323 357 394 competere
382 313 539 379 sacerdotii
566 314 731 390 honorem,
760 315 827 396 quia
856 314 1000 378 sacrificio
1023 315 1128 378 mortis
1150 336 1225 397 snae

83 401 199 450 reatum
219 401 353 451 nostrum
364 389 482 465 delerit,
496 392 678 454 etratisl'ecit
695 392 901 473 propeccatis.
941 392 1055 467 Quanti
1067 413 1141 455 vero
1151 415 1225 454 nao-

83 466 177 527 menti
196 485 243 527 res
262 468 315 541 sit,
336 487 371 527 ex
388 467 516 529 sollenni
535 468 588 530 illo
607 469 667 529 Dei
686 468 893 543 iureiurando,
913 469 994 550 qnod
1014 468 1125 549 alisque
1144 489 1224 551 poc-

83 542 211 603 nitentia
229 544 378 624 prolatnm
397 555 457 620 est,
480 565 651 618 monemur,
676 545 724 604 Tu
744 565 775 605 es
794 546 931 607 sacerdos
951 546 982 605 in
1001 559 1153 607 aeteruum
1172 567 1225 609 ae·

84 618 213 678 cundum
232 620 368 680 ordinem
388 621 604 682 Melchisedech
624 622 688 700 (Pe.
707 624 852 699 110‚t.).
903 622 1025 684 Saucire
1044 625 1122 683 enim
1142 621 1223 684 haud

27 731 29 739 ,
84 693 174 754 dulsie
192 696 287 757 voluit
305 708 394 776 caput
411 696 499 773 illud,
532 699 562 758 in
582 718 642 778 quo
662 698 850 778 praecipuum
870 696 967 758 salutis
988 710 1105 760 nostrae
1124 699 1224 759 cardi-

84 791 154 831 nem
172 774 248 832 serti
267 773 392 833 sciehat.¹
415 773 520 854 Neque
540 775 628 850 enim,
647 786 680 835 nt
700 774 808 834 dictum
830 787 891 848 est,
909 775 996 834 nohis
1015 786 1066 835 aut
1084 774 1225 855 precihus

84 848 193 908 nostris
212 849 248 908 ad
268 849 366 909 Deum
388 861 472 930 patet
491 871 635 912 accessus:
665 851 723 911 nisi
754 853 886 932 purgatis
912 850 1139 930 inquinamentis
1165 871 1224 912 nos

83 924 220 985 sacerdos
229 926 404 999 sancfilioet,
423 929 604 1008 gratiamque
624 926 711 987 nohis
724 926 869 998 obtineat,
888 928 905 988 a'
925 947 982 1007 qua
1002 948 1057 988 nos
1070 925 1224 999 ,scelerum

84 1004 270 1074 nostrorum,
301 1012 331 1062 et
348 1002 489 1062 'vitiorum
512 1015 593 1065 arcet
610 1003 818 1064 immundities.
856 1003 902 1064 lta
926 1003 1059 1063 videmus
1082 1023 1099 1064 a
1122 1014 1224 1064 morte

85 1074 196 1137 Christi
214 1077 414 1211 incipiendum
435 1099 513 1155 esse,
540 1092 574 1140 ut
592 1080 629 1140 ad
648 1100 704 1141 nos
723 1080 876 1159 perveniat
894 1079 1053 1140 sacerdotii
1072 1079 1133 1140 eins
1152 1078 1223 1138 atfi-

84 1152 163 1213 cacia
184 1163 215 1212 et
231 1155 274 1214 nti
287 1155 350 1215 itas.
390 1156 469 1216 Hinc
487 1156 621 1236 sequitur
638 1167 791 1218 aeternnm
811 1175 875 1216 esse
887 1156 1118 1235 deprecatorem,
1137 1156 1223 1216 cuins

82 1228 249 1309 patrocinio
270 1231 400 1291 savorem
420 1232 636 1310 consequimur.
684 1232 773 1291 Unde
802 1253 901 1292 rursus
919 1231 1015 1292 oritur
1040 1251 1102 1292 non
1127 1231 1222 1291 modo

83 1305 224 1385 precandi
244 1305 365 1379 fiducia,
396 1307 447 1366 sed
468 1308 555 1367 etiarn
575 1305 770 1386 tranquillitas
790 1308 844 1387 piis
863 1307 1064 1368 conscientiis:
1097 1305 1164 1366 duna
1187 1307 1222 1366 in

83 1391 235 1462 paternam
260 1381 319 1441 Dei
347 1382 559 1465 indulgentiam
584 1394 650 1442 tuto
675 1383 869 1459 recumbunt,
899 1395 1041 1463 certoque
1066 1401 1223 1463 persuasae

84 1469 163 1532 sunt,
183 1460 211 1517 ei
230 1457 347 1538 placere
362 1459 502 1551 quicquid
521 1480 576 1539 per
586 1459 780 1519 Mediatorem
801 1471 1003 1520 consecratum
1023 1470 1077 1520 est.
1116 1459 1221 1532 Quum

83 1552 156 1595 vero
176 1533 229 1595 suh
248 1534 331 1617 Lege
349 1535 483 1597 victimas
502 1555 536 1595 ex
554 1534 715 1626 pecudibus
734 1535 838 1596 ollerri
854 1536 912 1601 sihi
929 1536 1011 1596 Dens
1029 1536 1155 1607 iusserit,
1174 1533 1222 1595 di·

82 1629 166 1672 versa
188 1622 218 1670 et
236 1630 313 1671 nova
333 1611 362 1671 in
384 1612 503 1672 Christo
523 1612 580 1672 lust
598 1613 694 1688 ratio„
724 1624 757 1672 nt
779 1612 857 1671 idem
885 1623 962 1672 esset
987 1611 1080 1672 hostia
1099 1610 1151 1703 qui
1170 1631 1220 1671 aa·

84 1685 204 1747 cordos:
236 1688 303 1767 quia
327 1708 383 1749 nee
407 1688 462 1749 alia
487 1688 690 1768 propeccatis
715 1688 820 1748 idonea
839 1688 997 1749 satisfactio
1016 1686 1143 1768 reperiri
1184 1707 1222 1747 o-

83 1772 171 1840 terat,
190 1783 246 1824 nec
258 1764 399 1845 quispiam
420 1776 503 1827 tanto
523 1764 638 1826 honore
658 1764 772 1846 dignus,
813 1764 919 1825 uiDeo
930 1764 1115 1846 unigenitum
1125 1707 1223 1824 otl'er-

84 1851 142 1899 ret.
181 1841 243 1900 Iam
274 1842 435 1902 sacerdotis
460 1861 614 1920 personam
642 1841 769 1901 sustinet
791 1785 944 1914 Christus,
974 1861 1037 1901 non
1065 1839 1157 1900 modo
1186 1849 1223 1900 ut

84 1926 204 1977 aeterna
230 1918 478 1978 reconciliationis
503 1916 568 2000 lege
586 1917 704 1977 Patrem
731 1917 818 1978 nohis
838 1918 985 1978 faventem
1005 1938 1039 1977 ac
1057 1915 1222 1996 propitium

83 1991 198 2068 reddat,
217 1993 367 2054 sedetiam
387 2007 420 2057 nt
440 2015 494 2055 nos
513 1995 635 2054 asciscat
652 1994 683 2053 in
701 1995 870 2055 societatem
890 1995 965 2054 tanti
984 1993 1116 2053 honoris.
1144 1992 1221 2051 Nam

84 2067 135 2148 qui
154 2068 185 2128 in
206 2069 291 2131 nohis
311 2070 418 2151 polluti
436 2092 545 2145 sumus,
563 2071 593 2130 in
613 2072 623 2131 i
644 2091 678 2131 so
696 2082 796 2130 tamen
815 2071 982 2131 sacerdotes
1001 2069 1222 2161 (hpoo1,(i),

84 2143 239 2206 offerimus
259 2167 314 2208 uos
334 2158 364 2206 et
383 2159 482 2207 nostra
500 2147 599 2207 omnia
643 2166 680 2207 eo
700 2147 890 2226 coelesteque
908 2157 1105 2206 sanctuarium
1124 2143 1222 2224 liherp
1250 2186 1253 2191 -

84 2221 277 2358 inqpcdimur,
296 2234 328 2317 ut
347 2235 429 2304 grata
449 2223 559 2315 sintae
578 2222 652 2283 honi
671 2223 771 2285 odoris
790 2223 822 2314 in
841 2235 1003 2303 conspectu
1021 2222 1089 2296 Dei,
1110 2240 1184 2301 quae
1201 2241 1221 2281 a

83 2318 126 2357 no
149 2320 172 2358 ss
191 2310 369 2390 proveniunt
391 2300 529 2361 sacrrhcra
555 2318 674 2378 precum
695 2310 726 2359 et
744 2299 846 2359 laudis.
895 2303 995 2378 Atque
1019 2297 1169 2389 hucusque
1188 2316 1220 2358 se

85 2375 218 2436 extendet
241 2375 313 2435 illud
339 2375 449 2437 Christi
473 2376 600 2450 dictum,
630 2375 761 2456 Propter
785 2395 840 2436 cos
871 2375 1022 2436 sanctifico
1053 2393 1100 2433 me
1124 2395 1220 2508 ipsum

85 2451 146 2587 sio.
158 2454 297 2528 17‚19.):
318 2452 386 2543 quia
404 2453 557 2514 sanctitate
577 2454 638 2512 eius
658 2451 778 2532 perfusi,
796 2464 939 2531 quatenus
952 2472 1008 2512 uos
1026 2470 1124 2510 secum
1162 2450 1220 2508 atri

107 2528 194 2588 inavit
212 2529 278 2607 (qui
298 2528 408 2608 alioqui
429 2529 572 2589 foetemus
592 2533 691 2588 coram
713 2531 782 2603 eo),
801 2540 940 2608 tanquam
961 2527 1026 2607 puri
1052 2537 1083 2584 et
1105 2525 1218 2613 mundi,

85 2604 148 2664 imo
175 2607 262 2664 etiam
288 2605 363 2664 sacri
395 2604 548 2683 placemus.
588 2605 655 2663 Huc
673 2605 803 2684 pertinet
821 2607 922 2665 unctio
940 2601 1111 2674 sanctuarii,
1134 2621 1216 2660 curus

84 2680 199 2740 mentio
220 2681 252 2740 fit
272 2681 348 2761 apud
368 2680 521 2741 Danielem
542 2684 591 2759 (9,
609 2682 684 2758 dh).
727 2681 863 2741 Notanda
890 2680 968 2746 enim
994 2688 1038 2737 est
1067 2675 1217 2736 antithesis

84 2757 164 2818 inter
183 2757 256 2819 hano
277 2758 446 2817 unctionem
459 2770 489 2816 ct
501 2757 580 2816 illam
592 2755 788 2829 umbratilem,
801 2778 876 2849 quae
893 2769 966 2819 tunc
984 2754 1016 2814 in
1035 2775 1089 2812 usu
1108 2752 1218 2811 inerat:

85 2833 268 2894 acsi‘diceret
280 2831 411 2916 Angelus
423 2835 556 2895 discussis
576 2832 685 2893 umbris
706 2833 735 2892 in
750 2834 858 2894 Christi
879 2853 1005 2916 persona
1023 2829 1132 2891 clarum
1153 2827 1220 2888 lore

85 2911 291 2970 sacerdotium.
342 2910 414 2984 Quo
435 2911 526 2992 magis
545 2908 718 2971 detestabile
737 2921 783 2970 est
801 2931 905 2971 eorum
925 2919 1139 2979 commentum,
1167 2903 1221 2995 qni

84 3006 148 3047 non
169 2988 303 3048 contenti
324 2986 434 3048 Christi
453 2987 688 3061 sacerdotio,=se
713 2987 792 3065 ipsos
818 2989 854 3046 ad
880 3009 945 3047 eum
965 2982 1152 3044 mactandum
1172 3001 1221 3039 rn-

84 3082 190 3145 gerere
209 3065 271 3124 ausi
290 3076 369 3140 sunt,
388 3064 466 3200 quod
487 3075 618 3122 tentatur
638 3064 771 3142 quotidie
790 3065 819 3122 in
832 3065 954 3144 Papatu,
973 3059 1024 3120 uhi
1044 3058 1131 3119 lllissa
1150 3077 1222 3119 cen·

84 3151 167 3202 setur
185 3140 349 3204 immolatio
370 3139 395 3202 C
417 3140 480 3203 nisti
499 3139 570 3219 (vid.
592 3139 643 3200 lih.
662 3145 691 3202 4.
710 3160 772 3221 cap.
792 3145 838 3205 18.
857 3163 895 3202 as.
914 3148 942 3204 2.
961 3144 990 3204 d
1009 3135 1054 3211 7.)
1104 3188 1108 3198 .

452 3477 715 3552 CAPUT
766 3478 859 3551 XVI.

41 3655 47 3666 ’
88 3667 282 3746 Quomodo
301 3668 561 3752 Redemptoris
581 3684 707 3753 partes
733 3670 951 3752 impleverit
971 3665 1158 3742 Christus,
1182 3674 1224 3726 ut

86 3763 196 3825 nohis
214 3762 371 3824 salutem
391 3766 613 3842 acquireret:
630 3764 692 3826 uhi
705 3765 746 3826 de
762 3776 926 3856 mortcet
942 3759 1223 3822 resurrectione

144 3858 146 3863 ’
305 3857 385 3918 eius
405 3856 546 3940 agitur,
565 3870 601 3920 et
619 3859 657 3919 iu
677 3856 824 3919 coelum
845 3877 1006 3917 ascensu.

153 4051 238 4106 liuius
247 4051 344 4123 Capitis
359 4051 644 4122 quatuor·praccipnao
660 4064 720 4104 srsnt
735 4064 828 4120 partes.
862 4047 893 4112 1)
909 4048 952 4100 De
968 4064 1022 4102 tota
1040 4069 1068 4101 re
1084 4048 1111 4100 in
1130 4066 1224 4112 genere

27 4168 30 4173 ·
88 4136 159 4205 agit,
178 4137 347 4192 necessarium
370 4137 548 4205 quaestionem
572 4140 606 4190 dc
623 4136 675 4189 Dei
703 4133 797 4187 iustitia
823 4148 848 4185 ct
870 4132 1047 4186 misericordia
1071 4132 1100 4184 in
1118 4131 1223 4184 Christo

1 4215 3 4228 ¹
87 4221 229 4274 coniuncta
246 4219 392 4280 discutiens,
408 4235 467 4272 sect.
484 4225 626 4277 d-⁴.··-
658 4210 864 4289 ssl'Singulatim
882 4220 1001 4277 ostcnslit,
1018 4221 1154 4288 quomodo
1174 4217 1236 4267 tte:

32 4300 233 4470 ⁸filorrrptoris
252 4314 338 4375 parles
356 4302 473 4358 Christus
495 4305 652 4374 impleverit,
663 4320 692 4356 'a
710 4306 736 4357 5.
751 4317 810 4356 suet.
828 4323 909 4372 usquo
926 4305 960 4354 ad
978 4304 1033 4364 17..
1055 4303 1101 4354 ulsi
1119 4303 1151 4352 clc
1170 4300 1224 4352 eius
