2700 4732
35 133 45 148 ’
120 169 180 235 sss
327 232 333 247 ‚
487 164 566 227 mn.
585 164 639 226 tv.
679 163 770 226 can.
789 163 872 277 xrs.

124 306 209 370 dines
227 328 298 388 quas
317 306 450 370 allerunt
469 309 506 370 de
526 310 653 371 externis
673 309 835 392 insignibus
855 306 910 388 (cl.
930 329 994 389 cap.
1009 314 1059 373 15.
1078 328 1104 368 s.
1121 306 1170 385 1.)
1189 305 1264 366 reci·
1303 337 1308 343 ·

124 384 218 466 pinum
238 384 371 475 quidem:
400 386 453 447 sed
479 409 541 448 non
568 387 687 447 ferimus
708 387 788 473 quod
808 387 954 465 posterius
974 387 1068 445 estin
1090 384 1265 445 Sacramen-

125 461 173 535 tis,
193 462 229 522 ab
249 460 305 521 silis
325 464 449 542 primum
470 477 558 544 atque
578 465 651 523 adeo
679 485 769 523 unum
794 463 943 523 constitui.
995 461 1178 531 anassem
1210 460 1266 519 hoc

126 538 265 677 primum,
284 550 318 599 ut
337 540 404 600 fidei
425 553 543 600 nostrae
562 541 637 621 apud
657 541 759 611 Deum,
776 538 921 599 serviant:
954 538 1119 618 posterius,
1139 548 1175 597 ut
1193 556 1265 596 con·

141 614 286 676 essionem
306 629 434 677 nostram
455 618 531 698 apud
552 617 685 677 homines
705 628 859 679 testentur.
917 615 1088 677 Secundum
1114 613 1192 673 hane
1212 633 1265 692 pn-

126 691 282 754 steriorem
303 695 448 753 rationem
467 694 566 754 valent
585 695 633 753 illa
654 685 873 773 similitudines]
905 693 1027 753 Maneat
1050 691 1166 751 interea
1184 690 1266 781 prius

117 766 216 828 ¹illud:
237 769 304 848 quia
325 769 436 850 alioqui
457 770 600 852 frigerent
620 769 760 849 mysteria
779 772 829 848 (ut
848 769 1020 846 visumest),
1046 769 1103 828 nisi
1122 766 1193 846 fider
1213 786 1266 827 no·

131 855 209 905 strae
228 845 403 907 adminicula
422 859 530 924 essent,
550 847 760 926 doctrinaeque
779 846 957 927 appendices
980 846 1010 906 in
1037 843 1168 905 eundern
1187 862 1266 903 nsum

130 932 161 981 et
179 918 269 981 linem
290 924 459 985 destinatae.
760 990 763 995 ,

205 1004 252 1063 tt.
290 998 417 1061 Rursum
443 1000 623 1061 admonendi
648 1022 761 1075 sumus,
792 1010 825 1060 ut
850 999 897 1060 isti
922 999 980 1058 vim
1007 997 1267 1057 Sacramentorum

124 1086 272 1135 enervant
298 1098 441 1156 usumque
472 1099 592 1158 prorsus
621 1089 774 1138 evertunt:
806 1077 845 1137 ita
877 1075 913 1135 ab
938 1075 1056 1135 adversa
1083 1084 1168 1151 parte
1193 1083 1267 1131 stare

130 1150 214 1226 alios,
234 1151 283 1230 qui
304 1172 422 1213 arcanas
442 1157 542 1214 nescio
564 1176 634 1234 quas
655 1154 776 1215 virtutes
786 1153 983 1214 sacramentis
1002 1150 1168 1241 affingunt,
1196 1164 1269 1226 quae

129 1247 271 1307 nusquam
291 1228 347 1298 illis
366 1250 381 1289 a
400 1228 469 1291 Deo
488 1229 592 1291 insitae
612 1231 762 1312 leguntur.-
834 1250 872 1289 uo
897 1247 998 1288 errore
1026 1223 1196 1306 periculose
1216 1223 1269 1282 tat·

131 1301 233 1362 luntur
251 1303 443 1384 simpliciores
464 1319 495 1366 et
514 1309 653 1387 imperiti,
674 1307 742 1365 dusn
764 1317 794 1366 et
844 1307 870 1364 ei
891 1305 968 1363 dona
989 1322 1135 1382 quaerere
1155 1300 1268 1380 doeen-

129 1388 189 1452 tur,
208 1379 259 1438 ubi
278 1380 401 1460 reperiri
422 1383 541 1442 minime
561 1396 693 1464 possunt,
715 1382 851 1441 etaDeo
871 1380 977 1453 sensim
997 1376 1221 1459 abstrahuntur,
1239 1386 1270 1434 ut

129 1472 186 1534 pro
213 1455 275 1516 eius
301 1458 423 1517 recitate
456 1480 564 1519 meram
586 1459 798 1538 amplexentur
820 1457 993 1516 vanitatem.
1043 1454 1158 1535 hlagno
1192 1451 1269 1517 enim

130 1549 275 1592 consensu
295 1532 470 1614 sophisticae
489 1535 608 1596 scholae
628 1536 823 1607 tradiderunt,
843 1525 1031 1592 Sacra'menta
1051 1549 1151 1591 novae
1171 1529 1269 1609 Legis,

131 1605 270 1684 horest,
301 1630 376 1687 quae
401 1612 530 1672 nuncin
552 1635 605 1671 usu
625 1625 693 1672 sunt
714 1611 898 1672 Christianae
918 1607 1076 1682 ecclesiae,
1111 1606 1270 1666 iustificare

132 1694 164 1743 et
182 1685 319 1745 conferre
339 1688 471 1769 gratiam,
492 1688 581 1749 modo
603 1710 664 1749 non
684 1708 829 1768 ponamus
850 1686 966 1747 obicem
994 1684 1108 1764 peccati
1129 1681 1270 1743 mortalis.

133 1756 223 1835 Quae
240 1763 403 1839 sententia,
434 1766 490 1825 dici
519 1786 580 1824 non
606 1777 720 1848 pptest,
751 1785 837 1841 quam
863 1762 901 1822 sit
926 1761 1046 1820 exitialis
1067 1772 1098 1819 et
1120 1758 1272 1839 pestilens,

133 1856 230 1916 eoque
249 1839 340 1920 magis
360 1841 439 1919 quod
460 1841 557 1901 inultis
576 1856 644 1902 ante
664 1842 785 1902 saeculis
806 1861 849 1898 ma
873 1861 909 1897 na
935 1839 1074 1901 ecclesiae
1102 1838 1216 1896 iactura
1240 1834 1271 1893 in

133 1911 312 1981 honaorhis
332 1929 415 1995 parte
440 1919 578 1979 obtinuit.
628 1917 721 1978 Plane
746 1930 826 1977 certe
850 1859 993 1977 diabolica
1018 1925 1076 1974 est:
1107 1933 1177 1972 narn
1203 1912 1270 1971 dum

134 1989 273 2051 iustitiam
293 1994 365 2053 citra
386 1994 471 2053 fidem
494 1994 661 2074 pollicetur,
681 1995 790 2055 animas
809 1995 839 2052 in
861 1993 978 2052 esitium
998 1989 1176 2071 praecipites
1197 1989 1270 2070 agit:

134 2065 242 2127 deinde
263 2071 329 2147 qnia
349 2070 477 2130 iustitiae
503 2092 653 2130 causamn
679 2071 876 2131 sacramentis
901 2069 996 2140 ducit,
1026 2067 1145 2126 miseras
1176 2065 1272 2127 homi-

136 2163 207 2203 num
229 2156 341 2205 mentes
361 2146 391 2202 in
412 2157 518 2206 terram
539 2160 640 2226 suapte
660 2159 767 2226 sponte
788 2145 851 2226 plus
871 2147 939 2206 satis
958 2143 1130 2219 inclinatas,
1151 2142 1207 2202 hac
1225 2164 1273 2201 su-

134 2221 311 2356 perstitione
333 2221 443 2315 illigat,
469 2236 503 2282 ut
523 2223 552 2282 in
572 2223 741 2304 spectaculo
762 2224 805 2282 rei
825 2241 987 2302 corporeae
1008 2220 1107 2300 potius
1134 2239 1223 2299 quam
1242 2219 1271 2277 in

167 2317 203 2356 eo
223 2296 287 2376 ipso
307 2312 501 2376 acquiescant.
542 2300 629 2374 Quae
654 2301 712 2360 duo
740 2300 782 2360 uti
824 2300 946 2358 madeo
967 2308 1120 2376 comperta
1138 2317 1200 2354 non
1222 2293 1272 2354 ha·

135 2370 283 2433 heremus:
305 2386 417 2435 tanturn
437 2356 571 2437 abest’ut
590 2376 679 2459 longa
700 2320 878 2457 probdhone
898 2375 1058 2454 indigeant
1097 2373 1180 2448 Quid
1201 2390 1270 2433 vero

136 2460 180 2509 est
199 2448 421 2511 Sacramentum
443 2453 514 2513 citra
532 2454 620 2512 fidem
641 2464 803 2531 sumptum,
836 2453 892 2511 nisi
920 2450 1111 2522 certissimum
1131 2446 1271 2509 ecclesiae

135 2523 264 2585 esitium.
302 2518 377 2586 Nam
398 2551 487 2608 quum
508 2529 581 2588 nihil
600 2529 669 2588 inde
690 2541 767 2589 extra
793 2527 1017 2608 promissionem
1041 2527 1081 2587 sit
1102 2535 1268 2603 exspectan-

137 2601 220 2664 dum:
242 2605 397 2682 promissio
419 2619 515 2665 antem
536 2626 596 2665 non
618 2605 712 2665 minus
738 2606 810 2665 iram
840 2602 998 2671 incredulis
1028 2603 1153 2662 minetur
1179 2621 1267 2679 qnam

134 2677 271 2739 fidelihus
291 2683 410 2761 gratiam
433 2683 555 2742 olserat:
587 2681 697 2741 fallitur
744 2684 771 2740 ui

136 2754 193 2817 sihi
212 2757 342 2817 conferri
363 2772 456 2839 putat,
476 2781 561 2838 quam
583 2759 661 2850 quod
681 2704 773 2818 velho
826 2760 851 2817 ei
872 2759 1019 2831 oblatum,
1040 2776 1107 2817 vcra
1127 2755 1184 2814 lide
1203 2774 1274 2833 per-

794 2681 862 2817 plus
882 2679 997 2760 aliquid·
1012 2702 1066 2760 per
1084 2678 1273 2738 Sacramenta

136 2832 235 2913 eipiat.
275 2832 394 2912 Esquo
415 2839 536 2895 alterum
559 2849 645 2896 etiam
667 2837 836 2908 conficitur,
868 2856 928 2894 non
962 2834 1091 2912 pendere
1115 2852 1149 2891 ex
1169 2830 1277 2891 Sacra·

135 2908 228 2968 menti
249 2913 471 2991 participatione
490 2912 589 2973 salutis
610 2913 753 2986 fiduciam,
774 2914 831 2971 acsi
851 2911 1019 2971 iustificatio
1038 2911 1090 2969 sita
1111 2908 1172 2968 illic
1186 2907 1275 2980 locet,

136 3006 222 3076 quam
242 2991 271 3045 in
294 3010 353 3048 unu
375 2989 494 3048 Christo
516 2992 690 3068 repositam,
724 2990 912 3049 nihilominus
939 2987 1093 3067 Evangelii
1121 2984 1275 3074 praedica·

135 3071 219 3121 isone
240 3086 327 3144 quam
348 3065 530 3124 Sacramenti
550 3065 773 3146 obsignatione,
803 3066 888 3125 nobis
921 3063 1131 3141 communicari
1152 3062 1274 3121 scimus:

139 3140 256 3199 acsine
278 3140 330 3199 hae
351 3161 435 3220 posse
456 3142 485 3199 in
506 3142 631 3202 solidum
668 3138 811 3202 constare.
860 3143 961 3220 Usque
992 3140 1066 3199 adeo
1097 3158 1200 3197 verum
1234 3149 1277 3196 est

138 3215 220 3348 quod
241 3216 277 3274 ab
298 3216 505 3298 Augustino
526 3239 643 3298 quoqqe
664 3221 800 3279 scribitur
821 3219 872 3297 (de
886 3228 997 3297 quaest.
1011 3228 1069 3276 ret.
1080 3227 1149 3275 test.
1162 3215 1276 3303 tina),

157 3289 318 3351 usisibilem
339 3295 598 3355 sanctificationem
619 3297 680 3355 sine
701 3296 806 3354 visibili
826 3296 910 3376 signo
933 3313 994 3354 esse
1036 3312 1116 3364 osse,
1149 3305 1181 3352 et
1207 3290 1274 3350 viss·

138 3365 199 3426 hile
219 3390 332 3428 rursum
351 3371 466 3451 signum
486 3374 548 3431 sine
569 3393 636 3432 vera
660 3373 900 3432 sanctificatione.
945 3314 1098 3442 „Induunt
1124 3372 1203 3427 enim
1229 3371 1276 3445 (ut

138 3444 225 3581 „lpse
245 3466 363 3525 quoque
384 3447 451 3506 alibi
470 3450 572 3508 scribit
592 3450 627 3507 dc
648 3449 727 3526 bapt.
749 3461 826 3508 cnnt.
840 3448 951 3507 Donat.
972 3468 1034 3525 cap.
1053 3448 1119 3522 24.)
1140 3444 1275 3503 homines

140 3562 160 3595 „
192 3521 481 3603 hristumaliquando
495 3545 586 3603 usque
607 3527 641 3583 ad
659 3526 839 3587 Sacramenti
860 3524 1095 3604 perceptionem,
1116 3520 1273 3600 aliquando

139 3617 255 3677 „usqne
275 3598 310 3658 ad
330 3600 406 3660 vitae
425 3601 715 3665 sanctificationenr.“
763 3602 861 3679 Atque
886 3601 957 3659 illud
986 3600 1110 3678 primum
1137 3596 1274 3656 ethonis

141 3685 172 3733 et
190 3673 270 3734 malis
290 3689 389 3755 potest
409 3698 471 3736 esse
491 3699 662 3739 commune:
693 3678 752 3738 hoc
771 3692 868 3737 autem
889 3675 1025 3752 alterum,
1057 3675 1211 3754 proprium
1232 3684 1275 3732 est

140 3748 289 3811 honorum
310 3775 343 3813 ac
363 3754 489 3833 piorum.

217 3835 263 3892 15.
303 3829 381 3891 Hinc
401 3831 449 3889 illa
469 3831 493 3889 si
514 3830 569 3890 rite
590 3830 786 3912 intelligatur,
818 3832 895 3890 inter
918 3828 1140 3889 Sacramentum
1164 3836 1195 3884 et
1213 3845 1275 3882 rerrs

141 3902 325 3964 Sucronensi
343 3909 379 3966 ab
401 3907 505 3965 eodem
526 3909 731 3989 Augustino
752 3909 864 3987 saepius
886 3918 986 3966 notata
1013 3903 1172 3964 distinctio.
1212 3902 1274 3962 Ne-

144 4001 201 4059 que
234 3983 310 4041 enim
343 3983 486 4065 significat
512 3983 649 4047 duntaxat
669 3985 790 4063 liguram
811 3997 841 4044 et
859 3984 1011 4043 veritatem
1031 3981 1091 4040 illic
1112 3978 1274 4052 contineri,

142 4059 193 4118 sed
219 4079 280 4117 non
307 4059 347 4118 ita
373 4060 531 4120 cohaerere
552 4062 621 4140 quin
647 4083 678 4122 se
702 4063 778 4120 arari
810 4072 932 4141 queant:
966 4081 999 4118 ac
1031 4059 1061 4117 in
1093 4058 1155 4135 ipsa
1188 4054 1275 4113 etiam

142 4135 355 4196 coniunctione
375 4150 516 4216 oportere
535 4156 652 4218 semper
671 4084 797 4198 discerni
817 4157 879 4197 rem
900 4158 916 4197 a
936 4136 1091 4218 signo,<ne
1103 4133 1138 4192 ad
1150 4131 1275 4190 alterum

74 4228 77 4235 ·
141 4211 346 4273 transieramus
366 4214 445 4293 quod
466 4213 584 4275 alterins
604 4227 657 4275 est.
707 4215 756 4274 De
780 4215 965 4355 separatione
992 4210 1123 4291 loquitur
1154 4207 1277 4289 Angu-

139 4286 259 4351 stinus
277 4308 369 4370 quum
387 4290 499 4369 scribit,
516 4291 549 4354 iu
567 4291 639 4355 solis
658 4291 760 4357 electis
778 4290 811 4355 el
829 4310 896 4395 cere
909 4289 1097 4352 Sacramenta
1107 4285 1189 4368 quod
1201 4285 1278 4368 figu-
