2596 4726
152 192 211 253 aar
544 182 693 245 manv,
731 182 914 277 caera„

152 328 266 413 gendos
275 327 425 409 religionis
445 326 553 402 hostes,
571 328 622 406 qui
640 338 711 387 tunc
728 338 916 401 emerserant,
934 324 1202 405 accommodarunt.
1236 328 1265 389 ir

154 404 369 541 posterioribus
388 424 507 483 quoque
528 402 676 463 nonnullis
687 404 815 465 videmus
835 405 950 463 elucere
960 422 1063 464 veruna
1081 406 1200 484 pietatis
1215 416 1266 465 stn-
1293 412 1297 421 ‘

176 484 250 556 iurn,
277 492 360 539 notas
385 481 492 539 adhaec
518 480 644 559 ingenii,
669 481 836 551 doctrinae,
855 480 1029 559 prudentiae
1049 501 1113 540 non
1133 480 1266 543 obscene

154 558 213 617 Sed
234 557 475 637 quemadmodum
496 554 592 614 solent
611 576 657 615 res
677 557 705 615 in
727 556 853 615 deterius
873 557 935 615 lere
959 555 1092 635 prolabi,
1123 576 1158 615 ex
1175 576 1266 617 recen·

152 634 276 693 tionibus
299 632 438 693 Conciliis
458 632 556 691 videre
577 644 633 703 est,
666 641 803 711 quantum
829 631 952 691 subinde
972 632 1096 692 eeclesia
1117 652 1133 692 a
1154 634 1266 714 puritate

152 710 229 768 illius
255 710 334 768 aurei
360 708 465 767 saeculi
490 708 717 787 degeneraverit.
765 710 827 766 Nec
857 708 961 767 dubito
980 708 1052 787 quin
1076 710 1141 769 istis
1159 726 1264 789 qaoque
1295 726 1297 783 ζ

152 784 386 864 correptioribus
406 783 525 844 saecrrlis
546 783 699 843 habuerint
718 784 850 845 Consilia
870 804 938 843 suos
954 784 1088 843 melioris
1109 784 1265 863 notae-epi-
1295 816 1297 833 ι

150 882 266 941 acopos.
305 861 365 920 Sed
384 861 414 919 in
435 860 477 917 his
496 859 617 931 accedit,
636 860 716 937 quod
736 862 766 919 in
786 858 924 919 Romanis
938 859 1198 921 senatusconsultis
1214 880 1264 921 non

151 952 233 999 recte
253 938 315 997 fieri
336 937 405 995 olim
425 934 681 1012 conquerebantur
700 936 754 1014 ipsi
764 936 937 995 ¹Senatores.
974 934 1054 995 Dum
1074 937 1156 995 enirn
1175 954 1264 995 unne-

150 1026 269 1086 rantur,
294 1033 355 1072 non
366 1048 369 1053 -
380 1016 589 1091 appenduntur
606 1014 783 1085 sententiae,
814 1010 966 1072 meliorem
990 1024 1106 1091 partem
1117 1034 1149 1071 .a
1167 1014 1263 1072 maiore

150 1092 228 1151 vinci
246 1110 296 1147 sae
318 1090 361 1147 ius
380 1106 498 1145 necesse
519 1085 582 1146 luit.
629 1088 718 1147 Certe
741 1088 844 1146 multas
867 1087 969 1167 impiae
992 1090 1156 1149 sententias
1171 1098 1262 1179 prote-

150 1166 259 1225 lernnt.
298 1110 400 1242 licque
422 1164 466 1221 hic
487 1183 504 1221 o
527 1184 559 1220 us
580 1175 655 1222 ests
678 1164 752 1221 ecies
764 1163 918 1239 colligere:
937 1162 984 1223 vel
1002 1164 1085 1243 qnod
1106 1166 1192 1225 nimis
1209 1162 1261 1223 lua·

151 1262 221 1377 Ἧι
238 1242 327 1374 surlet,
347 1240 394 1299 rel
407 1240 486 1320 quod
508 1184 564 1299 hoc
582 1238 631 1299 alii
649 1184 783 1329 licerent
800 1239 975 1323 diligentius,
994 1260 1083 1321 quam
1103 1252 1139 1301 ut
1155 1238 1261 1301 inulta!

151 1338 169 1379 ι
210 1337 259 1375 ere
290 1328 373 1376 areat.

226 1401 274 1459 9.-
295 1394 392 1453 Porro
417 1392 487 1471 quid
512 1392 633 1454 concilia
657 1416 722 1455 cuna
748 1394 878 1455 conciliis
906 1393 1066 1477 pugnantia
1089 1388 1260 1455 recenseant

149 1470 214 1530 Nec
238 1470 380 1549 estquod
406 1470 475 1527 mihi
501 1470 641 1551 quispiam
667 1471 884 1546 obmurmuret,
917 1490 950 1529 ex
975 1470 1020 1530 his
1039 1490 1116 1549 qnae
1135 1476 1260 1562 pugnant·

148 1546 319 1606 alterutrum
351 1568 427 1615 non,
445 1565 506 1605 esse
539 1546 708 1629 legitimum.
760 1548 845 1606 Unde
876 1548 953 1605 enim
982 1545 1012 1605 id
1045 1540 1260 1606 aestimabanus?

148 1622 264 1702 Nempe
285 1644 318 1681 ex
339 1641 374 1681 eo
395 1624 449 1681 uisi
469 1621 564 1697 fallor,
584 1623 663 1702 quod
684 1643 717 1683 ex
733 1624 890 1703 Scripturis
910 1621 1114 1699 iudicabimus,
1133 1642 1192 1683 non
1210 1636 1260 1679 ene
1295 1672 1297 1677 .

150 1700 315 1759 orthodoxa
335 1699 410 1757 illius
430 1700 555 1759 ‹lecreta
599 1701 681 1758 llaec
701 1700 778 1759 euim
804 1720 861 1759 una
881 1711 925 1759 est
948 1709 1027 1759 certa
1054 1699 1102 1757 lex
1121 1696 1258 1759 diseretio·
1295 1748 1297 1757 .

148 1776 204 1834 nis.
244 1776 303 1834 lam
325 1778 468 1855 nongenti
490 1776 605 1834 circiter
623 1776 692 1833 anni
712 1788 790 1847 sunt,
810 1798 899 1855 quum
917 1772 1258 1855 synndusConstautinn·
1294 1768 1297 1831 !

172 1851 280 1911 olitana
301 1852 353 1911 sub
374 1854 476 1910 Leone
495 1854 671 1929 imperatore
696 1862 888 1932 congregata,
919 1852 1133 1911 subvertendae
1152 1862 1182 1909 et
1199 1866 1258 1907 enn·
1295 1864 1297 1873 ·

147 1872 316 2009 iiingendaa
335 1928 475 2009 imagines
491 1928 520 1985 in
538 1927 653 2007 templis
668 1927 823 1987 collocatas
842 1928 962 1987 cenauit.
1001 1926 1096 1987 Paulo
1111 1924 1259 2007 postcon·
1295 1960 1297 1973 ι

149 2005 248 2066 citium
268 2006 440 2075 Nicaenum,
459 2004 537 2082 quod
559 2004 587 2061 in
609 2003 669 2063 eius
690 2004 824 2063 invidiam
844 2003 932 2063 Irene
951 2004 1062 2083 coegit,
1080 2000 1258 2063 restituendae
1295 2020 1297 2033 ¹

147 2081 289 2141 decrerit.
333 2082 438 2139 Utrum
470 2102 503 2159 ⁰¹.
534 2080 648 2138 duobus
679 2098 866 2159 agnoscemus
897 2078 1139 2159 prodegitimo?
1173 2074 1257 2167 Vulgo
1295 2136 1297 2141 .

148 2157 278 2218 obtinuit
297 2156 354 2216 hoc
375 2158 531 2235 posterius,
563 2155 642 2234 quod
668 2156 703 2214 in·
724 2155 838 2233 templis
862 2156 958 2215 locum
983 2154 1158 2235 imaginibus
1182 2154 1256 2213 dete

148 2233 190 2293 At
209 2233 388 2311 Augustinus
410 2234 436 2289 id
456 2233 519 2290 heri
540 2250 623 2310 posse
642 2244 731 2313 negat
754 2235 816 2291 sine
836 2230 1068 2311 praesentissimo
1089 2226 1256 2291 idololatriae

146 2308 289 2388 periculo.
315 2310 339 2366 E
363 2308 494 2387 iphanins
506 2318 601 2367 aetate
615 2309 759 2387 superior,
778 2309 906 2387 asperius
917 2308 1009 2370 multo
1029 2307 1161 2386 loquitur
1172 2304 1255 2387 [epist

146 2384 183 2445 ad
205 2384 309 2442 loann.
362 2384 527 2465 ierosolym.
555 2394 584 2442 et
605 2383 699 2447 libii·
719 2396 823 2443 contra
843 2384 978 2464 haeres.].
1028 2384 1119 2444 Nefas
1143 2390 1255 2443 enimet

148 2459 396 2521 abominationem
418 2480 480 2518 esse
500 2460 602 2531 tradit,
623 2460 711 2539 aspici
731 2460 759 2517 in
782 2461 894 2539 templo·
913 2460 1147 2521 Christianorum
1166 2454 1242 2519 ima‘

147 2558 209 2596 nes.
249 2536 309 2608 Qui
330 2535 370 2593 sic
392 2535 561 2610 loquuntur,
582 2554 618 2591 an
638 2536 835 2613 approbarent
852 2537 1017 2597 Concilium
1038 2537 1121 2610 illud,
1139 2538 1163 2597 si
1182 2476 1254 2597 beili

145 2623 242 2673 esseut
261 2612 446 2690 superstites?
485 2609 600 2685 Quodsi
621 2623 650 2669 et
669 2632 736 2669 vera
756 2625 875 2672 narrant
893 2614 1038 2684 historici,
1063 2626 1094 2671 et
1114 2615 1184 2674 aetia
1199 2608 1253 2693 ipris

147 2690 284 2758 ereditur,
304 2700 365 2746 non
386 2689 523 2769 imagines
545 2699 655 2745 tantum
668 2688 755 2767 ipsae,
774 2691 824 2747 sed
839 2710 936 2748 earum
949 2688 1044 2749 cultus
1058 2688 1120 2747 illic
1137 2701 1254 2769 receptus

145 2767 210 2825 fuit.
250 2764 323 2824 'l'ale
343 2786 411 2826 vero
433 2768 569 2845 placitum
590 2764 681 2841 palam
704 2777 747 2823 est
766 2768 898 2825 aSataua
919 2785 1057 2824 manasse.
1099 2766 1178 2839 Quid
1189 2762 1253 2845 quod

145 2853 239 2903 totam
256 2842 426 2921 scripturam
440 2844 634 2920 depravarulo,
656 2853 685 2898 et
703 2839 866 2915 lacerando,
886 2840 1009 2901 ludibrio
1024 2862 1088 2901 eam
1109 2843 1163 2901 sibi
1181 2844 1252 2901 luisse

146 2920 367 2979 demonstrant?
406 2921 495 2991 Quod
517 2938 572 2995 ego
593 2918 723 2996 superius
743 2918 858 2977 abunde
884 2917 999 2995 planum
1021 2917 1079 2977 leci
1099 2920 1153 2994 (cl.
1172 2920 1218 2979 lib.
1232 2924 1252 2980 l.

146 3018 171 3056 e.
191 3002 236 3058 11.
257 3017 279 3053 s.
299 2998 372 3072 ld).
412 2996 560 3072 Quicquid
580 2996 627 3066 sit,
646 3014 706 3052 non
726 2994 810 3052 aliter
829 2994 993 3053 discernere
1013 2994 1094 3053 inter
1113 2992 1253 3055 contrariu
1295 3052 1297 3069 ,

146 3083 176 3129 et
187 3071 388 3131 dissentientes
401 3072 540 3148 synodus,
560 3090 633 3147 quae
646 3069 750 3128 multae
764 3071 892 3145 intersint,
911 3070 1083 3150 poterimus,
1103 3071 1159 3132 nisi
1169 3088 1253 3132 omnes

143 3146 192 3203 illa
214 3168 298 3222 quarn
319 3148 375 3205 diri
388 3147 518 3206 omnium
540 3146 688 3202 hominum
710 3158 739 3204 et
757 3147 925 3227 angelorum
945 3158 1062 3219 statera,
1083 3146 1112 3207 id
1126 3146 1252 3209 estverho

145 3220 266 3280 Domini
286 3223 488 3280 examinemus.
528 3221 576 3279 Sic
598 3220 866 3281 Chalcedonensem
888 3222 1102 3313 amplectimur,
1121 3224 1253 3303 repudiata

144 3296 292 3373 Ephesiae
316 3298 458 3368 secunda,
490 3296 568 3376 quod
598 3297 626 3353 in
657 3297 708 3355 hac
735 3299 914 3378 Eutychiana
940 3298 1073 3377 irripietas
1100 3302 1252 3361 confirmata

144 3370 211 3445 fuit,
233 3392 317 3448 quam
337 3373 385 3431 illa
406 3374 495 3431 altera
510 3373 664 3431 damnavit.
703 3375 771 3433 liius
791 3377 832 3431 rei
853 3376 988 3433 iudicium
1009 3378 1130 3437 uorrnisi
1144 3374 1252 3437 exScri·

145 3447 237 3527 pturis
258 3448 391 3506 lecerunt
409 3452 501 3507 sancti
520 3448 583 3520 viri,
604 3470 676 3527 quos
696 3452 735 3510 sie
757 3452 785 3507 in
808 3452 962 3511 iudicando
982 3454 1143 3529 sequimur,
1163 3466 1194 3512 nt
1210 3448 1252 3511 liei

144 3524 275 3593 verbum,
295 3526 373 3601 quod
395 3526 449 3584 illis
471 3525 620 3603 praeluxit,
641 3526 725 3585 uulsis
746 3548 822 3585 nnnc
840 3549 958 3607 quoque
977 3528 1155 3603 praeluceat.
1193 3529 1252 3587 Eunt

145 3621 223 3659 nune
242 3600 440 3659 Itoniaucuses
466 3614 494 3660 et
521 3603 636 3661 allisum
661 3602 866 3682 alligatumque
888 3606 945 3663 suis
971 3604 1105 3665 conciliis
1127 3607 1251 3687 Spiritum

144 3688 274 3736 sanetum
294 3697 349 3756 pro
370 3697 453 3735 more
473 3680 590 3738 iactent.

219 3759 265 3817 iu.
306 3752 480 3830 eranqunm
502 3759 530 3814 in
551 3754 606 3813 illis
641 3776 737 3833 noque
752 3756 875 3835 antiquis
896 3768 926 3813 et
945 3756 1116 3834 purioribus
1127 3771 1179 3829 est,
1189 3750 1252 3836 qnod

143 3830 206 3888 iure
227 3828 382 3899 desideres,
402 3829 448 3886 vel
470 3832 548 3909 quod
571 3778 676 3890 eruiliti
696 3828 802 3908 alioqui
823 3845 852 3891 et
874 3833 1030 3911 prudentes
1052 3834 1117 3905 ciri,
1137 3835 1186 3913 qui
1205 3847 1251 3890 tun

144 3906 281 3980 aderant,
310 3908 509 3984 praesentibus
529 3908 655 3987 negotiis
680 3906 807 3966 distracti
833 3910 922 3969 multa
942 3910 995 3967 alia
1023 3930 1085 3967 non
1108 3931 1176 3989 pros
1198 3908 1252 3969 ieie·

142 3981 229 4040 b'ant:
259 3980 305 4038 vel
325 3981 403 4058 quod
424 3984 605 4059 gravioribus
624 3996 654 4041 et
673 3984 761 4060 magis
781 3987 862 4043 seriis
882 3997 1040 4061 occupatos
1060 3986 1203 4046 nonnula
1221 3984 1253 4041 le·
1283 4048 1290 4059 ,

140 4058 231 4117 rionis
251 4056 391 4115 momenti
410 4058 677 4140 subterfugiebant:
697 4060 740 4115 vel
763 4062 841 4137 quod
862 4061 1046 4141 simpliciter,
1068 4074 1100 4121 ut
1124 4062 1253 4133 homines,

141 4132 285 4211 imperitia
305 4132 364 4191 lalli
385 4146 538 4214 poterant:
557 4135 697 4213 velquod
717 4136 807 4195 nimio
821 4137 931 4197 aflectu
951 4158 1163 4216 nonnunquam
1184 4154 1254 4218 prae·

141 4210 245 4289 cipites
264 4208 444 4269 serebantur.
485 4213 577 4272 Huius
597 4211 737 4292 postremi
757 4214 851 4306 (quod
872 4214 1002 4274 omnium
1023 4215 1206 4274 durissimum
1220 4210 1253 4270 ri·

141 4285 243 4364 detur)
262 4287 424 4368 exemptum
442 4287 555 4351 illustre
573 4287 681 4350 eutith
697 4289 729 4349 in
749 4290 878 4353 Nicaena
896 4290 1023 4373 synodo,
1042 4289 1124 4354 cuius
1142 4290 1253 4375 dignita
