2700 4732
8 132 15 143 Ι
101 194 164 260 dib
477 186 558 253 om.
576 190 631 255 tv,
670 188 762 255 CAP.
781 188 862 253 m.

104 333 216 417 „rebus
233 335 379 417 accipere,
396 333 508 397 seruilis
526 333 701 398 infirmitatis
720 347 778 397 ast:
806 335 849 397 sic
873 333 1019 395 inutiliter
1040 324 1244 421 sigibertu-

13 414 16 427 '
105 412 257 495 ,pretam
285 412 364 474 male
389 413 526 495 vagentis
556 414 664 474 erroris
695 417 772 473 est.“
801 413 880 471 ·Duo
905 411 993 493 ponit
1010 412 1083 473 vitia
1101 432 1179 495 quae
1197 414 1244 475 bic

105 489 237 552 urenda
255 488 323 549 sint.
359 488 511 562 Alterum,
530 488 599 549 duan
617 490 660 549 ita
678 489 836 568 accipimus
855 489 951 570 signa,
968 490 1028 551 ersi
1048 489 1159 551 frustra
1177 490 1243 551 data

107 576 217 641 essent,
236 578 395 646 nostraque
414 565 595 658 malignitate
614 585 731 626 arcanas
742 584 844 657 eurum
857 564 1242 646 significationeselerande

40 736 43 741 ·
101 640 1121 811 amarticurasansternutantes
1149 643 1243 801 dl:

15 822 19 835 ¹
106 794 311 857 transierimus
331 814 434 855 eorum
453 793 740 870 bonorumlaude'm,
758 802 834 877 quae
853 814 972 855 nouum
990 794 1026 855 ab
1045 815 1109 857 uno
1122 795 1243 857 Christo

107 870 197 933 nobis
214 870 420 944 conferuntur,
437 871 527 950 idque
546 892 600 950 per
619 871 761 950 Spiritum
780 881 923 943 sanctum,
943 872 993 951 qui
1004 892 1061 932 nos
1072 870 1146 932 iacit
1157 870 1243 934 curi·

106 947 146 1009 sti
166 948 254 1029 ipsius
273 948 444 1029 participes:
475 958 505 1006 et
529 946 647 1027 quidem
666 946 869 1008 adiuuantibus
889 946 1014 1007 externis
1033 948 1140 1029 signis,
1159 968 1240 1028 quae,

106 1023 134 1085 si
151 1042 207 1085 uos
225 1023 264 1085 ad
282 1022 433 1085 Christum
451 1023 589 1100 inritant,
607 1023 659 1084 ubi
677 1023 737 1086 alio
757 1035 952 1104 torquentur,
981 1023 1106 1107 indigue
1137 1025 1243 1086 everti·

106 1111 159 1162 tur
175 1111 240 1161 tcta
260 1118 362 1159 eornm
382 1097 501 1161 utilitas.
1211 1140 1219 1157 .

45 1244 48 1263 Ι
185 1182 233 1248 17.
267 1176 475 1269 'Quampbreru
494 1174 580 1236 lixum
599 1186 732 1251 maneat,
759 1195 820 1237 nnn
851 1194 914 1238 esse
945 1175 1014 1269 alias
1032 1176 1244 1239 Sacramentu-

106 1252 587 1405 id‘lttsssl‘l'llttttt:
600 1252 900 1410 gtlr‘tt'lttlt't
918 1252 1006 1388 'iiiii
1017 1274 1245 1391 :stilti

91 1417 179 1479 ,runt
196 1414 248 1465 ant
266 1417 392 1485 prosunt
411 1405 466 1466 nisi
484 1403 542 1465 fide
561 1417 695 1484 accepta:
720 1424 783 1464 non
802 1425 885 1466 secus
904 1424 938 1466 ac
956 1405 1077 1481 vinum,
1107 1407 1161 1467 rel
1181 1406 1244 1467 nle-

106 1498 176 1553 nm,
202 1478 250 1541 rel
269 1478 342 1542 alins
366 1480 474 1562 liquor,
501 1481 666 1560 quamlibet
684 1480 766 1563 large
785 1481 936 1555 infundas,
967 1482 1073 1542 ellluet
1090 1494 1192 1543 umen
1211 1503 1245 1544 ac

9 1599 11 1603 -
106 1556 218 1651 peribit
236 1557 292 1618 nisi
311 1569 414 1638 aperto
434 1556 508 1618 rasis
528 1576 596 1618 ore:
627 1579 675 1618 vas
698 1572 796 1618 antem
816 1558 910 1638 ipsum
930 1559 1061 1638 undique
1080 1560 1245 1639 periurum,

108 1653 199 1695 rnane
218 1633 407 1695 nibilominus
425 1654 460 1695 ac
478 1653 601 1695 vacuum
621 1633 760 1694 manebit.
800 1634 969 1696 Cavendum
989 1646 1145 1713 praeterea
1165 1636 1242 1696 aein

107 1728 241 1775 errorem
260 1710 344 1772 buius
363 1711 482 1771 ellinem
501 1709 724 1785 nosabducant,
743 1731 819 1790 qnae
836 1710 873 1772 ad
893 1709 1126 1790 amplificandam
1139 1712 1244 1773 Sarra·

106 1799 276 1848 mentorum
296 1787 468 1869 dignitatern
483 1786 576 1922 paulo
597 1787 1015 1868 magnificentiusareteribus
1031 1788 1143 1868 scripta
1162 1800 1245 1849 sunta

105 1875 142 1925 ut
159 1863 272 1925 scilicet
289 1865 465 1925 arbitremur
495 1876 624 1924 stentem
643 1863 768 1945 aliquam
783 1864 922 1931 ¹virtutem
933 1864 1134 1926 sacramentis
1152 1884 1244 1926 anne

105 1961 171 2001 seru
190 1940 362 2021 elisamque
380 1960 454 2017 csse,
495 1961 534 2001 ue
554 1942 616 2021 ipsa
634 1959 691 2023 per
707 1959 740 2002 se
759 1940 886 2021 Spiritus
904 1942 998 2002 sanni
1019 1942 1133 2023 gratias
1158 1940 1245 2002 nubis

106 2016 275 2092 conserant,
294 1961 542 2098 quemadmodum
559 2018 660 2078 vinum
679 2016 710 2078 in
730 2029 843 2096 cratere
862 2016 1051 2154 propinatura
1072 2038 1167 2110 quum
1187 2017 1244 2080 boc

105 2104 219 2155 nutum
239 2094 298 2156 illis
317 2094 454 2154 diuinitus
473 2094 637 2153 iniunctum
656 2093 694 2154 sit
712 2114 827 2168 munus,
845 2094 914 2155 testi

107 2171 169 2263 cire
187 2166 297 2266 Dcissiun
316 2190 372 2230 nos
392 2169 642 2262 benevolentiam:
667 2173 729 2231 ‘uec
752 2171 873 2232 ulterius
892 2171 1127 2265 proficiantunisi
1147 2190 1244 2233 anea

87 2247 729 2402 ·iti,illiti:„titlssn‘l'tlittlf
740 2247 1179 2418 tllt‘ltlntttet,
1213 2266 1243 2385 si

937 2095 995 2155 cari
1013 2093 1104 2155 nobas
1123 2115 1161 2157 ac
1177 2115 1242 2156 san-

105 2399 218 2484 gratiae
237 2399 403 2461 luculenter
423 2401 562 2461 eminent.
600 2399 788 2461 Sacramenta
812 2401 890 2459 eninr
919 2402 969 2477 (ut
986 2422 1020 2462 sn
1042 2420 1075 2463 ra
1093 2412 1242 2484 athgrmus

106 2496 133 2534 c.
152 2480 200 2540 13.
220 2496 243 2536 s.
262 2481 290 2542 6.
310 2487 341 2536 et
360 2476 420 2536 bui.
440 2496 558 2559 caprea.
577 2480 607 2540 6.
627 2488 657 2536 et
675 2477 719 2554 7.)
739 2477 768 2536 id
788 2476 957 2538 suntnobis
976 2422 1041 2539 ali

1044 2496 1082 2539 eo
1121 2476 1238 2537 nodab

106 2548 275 2613 bominibus
293 2552 553 2614 rerumlaetarum
573 2553 685 2626 nuntii,
713 2552 760 2613 vel
780 2553 882 2613 arrbre
902 2552 932 2612 iu
953 2553 1046 2634 pactis
1063 2498 1238 2615 reddendis:

104 2639 212 2709 utpote
232 2648 307 2709 quac
327 2651 388 2690 nnn
409 2651 426 2690 a
445 2649 477 2690 se
496 2628 614 2710 quidem
634 2627 795 2710 largiantur
820 2629 929 2709 aliquid
954 2632 1080 2712 gratiae,
1104 2628 1158 2689 sed
1186 2648 1237 2689 re·

104 2706 244 2767 nuntient
264 2720 295 2768 et
314 2705 481 2779 ostendant,
499 2716 586 2786 atque
605 2708 654 2784 (nt
672 2718 741 2766 sunt
760 2705 863 2766 arrhae
879 2717 910 2765 et
920 2708 1062 2784 tesserae)
1078 2717 1141 2768 rata
1160 2705 1243 2798 apud

105 2800 162 2843 nos
198 2782 321 2859 iaciant,
354 2802 429 2862 qnae
464 2783 560 2843 divina
595 2780 730 2864 largitate
758 2783 846 2843 nobis
879 2782 945 2843 data
977 2794 1055 2845 sunt.
1112 2780 1243 2862 Spiritus

105 2872 223 2920 sanctus
243 2863 347 2940 (quem
366 2880 428 2919 non
449 2860 585 2919 omnibus
605 2860 769 2938 promiscue
790 2859 977 2920 Sacramenta
996 2860 1162 2931 advebunt,
1190 2859 1243 2921 sed

106 2954 194 3016 quem
216 2936 359 2996 Dominus
386 2934 575 3015 peculiariter
600 2935 657 2995 suis
678 2935 809 3012 confert)
840 2936 864 2996 is
893 2948 938 2996 cst
969 2938 1020 3016 qui
1049 2935 1108 2997 Dei
1157 2937 1243 2997 retias

106 3032 205 3072 secum
230 3013 334 3087 alieri,
364 3013 415 3090 qui
441 3011 491 3071 dat
510 3011 706 3072 Sacramentis
726 3012 755 3070 in
776 3012 864 3072 uobis
883 3011 999 3088 lncnm,
1026 3013 1078 3092 qui
1097 2955 1191 3073 elicit
1209 3023 1242 3072 nt

106 3086 296 3155 fructificent.
337 3087 512 3167 Quanquam
529 3101 625 3148 autern
639 3088 735 3147 Deum
755 3089 848 3168 ipsum
869 3089 1103 3168 praesentissima
1113 3090 1242 3170 Spiritus

106 3163 152 3227 sni
171 3165 289 3238 virtute,
308 3183 378 3224 snae
397 3163 573 3224 institutioni
592 3164 691 3224 adesse
711 3185 771 3224 non
793 3165 970 3225 inficiamur:
998 3186 1037 3225 ne
1056 3166 1242 3227 infructuosa

106 3240 146 3300 sit
166 3253 196 3300 et
215 3241 309 3301 inanis
329 3260 415 3320 quarn
441 3241 587 3300 ordinavit
612 3241 869 3301 Sacramentnrum
901 3242 1132 3303 administratio:
1167 3244 1243 3303 inte·

104 3317 219 3378 riorem
236 3328 335 3376 tarnen
356 3316 484 3396 Spiritus
502 3318 639 3398 gratiam,
669 3329 703 3377 ut
721 3317 758 3377 ab
780 3330 901 3377 externo
922 3318 1084 3378 ministerio
1105 3320 1242 3380 distincta

106 3404 160 3469 est,
179 3412 312 3454 seorsum
329 3394 520 3471 reputandam
541 3406 571 3454 et
590 3393 776 3476 cogitandam
795 3396 958 3454 asserimus.
998 3396 1131 3456 Praestat
1153 3396 1242 3477 igitur

104 3489 176 3530 vere
194 3470 276 3530 Deus
296 3469 433 3550 quicquid
452 3471 542 3552 signis
562 3471 707 3549 promittit
726 3492 760 3529 ac
779 3470 898 3552 figurat:
920 3491 975 3533 nce
995 3472 1105 3532 ellectu
1125 3493 1182 3532 suo
1195 3491 1241 3531 ca-

105 3556 174 3607 'rent
193 3547 287 3630 signa,
306 3559 340 3607 ut
359 3566 444 3606 verax
464 3558 495 3606 et
514 3546 605 3605 fidelis
625 3546 769 3626 probetur
783 3567 887 3606 enrum
898 3559 1011 3607 auctor.
1029 3581 1070 3595 -
1107 3549 1240 3608 Tantum

106 3621 155 3684 bic
176 3625 335 3704 quaeritur,
367 3623 526 3702 propriane
546 3635 576 3682 et
595 3623 751 3684 intrinseca
772 3627 821 3702 (ut
839 3622 1016 3703 loquuntur)
1035 3625 1145 3685 virtute
1166 3643 1240 3704 npe-

104 3712 188 3761 retur
206 3700 299 3775 Deus,
318 3720 356 3759 an
376 3698 502 3760 externis
526 3698 668 3776 symbolis
693 3703 824 3783 resignet
847 3722 911 3760 snas
935 3702 1022 3761 vices.
1074 3702 1138 3761 Nos
1169 3718 1239 3762 uero

105 3777 329 3849 contendimus,
348 3797 479 3856 quaecun
504 3795 540 3834 ue
560 3775 696 3835 adbibeat
714 3798 837 3858 organa,
889 3776 1024 3837 rimariac
1043 3777 1106 3837 eins
1132 3796 1239 3857 opera·

106 3851 275 3987 :lioninibd
297 3852 450 3912 decedere.
483 3797 522 3910 id
544 3873 631 3930 quum
653 3852 776 3913 docetur
796 3853 833 3912 de
877 3854 1063 3930 aeramentis,
1083 3864 1239 3914 eteorum

129 3952 136 3987 r
160 3950 190 3989 ns

106 3949 159 4067 tasg
172 3943 288 4068 abiinde
308 4005 507 4086 praedicatur,
538 4017 569 4064 et
592 4005 697 4066 modus
719 4005 749 4064 iu
769 4007 804 4067 iis
824 4007 1110 4088 omnibusoptimus
1128 4006 1239 4066 retine-

105 4093 171 4159 tur,
190 4095 340 4164 utusque
360 4081 584 4143 deleraturillis
605 4082 775 4162 quicquam,
821 4083 880 4142 und
901 4104 963 4143 uon
984 4105 1003 4144 0
1027 4095 1122 4155 ortet,
1140 4102 1181 4142 ne
1204 4101 1239 4143 ue

106 4180 220 4220 rurs-:rm
240 4159 320 4239 qnod
341 4159 398 4218 illis
418 4160 558 4218 convenit
583 4157 759 4218 detrahatur.
798 4105 923 4219 interim
949 4106 1024 4222 illud
1046 4159 1162 4220 tollitur
1183 4105 1240 4240 ig-

105 4248 249 4312 mentum,
269 4256 329 4315 qno
341 4235 556 4295 iustificationis
576 4254 661 4296 cansa
680 4237 830 4315 virtusque
849 4237 976 4316 Spiritus
995 4236 1086 4298 sancti
1105 4235 1240 4295 elomen-

36 4340 39 4357 ι
106 4312 144 4370 tis
163 4330 218 4373 cen
237 4311 361 4374 vasculis
380 4332 414 4373 ac
433 4311 567 4390 plaustris
587 4310 758 4374 includiturs
792 4325 823 4373 et
846 4316 1004 4395 praecipua
1023 4313 1071 4374 illa
1090 4311 1144 4388 ris,
1164 4330 1241 4393 quae

275 3929 403 3990 raeclarc
423 3929 657 4001 commendatur,
678 3940 708 3989 et
727 3952 793 3990 usus
813 3941 915 4010 aperte
934 3929 1091 4004 indicatur,
1110 3942 1141 3989 et
1161 3928 1240 3989 utili·
