2700 4732
464 242 539 304 tlt.
560 240 616 314 lv..
653 240 741 304 CAP.
761 238 873 302 XVIL.
1182 245 1242 308 tto

108 410 178 468 quas
198 400 303 450 contra
328 387 517 463 obiielamus,
541 387 670 448 rationes
690 386 730 446 ita
750 395 795 446 res
818 395 897 444 nant
949 384 1067 444 Interea
1087 382 1174 464 quale
1192 384 1240 460 sit,

107 466 199 542 istud,
225 465 260 524 ln
283 464 393 526 Christi
416 484 544 545 corpore
569 476 599 523 et
623 463 765 545 sanguine
790 405 1028 536 destamentum,
1051 471 1084 520 nt
1107 461 1164 520 ianr
1188 459 1241 519 ad·

107 543 226 616 monui,
260 541 540 611 tenerecouvenit:
573 540 640 619 qnia
667 560 727 600 non
755 538 840 598 aliter
860 537 1012 618 prodesset
1031 537 1116 598 nobis
1137 536 1241 598 foedus

107 618 250 679 sacrificio
272 618 373 679 mortis
393 620 546 690 sancitum,
565 618 620 677 nisi
640 614 794 676 accederet
812 635 914 675 arcana
934 613 982 674 illa
1003 613 1241 690 communicatio,

109 716 166 774 qua
185 695 215 754 in
237 716 326 755 unum
347 716 413 755 cum
435 694 556 755 Christo
577 692 775 754 coalescimus.
1041 736 1043 740 1
1303 751 1310 765 N

184 776 232 836 21.
272 770 373 831 Restat
401 770 492 852 igitur
521 780 554 830 ut
586 780 710 850 propter
734 767 915 841 affinitatem,
934 787 1020 847 quam
1045 765 1156 826 hebent
1175 787 1242 826 cum

110 847 169 909 suis
188 846 325 928 symbolis
345 867 392 908 res
412 848 558 927 signatae,
585 865 695 906 nomen
718 843 813 923 ipsum
839 844 881 902 rei
907 845 1050 906 fateamur
1067 843 1241 903 attributum

111 925 198 984 fnisse
217 923 367 1004 symbolo:
385 923 508 1004 figurate
527 923 555 981 id
570 922 697 1013 quidem,
715 920 767 981 sed
787 927 848 979 iton
868 921 930 980 sine
943 921 1087 1001 aptissima
1098 918 1243 1001 analogia.

110 1001 275 1082 Allegorias
295 1012 325 1060 et
350 998 504 1080 parabolas
529 1010 652 1074 omitto,
675 999 798 1076 nequis
823 995 1004 1079 subterfugia
1030 1015 1076 1056 me
1102 1014 1244 1075 quaerere

112 1089 143 1136 et
163 1090 242 1137 extra
261 1088 444 1157 praesentem
464 1095 577 1136 cansam
599 1073 700 1156 egredi
725 1084 869 1133 causetur.
918 1073 994 1133 Dico
1015 1073 1244 1152 metonymicum

113 1173 174 1213 esse
194 1153 272 1212 hunc
292 1173 475 1228 sermonem,
495 1152 545 1232 qui
565 1152 686 1212 usitatus
707 1161 751 1210 est
770 1150 874 1229 passim
894 1149 925 1209 in
947 1150 1114 1242 Scriptura,
1133 1148 1186 1208 ubi
1206 1148 1243 1208 de

112 1229 258 1307 mysteriis
289 1231 394 1311 agitur.
437 1229 542 1308 Neque
569 1228 648 1287 enim
673 1225 758 1286 aliter
782 1227 915 1306 accipere
939 1247 1031 1307 possis
1057 1225 1137 1306 quod
1170 1225 1243 1285 dici-

112 1306 221 1382 eust),
247 1305 510 1367 circumcisionem
535 1325 598 1365 esse
617 1303 739 1377 foedus,
758 1322 773 1361 a
795 1323 865 1362 nnm
885 1322 947 1363 esse
966 1303 1136 1378 transitum,
1155 1301 1244 1363 sacri-

112 1382 177 1443 ficia
196 1384 283 1464 Legis
308 1401 371 1442 esse
402 1381 597 1460 expiationes,
627 1379 753 1458 denique
774 1322 906 1462 denam,
938 1397 972 1438 ex
992 1399 1048 1471 qua
1074 1380 1104 1438 in
1125 1377 1243 1438 deserto

113 1479 188 1538 aqua
213 1459 396 1540 profluebat,
417 1457 504 1518 fuisse
524 1456 690 1530 Christum,
709 1454 765 1514 nisi
783 1454 957 1515 translatitie
982 1455 1091 1516 drctum
1112 1455 1246 1535 accipias.¹

111 1537 175 1596 Nec
194 1535 283 1596 modo
305 1556 321 1595 a
340 1535 493 1615 superiore
512 1535 547 1593 ad
568 1533 689 1593 inferius
714 1551 825 1592 nomeu
849 1531 1036 1592 transfertur:
1064 1531 1116 1592 sed
1142 1543 1248 1593 tonna

114 1613 201 1672 etiam
221 1614 263 1671 rei
283 1613 412 1692 signatae
431 1609 571 1672 tribuitur
590 1628 700 1670 nomen
719 1608 745 1668 si
766 1609 796 1668 ni
814 1607 951 1669 visibilis:
976 1620 1010 1668 ut
1050 1628 1120 1667 uum
1140 1608 1247 1668 dicitnr

113 1688 194 1747 Deus
215 1689 381 1767 apparuisse
400 1687 477 1747 Mosi
496 1686 526 1746 in
546 1686 637 1747 rubo:
657 1707 723 1747 arca
743 1628 870 1746 foederis
888 1696 1011 1744 vocetur
1028 1629 1120 1759 deus,
1141 1696 1172 1745 et
1189 1684 1248 1745 nei
1277 1671 1282 1691 ⁸

115 1765 218 1824 facies:
240 1776 271 1822 et
290 1763 441 1837 columba,
461 1761 586 1842 Spiritus
607 1773 731 1823 sanctus,
769 1762 843 1821 Nam
864 1761 919 1821 etsi
939 1762 1062 1821 essentia
1081 1761 1248 1842 symbolum

116 1861 131 1900 a
152 1860 184 1899 re
204 1840 317 1920 signate
337 1839 455 1911 differt,
481 1838 561 1918 quod
587 1838 659 1900 haee
689 1837 844 1919 spiritualis
869 1848 968 1898 est-et
992 1836 1144 1912 eoelestis,
1174 1838 1248 1898 illud

116 1935 293 1996 corporeum
315 1915 480 1976 etvisibile:
499 1916 567 1995 quia
585 1926 685 1987 tamen
704 1935 777 1989 rem,
797 1915 844 1975 cui
863 1909 1127 1995 repraesentandae
1144 1933 1249 1975 conse-

117 2004 227 2052 cratum
247 2004 301 2065 est,
320 2013 382 2051 non
392 1992 498 2074 figurat
516 2003 628 2052 tantum
642 1992 704 2053 'ceu
723 1992 798 2051 nuda
819 2002 849 2051 et
868 1991 961 2051 inanis
980 2002 1099 2066 tessera,
1117 1992 1168 2051 sed
1180 2011 1250 2052 rere

118 2069 204 2127 etiam
226 2069 356 2128 exhibet:
391 2090 444 2128 cur
472 2089 532 2129 non
566 2070 627 2128 eius
651 2090 686 2148 ap
710 2067 807 2129 ellatio
833 2069 862 2127 in
883 2069 977 2159 ipsum
997 2067 1060 2127 iure
1080 2067 1250 2150 competat?

119 2143 236 2220 Quodsi
253 2144 420 2205 humanitus
441 2145 601 2227 excogitata
620 2089 768 2223 symdola,
793 2164 868 2224 quae
892 2140 1032 2223 imagines
1056 2155 1124 2204 sunt
1150 2165 1249 2204 rernm

114 2221 280 2280 absentium
300 2223 398 2299 potius
418 2242 504 2300 quam
524 2233 612 2281 notae
632 2221 840 2301 praesentium,
882 2221 1029 2280 uasetiam
1050 2220 1124 2300 ipsas
1139 2220 1250 2285 fallaci·

117 2309 163 2356 ter
182 2298 346 2432 saepissime
366 2297 555 2372 adumbrant,
575 2318 673 2357 earum
694 2310 792 2358 tamen
813 2241 902 2357 ritulis
922 2297 1070 2356 interdum
1091 2310 1249 2359 ornantur:

117 2394 220 2452 quaea
261 2393 296 2434 eo
317 2385 384 2434 sunt
404 2374 545 2447 instituta,
565 2373 658 2434 multo
671 2374 781 2438 maiori¹
795 2375 910 2434 ratione
931 2394 1028 2433 rernm
1048 2375 1252 2435 nomina-mu·

116 2462 252 2526 tuantur,
284 2471 404 2530 quarum
426 2462 456 2510 et
487 2451 809 2530 certam—minimeque
839 2450 971 2510 fallacem
1003 2451 1251 2533 significationem

116 2547 234 2607 semper
257 2539 363 2620 gerunt
390 2538 422 2587 et
446 2527 611 2588 adiunctam
631 2527 742 2590 habent
759 2547 857 2588 seeum
877 2530 1037 2588 veritatem.
1076 2527 1172 2589 Tanta
1196 2529 1253 2610 igi-

116 2616 166 2663 tur
186 2616 229 2664 est
249 2603 407 2664 similitudo
419 2614 449 2663 et
461 2604 592 2665 vicinitas
610 2604 728 2664 alterius
748 2604 784 2664 ad
804 2603 938 2680 alterum,
957 2616 992 2663 ut
1013 2604 1152 2685 proclivis
1171 2606 1251 2666 ultro

118 2682 251 2759 citroque
271 2681 308 2742 sit
328 2681 475 2741 deductio.
523 2681 669 2741 Desinant
693 2684 792 2761 itaque
817 2681 972 2741 adversarii
992 2680 1112 2740 insulsas
1133 2681 1253 2744 facetias

117 2759 148 2816 in
170 2778 224 2816 nos
245 2775 424 2836 congerere,
449 2757 601 2836 Tropistas
621 2757 772 2828 vocando,
797 2758 913 2836 quando
941 2776 975 2814 ex
1000 2758 1150 2816 communi
1170 2758 1253 2818 Scri·

117 2843 221 2923 pturae
240 2854 293 2891 usu
313 2833 548 2892 sacramentalem
569 2832 712 2911 loquendi
731 2833 850 2892 modum
871 2834 1051 2912 exponimus.
1090 2835 1166 2893 Nam
1187 2856 1252 2894 cum

119 2930 153 2967 1n
179 2908 276 2968 multis
305 2919 484 2966 sacramenta
514 2908 599 2967 simul
630 2911 825 2983 conveniunt,
854 2919 915 2968 tum
941 2910 971 2968 in
997 2909 1049 2969 hac
1070 2911 1254 2987 metonymia

120 2986 261 3066 quaedam
282 2995 325 3043 est
345 2983 412 3072 ipsis
425 2984 562 3073 qmnibus
581 2984 659 3044 inter
678 3004 709 3044 se
724 2987 924 3045 communitas.
964 2985 1007 3045 Ut
1024 3006 1096 3124 ergo
1117 2987 1253 3067 lapidem,

119 3082 136 3121 e
179 3084 217 3122 uo
238 3059 376 3120 Israelitis
395 3058 552 3137 spiritualis
572 3073 660 3140 potus
678 3061 869 3136 scaturiebat,
895 3062 1043 3123 Christum
1076 3063 1150 3123 uisse
1169 3063 1254 3145 Apo·

118 3083 211 3199 stdius
232 3137 580 3214 docet(I.Cor.10,l.),
602 3137 796 3230 quodvisibile
815 3138 980 3220 symbolum
1003 3139 1097 3213 foret,
1118 3141 1171 3202 sub
1213 3162 1253 3202 no

119 3214 276 3296 spiritualis
303 3214 351 3273 ille
371 3224 458 3293 potus
477 3233 545 3272 vere
566 3215 697 3293 quidem,
724 3215 775 3275 sed
795 3236 855 3274 non
876 3215 911 3274 ad
932 3214 1049 3277 oculum
1071 3219 1149 3299 perci
1173 3164 1254 3279 ieba-

119 3305 183 3352 tur:
204 3293 244 3352 ita
264 3312 371 3370 corpus
392 3289 500 3350 Christi
520 3292 601 3370 panis
623 3290 710 3350 hodie
730 3303 931 3371 nuncupatur,
952 3294 1068 3371 quando
1088 3317 1100 3354 s
1122 3239 1254 3356 miolum

121 3381 176 3442 est,
196 3389 255 3447 quo
276 3387 375 3427 veram
396 3366 530 3445 eorporis
549 3368 592 3426 sui
612 3367 867 3428 manducationem
888 3368 979 3428 offert
998 3370 1083 3432 nobis
1131 3375 1254 3433 omibus.

120 3446 226 3524 Neque
248 3442 332 3503 aliter
346 3442 391 3502 vel
407 3443 497 3503 sensit
514 3442 561 3503 vel
581 3443 718 3523 loquutus
738 3443 1034 3526 estllugustinus,
1055 3468 1093 3507 ne
1113 3448 1176 3527 quis
1197 3449 1255 3509 hoe

120 3532 295 3601 aspernetur
317 3532 365 3578 tan
390 3541 454 3578 uam
479 3540 586 3580 novum
613 3533 821 3580 commentum.
859 3522 914 3596 „Si
939 3536 1119 3586 sacramenta
1143 3525 1257 3604 (inquit

120 3599 171 3674 .,iu
183 3542 480 3676 epist.23.addonif.)
500 3597 644 3730 quandam
663 3597 880 3658 similitudinem
893 3617 993 3659 earum
1005 3620 1114 3675 rerum,
1133 3623 1255 3681 quarum

120 3685 321 3752 „sacramenta
340 3683 408 3732 sunt
427 3694 488 3731 non
529 3673 663 3750 aberent,
681 3674 784 3753 utique
804 3689 984 3736 sacramenta
1004 3689 1183 3738 nonessent.
1214 3678 1256 3736 Ex

121 3751 197 3829 „hac
221 3760 315 3808 autem
342 3747 530 3826 similitudine
553 3748 726 3830 plerumque
753 3751 840 3810 ctiam
866 3752 993 3831 ipsarum
1018 3773 1116 3813 rerum
1137 3754 1256 3815 nomina

119 3826 300 3905 „accipiunt
344 3824 428 3883 Sicut
452 3844 524 3906 ergo
549 3827 708 3887 secundum
729 3827 875 3907 quendam
899 3830 1018 3890 modum
1044 3838 1257 3892 sacramentum
1338 3885 1340 3887 ,

121 3903 278 3982 „corporis
297 3899 408 3961 Christi
428 3922 533 3981 corpus
545 3903 654 3963 Christi
677 3915 733 3964 est:
753 3918 964 3965 sacramentum
981 3907 1129 3988 sanguinis
1146 3906 1257 3968 Christi

121 3979 261 4061 „sanguis
274 3977 384 4037 Christi
394 3988 451 4037 est:
470 3979 510 4038 ita
522 3992 733 4050 sacramentum
747 3980 814 4040 fidei
827 3979 897 4042 fides
909 3986 982 4042 est.“
1000 3982 1087 4045 Multi
1099 3996 1169 4045 sunt
1179 3983 1257 4063 apud

124 4079 191 4117 eum
211 4054 318 4116 similes
339 4054 411 4129 loci,
442 4076 516 4134 quos
539 4077 749 4135 supervacuum
776 4057 856 4117 foret
874 4078 1051 4142 congerere,
1076 4081 1164 4140 quum
1182 4081 1257 4122 unus

193 4305 221 4374 s)
239 4305 305 4359 Gen.
323 4309 364 4368 17,
384 4309 423 4362 10.
457 4306 542 4360 Exod.
560 4309 738 4375 latebit
755 4309 838 4374 tto.
870 4306 1073 4373 1.cor.1o,t.
1107 4250 1256 4372 hod-bd·

124 4372 192 4427 Psal.
210 4374 252 4437 84,
269 4375 294 4429 8.
312 4387 337 4427 et
353 4375 395 4438 42,
411 4377 447 4431 3.·
470 4375 562 4429 Matth.
578 4376 662 4440 3,16.
