2700 4732
493 214 570 273 uto.
590 196 663 272 re·
683 164 856 274 caesnas.
1193 212 1252 278 aaa

106 357 151 418 aui
171 355 369 438 cogitatione,
401 357 457 418 nisi
479 354 549 416 huic
575 356 675 416 timori
703 355 818 417 obviam
846 366 938 415 eatur.
986 354 1098 414 Attexit
1118 371 1190 448 ergo
1216 334 1251 413 inx

106 434 185 492 hunc
204 452 294 493 unum
314 432 566 509 consolationem,
597 432 670 493 nihil
697 450 760 492 esse
778 430 979 511 ‘damnationis
1000 431 1121 511 amplius
1142 433 1175 491 irs
1196 431 1246 509 qui

107 509 224 568 suntin
246 508 365 569 Christo
386 509 566 587 lesufflom.
579 510 671 584 8,1.).
710 508 771 568 Ubi
791 509 890 584 docet,
911 526 961 567 cos
981 527 1055 599 qnos
1076 507 1165 568 semel
1181 506 1246 567 Do·

107 588 202 645 minus
229 586 343 664 recepit
370 587 401 643 in
427 586 566 667 gratiam,
590 585 619 644 in
642 585 752 645 Christi
777 585 823 644 sui
850 602 1088 644 communionem
1113 582 1246 656 inseruit,

107 662 138 720 in
160 661 299 721 ecclesiae
325 662 495 722 societatem
522 681 575 740 per
591 661 774 741 Baptismttm
801 661 968 739 cooptavit,
993 660 1111 719 dnm‘in
1135 660 1247 720 Christi

107 737 165 796 lide
184 748 382 816 perseverant,
402 738 513 797 etiamsi
534 758 549 795 a
570 748 692 819 peceato
713 736 919 808 obsideantur,
939 749 1027 817 atque
1047 735 1121 815 adeo
1143 756 1247 814 pecca-

108 826 170 872 tum
192 816 219 873 in
240 833 272 873 se
291 813 509 889 circumferant,
528 825 610 872 reatu
630 826 729 872 tamen
751 825 784 872 et
801 811 986 873 damnatione
1005 831 1068 871 csse
1087 811 1246 873 absolutos.

108 889 190 950 Haec
209 890 233 950 si
252 890 305 949 sim
328 888 372 947 lea
392 902 436 949 cst
455 910 487 948 ac
507 891 634 970 genuina
654 888 746 949 Pautt
759 890 977 970 interpretatio,
997 909 1060 950 nun
1081 901 1145 964 est,
1166 888 1245 968 quod

107 966 276 1027 inusitatum
298 911 404 1042 aliquid
424 966 540 1025 tradere
560 965 717 1025 videamur.
1034 972 1040 985 '

187 1046 234 1106 13.
274 1041 464 1102 confessioni
481 1042 581 1101 ’antem
601 1052 719 1101 nostrae
730 1042 807 1121 apud
826 1041 962 1101 homines
979 1042 1119 1101 sicscreit
1131 1040 1245 1121 Baptis-

109 1139 182 1179 mus.
232 1117 384 1198 Siquidem
405 1128 476 1177 nota
497 1122 555 1191 est,
577 1138 633 1197 qua
660 1117 954 1198 palam'probtemur
980 1113 1167 1198 nos-populo
1188 1117 1247 1177 Dei
1295 1140 1298 1145 ·

109 1195 260 1267 accenseri
277 1194 366 1254 velle:
395 1214 450 1273 qua
471 1204 613 1254 testamur
632 1210 686 1252 nns
706 1194 737 1253 in
763 1195 847 1254 unius
867 1194 925 1253 Dei
951 1193 1080 1267 cultum,
1106 1194 1136 1252 in
1157 1214 1246 1252 unam

109 1271 282 1350 religionem
303 1292 369 1330 cum
385 1270 556 1331 Christianis
577 1269 713 1330 omnibus
733 1271 917 1331 consentire:
937 1292 994 1351 qua
1014 1269 1142 1362 denique
1158 1270 1245 1328 fidem

108 1346 388 1427 nostrampublice
413 1345 604 1406 affirmamus:
636 1357 670 1406 ut
698 1366 760 1405 non
787 1347 882 1406 modo
915 1346 1029 1406 laudem
1049 1346 1108 1407 Der
1133 1347 1246 1426 spirent

109 1424 197 1484 corda
218 1437 330 1495 nostra,
350 1423 400 1483 sed
422 1423 537 1503 linguae
558 1423 645 1481 etiam
666 1433 696 1481 et
716 1423 813 1485 omnia
833 1424 967 1503 corporis
987 1422 1118 1482 membra
1140 1422 1246 1502 quibus

108 1512 232 1580 possunt
251 1500 513 1582 significationibus
537 1510 708 1579 personent.
759 1498 804 1557 Ita
830 1501 925 1572 enim,
957 1511 990 1558 ut
1015 1499 1113 1573 decet,
1145 1511 1246 1559 nostra

110 1578 209 1636 omnia
243 1577 272 1635 in
304 1576 478 1655 obsequium
504 1575 615 1657 gloriae
636 1574 694 1634 Dei
715 1574 926 1649 conseruntur,
952 1597 1009 1654 qua
1029 1575 1246 1635 nihil'vacurim

111 1673 174 1712 esse
194 1653 294 1725 debet,
315 1664 345 1710 et
364 1652 473 1712 caeteri
492 1664 595 1712 nostro
622 1650 755 1729 exemplo'
779 1651 816 1711 ad
843 1651 943 1711 eadem
963 1652 1057 1712 studia
1077 1652 1247 1714 incitantur.

110 1729 177 1788 Huc
197 1727 372 1807 respiciebat
391 1727 558 1806 Paulus,(l,.
575 1727 645 1789 Cor.
663 1734 691 1802 l,
709 1731 787 1806 tt),
807 1749 896 1806 quum
916 1728 1116 1809 interrogaret
1135 1729 1247 1789 Corin-

109 1804 199 1879 thios,
220 1825 319 1865 aunon
340 1807 369 1863 in
383 1804 494 1877 Christi
514 1823 622 1863 nomen
643 1803 782 1883 baptizati
803 1804 933 1865 luissent.
972 1803 1103 1865 Innuens
1123 1804 1245 1881 seilicet,

111 1899 148 1941 eo
171 1881 235 1972 ipso
256 1882 335 1960 quod
355 1880 385 1938 in
407 1880 468 1940 eius
489 1900 597 1940 nomen
619 1879 741 1939 luissent
760 1880 917 1960 baptizati,
936 1900 1000 1940 sese
1018 1880 1061 1939 illi
1081 1881 1246 1942 devosisse:

110 1958 141 2014 in
167 1976 228 2018 erus
258 1976 366 2016 nomen
398 1956 506 2017 iurasse
526 1968 558 2018 et
573 1955 667 2015 'fidem
687 1956 729 2015 illi
753 1978 832 2017 suam
859 1956 936 2036 apud
960 1957 1095 2017 homines
1115 1956 1245 2017 obstrin-

110 2033 202 2110 xisse,
222 2044 256 2092 ut
275 2031 411 2093 confiteri
431 2033 554 2112 amplius
573 2030 662 2092 aliurn
682 2053 744 2093 non
786 2040 886 2094 essent
905 2033 1133 2114 praeter'solu'ni
1154 2032 1244 2094 Clari-

110 2121 203 2243 qtum:
226 2109 282 2170 nisi
306 2109 522 2170 confessionem
546 2108 695 2191 abnegare
719 2052 935 2191 velient‘quam
962 2111 991 2169 in
1010 2110 1160 2191 Baptismo
1181 2108 1245 2169 edi:

133 2198 229 2246 eraut:
429 2208 433 2217 “
587 2206 601 2213 “’
845 2201 849 2209 “
1092 2204 1097 2215 '
1190 2206 1194 2214 ’

187 2270 233 2328 tt.
271 2263 359 2326 Nunc
383 2275 537 2347 postquam
557 2275 721 2326 enarratum
741 2277 797 2342 est,
817 2262 886 2349 quid
906 2263 1082 2345 spectaverit
1100 2262 1246 2324 Dominus
1316 2266 1320 2272 ’

110 2351 213 2400 noster
231 2341 263 2400 in
282 2342 465 2402 institutione
486 2343 640 2424 Baptismi:
667 2361 741 2421 quae
765 2342 803 2403 sit
827 2340 912 2402 nobis
937 2342 1039 2400 utendi
1065 2340 1244 2478 accipiendi-

111 2436 169 2495 que
180 2419 265 2494 ratio,
285 2419 413 2480 iudicare
445 2433 591 2500 comptum
605 2430 656 2478 est.
685 2421 759 2479 Nam
772 2430 914 2498 quatenus
927 2417 1093 2499 erigendae,
1114 2439 1128 2477 a
1143 2417 1246 2494 cudae,

110 2493 388 2575 confirmandaeque
414 2441 482 2554 iidci
509 2508 626 2556 nostrae
651 2495 751 2572 datur,
780 2496 937 2555 sumendus
959 2506 1002 2553 est
1021 2495 1101 2573 quasi
1121 2514 1137 2554 e
1156 2510 1245 2552 manu
1303 2504 1304 2515 ¹

109 2570 198 2648 ipsius
218 2573 363 2631 auctoris:
384 2577 496 2633 eertum
518 2591 744 2653 persuasumque
765 2571 873 2631 habere
893 2569 1044 2646 convenit,
1064 2570 1158 2650 ipsum
1181 2589 1243 2629 csse

133 2646 161 2704 ui
181 2648 268 2707 nobis
289 2669 342 2727 per
361 2650 475 2730 signum
496 2649 640 2728 loquitur,
659 2649 753 2728 ipsum
767 2667 837 2707 vesse
857 2648 907 2737 qui
928 2668 982 2706 nos
1001 2658 1121 2728 purgat,
1142 2645 1245 2721 abluit,

111 2666 286 2782 delictorum
307 2727 478 2784 memoriam
499 2724 613 2784 abolet:
634 2726 728 2814 ipsum
750 2744 811 2783 esse
824 2745 872 2802 qur
895 2723 997 2781 mortis
1009 2743 1077 2780 suae
1090 2724 1244 2803 participes

112 2798 194 2857 lacit:
216 2800 265 2876 qui
287 2800 412 2860 Satanae
431 2820 554 2891 regnum
575 2801 690 2873 adimit,
711 2801 761 2878 qui
782 2799 1039 2888 concupiscentiae
1059 2809 1177 2858 nostrae
1198 2799 1243 2856 vi-

111 2893 159 2932 res
180 2886 313 2933 enervat:
345 2876 404 2934 imo
424 2897 474 2954 qur
494 2876 524 2933 in
544 2897 634 2935 unum
655 2875 793 2934 coalescit
812 2875 981 2947 nobiscum,
1010 2885 1043 2932 ut
1062 2893 1128 2933 cum
1149 2875 1245 2934 induti

111 2948 163 3008 lilii
183 2950 240 3007 Dei
260 2969 436 3010 censeamur.
476 2953 567 3024 llaec,
587 2953 717 3031 inquam,
737 2963 796 3010 mm
816 2970 885 3010 rere
896 2961 1037 3029 certoque
1056 2950 1169 3009 animae
1190 2970 1245 3011 no·

111 3038 189 3087 strae
214 3025 291 3085 intus
316 3039 479 3106 praestare,
511 3047 597 3106 quam
629 3038 711 3086 certo
731 3026 860 3087 videmus
881 3047 987 3108 corpus
1011 3037 1144 3087 nostrum
1166 3028 1244 3105 'extra

111 3102 201 3177 ablui,
222 3102 385 3183 submergi,
410 3102 590 3163 circumdari.
632 3103 747 3165 Isthaec
768 3104 847 3163 enim
866 3104 927 3164 sive
951 3102 1102 3186 analogia,
1128 3103 1245 3164 sive'si·
1307 3134 1312 3140 ·

110 3178 262 3254 militudo‚
290 3181 449 3240 certissima
475 3191 519 3239 est
541 3192 790 3240 sacramentorum
817 3180 933 3262 regula:
966 3181 1047 3239 utin
1068 3179 1156 3240 rebus
1177 3200 1245 3240 cor·

111 3257 210 3336 porcis
230 3256 392 3333 spirituales
413 3256 640 3336 conspiciamus,
671 3257 793 3337 perinde
819 3258 877 3316 acsi
903 3277 1000 3317 coram
1022 3257 1115 3317 oculis
1128 3256 1244 3318 nostrie

112 3333 260 3392 subiectae
282 3335 394 3408 forent,
425 3333 543 3413 quando
569 3333 732 3393 istiusmodi
752 3333 851 3413 figuris
871 3345 1091 3425 repraesentare
1111 3333 1244 3393 Domino

110 3408 203 3469 visum
225 3420 282 3468 est:
304 3432 364 3469 non
385 3411 451 3490 quia
471 3410 664 3469 Sacrameuto
683 3410 756 3469 tales
777 3408 887 3491 gratiae
907 3408 1035 3544 illigatae
1055 3409 1246 3542 inclusaeque

112 3484 187 3558 sint,
220 3505 278 3563 quo
305 3487 365 3547 eius
385 3488 492 3547 virtute
523 3485 609 3545 nobis
635 3486 842 3545 conferantur:
872 3485 923 3546 sed
970 3498 1085 3546 untaxat
1105 3486 1170 3565 quia
1211 3505 1245 3545 ac

111 3572 221 3620 tessera
252 3560 431 3622 voluntatem
456 3583 536 3622 suam
568 3560 654 3621 nobis
682 3562 829 3622 Dominus
854 3560 1042 3638 testificatur,
1074 3579 1181 3642 nempe
1213 3580 1246 3620 se

112 3636 184 3696 lraec
209 3638 307 3696 omnia
332 3638 418 3699 nobis
442 3638 519 3698 velle
545 3637 653 3718 largiri.
703 3641 807 3719 Neque
831 3649 945 3697 tantum
970 3638 1050 3699 nudo
1076 3636 1247 3717 spectaculo

112 3714 204 3791 pascit
224 3714 342 3788 oeulos,
360 3716 411 3774 sed
431 3717 460 3773 in
482 3735 545 3773 rem
564 3725 746 3795 praesentem
767 3734 822 3774 nos
842 3714 970 3793 adducit,
990 3727 1021 3774 et
1039 3714 1120 3795 qnod
1139 3714 1246 3795 figurat

114 3788 274 3849 efficaciter
291 3790 378 3849 simul
397 3791 508 3872 implet.

189 3873 237 3930 15.
278 3866 371 3926 Huius
390 3867 598 3927 documentum
619 3866 656 3926 sit
677 3865 834 3928 Cornelius
855 3867 1016 3939 Centurio,
1037 3867 1087 3946 qui
1107 3876 1245 3947 pcccato-

112 3965 177 4003 rum
208 3942 393 4018 remissione,
425 3944 475 4023 qui
508 3944 608 4025 gratiis
629 3941 650 4001 S
673 3943 740 4002 iritu
761 3943 861 4006 Sancti
887 3942 1050 4004 visibilibus
1077 3943 1132 4002 iam
1160 3954 1247 4004 antea

113 4020 255 4093 donatus,
287 4018 448 4099 baptizatus
474 4033 531 4081 est:
563 4039 625 4079 non
650 3964 807 4100 largiorem
830 4021 1031 4081 remissionem
1059 4019 1247 4096 eBaptismo

114 4109 234 4177 petens,
254 4095 305 4154 sed
326 4097 482 4156 certiorem
507 4096 577 4155 fidei
598 4095 851 4157 exercitationem:
877 4097 937 4156 imo
961 4094 1084 4156 fiduciae
1104 4114 1139 4154 au
1162 4113 1247 4153 men-

114 4184 176 4232 tum
198 4194 231 4233 er
251 4173 388 4252 pignore.
428 4172 582 4233 Obiecerit
600 4171 681 4239 sorte
700 4173 897 4252 aliquis-cur
915 4172 1006 4254 igitur
1016 4170 1111 4232 Paulo
1131 4114 1248 4232 ‹deebat
1302 4168 1316 4185 ''

115 4250 253 4323 Ananias,
272 4261 306 4308 ut
330 4261 448 4329 peccatu
468 4269 518 4310 sua
538 4268 593 4328 per
610 4248 791 4328 Baptismum
811 4249 948 4310 ablueret
965 4248 1046 4326 (Act
1059 4253 1109 4323 Ὦ,
1122 4248 1200 4320 m),
1224 4247 1249 4308 si

116 4324 256 4406 baptismi
274 4326 364 4407 ipsius
384 4327 495 4390 uirtute
512 4336 633 4410 peccata
653 4344 716 4390 non
735 4325 913 4392 abluuntur?
949 4323 1146 4408 Respondeo,
1164 4322 1248 4386 Diei-
