<?xml version="1.0" encoding="UTF-8"?>
<!DOCTYPE html PUBLIC "-//W3C//DTD XHTML 1.0 Transitional//EN"
    "http://www.w3.org/TR/xhtml1/DTD/xhtml1-transitional.dtd">
<html xmlns="http://www.w3.org/1999/xhtml" xml:lang="en" lang="en">
 <head>
  <title>
</title>
<meta http-equiv="Content-Type" content="text/html;charset=utf-8" />
  <meta name='ocr-system' content='tesseract 3.04.00' />
  <meta name='ocr-capabilities' content='ocr_page ocr_carea ocr_par ocr_line ocrx_word'/>
</head>
<body>
  <div class='ocr_page' id='page_1' title='image "./ioanniscalvinii02tholgoog/ioanniscalvinii02tholgoog_0177.png"; bbox 0 0 2596 4726; ppageno 0'>
   <div class='ocr_carea' id='block_1_1' title="bbox 117 182 967 296">
    <p class='ocr_par' dir='ltr' id='par_1_1' title="bbox 117 182 967 296">
     <span class='ocr_line' id='line_1_1' title="bbox 117 182 967 296; baseline 0.004 -3"><span class='ocrx_word' id='word_1_1' title='bbox 117 233 176 293; x_wconf 78' lang='lat' dir='ltr'>rm</span> <span class='ocrx_word' id='word_1_2' title='bbox 304 282 307 287; x_wconf 95' lang='lat'>.</span> <span class='ocrx_word' id='word_1_3' title='bbox 543 182 619 287; x_wconf 74' lang='lat' dir='ltr'>ruri.</span> <span class='ocrx_word' id='word_1_4' title='bbox 638 226 678 289; x_wconf 87' lang='lat' dir='ltr'>rr.</span> <span class='ocrx_word' id='word_1_5' title='bbox 719 227 808 289; x_wconf 84' lang='lat' dir='ltr'>ear.</span> <span class='ocrx_word' id='word_1_6' title='bbox 828 228 854 289; x_wconf 90' lang='lat'>1.</span> <span class='ocrx_word' id='word_1_7' title='bbox 962 286 967 296; x_wconf 90' lang='lat'>.</span> 
     </span>
    </p>
   </div>
   <div class='ocr_carea' id='block_1_2' title="bbox 50 369 1294 4200">
    <p class='ocr_par' dir='ltr' id='par_1_2' title="bbox 55 369 1294 1065">
     <span class='ocr_line' id='line_1_2' title="bbox 120 369 1259 453; baseline 0.001 -20"><span class='ocrx_word' id='word_1_8' title='bbox 120 371 184 433; x_wconf 87' lang='lat' dir='ltr'>sine</span> <span class='ocrx_word' id='word_1_9' title='bbox 202 370 300 432; x_wconf 91' lang='lat' dir='ltr'>alieno</span> <span class='ocrx_word' id='word_1_10' title='bbox 322 372 489 451; x_wconf 89' lang='lat' dir='ltr'>patrocinio</span> <span class='ocrx_word' id='word_1_11' title='bbox 509 369 659 433; x_wconf 85' lang='lat' dir='ltr'>vanissima</span> <span class='ocrx_word' id='word_1_12' title='bbox 679 370 752 433; x_wconf 89' lang='lat' dir='ltr'>haee</span> <span class='ocrx_word' id='word_1_13' title='bbox 772 373 875 453; x_wconf 91' lang='lat' dir='ltr'>opinio</span> <span class='ocrx_word' id='word_1_14' title='bbox 896 372 985 433; x_wconf 84' lang='lat' dir='ltr'>iidem</span> <span class='ocrx_word' id='word_1_15' title='bbox 1005 374 1110 453; x_wconf 89' lang='lat' dir='ltr'>passim</span> <span class='ocrx_word' id='word_1_16' title='bbox 1129 372 1259 447; x_wconf 90' lang='lat' dir='ltr'>obtinet,</span> 
     </span>
     <span class='ocr_line' id='line_1_3' title="bbox 122 448 1259 529; baseline 0.004 -22"><span class='ocrx_word' id='word_1_17' title='bbox 122 448 272 509; x_wconf 91' lang='lat' dir='ltr'>hominem</span> <span class='ocrx_word' id='word_1_18' title='bbox 291 449 348 509; x_wconf 90' lang='lat' dir='ltr'>sibi</span> <span class='ocrx_word' id='word_1_19' title='bbox 369 450 486 509; x_wconf 79' lang='lat' dir='ltr'>abunde</span> <span class='ocrx_word' id='word_1_20' title='bbox 505 448 639 509; x_wconf 82' lang='lat' dir='ltr'>sufficere</span> <span class='ocrx_word' id='word_1_21' title='bbox 658 448 694 509; x_wconf 89' lang='lat' dir='ltr'>ad</span> <span class='ocrx_word' id='word_1_22' title='bbox 715 449 792 509; x_wconf 91' lang='lat' dir='ltr'>bene</span> <span class='ocrx_word' id='word_1_23' title='bbox 804 450 949 529; x_wconf 85' lang='lat' dir='ltr'>beateque</span> <span class='ocrx_word' id='word_1_24' title='bbox 960 451 1125 509; x_wconf 86' lang='lat' dir='ltr'>vivendum.</span> <span class='ocrx_word' id='word_1_25' title='bbox 1164 450 1259 525; x_wconf 85' lang='lat' dir='ltr'>Quod</span> 
     </span>
     <span class='ocr_line' id='line_1_4' title="bbox 121 524 1261 605; baseline 0.003 -21"><span class='ocrx_word' id='word_1_26' title='bbox 121 525 216 604; x_wconf 89' lang='lat' dir='ltr'>siqui</span> <span class='ocrx_word' id='word_1_27' title='bbox 236 526 395 586; x_wconf 75' lang='lat' dir='ltr'><strong>modestius</strong></span> <span class='ocrx_word' id='word_1_28' title='bbox 413 525 523 585; x_wconf 87' lang='lat' dir='ltr'>sentire</span> <span class='ocrx_word' id='word_1_29' title='bbox 541 524 660 599; x_wconf 81' lang='lat' dir='ltr'>volunt,</span> <span class='ocrx_word' id='word_1_30' title='bbox 689 538 840 605; x_wconf 90' lang='lat' dir='ltr'>utcunque</span> <span class='ocrx_word' id='word_1_31' title='bbox 865 525 973 605; x_wconf 91' lang='lat' dir='ltr'>aliquid</span> <span class='ocrx_word' id='word_1_32' title='bbox 992 527 1061 586; x_wconf 84' lang='lat' dir='ltr'>Deo</span> <span class='ocrx_word' id='word_1_33' title='bbox 1081 528 1261 603; x_wconf 81' lang='lat' dir='ltr'><strong>concedant,</strong></span> 
     </span>
     <span class='ocr_line' id='line_1_5' title="bbox 122 601 1259 684; baseline 0.004 -24"><span class='ocrx_word' id='word_1_34' title='bbox 122 622 161 661; x_wconf 89' lang='lat' dir='ltr'>ne</span> <span class='ocrx_word' id='word_1_35' title='bbox 180 601 234 660; x_wconf 82' lang='lat' dir='ltr'>sibi</span> <span class='ocrx_word' id='word_1_36' title='bbox 253 622 393 681; x_wconf 78' lang='lat' dir='ltr'>arrogare</span> <span class='ocrx_word' id='word_1_37' title='bbox 413 603 511 661; x_wconf 91' lang='lat' dir='ltr'>omnia</span> <span class='ocrx_word' id='word_1_38' title='bbox 529 602 697 661; x_wconf 82' lang='lat' dir='ltr'>videantur:</span> <span class='ocrx_word' id='word_1_39' title='bbox 727 603 769 663; x_wconf 91' lang='lat' dir='ltr'>sic</span> <span class='ocrx_word' id='word_1_40' title='bbox 787 614 887 662; x_wconf 84' lang='lat' dir='ltr'>tamen</span> <span class='ocrx_word' id='word_1_41' title='bbox 909 603 1086 683; x_wconf 88' lang='lat' dir='ltr'>partiuntur,</span> <span class='ocrx_word' id='word_1_42' title='bbox 1109 615 1143 662; x_wconf 91' lang='lat' dir='ltr'>ut</span> <span class='ocrx_word' id='word_1_43' title='bbox 1163 604 1259 684; x_wconf 85' lang='lat' dir='ltr'>potis-</span> 
     </span>
     <span class='ocr_line' id='line_1_6' title="bbox 120 678 1258 759; baseline 0 -20"><span class='ocrx_word' id='word_1_44' title='bbox 120 678 192 739; x_wconf 81' lang='lat' dir='ltr'>sima</span> <span class='ocrx_word' id='word_1_45' title='bbox 213 690 243 736; x_wconf 90' lang='lat' dir='ltr'>et</span> <span class='ocrx_word' id='word_1_46' title='bbox 260 678 375 757; x_wconf 85' lang='lat' dir='ltr'>gloriae</span> <span class='ocrx_word' id='word_1_47' title='bbox 396 690 427 737; x_wconf 89' lang='lat' dir='ltr'>et</span> <span class='ocrx_word' id='word_1_48' title='bbox 444 678 568 737; x_wconf 85' lang='lat' dir='ltr'>fiduciae</span> <span class='ocrx_word' id='word_1_49' title='bbox 587 679 707 738; x_wconf 86' lang='lat' dir='ltr'>materia</span> <span class='ocrx_word' id='word_1_50' title='bbox 726 699 844 759; x_wconf 80' lang='lat' dir='ltr'>semper.</span> <span class='ocrx_word' id='word_1_51' title='bbox 864 679 941 758; x_wconf 93' lang='lat' dir='ltr'>apud</span> <span class='ocrx_word' id='word_1_52' title='bbox 968 699 998 739; x_wconf 88' lang='lat' dir='ltr'>se</span> <span class='ocrx_word' id='word_1_53' title='bbox 1019 680 1153 739; x_wconf 78' lang='lat' dir='ltr'>resideat.</span> <span class='ocrx_word' id='word_1_54' title='bbox 1192 680 1258 740; x_wconf 88' lang='lat' dir='ltr'>Iam</span> 
     </span>
     <span class='ocr_line' id='line_1_7' title="bbox 121 754 1259 833; baseline 0.004 -19"><span class='ocrx_word' id='word_1_55' title='bbox 121 755 145 814; x_wconf 87' lang='lat' dir='ltr'>si</span> <span class='ocrx_word' id='word_1_56' title='bbox 165 755 278 814; x_wconf 89' lang='lat' dir='ltr'>accedit</span> <span class='ocrx_word' id='word_1_57' title='bbox 298 757 426 829; x_wconf 85' lang='lat' dir='ltr'>oratio„</span> <span class='ocrx_word' id='word_1_58' title='bbox 454 775 508 814; x_wconf 81' lang='lat' dir='ltr'>uae,</span> <span class='ocrx_word' id='word_1_59' title='bbox 527 767 633 832; x_wconf 92' lang='lat' dir='ltr'>spoute</span> <span class='ocrx_word' id='word_1_60' title='bbox 652 756 834 833; x_wconf 86' lang='lat' dir='ltr'>prurientem</span> <span class='ocrx_word' id='word_1_61' title='bbox 853 755 884 814; x_wconf 92' lang='lat' dir='ltr'>in</span> <span class='ocrx_word' id='word_1_62' title='bbox 906 754 1032 823; x_wconf 81' lang='lat' dir='ltr'>hominis</span> <span class='ocrx_word' id='word_1_63' title='bbox 1052 754 1187 817; x_wconf 75' lang='lat' dir='ltr'>medullis</span> <span class='ocrx_word' id='word_1_64' title='bbox 1206 778 1259 817; x_wconf 86' lang='lat' dir='ltr'>su·</span> 
     </span>
     <span class='ocr_line' id='line_1_8' title="bbox 122 776 1259 925; baseline 0 -34"><span class='ocrx_word' id='word_1_65' title='bbox 122 832 254 909; x_wconf 89' lang='lat' dir='ltr'>perbiam</span> <span class='ocrx_word' id='word_1_66' title='bbox 273 832 330 892; x_wconf 90' lang='lat' dir='ltr'>suis</span> <span class='ocrx_word' id='word_1_67' title='bbox 351 776 498 891; x_wconf 82' lang='lat' dir='ltr'>illecebris</span> <span class='ocrx_word' id='word_1_68' title='bbox 519 831 627 904; x_wconf 73' lang='lat' dir='ltr'>titillet,</span> <span class='ocrx_word' id='word_1_69' title='bbox 648 832 719 889; x_wconf 89' lang='lat' dir='ltr'>nihil</span> <span class='ocrx_word' id='word_1_70' title='bbox 741 832 885 911; x_wconf 77' lang='lat' dir='ltr'>estquod</span> <span class='ocrx_word' id='word_1_71' title='bbox 905 833 996 925; x_wconf 79' lang='lat' dir='ltr'>inagis</span> <span class='ocrx_word' id='word_1_72' title='bbox 1016 833 1152 891; x_wconf 79' lang='lat' dir='ltr'>arrideat.</span> <span class='ocrx_word' id='word_1_73' title='bbox 1178 832 1259 892; x_wconf 86' lang='lat' dir='ltr'>Pro-</span> 
     </span>
     <span class='ocr_line' id='line_1_9' title="bbox 120 906 1261 1000; baseline 0.003 -32"><span class='ocrx_word' id='word_1_74' title='bbox 120 908 190 969; x_wconf 88' lang='lat' dir='ltr'>inde</span> <span class='ocrx_word' id='word_1_75' title='bbox 215 919 248 966; x_wconf 90' lang='lat' dir='ltr'>ut</span> <span class='ocrx_word' id='word_1_76' title='bbox 272 908 471 987; x_wconf 88' lang='lat' dir='ltr'>uuusquisque</span> <span class='ocrx_word' id='word_1_77' title='bbox 496 906 638 977; x_wconf 83' lang='lat' dir='ltr'>humanae</span> <span class='ocrx_word' id='word_1_78' title='bbox 664 920 785 968; x_wconf 89' lang='lat' dir='ltr'>naturae</span> <span class='ocrx_word' id='word_1_79' title='bbox 822 920 1018 969; x_wconf 78' lang='lat' dir='ltr'>rraestautram</span> <span class='ocrx_word' id='word_1_80' title='bbox 1048 907 1261 1000; x_wconf 73' lang='lat' dir='ltr'>benignissime</span> 
     </span>
     <span class='ocr_line' id='line_1_10' title="bbox 55 984 1294 1065; baseline 0.002 -22"><span class='ocrx_word' id='word_1_81' title='bbox 55 1026 62 1043; x_wconf 91' lang='lat'>.</span> <span class='ocrx_word' id='word_1_82' title='bbox 120 1005 174 1047; x_wconf 91' lang='lat' dir='ltr'>suo</span> <span class='ocrx_word' id='word_1_83' title='bbox 197 985 356 1063; x_wconf 89' lang='lat' dir='ltr'>praeconio</span> <span class='ocrx_word' id='word_1_84' title='bbox 377 984 494 1060; x_wconf 86' lang='lat' dir='ltr'>extulit,</span> <span class='ocrx_word' id='word_1_85' title='bbox 526 984 566 1042; x_wconf 86' lang='lat' dir='ltr'>ita</span> <span class='ocrx_word' id='word_1_86' title='bbox 591 1003 699 1065; x_wconf 88' lang='lat' dir='ltr'>magno</span> <span class='ocrx_word' id='word_1_87' title='bbox 724 1005 909 1044; x_wconf 86' lang='lat' dir='ltr'>saccuorum</span> <span class='ocrx_word' id='word_1_88' title='bbox 951 1004 1026 1065; x_wconf 88' lang='lat' dir='ltr'>rope</span> <span class='ocrx_word' id='word_1_89' title='bbox 1045 1005 1178 1045; x_wconf 85' lang='lat' dir='ltr'>omumm</span> <span class='ocrx_word' id='word_1_90' title='bbox 1204 1006 1294 1065; x_wconf 64' lang='lat' dir='ltr'>apm</span> 
     </span>
    </p>

    <p class='ocr_par' dir='ltr' id='par_1_3' title="bbox 50 1006 1259 1982">
     <span class='ocr_line' id='line_1_11' title="bbox 121 1006 1258 1153; baseline 0.002 -34"><span class='ocrx_word' id='word_1_91' title='bbox 121 1061 223 1141; x_wconf 88' lang='lat' dir='ltr'>plausu</span> <span class='ocrx_word' id='word_1_92' title='bbox 244 1061 298 1120; x_wconf 84' lang='lat' dir='ltr'>tuit</span> <span class='ocrx_word' id='word_1_93' title='bbox 318 1072 464 1139; x_wconf 88' lang='lat' dir='ltr'>exceptus.</span> <span class='ocrx_word' id='word_1_94' title='bbox 503 1059 563 1119; x_wconf 87' lang='lat' dir='ltr'>Sed</span> <span class='ocrx_word' id='word_1_95' title='bbox 584 1061 662 1119; x_wconf 92' lang='lat' dir='ltr'>enirn</span> <span class='ocrx_word' id='word_1_96' title='bbox 683 1080 876 1153; x_wconf 88' lang='lat' dir='ltr'>quaeeunque</span> <span class='ocrx_word' id='word_1_97' title='bbox 896 1006 961 1121; x_wconf 86' lang='lat' dir='ltr'>talis</span> <span class='ocrx_word' id='word_1_98' title='bbox 981 1072 1025 1121; x_wconf 89' lang='lat' dir='ltr'>est</span> <span class='ocrx_word' id='word_1_99' title='bbox 1044 1060 1188 1121; x_wconf 85' lang='lat' dir='ltr'>humanae</span> <span class='ocrx_word' id='word_1_100' title='bbox 1207 1084 1258 1121; x_wconf 85' lang='lat' dir='ltr'>cx·</span> 
     </span>
     <span class='ocr_line' id='line_1_12' title="bbox 120 1136 1259 1217; baseline -0.001 -18"><span class='ocrx_word' id='word_1_101' title='bbox 120 1136 285 1207; x_wconf 64' lang='lat' dir='ltr'>credentiae·</span> <span class='ocrx_word' id='word_1_102' title='bbox 297 1136 531 1207; x_wconf 86' lang='lat' dir='ltr'>commendatio,</span> <span class='ocrx_word' id='word_1_103' title='bbox 562 1156 636 1215; x_wconf 90' lang='lat' dir='ltr'>quae</span> <span class='ocrx_word' id='word_1_104' title='bbox 658 1136 805 1196; x_wconf 90' lang='lat' dir='ltr'>bominem</span> <span class='ocrx_word' id='word_1_105' title='bbox 832 1158 859 1197; x_wconf 82' lang='grc' dir='ltr'>ιη</span> <span class='ocrx_word' id='word_1_106' title='bbox 880 1157 911 1197; x_wconf 91' lang='lat' dir='ltr'>se</span> <span class='ocrx_word' id='word_1_107' title='bbox 932 1139 1117 1217; x_wconf 85' lang='lat' dir='ltr'>acquiescere</span> <span class='ocrx_word' id='word_1_108' title='bbox 1139 1138 1259 1213; x_wconf 85' lang='lat' dir='ltr'>doceat,</span> 
     </span>
     <span class='ocr_line' id='line_1_13' title="bbox 121 1210 1258 1294; baseline 0 -21"><span class='ocrx_word' id='word_1_109' title='bbox 121 1212 193 1273; x_wconf 86' lang='lat' dir='ltr'>nihil</span> <span class='ocrx_word' id='word_1_110' title='bbox 214 1210 291 1273; x_wconf 87' lang='lat' dir='ltr'>aliud</span> <span class='ocrx_word' id='word_1_111' title='bbox 313 1234 399 1293; x_wconf 87' lang='lat' dir='ltr'>quam</span> <span class='ocrx_word' id='word_1_112' title='bbox 419 1214 559 1273; x_wconf 85' lang='lat' dir='ltr'>suavitate</span> <span class='ocrx_word' id='word_1_113' title='bbox 579 1213 629 1273; x_wconf 87' lang='lat' dir='ltr'>illa</span> <span class='ocrx_word' id='word_1_114' title='bbox 648 1235 699 1273; x_wconf 89' lang='lat' dir='ltr'>sua</span> <span class='ocrx_word' id='word_1_115' title='bbox 720 1212 839 1273; x_wconf 89' lang='lat' dir='ltr'>delicias</span> <span class='ocrx_word' id='word_1_116' title='bbox 859 1212 945 1273; x_wconf 79' lang='lat' dir='ltr'>iacit:</span> <span class='ocrx_word' id='word_1_117' title='bbox 970 1214 1060 1274; x_wconf 91' lang='lat' dir='ltr'>etsie</span> <span class='ocrx_word' id='word_1_118' title='bbox 1080 1214 1199 1294; x_wconf 88' lang='lat' dir='ltr'>quidem</span> <span class='ocrx_word' id='word_1_119' title='bbox 1219 1214 1258 1273; x_wconf 93' lang='lat' dir='ltr'>il·</span> 
     </span>
     <span class='ocr_line' id='line_1_14' title="bbox 121 1290 1258 1370; baseline 0.002 -22"><span class='ocrx_word' id='word_1_120' title='bbox 121 1290 207 1365; x_wconf 90' lang='lat' dir='ltr'>ludit,</span> <span class='ocrx_word' id='word_1_121' title='bbox 234 1301 268 1348; x_wconf 93' lang='lat' dir='ltr'>ut</span> <span class='ocrx_word' id='word_1_122' title='bbox 289 1290 339 1368; x_wconf 94' lang='lat' dir='ltr'>qui</span> <span class='ocrx_word' id='word_1_123' title='bbox 359 1290 573 1364; x_wconf 85' lang='lat' dir='ltr'>assentiuntur,</span> <span class='ocrx_word' id='word_1_124' title='bbox 604 1310 655 1350; x_wconf 87' lang='lat' dir='ltr'>eos</span> <span class='ocrx_word' id='word_1_125' title='bbox 675 1290 800 1370; x_wconf 86' lang='lat' dir='ltr'>pessimo</span> <span class='ocrx_word' id='word_1_126' title='bbox 821 1290 908 1351; x_wconf 86' lang='lat' dir='ltr'>exitio</span> <span class='ocrx_word' id='word_1_127' title='bbox 930 1290 1042 1370; x_wconf 88' lang='lat' dir='ltr'>perdat.</span> <span class='ocrx_word' id='word_1_128' title='bbox 1096 1292 1258 1365; x_wconf 80' lang='lat' dir='ltr'>Quorsum</span> 
     </span>
     <span class='ocr_line' id='line_1_15' title="bbox 120 1363 1257 1445; baseline -0.002 -18"><span class='ocrx_word' id='word_1_129' title='bbox 120 1367 200 1427; x_wconf 89' lang='lat' dir='ltr'>enirn</span> <span class='ocrx_word' id='word_1_130' title='bbox 221 1365 360 1445; x_wconf 87' lang='lat' dir='ltr'>pertinet,</span> <span class='ocrx_word' id='word_1_131' title='bbox 378 1386 451 1425; x_wconf 83' lang='lat' dir='ltr'>vanu</span> <span class='ocrx_word' id='word_1_132' title='bbox 470 1364 552 1425; x_wconf 89' lang='lat' dir='ltr'>omni</span> <span class='ocrx_word' id='word_1_133' title='bbox 571 1363 677 1426; x_wconf 85' lang='lat' dir='ltr'>fiducia</span> <span class='ocrx_word' id='word_1_134' title='bbox 696 1367 788 1427; x_wconf 87' lang='lat' dir='ltr'>sretos</span> <span class='ocrx_word' id='word_1_135' title='bbox 809 1366 984 1439; x_wconf 85' lang='lat' dir='ltr'>deliberare,</span> <span class='ocrx_word' id='word_1_136' title='bbox 1004 1366 1169 1441; x_wconf 83' lang='lat' dir='ltr'>instituere,</span> <span class='ocrx_word' id='word_1_137' title='bbox 1187 1379 1257 1427; x_wconf 90' lang='lat' dir='ltr'>ten-</span> 
     </span>
     <span class='ocr_line' id='line_1_16' title="bbox 114 1442 1258 1523; baseline 0.003 -22"><span class='ocrx_word' id='word_1_138' title='bbox 114 1454 200 1513; x_wconf 87' lang='lat' dir='ltr'>·tare,</span> <span class='ocrx_word' id='word_1_139' title='bbox 220 1442 331 1516; x_wconf 89' lang='lat' dir='ltr'>moliri,</span> <span class='ocrx_word' id='word_1_140' title='bbox 352 1462 426 1521; x_wconf 90' lang='lat' dir='ltr'>quae</span> <span class='ocrx_word' id='word_1_141' title='bbox 446 1454 579 1522; x_wconf 90' lang='lat' dir='ltr'>putamus</span> <span class='ocrx_word' id='word_1_142' title='bbox 600 1442 718 1501; x_wconf 90' lang='lat' dir='ltr'>adrem</span> <span class='ocrx_word' id='word_1_143' title='bbox 740 1443 905 1522; x_wconf 84' lang='lat' dir='ltr'>pertinere:</span> <span class='ocrx_word' id='word_1_144' title='bbox 928 1454 958 1502; x_wconf 90' lang='lat' dir='ltr'>et</span> <span class='ocrx_word' id='word_1_145' title='bbox 978 1442 1062 1503; x_wconf 83' lang='lat' dir='ltr'>defici</span> <span class='ocrx_word' id='word_1_146' title='bbox 1083 1444 1203 1523; x_wconf 89' lang='lat' dir='ltr'>quidem</span> <span class='ocrx_word' id='word_1_147' title='bbox 1221 1462 1258 1505; x_wconf 81' lang='lat' dir='ltr'>ae</span> 
     </span>
     <span class='ocr_line' id='line_1_17' title="bbox 121 1517 1259 1599; baseline 0 -20"><span class='ocrx_word' id='word_1_148' title='bbox 121 1517 239 1579; x_wconf 85' lang='lat' dir='ltr'>destitui</span> <span class='ocrx_word' id='word_1_149' title='bbox 259 1531 322 1577; x_wconf 91' lang='lat' dir='ltr'>tum</span> <span class='ocrx_word' id='word_1_150' title='bbox 341 1539 408 1579; x_wconf 89' lang='lat' dir='ltr'>sana</span> <span class='ocrx_word' id='word_1_151' title='bbox 427 1517 633 1599; x_wconf 80' lang='lat' dir='ltr'>intelligentia,</span> <span class='ocrx_word' id='word_1_152' title='bbox 651 1530 714 1577; x_wconf 91' lang='lat' dir='ltr'>tum</span> <span class='ocrx_word' id='word_1_153' title='bbox 733 1538 803 1579; x_wconf 89' lang='lat' dir='ltr'>vera</span> <span class='ocrx_word' id='word_1_154' title='bbox 821 1518 930 1578; x_wconf 75' lang='lat' dir='ltr'>virtute</span> <span class='ocrx_word' id='word_1_155' title='bbox 948 1520 1026 1579; x_wconf 90' lang='lat' dir='ltr'>inter</span> <span class='ocrx_word' id='word_1_156' title='bbox 1041 1519 1152 1599; x_wconf 89' lang='lat' dir='ltr'>primos</span> <span class='ocrx_word' id='word_1_157' title='bbox 1164 1539 1259 1579; x_wconf 89' lang='lat' dir='ltr'>cona-</span> 
     </span>
     <span class='ocr_line' id='line_1_18' title="bbox 119 1594 1257 1675; baseline 0.001 -20"><span class='ocrx_word' id='word_1_158' title='bbox 119 1607 181 1655; x_wconf 88' lang='lat' dir='ltr'>tus:</span> <span class='ocrx_word' id='word_1_159' title='bbox 211 1614 336 1675; x_wconf 87' lang='lat' dir='ltr'>pergere</span> <span class='ocrx_word' id='word_1_160' title='bbox 360 1606 458 1653; x_wconf 89' lang='lat' dir='ltr'>tamen</span> <span class='ocrx_word' id='word_1_161' title='bbox 483 1613 603 1669; x_wconf 87' lang='lat' dir='ltr'>secure,</span> <span class='ocrx_word' id='word_1_162' title='bbox 633 1594 730 1654; x_wconf 91' lang='lat' dir='ltr'>donec</span> <span class='ocrx_word' id='word_1_163' title='bbox 755 1594 787 1653; x_wconf 90' lang='lat' dir='ltr'>in</span> <span class='ocrx_word' id='word_1_164' title='bbox 808 1595 923 1653; x_wconf 87' lang='lat' dir='ltr'>exitium</span> <span class='ocrx_word' id='word_1_165' title='bbox 945 1594 1132 1655; x_wconf 84' lang='lat' dir='ltr'>corruamus?</span> <span class='ocrx_word' id='word_1_166' title='bbox 1163 1598 1257 1675; x_wconf 79' lang='lat' dir='ltr'>Atqui</span> 
     </span>
     <span class='ocr_line' id='line_1_19' title="bbox 119 1670 1257 1763; baseline 0.001 -32"><span class='ocrx_word' id='word_1_167' title='bbox 119 1692 181 1731; x_wconf 92' lang='lat' dir='ltr'>non</span> <span class='ocrx_word' id='word_1_168' title='bbox 202 1672 288 1731; x_wconf 91' lang='lat' dir='ltr'>aliter</span> <span class='ocrx_word' id='word_1_169' title='bbox 307 1671 466 1731; x_wconf 86' lang='lat' dir='ltr'>succedere</span> <span class='ocrx_word' id='word_1_170' title='bbox 485 1672 519 1731; x_wconf 89' lang='lat' dir='ltr'>iis</span> <span class='ocrx_word' id='word_1_171' title='bbox 538 1681 648 1750; x_wconf 91' lang='lat' dir='ltr'>potest,</span> <span class='ocrx_word' id='word_1_172' title='bbox 667 1670 716 1763; x_wconf 90' lang='lat' dir='ltr'>qui</span> <span class='ocrx_word' id='word_1_173' title='bbox 736 1690 767 1730; x_wconf 91' lang='lat' dir='ltr'>se</span> <span class='ocrx_word' id='word_1_174' title='bbox 787 1670 895 1761; x_wconf 92' lang='lat' dir='ltr'>aliquid</span> <span class='ocrx_word' id='word_1_175' title='bbox 916 1692 1002 1751; x_wconf 90' lang='lat' dir='ltr'>posse</span> <span class='ocrx_word' id='word_1_176' title='bbox 1036 1672 1136 1751; x_wconf 89' lang='lat' dir='ltr'>ropria</span> <span class='ocrx_word' id='word_1_177' title='bbox 1148 1674 1257 1732; x_wconf 82' lang='lat' dir='ltr'>virtute</span> 
     </span>
     <span class='ocr_line' id='line_1_20' title="bbox 50 1747 1256 1829; baseline -0.001 -20"><span class='ocrx_word' id='word_1_178' title='bbox 50 1820 53 1825; x_wconf 28' lang='grc' dir='ltr'>Ι</span> <span class='ocrx_word' id='word_1_179' title='bbox 120 1748 282 1809; x_wconf 81' lang='lat' dir='ltr'>confidunt.</span> <span class='ocrx_word' id='word_1_180' title='bbox 321 1747 444 1807; x_wconf 84' lang='lat' dir='ltr'>Talibus</span> <span class='ocrx_word' id='word_1_181' title='bbox 465 1765 537 1829; x_wconf 90' lang='lat' dir='ltr'>ergo</span> <span class='ocrx_word' id='word_1_182' title='bbox 557 1748 702 1829; x_wconf 79' lang='lat' dir='ltr'>magistras</span> <span class='ocrx_word' id='word_1_183' title='bbox 720 1748 767 1823; x_wconf 66' lang='lat'>⁴¹),</span> <span class='ocrx_word' id='word_1_184' title='bbox 798 1768 848 1825; x_wconf 89' lang='lat' dir='ltr'>qur</span> <span class='ocrx_word' id='word_1_185' title='bbox 874 1760 998 1825; x_wconf 86' lang='lat' dir='ltr'>reputen</span> <span class='ocrx_word' id='word_1_186' title='bbox 1022 1749 1044 1808; x_wconf 87' lang='lat' dir='ltr'>is</span> <span class='ocrx_word' id='word_1_187' title='bbox 1064 1760 1179 1807; x_wconf 90' lang='lat' dir='ltr'>tantum</span> <span class='ocrx_word' id='word_1_188' title='bbox 1199 1748 1256 1808; x_wconf 92' lang='lat' dir='ltr'>bo·</span> 
     </span>
     <span class='ocr_line' id='line_1_21' title="bbox 119 1822 1256 1907; baseline 0 -22"><span class='ocrx_word' id='word_1_189' title='bbox 119 1826 165 1885; x_wconf 91' lang='lat' dir='ltr'>nis</span> <span class='ocrx_word' id='word_1_190' title='bbox 185 1825 294 1884; x_wconf 87' lang='lat' dir='ltr'>nostris</span> <span class='ocrx_word' id='word_1_191' title='bbox 314 1845 369 1883; x_wconf 89' lang='lat' dir='ltr'>nos</span> <span class='ocrx_word' id='word_1_192' title='bbox 390 1823 533 1898; x_wconf 87' lang='lat' dir='ltr'>detinent,</span> <span class='ocrx_word' id='word_1_193' title='bbox 552 1824 576 1883; x_wconf 90' lang='lat' dir='ltr'>si</span> <span class='ocrx_word' id='word_1_194' title='bbox 596 1824 661 1903; x_wconf 90' lang='lat' dir='ltr'>quis</span> <span class='ocrx_word' id='word_1_195' title='bbox 680 1822 833 1897; x_wconf 88' lang='lat' dir='ltr'>auscultet,</span> <span class='ocrx_word' id='word_1_196' title='bbox 855 1843 915 1882; x_wconf 91' lang='lat' dir='ltr'>non</span> <span class='ocrx_word' id='word_1_197' title='bbox 936 1824 966 1883; x_wconf 92' lang='lat' dir='ltr'>in</span> <span class='ocrx_word' id='word_1_198' title='bbox 986 1824 1031 1885; x_wconf 89' lang='lat' dir='ltr'>sui</span> <span class='ocrx_word' id='word_1_199' title='bbox 1050 1826 1256 1907; x_wconf 83' lang='lat' dir='ltr'>cognitionem</span> 
     </span>
     <span class='ocr_line' id='line_1_22' title="bbox 118 1899 984 1982; baseline -0.001 -22"><span class='ocrx_word' id='word_1_200' title='bbox 118 1902 264 1981; x_wconf 87' lang='lat' dir='ltr'>proliciet,</span> <span class='ocrx_word' id='word_1_201' title='bbox 283 1900 333 1959; x_wconf 91' lang='lat' dir='ltr'>sed</span> <span class='ocrx_word' id='word_1_202' title='bbox 354 1900 384 1959; x_wconf 93' lang='lat' dir='ltr'>in</span> <span class='ocrx_word' id='word_1_203' title='bbox 405 1900 556 1980; x_wconf 85' lang='lat' dir='ltr'>pessimam</span> <span class='ocrx_word' id='word_1_204' title='bbox 576 1900 794 1982; x_wconf 87' lang='lat' dir='ltr'>ignorationem</span> <span class='ocrx_word' id='word_1_205' title='bbox 814 1899 984 1979; x_wconf 88' lang='lat' dir='ltr'>abripietur.</span> 
     </span>
    </p>

    <p class='ocr_par' dir='ltr' id='par_1_4' title="bbox 77 1974 1289 4200">
     <span class='ocr_line' id='line_1_23' title="bbox 195 1974 1256 2057; baseline 0.001 -22"><span class='ocrx_word' id='word_1_206' title='bbox 195 1984 224 2042; x_wconf 88' lang='grc'>3.</span> <span class='ocrx_word' id='word_1_207' title='bbox 263 1977 345 2057; x_wconf 85' lang='lat' dir='ltr'>Ergo</span> <span class='ocrx_word' id='word_1_208' title='bbox 377 1999 466 2055; x_wconf 91' lang='lat' dir='ltr'>quum</span> <span class='ocrx_word' id='word_1_209' title='bbox 496 1979 527 2035; x_wconf 93' lang='lat' dir='ltr'>in</span> <span class='ocrx_word' id='word_1_210' title='bbox 558 1976 616 2037; x_wconf 93' lang='lat' dir='ltr'>hoc</span> <span class='ocrx_word' id='word_1_211' title='bbox 648 1977 814 2037; x_wconf 84' lang='lat' dir='ltr'>consentiat</span> <span class='ocrx_word' id='word_1_212' title='bbox 837 1976 896 2035; x_wconf 89' lang='lat' dir='ltr'>Dei</span> <span class='ocrx_word' id='word_1_213' title='bbox 920 1978 1027 2038; x_wconf 81' lang='lat' dir='ltr'>veritas</span> <span class='ocrx_word' id='word_1_214' title='bbox 1046 1997 1111 2037; x_wconf 91' lang='lat' dir='ltr'>cum</span> <span class='ocrx_word' id='word_1_215' title='bbox 1132 1974 1256 2057; x_wconf 92' lang='lat' dir='ltr'>publico</span> 
     </span>
     <span class='ocr_line' id='line_1_24' title="bbox 120 2052 1289 2133; baseline -0.002 -18"><span class='ocrx_word' id='word_1_216' title='bbox 120 2054 251 2115; x_wconf 91' lang='lat' dir='ltr'>omnium</span> <span class='ocrx_word' id='word_1_217' title='bbox 272 2052 438 2112; x_wconf 87' lang='lat' dir='ltr'>mortalium</span> <span class='ocrx_word' id='word_1_218' title='bbox 458 2073 557 2126; x_wconf 87' lang='lat' dir='ltr'>sensu,</span> <span class='ocrx_word' id='word_1_219' title='bbox 588 2053 747 2114; x_wconf 90' lang='lat' dir='ltr'>secundam</span> <span class='ocrx_word' id='word_1_220' title='bbox 779 2053 937 2132; x_wconf 86' lang='lat' dir='ltr'>sapientiae</span> <span class='ocrx_word' id='word_1_221' title='bbox 968 2066 1080 2133; x_wconf 89' lang='lat' dir='ltr'>partem</span> <span class='ocrx_word' id='word_1_222' title='bbox 1109 2054 1139 2112; x_wconf 91' lang='lat' dir='ltr'>in</span> <span class='ocrx_word' id='word_1_223' title='bbox 1161 2052 1256 2113; x_wconf 89' lang='lat' dir='ltr'>nostri</span> <span class='ocrx_word' id='word_1_224' title='bbox 1284 2072 1289 2081; x_wconf 93' lang='lat'><em>·</em></span> 
     </span>
     <span class='ocr_line' id='line_1_25' title="bbox 119 2130 1256 2221; baseline -0.002 -30"><span class='ocrx_word' id='word_1_225' title='bbox 119 2130 293 2213; x_wconf 89' lang='lat' dir='ltr'>cognitione</span> <span class='ocrx_word' id='word_1_226' title='bbox 313 2130 472 2208; x_wconf 89' lang='lat' dir='ltr'>repositam</span> <span class='ocrx_word' id='word_1_227' title='bbox 492 2149 569 2189; x_wconf 90' lang='lat' dir='ltr'>esse:</span> <span class='ocrx_word' id='word_1_228' title='bbox 589 2131 620 2189; x_wconf 92' lang='lat' dir='ltr'>in</span> <span class='ocrx_word' id='word_1_229' title='bbox 640 2130 702 2209; x_wconf 87' lang='lat' dir='ltr'>ipsa</span> <span class='ocrx_word' id='word_1_230' title='bbox 719 2141 817 2189; x_wconf 88' lang='lat' dir='ltr'>tamen</span> <span class='ocrx_word' id='word_1_231' title='bbox 830 2130 1030 2221; x_wconf 88' lang='lat' dir='ltr'>cognoscendi</span> <span class='ocrx_word' id='word_1_232' title='bbox 1056 2130 1181 2189; x_wconf 67' lang='lat' dir='ltr'>ratione*</span> <span class='ocrx_word' id='word_1_233' title='bbox 1194 2150 1256 2189; x_wconf 86' lang='lat' dir='ltr'>ma-</span> 
     </span>
     <span class='ocr_line' id='line_1_26' title="bbox 119 2202 1256 2289; baseline -0.002 -22"><span class='ocrx_word' id='word_1_234' title='bbox 119 2228 211 2289; x_wconf 87' lang='lat' dir='ltr'>guum</span> <span class='ocrx_word' id='word_1_235' title='bbox 231 2218 276 2265; x_wconf 90' lang='lat' dir='ltr'>est</span> <span class='ocrx_word' id='word_1_236' title='bbox 295 2205 455 2267; x_wconf 88' lang='lat' dir='ltr'>dissidium.</span> <span class='ocrx_word' id='word_1_237' title='bbox 494 2202 582 2265; x_wconf 85' lang='lat' dir='ltr'>Tunc</span> <span class='ocrx_word' id='word_1_238' title='bbox 602 2207 680 2265; x_wconf 90' lang='lat' dir='ltr'>enim</span> <span class='ocrx_word' id='word_1_239' title='bbox 701 2205 802 2277; x_wconf 89' lang='lat' dir='ltr'>homo,</span> <span class='ocrx_word' id='word_1_240' title='bbox 823 2207 932 2266; x_wconf 77' lang='lat' dir='ltr'>iudicio</span> <span class='ocrx_word' id='word_1_241' title='bbox 953 2206 1064 2281; x_wconf 84' lang='lat' dir='ltr'>carnis,</span> <span class='ocrx_word' id='word_1_242' title='bbox 1084 2206 1180 2286; x_wconf 87' lang='lat' dir='ltr'>probe</span> <span class='ocrx_word' id='word_1_243' title='bbox 1200 2204 1256 2267; x_wconf 88' lang='lat' dir='ltr'>sibi</span> 
     </span>
     <span class='ocr_line' id='line_1_27' title="bbox 119 2279 1255 2363; baseline -0.002 -20"><span class='ocrx_word' id='word_1_244' title='bbox 119 2282 284 2363; x_wconf 84' lang='lat' dir='ltr'>exploratus</span> <span class='ocrx_word' id='word_1_245' title='bbox 304 2283 435 2355; x_wconf 89' lang='lat' dir='ltr'>videtur,</span> <span class='ocrx_word' id='word_1_246' title='bbox 465 2303 554 2360; x_wconf 91' lang='lat' dir='ltr'>quum</span> <span class='ocrx_word' id='word_1_247' title='bbox 575 2294 605 2341; x_wconf 92' lang='lat' dir='ltr'>et</span> <span class='ocrx_word' id='word_1_248' title='bbox 624 2279 817 2363; x_wconf 83' lang='lat' dir='ltr'>intelligentia</span> <span class='ocrx_word' id='word_1_249' title='bbox 838 2295 868 2341; x_wconf 90' lang='lat' dir='ltr'>et</span> <span class='ocrx_word' id='word_1_250' title='bbox 892 2283 1060 2363; x_wconf 87' lang='lat' dir='ltr'>integritate</span> <span class='ocrx_word' id='word_1_251' title='bbox 1083 2304 1134 2343; x_wconf 91' lang='lat' dir='ltr'>sua</span> <span class='ocrx_word' id='word_1_252' title='bbox 1160 2282 1255 2343; x_wconf 84' lang='lat' dir='ltr'>confi·</span> 
     </span>
     <span class='ocr_line' id='line_1_28' title="bbox 118 2358 1253 2432; baseline -0.001 -13"><span class='ocrx_word' id='word_1_253' title='bbox 118 2382 177 2432; x_wconf 89' lang='lat' dir='ltr'>sus,</span> <span class='ocrx_word' id='word_1_254' title='bbox 197 2358 349 2419; x_wconf 87' lang='lat' dir='ltr'>audaciam</span> <span class='ocrx_word' id='word_1_255' title='bbox 368 2359 473 2431; x_wconf 86' lang='lat' dir='ltr'>sumit,</span> <span class='ocrx_word' id='word_1_256' title='bbox 493 2380 526 2419; x_wconf 88' lang='lat' dir='ltr'>ac</span> <span class='ocrx_word' id='word_1_257' title='bbox 546 2379 609 2419; x_wconf 89' lang='lat' dir='ltr'>sese</span> <span class='ocrx_word' id='word_1_258' title='bbox 629 2359 732 2418; x_wconf 90' lang='lat' dir='ltr'>incitat</span> <span class='ocrx_word' id='word_1_259' title='bbox 752 2358 787 2417; x_wconf 89' lang='lat' dir='ltr'>ad</span> <span class='ocrx_word' id='word_1_260' title='bbox 807 2358 924 2419; x_wconf 84' lang='lat' dir='ltr'>virtutis</span> <span class='ocrx_word' id='word_1_261' title='bbox 944 2360 1056 2419; x_wconf 82' lang='lat' dir='ltr'>officia:</span> <span class='ocrx_word' id='word_1_262' title='bbox 1090 2372 1121 2419; x_wconf 86' lang='lat' dir='ltr'>et</span> <span class='ocrx_word' id='word_1_263' title='bbox 1141 2358 1253 2418; x_wconf 93' lang='lat' dir='ltr'>indicto</span> 
     </span>
     <span class='ocr_line' id='line_1_29' title="bbox 119 2434 1254 2515; baseline 0 -20"><span class='ocrx_word' id='word_1_264' title='bbox 119 2436 195 2497; x_wconf 88' lang='lat' dir='ltr'>vitiis</span> <span class='ocrx_word' id='word_1_265' title='bbox 215 2435 307 2507; x_wconf 90' lang='lat' dir='ltr'>bello,</span> <span class='ocrx_word' id='word_1_266' title='bbox 329 2435 364 2493; x_wconf 93' lang='lat' dir='ltr'>ad</span> <span class='ocrx_word' id='word_1_267' title='bbox 385 2435 414 2493; x_wconf 92' lang='lat' dir='ltr'>id</span> <span class='ocrx_word' id='word_1_268' title='bbox 436 2436 516 2514; x_wconf 93' lang='lat' dir='ltr'>quod</span> <span class='ocrx_word' id='word_1_269' title='bbox 536 2435 669 2515; x_wconf 91' lang='lat' dir='ltr'>pulcrum</span> <span class='ocrx_word' id='word_1_270' title='bbox 691 2448 720 2494; x_wconf 92' lang='lat' dir='ltr'>et</span> <span class='ocrx_word' id='word_1_271' title='bbox 741 2434 896 2495; x_wconf 87' lang='lat' dir='ltr'>honestum</span> <span class='ocrx_word' id='word_1_272' title='bbox 922 2449 981 2510; x_wconf 89' lang='lat' dir='ltr'>est,</span> <span class='ocrx_word' id='word_1_273' title='bbox 1002 2447 1068 2495; x_wconf 91' lang='lat' dir='ltr'>toto</span> <span class='ocrx_word' id='word_1_274' title='bbox 1089 2435 1187 2496; x_wconf 89' lang='lat' dir='ltr'>studio</span> <span class='ocrx_word' id='word_1_275' title='bbox 1208 2436 1254 2495; x_wconf 90' lang='lat' dir='ltr'>in·</span> 
     </span>
     <span class='ocr_line' id='line_1_30' title="bbox 120 2511 1253 2591; baseline -0.001 -18"><span class='ocrx_word' id='word_1_276' title='bbox 120 2512 259 2576; x_wconf 87' lang='lat' dir='ltr'>cumbere</span> <span class='ocrx_word' id='word_1_277' title='bbox 280 2524 414 2570; x_wconf 91' lang='lat' dir='ltr'>conatur.</span> <span class='ocrx_word' id='word_1_278' title='bbox 457 2512 519 2584; x_wconf 89' lang='lat' dir='ltr'>Qui</span> <span class='ocrx_word' id='word_1_279' title='bbox 542 2523 639 2571; x_wconf 91' lang='lat' dir='ltr'>autem</span> <span class='ocrx_word' id='word_1_280' title='bbox 665 2530 695 2571; x_wconf 84' lang='lat' dir='ltr'>se</span> <span class='ocrx_word' id='word_1_281' title='bbox 720 2512 757 2571; x_wconf 85' lang='lat' dir='ltr'>ad</span> <span class='ocrx_word' id='word_1_282' title='bbox 777 2512 913 2571; x_wconf 88' lang='lat' dir='ltr'>amussim</span> <span class='ocrx_word' id='word_1_283' title='bbox 933 2512 1021 2572; x_wconf 91' lang='lat' dir='ltr'>divini</span> <span class='ocrx_word' id='word_1_284' title='bbox 1041 2511 1141 2572; x_wconf 90' lang='lat' dir='ltr'>iudicii</span> <span class='ocrx_word' id='word_1_285' title='bbox 1162 2512 1253 2591; x_wconf 90' lang='lat' dir='ltr'>inspi-</span> 
     </span>
     <span class='ocr_line' id='line_1_31' title="bbox 119 2588 1253 2668; baseline -0.001 -20"><span class='ocrx_word' id='word_1_286' title='bbox 119 2589 160 2649; x_wconf 89' lang='lat' dir='ltr'>cit</span> <span class='ocrx_word' id='word_1_287' title='bbox 186 2600 216 2648; x_wconf 93' lang='lat' dir='ltr'>et</span> <span class='ocrx_word' id='word_1_288' title='bbox 242 2589 401 2660; x_wconf 83' lang='lat' dir='ltr'>examinat,</span> <span class='ocrx_word' id='word_1_289' title='bbox 440 2588 512 2647; x_wconf 89' lang='lat' dir='ltr'>nihil</span> <span class='ocrx_word' id='word_1_290' title='bbox 537 2590 649 2668; x_wconf 91' lang='lat' dir='ltr'>reperit</span> <span class='ocrx_word' id='word_1_291' title='bbox 674 2588 752 2666; x_wconf 91' lang='lat' dir='ltr'>quod</span> <span class='ocrx_word' id='word_1_292' title='bbox 777 2588 906 2648; x_wconf 86' lang='lat' dir='ltr'>animum</span> <span class='ocrx_word' id='word_1_293' title='bbox 932 2589 968 2648; x_wconf 91' lang='lat' dir='ltr'>ad</span> <span class='ocrx_word' id='word_1_294' title='bbox 989 2590 1097 2649; x_wconf 92' lang='lat' dir='ltr'>bonam</span> <span class='ocrx_word' id='word_1_295' title='bbox 1117 2588 1253 2649; x_wconf 85' lang='lat' dir='ltr'>fiduciam</span> 
     </span>
     <span class='ocr_line' id='line_1_32' title="bbox 118 2664 1254 2747; baseline 0.001 -24"><span class='ocrx_word' id='word_1_296' title='bbox 118 2667 227 2747; x_wconf 89' lang='lat' dir='ltr'>erigat:</span> <span class='ocrx_word' id='word_1_297' title='bbox 248 2686 359 2744; x_wconf 88' lang='lat' dir='ltr'>aequo</span> <span class='ocrx_word' id='word_1_298' title='bbox 382 2665 508 2744; x_wconf 90' lang='lat' dir='ltr'>penitius</span> <span class='ocrx_word' id='word_1_299' title='bbox 527 2684 558 2725; x_wconf 90' lang='lat' dir='ltr'>se</span> <span class='ocrx_word' id='word_1_300' title='bbox 579 2668 710 2735; x_wconf 85' lang='lat' dir='ltr'>excussit,</span> <span class='ocrx_word' id='word_1_301' title='bbox 731 2685 767 2724; x_wconf 90' lang='lat' dir='ltr'>eo</span> <span class='ocrx_word' id='word_1_302' title='bbox 788 2667 878 2745; x_wconf 87' lang='lat' dir='ltr'>magis</span> <span class='ocrx_word' id='word_1_303' title='bbox 892 2666 1043 2739; x_wconf 89' lang='lat' dir='ltr'>deiicitur,</span> <span class='ocrx_word' id='word_1_304' title='bbox 1063 2666 1160 2726; x_wconf 91' lang='lat' dir='ltr'>donec</span> <span class='ocrx_word' id='word_1_305' title='bbox 1173 2664 1254 2725; x_wconf 89' lang='lat' dir='ltr'>omni</span> 
     </span>
     <span class='ocr_line' id='line_1_33' title="bbox 119 2740 1255 2822; baseline 0 -21"><span class='ocrx_word' id='word_1_306' title='bbox 119 2742 224 2801; x_wconf 86' lang='lat' dir='ltr'>fiducia</span> <span class='ocrx_word' id='word_1_307' title='bbox 251 2763 371 2822; x_wconf 84' lang='lat' dir='ltr'>prorsus</span> <span class='ocrx_word' id='word_1_308' title='bbox 398 2740 562 2815; x_wconf 89' lang='lat' dir='ltr'>abdicatus,</span> <span class='ocrx_word' id='word_1_309' title='bbox 593 2742 666 2801; x_wconf 90' lang='lat' dir='ltr'>nihil</span> <span class='ocrx_word' id='word_1_310' title='bbox 688 2741 743 2801; x_wconf 88' lang='lat' dir='ltr'>sibi</span> <span class='ocrx_word' id='word_1_311' title='bbox 769 2741 804 2799; x_wconf 91' lang='lat' dir='ltr'>ad</span> <span class='ocrx_word' id='word_1_312' title='bbox 831 2744 917 2801; x_wconf 86' lang='lat' dir='ltr'>vitam</span> <span class='ocrx_word' id='word_1_313' title='bbox 945 2755 1025 2802; x_wconf 90' lang='lat' dir='ltr'>recte</span> <span class='ocrx_word' id='word_1_314' title='bbox 1044 2742 1255 2802; x_wconf 86' lang='lat' dir='ltr'>instituendam</span> 
     </span>
     <span class='ocr_line' id='line_1_34' title="bbox 118 2816 1255 2899; baseline 0 -21"><span class='ocrx_word' id='word_1_315' title='bbox 118 2820 269 2899; x_wconf 81' lang='lat' dir='ltr'>relinquit.</span> <span class='ocrx_word' id='word_1_316' title='bbox 308 2816 414 2896; x_wconf 87' lang='lat' dir='ltr'>Neque</span> <span class='ocrx_word' id='word_1_317' title='bbox 434 2830 531 2877; x_wconf 84' lang='lat' dir='ltr'>tamen</span> <span class='ocrx_word' id='word_1_318' title='bbox 553 2818 615 2879; x_wconf 86' lang='lat' dir='ltr'>vult</span> <span class='ocrx_word' id='word_1_319' title='bbox 634 2839 689 2879; x_wconf 90' lang='lat' dir='ltr'>uos</span> <span class='ocrx_word' id='word_1_320' title='bbox 715 2816 847 2877; x_wconf 80' lang='lat' dir='ltr'>oblivisci</span> <span class='ocrx_word' id='word_1_321' title='bbox 872 2820 953 2879; x_wconf 85' lang='lat' dir='ltr'>Deus</span> <span class='ocrx_word' id='word_1_322' title='bbox 978 2820 1087 2898; x_wconf 86' lang='lat' dir='ltr'>primae</span> <span class='ocrx_word' id='word_1_323' title='bbox 1112 2818 1255 2878; x_wconf 84' lang='lat' dir='ltr'>nobilita-</span> 
     </span>
     <span class='ocr_line' id='line_1_35' title="bbox 118 2894 1256 2975; baseline 0 -20"><span class='ocrx_word' id='word_1_324' title='bbox 118 2896 166 2970; x_wconf 90' lang='lat' dir='ltr'>tis,</span> <span class='ocrx_word' id='word_1_325' title='bbox 207 2918 272 2957; x_wconf 90' lang='lat' dir='ltr'>uam</span> <span class='ocrx_word' id='word_1_326' title='bbox 292 2896 376 2954; x_wconf 82' lang='lat' dir='ltr'>hdac</span> <span class='ocrx_word' id='word_1_327' title='bbox 394 2896 470 2974; x_wconf 88' lang='lat' dir='ltr'>patri</span> <span class='ocrx_word' id='word_1_328' title='bbox 491 2908 594 2954; x_wconf 90' lang='lat' dir='ltr'>nostro</span> <span class='ocrx_word' id='word_1_329' title='bbox 615 2894 797 2970; x_wconf 87' lang='lat' dir='ltr'>contulerat,</span> <span class='ocrx_word' id='word_1_330' title='bbox 822 2915 928 2975; x_wconf 90' lang='lat' dir='ltr'>nempe</span> <span class='ocrx_word' id='word_1_331' title='bbox 949 2916 1023 2974; x_wconf 90' lang='lat' dir='ltr'>quae</span> <span class='ocrx_word' id='word_1_332' title='bbox 1044 2916 1098 2955; x_wconf 91' lang='lat' dir='ltr'>nos</span> <span class='ocrx_word' id='word_1_333' title='bbox 1117 2895 1153 2955; x_wconf 89' lang='lat' dir='ltr'>ad</span> <span class='ocrx_word' id='word_1_334' title='bbox 1174 2894 1256 2955; x_wconf 89' lang='lat' dir='ltr'>iusti-</span> 
     </span>
     <span class='ocr_line' id='line_1_36' title="bbox 117 2918 1254 3063; baseline -0.002 -30"><span class='ocrx_word' id='word_1_335' title='bbox 117 2975 176 3033; x_wconf 86' lang='lat' dir='ltr'>tiae</span> <span class='ocrx_word' id='word_1_336' title='bbox 186 2918 396 3051; x_wconf 74' lang='lat' dir='ltr'>bonitatisque</span> <span class='ocrx_word' id='word_1_337' title='bbox 416 2971 542 3031; x_wconf 90' lang='lat' dir='ltr'>studium</span> <span class='ocrx_word' id='word_1_338' title='bbox 563 2974 668 3031; x_wconf 89' lang='lat' dir='ltr'>merito</span> <span class='ocrx_word' id='word_1_339' title='bbox 690 2972 914 3063; x_wconf 80' lang='lat' dir='ltr'>expergefacere</span> <span class='ocrx_word' id='word_1_340' title='bbox 935 2972 1049 3031; x_wconf 88' lang='lat' dir='ltr'>debeat.</span> <span class='ocrx_word' id='word_1_341' title='bbox 1087 2972 1156 3031; x_wconf 89' lang='lat' dir='ltr'>Non</span> <span class='ocrx_word' id='word_1_342' title='bbox 1175 2972 1254 3031; x_wconf 86' lang='lat' dir='ltr'>enim</span> 
     </span>
     <span class='ocr_line' id='line_1_37' title="bbox 118 3048 1255 3130; baseline 0 -21"><span class='ocrx_word' id='word_1_343' title='bbox 118 3071 271 3129; x_wconf 91' lang='lat' dir='ltr'>possumus</span> <span class='ocrx_word' id='word_1_344' title='bbox 292 3061 342 3107; x_wconf 91' lang='lat' dir='ltr'>aut</span> <span class='ocrx_word' id='word_1_345' title='bbox 363 3050 483 3127; x_wconf 86' lang='lat' dir='ltr'>primam</span> <span class='ocrx_word' id='word_1_346' title='bbox 505 3062 634 3109; x_wconf 89' lang='lat' dir='ltr'>nostram</span> <span class='ocrx_word' id='word_1_347' title='bbox 655 3050 817 3130; x_wconf 79' lang='lat' dir='ltr'>originem,</span> <span class='ocrx_word' id='word_1_348' title='bbox 843 3060 893 3107; x_wconf 84' lang='lat' dir='ltr'>arrt</span> <span class='ocrx_word' id='word_1_349' title='bbox 912 3070 1050 3129; x_wconf 90' lang='lat' dir='ltr'>quorsum</span> <span class='ocrx_word' id='word_1_350' title='bbox 1072 3048 1184 3108; x_wconf 89' lang='lat' dir='ltr'>conditi</span> <span class='ocrx_word' id='word_1_351' title='bbox 1204 3071 1255 3109; x_wconf 87' lang='lat' dir='ltr'>su-</span> 
     </span>
     <span class='ocr_line' id='line_1_38' title="bbox 117 3123 1256 3205; baseline 0.002 -22"><span class='ocrx_word' id='word_1_352' title='bbox 117 3148 182 3185; x_wconf 91' lang='lat' dir='ltr'>mus</span> <span class='ocrx_word' id='word_1_353' title='bbox 202 3124 344 3205; x_wconf 85' lang='lat' dir='ltr'>cogitare,</span> <span class='ocrx_word' id='word_1_354' title='bbox 365 3123 435 3202; x_wconf 92' lang='lat' dir='ltr'>quin</span> <span class='ocrx_word' id='word_1_355' title='bbox 455 3124 491 3183; x_wconf 89' lang='lat' dir='ltr'>ad</span> <span class='ocrx_word' id='word_1_356' title='bbox 512 3126 707 3185; x_wconf 87' lang='lat' dir='ltr'>meditandam</span> <span class='ocrx_word' id='word_1_357' title='bbox 720 3125 980 3197; x_wconf 88' lang='lat' dir='ltr'>immortalitatem,</span> <span class='ocrx_word' id='word_1_358' title='bbox 1000 3125 1256 3205; x_wconf 84' lang='lat' dir='ltr'>expetendumque</span> 
     </span>
     <span class='ocr_line' id='line_1_39' title="bbox 118 3201 1258 3281; baseline 0.004 -22"><span class='ocrx_word' id='word_1_359' title='bbox 118 3202 177 3261; x_wconf 90' lang='lat' dir='ltr'>Dei</span> <span class='ocrx_word' id='word_1_360' title='bbox 197 3220 321 3281; x_wconf 86' lang='lat' dir='ltr'>regnum</span> <span class='ocrx_word' id='word_1_361' title='bbox 344 3220 517 3281; x_wconf 88' lang='lat' dir='ltr'>pungamur.</span> <span class='ocrx_word' id='word_1_362' title='bbox 557 3202 617 3261; x_wconf 90' lang='lat' dir='ltr'>Sed</span> <span class='ocrx_word' id='word_1_363' title='bbox 638 3214 752 3262; x_wconf 91' lang='lat' dir='ltr'>tautum</span> <span class='ocrx_word' id='word_1_364' title='bbox 772 3201 854 3261; x_wconf 91' lang='lat' dir='ltr'>abest</span> <span class='ocrx_word' id='word_1_365' title='bbox 874 3215 906 3261; x_wconf 90' lang='lat' dir='ltr'>ut</span> <span class='ocrx_word' id='word_1_366' title='bbox 926 3205 1038 3261; x_wconf 90' lang='lat' dir='ltr'>animos</span> <span class='ocrx_word' id='word_1_367' title='bbox 1059 3201 1145 3261; x_wconf 90' lang='lat' dir='ltr'>nohis</span> <span class='ocrx_word' id='word_1_368' title='bbox 1166 3202 1258 3263; x_wconf 79' lang='lat' dir='ltr'>saciat</span> 
     </span>
     <span class='ocr_line' id='line_1_40' title="bbox 120 3276 1255 3369; baseline 0.003 -33"><span class='ocrx_word' id='word_1_369' title='bbox 120 3278 172 3337; x_wconf 91' lang='lat' dir='ltr'>ista</span> <span class='ocrx_word' id='word_1_370' title='bbox 192 3276 374 3369; x_wconf 86' lang='lat' dir='ltr'>recognitio,</span> <span class='ocrx_word' id='word_1_371' title='bbox 393 3290 426 3336; x_wconf 93' lang='lat' dir='ltr'>ut</span> <span class='ocrx_word' id='word_1_372' title='bbox 447 3278 545 3356; x_wconf 92' lang='lat' dir='ltr'>potius</span> <span class='ocrx_word' id='word_1_373' title='bbox 564 3278 713 3339; x_wconf 81' lang='lat' dir='ltr'>submissis</span> <span class='ocrx_word' id='word_1_374' title='bbox 733 3278 789 3339; x_wconf 91' lang='lat' dir='ltr'>illis</span> <span class='ocrx_word' id='word_1_375' title='bbox 809 3279 844 3337; x_wconf 91' lang='lat' dir='ltr'>ad</span> <span class='ocrx_word' id='word_1_376' title='bbox 866 3278 1056 3337; x_wconf 89' lang='lat' dir='ltr'>humilitatem</span> <span class='ocrx_word' id='word_1_377' title='bbox 1076 3290 1255 3359; x_wconf 82' lang='lat' dir='ltr'>prosternat.</span> 
     </span>
     <span class='ocr_line' id='line_1_41' title="bbox 77 3353 1259 3436; baseline 0.003 -24"><span class='ocrx_word' id='word_1_378' title='bbox 77 3368 83 3385; x_wconf 83' lang='lat'>’</span> <span class='ocrx_word' id='word_1_379' title='bbox 121 3353 207 3427; x_wconf 86' lang='lat' dir='ltr'>Quae</span> <span class='ocrx_word' id='word_1_380' title='bbox 228 3374 307 3413; x_wconf 88' lang='lat' dir='ltr'>emm</span> <span class='ocrx_word' id='word_1_381' title='bbox 328 3353 376 3412; x_wconf 93' lang='lat' dir='ltr'>illa</span> <span class='ocrx_word' id='word_1_382' title='bbox 397 3366 441 3412; x_wconf 89' lang='lat' dir='ltr'>est</span> <span class='ocrx_word' id='word_1_383' title='bbox 467 3354 572 3435; x_wconf 81' lang='lat' dir='ltr'>origo?</span> <span class='ocrx_word' id='word_1_384' title='bbox 602 3354 717 3436; x_wconf 89' lang='lat' dir='ltr'>Nempe</span> <span class='ocrx_word' id='word_1_385' title='bbox 742 3376 757 3413; x_wconf 91' lang='lat' dir='ltr'>a</span> <span class='ocrx_word' id='word_1_386' title='bbox 787 3374 843 3433; x_wconf 88' lang='lat' dir='ltr'>qua</span> <span class='ocrx_word' id='word_1_387' title='bbox 870 3355 1034 3414; x_wconf 77' lang='lat' dir='ltr'>excidimus.</span> <span class='ocrx_word' id='word_1_388' title='bbox 1094 3354 1171 3428; x_wconf 88' lang='lat' dir='ltr'>Quis</span> <span class='ocrx_word' id='word_1_389' title='bbox 1204 3354 1259 3415; x_wconf 85' lang='lat' dir='ltr'>ille‘</span> 
     </span>
     <span class='ocr_line' id='line_1_42' title="bbox 119 3429 1256 3510; baseline 0.002 -21"><span class='ocrx_word' id='word_1_390' title='bbox 119 3429 276 3489; x_wconf 86' lang='lat' dir='ltr'>creationis</span> <span class='ocrx_word' id='word_1_391' title='bbox 296 3441 414 3489; x_wconf 89' lang='lat' dir='ltr'>nostrae</span> <span class='ocrx_word' id='word_1_392' title='bbox 435 3429 516 3489; x_wconf 78' lang='lat' dir='ltr'>finis?</span> <span class='ocrx_word' id='word_1_393' title='bbox 547 3430 575 3487; x_wconf 87' lang='grc' dir='ltr'><strong>Α</strong></span> <span class='ocrx_word' id='word_1_394' title='bbox 595 3451 654 3509; x_wconf 93' lang='lat' dir='ltr'>quo</span> <span class='ocrx_word' id='word_1_395' title='bbox 683 3432 798 3510; x_wconf 89' lang='lat' dir='ltr'>penitus</span> <span class='ocrx_word' id='word_1_396' title='bbox 818 3432 909 3490; x_wconf 89' lang='lat' dir='ltr'>aversi</span> <span class='ocrx_word' id='word_1_397' title='bbox 929 3454 1044 3505; x_wconf 90' lang='lat' dir='ltr'>sumus,</span> <span class='ocrx_word' id='word_1_398' title='bbox 1075 3443 1109 3490; x_wconf 93' lang='lat' dir='ltr'>ut</span> <span class='ocrx_word' id='word_1_399' title='bbox 1132 3430 1256 3491; x_wconf 84' lang='lat' dir='ltr'>miserae</span> 
     </span>
     <span class='ocr_line' id='line_1_43' title="bbox 119 3506 1266 3589; baseline 0.002 -24"><span class='ocrx_word' id='word_1_400' title='bbox 119 3518 237 3565; x_wconf 88' lang='lat' dir='ltr'>nostrae</span> <span class='ocrx_word' id='word_1_401' title='bbox 257 3506 343 3565; x_wconf 86' lang='lat' dir='ltr'>sortis</span> <span class='ocrx_word' id='word_1_402' title='bbox 364 3508 489 3584; x_wconf 90' lang='lat' dir='ltr'>pertaesi</span> <span class='ocrx_word' id='word_1_403' title='bbox 511 3508 747 3588; x_wconf 86' lang='lat' dir='ltr'>ingemiscamus:</span> <span class='ocrx_word' id='word_1_404' title='bbox 779 3508 1017 3589; x_wconf 89' lang='lat' dir='ltr'>ingemiscendo,</span> <span class='ocrx_word' id='word_1_405' title='bbox 1048 3507 1082 3567; x_wconf 88' lang='lat' dir='ltr'>ad</span> <span class='ocrx_word' id='word_1_406' title='bbox 1110 3507 1266 3585; x_wconf 87' lang='lat' dir='ltr'>perditam·</span> 
     </span>
     <span class='ocr_line' id='line_1_44' title="bbox 119 3581 1256 3663; baseline 0.002 -20"><span class='ocrx_word' id='word_1_407' title='bbox 119 3582 195 3643; x_wconf 86' lang='lat' dir='ltr'>illam</span> <span class='ocrx_word' id='word_1_408' title='bbox 216 3581 387 3662; x_wconf 88' lang='lat' dir='ltr'>dignitatem</span> <span class='ocrx_word' id='word_1_409' title='bbox 407 3587 592 3660; x_wconf 87' lang='lat' dir='ltr'>suspiremus.</span> <span class='ocrx_word' id='word_1_410' title='bbox 630 3584 694 3644; x_wconf 87' lang='lat' dir='ltr'>Nos</span> <span class='ocrx_word' id='word_1_411' title='bbox 714 3597 810 3645; x_wconf 90' lang='lat' dir='ltr'>autem</span> <span class='ocrx_word' id='word_1_412' title='bbox 832 3606 920 3663; x_wconf 90' lang='lat' dir='ltr'>quum</span> <span class='ocrx_word' id='word_1_413' title='bbox 932 3584 1064 3657; x_wconf 87' lang='lat' dir='ltr'>dicimus,</span> <span class='ocrx_word' id='word_1_414' title='bbox 1084 3582 1156 3642; x_wconf 92' lang='lat' dir='ltr'>nihil</span> <span class='ocrx_word' id='word_1_415' title='bbox 1175 3585 1256 3645; x_wconf 81' lang='lat' dir='ltr'>inse</span> 
     </span>
     <span class='ocr_line' id='line_1_45' title="bbox 118 3656 1255 3743; baseline 0 -23"><span class='ocrx_word' id='word_1_416' title='bbox 118 3671 260 3740; x_wconf 90' lang='lat' dir='ltr'>oportere</span> <span class='ocrx_word' id='word_1_417' title='bbox 281 3656 429 3718; x_wconf 89' lang='lat' dir='ltr'>hominem</span> <span class='ocrx_word' id='word_1_418' title='bbox 450 3659 556 3717; x_wconf 87' lang='lat' dir='ltr'>intueri</span> <span class='ocrx_word' id='word_1_419' title='bbox 578 3661 658 3738; x_wconf 94' lang='lat' dir='ltr'>quod</span> <span class='ocrx_word' id='word_1_420' title='bbox 678 3662 773 3741; x_wconf 89' lang='lat' dir='ltr'>ipsum</span> <span class='ocrx_word' id='word_1_421' title='bbox 793 3661 957 3720; x_wconf 91' lang='lat' dir='ltr'>animosum</span> <span class='ocrx_word' id='word_1_422' title='bbox 978 3660 1092 3733; x_wconf 90' lang='lat' dir='ltr'>reddat,</span> <span class='ocrx_word' id='word_1_423' title='bbox 1113 3660 1255 3743; x_wconf 89' lang='lat' dir='ltr'>iutelligi-</span> 
     </span>
     <span class='ocr_line' id='line_1_46' title="bbox 118 3734 1256 3817; baseline 0.004 -22"><span class='ocrx_word' id='word_1_424' title='bbox 118 3758 182 3795; x_wconf 85' lang='lat' dir='ltr'>urus</span> <span class='ocrx_word' id='word_1_425' title='bbox 202 3734 274 3794; x_wconf 91' lang='lat' dir='ltr'>nihil</span> <span class='ocrx_word' id='word_1_426' title='bbox 295 3755 357 3794; x_wconf 89' lang='lat' dir='ltr'>esse</span> <span class='ocrx_word' id='word_1_427' title='bbox 398 3755 467 3794; x_wconf 88' lang='lat' dir='ltr'>cnes</span> <span class='ocrx_word' id='word_1_428' title='bbox 486 3738 592 3815; x_wconf 93' lang='lat' dir='ltr'>ipsum,</span> <span class='ocrx_word' id='word_1_429' title='bbox 614 3738 695 3797; x_wconf 91' lang='lat' dir='ltr'>cuius</span> <span class='ocrx_word' id='word_1_430' title='bbox 715 3737 817 3796; x_wconf 83' lang='lat' dir='ltr'>lirlucia</span> <span class='ocrx_word' id='word_1_431' title='bbox 838 3738 945 3796; x_wconf 90' lang='lat' dir='ltr'>deheat</span> <span class='ocrx_word' id='word_1_432' title='bbox 963 3737 1126 3817; x_wconf 89' lang='lat' dir='ltr'>superbire.</span> <span class='ocrx_word' id='word_1_433' title='bbox 1152 3736 1256 3812; x_wconf 80' lang='lat' dir='ltr'>Quare</span> 
     </span>
     <span class='ocr_line' id='line_1_47' title="bbox 118 3755 1257 3892; baseline 0.003 -20"><span class='ocrx_word' id='word_1_434' title='bbox 118 3814 142 3873; x_wconf 87' lang='lat' dir='ltr'>si</span> <span class='ocrx_word' id='word_1_435' title='bbox 162 3812 251 3884; x_wconf 88' lang='lat' dir='ltr'>libet,</span> <span class='ocrx_word' id='word_1_436' title='bbox 271 3832 357 3890; x_wconf 90' lang='lat' dir='ltr'>quam</span> <span class='ocrx_word' id='word_1_437' title='bbox 376 3755 466 3871; x_wconf 78' lang='lat' dir='ltr'>bomo</span> <span class='ocrx_word' id='word_1_438' title='bbox 487 3813 530 3871; x_wconf 92' lang='lat' dir='ltr'>sui</span> <span class='ocrx_word' id='word_1_439' title='bbox 550 3812 685 3872; x_wconf 90' lang='lat' dir='ltr'>notitiam</span> <span class='ocrx_word' id='word_1_440' title='bbox 707 3814 815 3873; x_wconf 86' lang='lat' dir='ltr'>habere</span> <span class='ocrx_word' id='word_1_441' title='bbox 836 3812 940 3887; x_wconf 87' lang='lat' dir='ltr'>debet,</span> <span class='ocrx_word' id='word_1_442' title='bbox 966 3814 1006 3873; x_wconf 88' lang='lat' dir='ltr'>ita</span> <span class='ocrx_word' id='word_1_443' title='bbox 1026 3814 1203 3892; x_wconf 88' lang='lat' dir='ltr'>partiamur,</span> <span class='ocrx_word' id='word_1_444' title='bbox 1223 3822 1257 3875; x_wconf 80' lang='lat' dir='ltr'>ut</span> 
     </span>
     <span class='ocr_line' id='line_1_48' title="bbox 118 3884 1256 3969; baseline 0.002 -22"><span class='ocrx_word' id='word_1_445' title='bbox 118 3890 214 3969; x_wconf 91' lang='lat' dir='ltr'>primo</span> <span class='ocrx_word' id='word_1_446' title='bbox 235 3887 314 3961; x_wconf 93' lang='lat' dir='ltr'>loco,</span> <span class='ocrx_word' id='word_1_447' title='bbox 334 3907 421 3966; x_wconf 90' lang='lat' dir='ltr'>quem</span> <span class='ocrx_word' id='word_1_448' title='bbox 441 3887 470 3945; x_wconf 93' lang='lat' dir='ltr'>in</span> <span class='ocrx_word' id='word_1_449' title='bbox 492 3889 580 3947; x_wconf 86' lang='lat' dir='ltr'>linem</span> <span class='ocrx_word' id='word_1_450' title='bbox 600 3902 714 3949; x_wconf 89' lang='lat' dir='ltr'>creatus</span> <span class='ocrx_word' id='word_1_451' title='bbox 733 3892 780 3963; x_wconf 90' lang='lat' dir='ltr'>sit,</span> <span class='ocrx_word' id='word_1_452' title='bbox 800 3902 830 3949; x_wconf 89' lang='lat' dir='ltr'>et</span> <span class='ocrx_word' id='word_1_453' title='bbox 850 3890 934 3949; x_wconf 91' lang='lat' dir='ltr'>donis</span> <span class='ocrx_word' id='word_1_454' title='bbox 954 3911 1016 3949; x_wconf 90' lang='lat' dir='ltr'>non</span> <span class='ocrx_word' id='word_1_455' title='bbox 1029 3884 1256 3951; x_wconf 80' lang='lat' dir='ltr'>contemnendis</span> 
     </span>
     <span class='ocr_line' id='line_1_49' title="bbox 117 3964 1256 4047; baseline 0.004 -24"><span class='ocrx_word' id='word_1_456' title='bbox 117 3965 284 4045; x_wconf 87' lang='lat' dir='ltr'>praeditus,</span> <span class='ocrx_word' id='word_1_457' title='bbox 313 3975 444 4043; x_wconf 85' lang='lat' dir='ltr'>reputet:</span> <span class='ocrx_word' id='word_1_458' title='bbox 465 3986 520 4042; x_wconf 91' lang='lat' dir='ltr'>qua</span> <span class='ocrx_word' id='word_1_459' title='bbox 535 3964 760 4045; x_wconf 85' lang='lat' dir='ltr'>cogitationese</span> <span class='ocrx_word' id='word_1_460' title='bbox 773 3968 807 4025; x_wconf 91' lang='lat' dir='ltr'>ad</span> <span class='ocrx_word' id='word_1_461' title='bbox 829 3966 918 4025; x_wconf 90' lang='lat' dir='ltr'>divini</span> <span class='ocrx_word' id='word_1_462' title='bbox 938 3966 1032 4028; x_wconf 90' lang='lat' dir='ltr'>cultus</span> <span class='ocrx_word' id='word_1_463' title='bbox 1051 3969 1186 4047; x_wconf 85' lang='lat' dir='ltr'>vitaeque</span> <span class='ocrx_word' id='word_1_464' title='bbox 1208 3966 1256 4027; x_wconf 80' lang='lat' dir='ltr'>stt·</span> 
     </span>
     <span class='ocr_line' id='line_1_50' title="bbox 117 4040 1256 4119; baseline 0.004 -20"><span class='ocrx_word' id='word_1_465' title='bbox 117 4054 202 4100; x_wconf 87' lang='lat' dir='ltr'>turae</span> <span class='ocrx_word' id='word_1_466' title='bbox 221 4042 443 4101; x_wconf 78' lang='lat' dir='ltr'>meditationem</span> <span class='ocrx_word' id='word_1_467' title='bbox 465 4040 584 4100; x_wconf 78' lang='lat' dir='ltr'>excitet:</span> <span class='ocrx_word' id='word_1_468' title='bbox 624 4042 730 4101; x_wconf 87' lang='lat' dir='ltr'>deiude</span> <span class='ocrx_word' id='word_1_469' title='bbox 750 4043 1010 4119; x_wconf 19' lang='lat' dir='ltr'>suaslsacultates,</span> <span class='ocrx_word' id='word_1_470' title='bbox 1039 4044 1098 4103; x_wconf 81' lang='lat' dir='ltr'>vel.</span> <span class='ocrx_word' id='word_1_471' title='bbox 1110 4055 1192 4103; x_wconf 90' lang='lat' dir='ltr'>certe</span> <span class='ocrx_word' id='word_1_472' title='bbox 1212 4042 1256 4103; x_wconf 88' lang='lat' dir='ltr'>sa-</span> 
     </span>
     <span class='ocr_line' id='line_1_51' title="bbox 118 4116 1255 4200; baseline 0.002 -23"><span class='ocrx_word' id='word_1_473' title='bbox 118 4116 260 4178; x_wconf 87' lang='lat' dir='ltr'>cultatum</span> <span class='ocrx_word' id='word_1_474' title='bbox 280 4117 410 4199; x_wconf 89' lang='lat' dir='ltr'>inopiam</span> <span class='ocrx_word' id='word_1_475' title='bbox 430 4118 591 4196; x_wconf 88' lang='lat' dir='ltr'>expendat:</span> <span class='ocrx_word' id='word_1_476' title='bbox 612 4140 669 4198; x_wconf 89' lang='lat' dir='ltr'>qua</span> <span class='ocrx_word' id='word_1_477' title='bbox 690 4133 852 4199; x_wconf 88' lang='lat' dir='ltr'>perspecta,</span> <span class='ocrx_word' id='word_1_478' title='bbox 873 4140 934 4179; x_wconf 92' lang='lat' dir='ltr'>non</span> <span class='ocrx_word' id='word_1_479' title='bbox 955 4139 1037 4181; x_wconf 89' lang='lat' dir='ltr'>secus</span> <span class='ocrx_word' id='word_1_480' title='bbox 1057 4132 1146 4200; x_wconf 90' lang='lat' dir='ltr'>atque</span> <span class='ocrx_word' id='word_1_481' title='bbox 1165 4120 1255 4179; x_wconf 86' lang='lat' dir='ltr'>inni·</span> 
     </span>
    </p>
   </div>
   <div class='ocr_carea' id='block_1_3' title="bbox 184 4358 1150 4435">
    <p class='ocr_par' dir='ltr' id='par_1_5' title="bbox 184 4358 1150 4435">
     <span class='ocr_line' id='line_1_52' title="bbox 184 4358 1150 4435; baseline 0.005 -23"><span class='ocrx_word' id='word_1_482' title='bbox 184 4358 213 4429; x_wconf 54' lang='grc' dir='ltr'>ὓ)</span> <span class='ocrx_word' id='word_1_483' title='bbox 231 4360 306 4429; x_wconf 87' lang='lat' dir='ltr'>Quos</span> <span class='ocrx_word' id='word_1_484' title='bbox 322 4376 413 4432; x_wconf 85' lang='lat' dir='ltr'>postea</span> <span class='ocrx_word' id='word_1_485' title='bbox 430 4361 552 4415; x_wconf 77' lang='lat' dir='ltr'>refutabit</span> <span class='ocrx_word' id='word_1_486' title='bbox 570 4363 730 4425; x_wconf 81' lang='lat' dir='ltr'>validissime,</span> <span class='ocrx_word' id='word_1_487' title='bbox 747 4364 896 4435; x_wconf 81' lang='lat' dir='ltr'>pracsertim</span> <span class='ocrx_word' id='word_1_488' title='bbox 914 4377 970 4417; x_wconf 91' lang='lat' dir='ltr'>toto</span> <span class='ocrx_word' id='word_1_489' title='bbox 991 4384 1048 4434; x_wconf 83' lang='lat' dir='ltr'>cap.</span> <span class='ocrx_word' id='word_1_490' title='bbox 1065 4366 1150 4419; x_wconf 88' lang='lat' dir='ltr'>tertio.</span> 
     </span>
    </p>
   </div>
   <div class='ocr_carea' id='block_1_4' title="bbox 0 0 1302 4726">
    <p class='ocr_par' dir='ltr' id='par_1_6' title="bbox 0 0 1302 4726">
     <span class='ocr_line' id='line_1_53' title="bbox 0 0 1302 4726; baseline 0 0"><span class='ocrx_word' id='word_1_491' title='bbox 0 0 1302 4726; x_wconf 95' lang='lat' dir='ltr'> </span> 
     </span>
    </p>
   </div>
  </div>
 </body>
</html>
