2700 4732
102 214 144 277 ss
489 188 571 271 'sm
591 208 616 269 1.
653 207 850 272 canunt

107 352 212 437 gendis
229 350 338 415 nimhss
358 363 434 413 esset
452 350 549 412 labor.
599 352 702 426 Quuin
721 353 842 415 Iesaiae'
854 364 993 434 tempore
1011 363 1146 445 pacatum
1165 362 1246 417 esset

106 450 230 513 regnum
249 429 333 505 Iuda,
352 430 413 489 imo
433 451 524 509 quum
543 429 573 488 in
594 428 749 491 Chaldaeis
768 431 880 510 aliquid
899 430 1036 512 praesidii
1053 429 1108 489 sibi
1128 430 1245 510 reposi-

108 518 333 661 qumpupqqeti
347 506 400 658 ›de
409 505 538 641 {iiclffi‘l
564 506 647 566 urbis
666 507 842 643 populique
864 506 970 642 ¹exsilio
1009 505 1246 644 concionapatue

125 605 215 645 esaias
336 625 370 642 ..
497 603 578 642 emus
601 603 663 645 non
687 606 734 642 um
759 605 789 643 sa
814 604 957 645 scarum
983 605 996 643 s
1019 602 1132 643 ecrmen
1165 601 1244 644 mese

108 662 200 720 ‹lrvsm
219 624 388 733 anstihctns,
418 659 512 718 multo
538 671 606 718 ante
631 652 802 739 praedicere
821 679 896 740 quae
914 605 1181 723 tmehidebannsr
1199 658 1244 720 l'a·

75 728 83 753 '
107 737 222 810 bulosa,
240 735 358 800 tandem
370 755 440 795 vera
453 747 662 816 apparuerunt:
682 755 757 816 quae
775 748 874 796 tamen
886 736 971 796 simul
983 735 1021 795 de
1037 733 1137 794 sedem
1159 733 1245 797 tione

108 813 248 874 vaticinia
267 813 346 889 edit,
375 812 454 871 unde
479 812 536 871 nisi
555 832 571 872 a
591 811 659 872 Deo
678 813 812 892 prolecta
838 811 926 873 luisse
945 811 1092 873 dicemus?
1129 756 1245 874 dnum

108 891 254 1027 pqqminat,
274 908 328 970 per
336 888 608 1024 dquemEslubigendi
616 900 723 1023 terant·
732 888 885 1023 ,Clpssdsth
895 900 935 1024 tet
954 889 1081 969 populus
1100 886 1150 1026 iqa
1151 832 1244 1025 11εέ-

152 987 198 1026 em
218 984 333 1026 asseres
356 987 400 1025 us.
476 986 614 1026 ansus
653 986 723 1025 anns
779 987 812 1025 us
837 985 1009 1026 cenumex
1049 984 1118 1025 nor
1166 985 1203 1025 ra
1228 999 1244 1013 ·

110 1044 223 1105 einatus
244 1053 288 1102 est
306 1041 472 1121 Propheta,
494 987 669 1122 Pprinsquam
688 987 858 1102 underetur
877 1040 990 1118 Cyrus:
1016 985 1084 1101 nqam
1103 1041 1152 1102 bie
1170 1060 1265 1117 een·¹

111 1121 216 1180 tesimo
248 1117 364 1177 demum
392 1139 470 1178 anno
500 1130 552 1179 aut
581 1118 698 1177 circiter
728 1129 798 1197 post
826 1118 903 1179 illius
931 1131 1059 1177 mortem
1082 1128 1243 1179 natusest.

26 1220 29 1224 ·
109 1197 206 1255 Nemo
226 1194 357 1255 divinare
375 1205 447 1254 tune
467 1206 584 1273 poterat
603 1195 669 1255 lore
688 1193 815 1275 aliquem
835 1194 968 1271 Cyrum,
987 1194 1034 1254 eui
1054 1215 1120 1253 cum
1139 1193 1243 1271 Baby·

57 1324 60 1329 .
109 1272 199 1334 loniis
220 1269 329 1330 bellurn
350 1269 480 1329 futurum
505 1283 597 1345 esset,
628 1271 678 1362 qui
696 1281 756 1330 tam
782 1272 899 1350 potenti
919 1269 1087 1331 monarchia
1106 1269 1162 1333 tub
1180 1291 1244 1330 ma·

110 1370 181 1484 pum
200 1368 280 1407 suam
298 1346 430 1438 redaqta,
447 1347 536 1481 {ipen
546 1347 701 1483 lsqaelstici
720 1346 824 1427 populi
833 1346 934 1407 exsilio
945 1349 1120 1483 imppqeret.
1155 1345 1244 1481 NBda

111 1434 466 1594 osstrtssitlnzttt:
485 1443 687 1572 alitent?
700 1434 1171 1580 {tittstttiihtj‘pttt
1191 1442 1243 1560 ai!

110 1576 275 1639 monstrati
321 1575 431 1636 Rursus
455 1597 546 1655 quum
570 1578 708 1636 ieremias
732 1576 948 1654 (25‚1t.12.)
981 1575 1061 1655 prius
1091 1575 1243 1657 aliquanto

110 1674 197 1735 quam
217 1650 343 1733 populus
361 1651 574 1728 abduceretur,
597 1656 681 1713 annis
698 1653 882 1733 septuaginta
901 1652 1000 1712 liniret
1018 1665 1133 1732 tempus
1151 1673 1183 1713 ea
1204 1651 1244 1713 ti·

111 1731 222 1804 vitatis,
252 1729 438 1821 reditnmque
465 1741 495 1788 et
519 1728 684 1790 libertatem
704 1729 867 1802 indiceret,
897 1748 999 1790 nonne
1017 1749 1034 1789 a
1054 1729 1168 1819 Spiritu
1216 1730 1244 1789 ei

111 1805 276 1897 gubernari
292 1807 353 1865 eins
373 1805 503 1898 boguam
523 1806 692 1899 oportuiti·
714 1806 806 1868 Cuius
829 1806 1028 1885 impudentiae
1048 1817 1105 1864 erat
1123 1824 1245 1897 negare,

109 1881 611 2039 :tllttsltfl'ttt'ttztttt
619 1881 1245 2050 slttni‘illtllt„nitidis

111 2036 168 2098 bus
187 2036 246 2097 suis
265 2035 371 2094 fidem?
404 2036 535 2109 „Priora
555 2055 624 2097 ecee
637 2048 792 2106 venerunt,
811 2057 887 2095 nova
906 2047 1065 2094 annunlw:
1086 2047 1155 2095 ante
1177 2056 1245 2096 uana

111 2113 290 2191 „nriantur,
315 2124 387 2171 nota
408 2111 490 2172 vobis
512 2112 649 2173 laciam.“
668 2113 741 2192 (les.
762 2119 815 2186 42,
834 2113 878 2189 9.)
923 2109 1040 2171 Omitto
1061 2056 1178 2191 quedl
1203 2180 1206 2185 ¹

111 2190 186 2250 naias
205 2201 235 2248 et
253 2187 407 2261 Ezechiel,
436 2208 525 2266 quum
545 2201 603 2248 tam
623 2187 728 2268 procul
752 2200 850 2248 essem
874 2188 982 2261 dissiti,
1013 2200 1109 2247 tamen
1137 2188 1266 2257 eodem*

110 2278 248 2346 tempore
266 2264 488 2346 prophetantes,
506 2266 537 2324 in
551 2265 634 2325 dietis
645 2264 781 2324 omnibns
822 2263 922 2324 erinde
935 2264 1171 2339 consentiebant,
1187 2264 1246 2325 acsi

47 2395 49 2399 .
111 2354 216 2403 mutuo
236 2340 311 2401 alter
329 2340 414 2401 alteri
434 2342 571 2401 dictasset
589 2341 689 2402 rerba.
729 2287 819 2414 Quid
832 2339 958 2402 Danieli
978 2362 1077 2401 annon
1097 2361 1189 2421 usque
1208 2342 1245 2402 ad

112 2440 223 2480 annum
242 2417 305 2478 iere
323 2418 563 2477 sescentesimum
583 2418 619 2477 de
639 2418 727 2478 rebus
747 2418 850 2477 tuturis
870 2418 1038 2499 prophetias
1057 2419 1097 2477 ita
1116 2418 1246 2478 contexit

111 2500 191 2615 (cap.
209 2501 239 2559 9.
257 2496 327 2574 sq),
346 2495 405 2555 acsi
423 2494 573 2554 historiam
594 2495 737 2555 derebus
757 2497 845 2577 gestis
865 2506 896 2553 et
913 2496 1016 2586 passim
1038 2493 1115 2554 notis
1133 2494 1246 2553 scribe-

113 2584 174 2632 ret.
218 2572 298 2631 llaec
318 2571 340 2632 si
361 2571 457 2650 probe
476 2572 615 2631 meditata
634 2570 761 2631 babeant
802 2573 820 2631 ii
841 2571 984 2644 hommes,
1004 2572 1039 2629 ad
1052 2591 1244 2650 compescen·

94 2649 169 2709 dos
191 2646 349 2728 impiorum
375 2646 525 2706 bominum
555 2646 673 2708 latratus
696 2594 813 2707 abunde
843 2649 977 2707 instructi
1002 2659 1104 2706 erunt:
1137 2646 1246 2708 clarior

114 2724 194 2785 enim
214 2736 259 2785 est
277 2724 332 2784 ista
351 2723 574 2797 demonstratio,
594 2746 679 2803 quam
700 2737 733 2783 ut
752 2724 817 2784 ullis
837 2724 947 2784 cavillis
966 2726 1003 2784 sit
1023 2723 1159 2786 obnoxia.

189 2807 219 2865 9.
258 2799 329 2859 Scin
349 2800 418 2880 quid
438 2800 470 2860 in
489 2800 601 2882 angulis
621 2799 796 2880 obstrepant
813 2801 930 2881 quidam
956 2800 1136 2873 nebulones,
1161 2798 1244 2859 utin

114 2876 314 2970 oppugnanda
333 2876 391 2935 Dei
409 2879 532 2969 veritate
551 2897 673 3011 arcumen
694 2879 723 2936 in
747 2879 806 2937 enii
826 2877 871 2938 sui
890 2889 1047 3012 opstenltlent.
1065 2875 1247 3012 hQuaprunt

112 2976 221 3110 :tlte
234 2974 380 3108 ,iiiiii
393 2965 872 3111 tinniteslgtsnf‘
897 2965 1247 3108 Q‘ttsstisttdt?

116 3127 184 3167 nent
204 3125 322 3166 movere
342 3105 466 3179 audent,
494 3106 621 3167 fueritne
645 3128 771 3186 unquam
800 3106 836 3167 ali
860 3106 903 3167 uis
922 3110 1029 3167 llloses.
1079 3108 1119 3165 ht
1137 3105 1162 3166 si
1180 3106 1247 3186 quis

117 3183 149 3243 in
169 3182 290 3242 dubium
310 3194 441 3257 revocet,
459 3183 589 3243 fueritne
607 3204 735 3262 unquam
754 3182 800 3243 rel
820 3129 907 3243 Plato
927 3182 1045 3263 aliquis,
1063 3181 1109 3242 vel
1130 3182 1248 3242 Aristo·

116 3258 202 3335 teles,
220 3257 266 3320 vel
278 3258 396 3348 Cicero,
415 3260 481 3394 quis
501 3280 563 3319 non
583 3259 713 3351 colaphis
733 3270 783 3318 aut
801 3259 925 3343 ssagellis
941 3259 1137 3350 castigandam
1156 3258 1245 3319 talen

117 3334 261 3396 insaniam
281 3335 377 3395 dicati
441 3336 484 3394 uit
503 3336 563 3394 Lex
582 3336 672 3395 Mons
691 3335 813 3396 coelesti
832 3337 924 3417 magis
943 3336 1138 3417 providentia,
1157 3356 1246 3414 quam

1180 2131 1245 2172 ere-s

118 3412 270 3471 bominum
289 3411 386 3471 studio
406 3411 581 3471 mirabiliter
599 3424 779 3472 conservata.
823 3413 863 3474 Et
881 3433 1045 3492 quanquam
1066 3412 1144 3494 negli
1168 3414 1246 3473 entia

117 3487 311 3548 Sacerdotum
331 3488 367 3547 ad
388 3486 478 3547 breve
496 3501 611 3568 tempus
629 3489 743 3568 sepulta
761 3490 859 3563 iacuit,
878 3509 912 3548 ex
928 3507 987 3568 quo
1009 3489 1072 3569 pius
1091 3432 1247 3549 reslosiaa

118 3584 182 3624 eam
201 3564 315 3624 invenit
333 3564 389 3642 (11.
408 3567 483 3647 Reg.
501 3570 602 3639 22,ss
627 3564 667 3623 ll.
688 3564 802 3625 Chron.
822 3572 878 3640 34,
898 3567 976 3642 th),
1009 3585 1063 3646 per
1092 3565 1248 3626 continuas
1280 3628 1283 3633 ,

105 3652 243 3701 aetatum
271 3640 469 3701 successiones
494 3642 573 3699 inter
601 3662 702 3700 manus
732 3642 884 3703 hominum
904 3653 1015 3702 versata
1039 3652 1091 3700 est.
1140 3642 1248 3720 Neque

116 3737 192 3778 vern
212 3718 294 3797 quasi
313 3736 377 3776 rem
396 3717 529 3798 ignotam
548 3731 599 3776 aut
617 3739 723 3778 novam
743 3718 867 3798 protulit
884 3717 985 3791 Insias,
1004 3718 1054 3778 sed
1076 3737 1150 3797 quae
1169 3738 1247 3778 sem·

118 3794 307 3875 pervulgata
327 3794 433 3869 luerat,
453 3805 485 3853 et
503 3794 584 3855 euius
603 3804 674 3854 tunc
694 3794 816 3855 celebris
835 3806 898 3855 erat
916 3794 1067 3854 memoria.
1107 3794 1270 3853 Dicatnn·

118 3882 181 3932 erat
199 3870 310 3949 templo
320 3868 458 3930 volumen
478 3882 677 3953 prototypon:
697 3872 823 3932 dicatum
835 3871 924 3954 regiis
936 3870 1057 3931 archivis
1069 3869 1247 3950 descriptum

118 3947 188 4006 inde
213 3946 359 4025 exemplar
382 3947 487 4024 (lleut.
507 3954 561 4022 17,
581 3953 627 4013 18„
647 3949 725 4024 19.):
756 3960 868 4007 tantum
901 3948 957 4008 bne
989 3946 1135 4007 acciderat
1166 3945 1247 4027 quod

119 4022 303 4112 Sacerdotes.
316 4023 426 4116 Legem
446 4025 538 4114 ipsam
558 4045 592 4084 ex
611 4024 737 4114 sollvenni
757 4045 841 4083 more
866 4024 1015 4105 publicare
1036 4022 1197 4114 desierant,
1218 4035 1248 4082 et

117 4097 1249 4259 ttdlttilzttt‘pttttttilliti?:ffelffiit‘shtlisstlttl

119 4250 181 4310 eius
199 4251 331 4312 sanctio?
350 4274 386 4314 an
406 4254 440 4315 iis
458 4254 628 4336 incognitus
648 4264 711 4311 erat
723 4254 821 4313 bloses
841 4255 891 4332 qui
901 4254 1044 4314 Davidem
1064 4251 1248 4313 tractabant?

116 4326 246 4404 Verum,
275 4339 309 4388 ut
327 4330 365 4391 de
388 4329 525 4393 omnibus
550 4329 635 4392 simul
659 4328 778 4409 loquar,
808 4342 890 4399 certo
920 4331 1027 4391 certius
1045 4342 1090 4390 est
1113 4330 1248 4410 ipsorum
