2700 4732
202 219 245 283 to
610 214 732 278 tm
770 214 861 279 CAP.
879 215 933 278 xt

204 358 325 423 imbuti:
349 380 412 421 non
431 359 549 443 quidem
567 370 602 422 nt
621 358 694 421 deos
711 359 893 434 existiment,
911 359 964 421 sed
983 360 1051 453 quia
1069 359 1127 420 vim
1147 359 1272 453 aliquam
1292 360 1342 423 di·

203 437 333 501 vinitatis
350 437 411 499 illie
429 438 595 499 inhabitare
613 436 819 518 imaginantur.
856 437 961 516 Itaque
979 458 1040 497 ssve
1059 436 1157 497 Deum
1175 456 1236 497 ssve
1255 456 1341 498 crea·

203 524 301 575 turam
319 513 377 574 tibi
399 515 427 575 in
448 514 603 575 simulacro
615 524 828 604 repraesentes,
846 512 898 573 ubi
918 513 954 573 ad
966 517 1187 573 venerationem
1207 523 1340 593 proster-

204 589 977 757 :tib„ltilli‘⁸lllt‘,l',t“n‘titileia
995 588 1339 727 litttiltt‘slttlt

204 740 249 803 los
268 743 357 803 etiam
377 743 526 823 quoslibet
545 754 576 803 et
595 741 704 821 lapides
724 742 888 801 consecrari
901 742 993 801 vetuit
1008 742 1059 822 qui
1079 743 1109 800 in
1129 709 1338 803 addrationem

203 830 381 898 prostarent.
421 819 530 879 Eadem
552 839 671 898 quoque
689 819 805 878 ratione
825 818 854 876 in
875 838 981 897 praece
1005 829 1035 878 to
1053 818 1140 899 Legis
1158 817 1248 878 altera
1290 838 1338 879 ara

204 896 242 955 de
261 894 435 957 adoratione
455 895 615 955 subiicitur.
659 896 734 955 Nam
754 893 927 974 simulatque
947 839 1042 954 efdcta
1063 907 1107 953 est
1127 894 1193 954 Deo
1213 894 1264 955 visi
1289 892 1337 957 ilia

203 971 314 1045 forma,
342 972 408 1033 huic
428 992 487 1051 quo
510 991 547 1031 ue
565 970 612 1030 alli
635 983 699 1030 atur
718 971 793 1030 illius
812 972 911 1030 virtus.
954 969 1000 1030 lta
1024 971 1131 1050 stupidi
1150 981 1218 1031 sunt
1238 970 1337 1031 bomi-

202 1068 272 1128 nep,
299 1059 332 1107 ut
350 1047 448 1107 Deum
467 993 588 1129 eligant
606 991 774 1140 adsieunque
792 1046 954 1138 affingunt:
988 1067 1022 1106 ac
1041 1047 1166 1137 proinde
1186 1047 1251 1105 lieri
1271 1066 1336 1107 nom

201 1134 302 1204 potest
322 1125 391 1204 quin
413 1124 545 1185 adorent
591 1124 696 1203 Neque
722 1135 844 1182 interest
863 1122 1013 1182 nlolumne
1031 1121 1203 1203 simpliciter
1216 1122 1337 1201 colant,

200 1222 238 1260 an
258 1199 355 1259 Deum
375 1200 404 1259 in
426 1199 522 1260 idolo:
544 1199 615 1260 haec
634 1220 749 1279 semper
768 1198 936 1259 idololatria
957 1212 1011 1270 est,
1031 1222 1120 1279 quum
1140 1199 1237 1271 idolo,
1257 1218 1335 1291 qua·

201 1276 339 1355 licunque
360 1276 476 1351 colore,
505 1276 678 1335 exhibentur
697 1277 787 1335 dirini
809 1274 946 1335 honores.
986 1276 1025 1334 Et
1043 1276 1111 1355 quia
1129 1275 1335 1354 superstitiose

34 1362 37 1369 '
81 1368 88 1389 ⁸
201 1351 260 1413 coli
280 1374 341 1413 non
360 1352 422 1411 vult
438 1352 530 1426 Deus,
549 1351 592 1411 illi
612 1352 735 1431 eripitur
755 1352 892 1431 quicquid
913 1350 1066 1412 confertur
1083 1352 1114 1410 iu
1136 1351 1224 1411 idola.
1262 1351 1334 1413 Huc

200 1427 330 1489 animum
348 1429 500 1488 advertant
511 1428 561 1508 qui
580 1429 617 1487 ad
637 1428 839 1488 defensionem
858 1428 1039 1489 exsecrabilis
1058 1426 1254 1502 idololatriae,
1274 1446 1334 1507 qua

200 1503 299 1565 multis
318 1504 440 1565 antebac
459 1505 580 1565 saeculis
595 1526 663 1565 vera
681 1505 788 1586 religio
806 1504 956 1565 submersa
974 1504 1170 1583 subversaque
1190 1502 1255 1578 fuit,
1273 1502 1333 1575 sni·

199 1600 280 1641 seros
300 1591 465 1661 praetextus
483 1592 672 1661 aucupantur.
715 1585 785 1642 Non
812 1590 998 1660 reputantur,
1022 1580 1176 1660 inquiunt,
1199 1600 1255 1660 pro
1275 1579 1332 1641 diis

199 1657 351 1751 imagines.
388 1659 451 1719 Nec
470 1668 529 1717 tam
549 1678 667 1737 prorsus
686 1656 881 1738 incogitantes
901 1669 985 1716 eraut
998 1655 1112 1730 ludaei,
1132 1668 1164 1716 ut
1184 1676 1245 1715 non
1265 1674 1332 1715 sne·

198 1734 359 1808 minassent,
377 1732 474 1793 Deum
493 1732 591 1808 fuisse,
610 1734 690 1794 cuius
709 1756 795 1793 manu
808 1733 906 1792 educti
925 1746 1022 1793 essent
1040 1754 1075 1792 ex
1085 1734 1226 1815 Aegypto
1246 1742 1332 1793 ιιιιι·

198 1830 284 1890 quam
304 1809 485 1871 fabricarent
503 1810 636 1869 vitulum.
675 1808 758 1886 Quin
778 1807 889 1870 baroni
911 1810 1030 1884 dicenti,
1050 1808 1117 1869 illos
1137 1827 1200 1869 esse
1220 1808 1292 1871 deos
1311 1828 1331 1871 a

219 1887 305 1947 uibus
323 1886 439 1946 liberati
459 1899 555 1947 essent
574 1907 590 1945 e
614 1898 693 1948 terra
712 1885 860 1969 Aegypti,
884 1886 1030 1966 intrepide
1053 1885 1240 1961 annuebant,
1264 1904 1331 1947 uon

197 1907 286 2024 dubia
295 1962 519 2045 significatione,
536 1964 612 2023 velle
623 1982 655 2023 se
674 1964 794 2023 retineri
814 1962 895 2022 illum
908 1962 1005 2021 Deum
1018 1961 1217 2033 liberatorem,
1236 1958 1329 2023 modo

196 2052 388 2121 praeeuntem
408 2039 439 2097 in
459 2039 550 2100 vitulo
571 2060 641 2100 cons
664 2041 784 2099 icerent.
833 2039 897 2098 Nec
916 2039 955 2098 ita
975 2039 1082 2118 stupidi
1102 2038 1190 2097 fuisse
1208 2036 1330 2099 Etbnici

197 2115 337 2177 credendi
356 2125 434 2188 sunt,
453 2125 567 2175 utnon
587 2063 787 2198 intelligerent
799 2115 897 2175 Deum
920 2114 1008 2174 alium
1020 2134 1175 2193 essequam
1195 2113 1276 2196 ligna
1296 2124 1329 2175 et

195 2191 315 2272 lapides.
353 2191 595 2250 blutabantenim
637 2213 670 2252 ro
688 2191 811 2253 arbitrio
822 2190 984 2266 simulacra,
1004 2191 1074 2252 deos
1083 2211 1199 2271 semper
1207 2190 1328 2251 eosdem

197 2269 296 2329 animo
317 2266 500 2328 retinebant:
521 2280 551 2327 et
569 2213 658 2327 mults
671 2269 816 2328 erantuni
830 2268 896 2327 Deo
916 2267 1079 2341 simulacra,
1099 2288 1155 2327 nee
1174 2288 1229 2347 pro
1249 2264 1328 2327 mul·

196 2344 322 2405 titudine
342 2342 507 2422 complures
526 2356 624 2403 tamen
646 2345 718 2404 deos
737 2344 792 2405 sibi
812 2343 977 2425 lingebant:
999 2355 1236 2425 praetereanora
1271 2362 1327 2405 uo·

196 2421 269 2481 tidie
288 2418 511 2495 consecrabant,
531 2441 586 2480 nec
607 2420 750 2502 putabant
768 2433 865 2481 tamen
885 2440 916 2480 se
937 2441 1030 2480 novos
1052 2419 1239 2481 faceredeos.
1292 2438 1326 2479 e-

195 2508 303 2577 gautur
321 2496 534 2570 excusationes,
560 2518 631 2576 quas
651 2496 687 2557 ab
707 2497 870 2557 idololatris
894 2497 938 2555 sui
958 2496 1065 2556 saeculi
1087 2494 1173 2557 fuisse
1192 2508 1326 2576 praetet-

193 2586 238 2635 tas
259 2572 350 2632 refert
368 2573 548 2653 Augustinus
568 2574 797 2653 (inPs.113.):
819 2594 884 2633 nem
909 2593 924 2631 e
966 2596 1033 2633 uum
1053 2586 1257 2647 arouerentur,
1276 2592 1326 2657 rp-

194 2672 207 2711 s
230 2648 382 2708 ondebant
399 2648 543 2730 vulgares,
562 2670 593 2709 se
613 2670 674 2710 non
693 2650 807 2708 visibile
820 2593 905 2710 'illud
918 2594 1025 2724 cdlere,
1044 2620 1104 2711 sed
1114 2670 1223 2709 numen
1244 2646 1327 2739 quod

194 2670 256 2787 illic
275 2724 460 2785 invisibiliter
480 2725 636 2785 habitabat.
675 2727 737 2801 Qui
750 2747 819 2786 vero
841 2727 1028 2807 purgatioris,
1047 2737 1081 2786 ut
1100 2729 1162 2859 ipse
1183 2726 1336 2804 loquitur,

194 2801 344 2885 religionis
364 2812 457 2876 erant,
476 2822 532 2862 nec
550 2802 733 2863 simulacrum
753 2823 808 2862 nec
820 2802 1005 2862 daemonium
1024 2823 1056 2861 se
1076 2824 1111 2863 co
1126 2822 1175 2862 ere
1194 2802 1350 2879 aiebant,¹

194 2879 245 2940 sed
273 2898 327 2958 per
346 2878 474 2955 effigiem
500 2899 671 2959 corpoream
696 2879 804 2939 intueri
828 2880 889 2939 eius
916 2879 958 2938 rei
983 2879 1096 2961 signum
1117 2900 1202 2958 quam
1223 2878 1327 2941 colen

194 2956 347 3015 deberent.
387 2954 468 3029 Quid
489 2956 580 3037 ergo?
612 2955 724 3016 Omnes
743 2953 917 3015 idololatrae
936 2956 995 3015 sive
1016 2977 1049 3014 ex
1067 2956 1192 3029 ludaeis,
1210 2956 1271 3016 sive
1288 2974 1325 3017 ex

195 3030 353 3105 Gentibus,
373 3053 434 3092 non
454 3031 540 3091 aliter
559 3052 644 3112 quam
665 3031 853 3105 dictumest,
879 3032 998 3091 fuerunt
1017 3033 1147 3092 animati:
1180 3030 1323 3112 spirituali

192 3106 389 3190 intelligentia
410 3128 470 3168 non
492 3109 641 3182 contenti,
672 3112 829 3169 certiorem
854 3132 886 3169 ac
912 3130 965 3188 pro
989 3109 1081 3167 iorem
1103 3130 1137 3167 ex
1161 3108 1323 3171 simulacris

192 3185 364 3264 impressum
385 3184 421 3244 iri
439 3183 495 3244 sibi
515 3183 664 3264 putabant.
707 3183 865 3264 Postquam
889 3132 987 3245 semei
1004 3184 1113 3266 placuit
1133 3196 1323 3265 praepostera

192 3260 247 3320 ista
267 3261 325 3320 Dei
343 3259 522 3333 assimilatio,
542 3260 638 3320 nullus
659 3260 723 3321 finis
740 3261 851 3335 factus,
870 3262 965 3322 donec
985 3262 1070 3321 novis
1089 3260 1214 3322 subinde
1234 3280 1324 3341 prae-

191 3339 229 3397 sti
252 3336 285 3397 iis
304 3336 413 3413 delusi,
434 3339 463 3395 in
484 3335 657 3419 imaginibus
677 3336 772 3396 Deum
793 3338 849 3396 vim
868 3359 947 3397 suam
968 3357 1099 3397 exserere
1117 3338 1322 3417 opinarentur.

191 3356 389 3473 Nililominus
415 3426 445 3473 et
463 3412 560 3471 Deum
585 3425 736 3473 aeternum
755 3413 870 3488 ludaei,
895 3435 985 3472 unum
1006 3435 1162 3493 verumque
1188 3415 1323 3479 coeliae

191 3500 288 3550 terrae
317 3489 496 3564 Dominum,
531 3489 584 3549 sub
617 3489 722 3550 talibus
752 3489 910 3550 simulacris
939 3494 1068 3570 persuasi
1096 3502 1180 3550 erant
1206 3512 1239 3551 se
1268 3512 1323 3552 co·

191 3565 319 3700 leresfiet
339 3563 463 3641 Gentes,
481 3586 550 3627 suos
570 3566 639 3628 licet
658 3565 745 3627 falsos
764 3566 846 3643 deos,
865 3587 939 3647 quos
957 3579 1057 3627 tamen
1077 3566 1107 3627 in
1127 3566 1213 3628 coelo
1235 3566 1323 3641 liabi-¹

191 3654 255 3705 tare
296 3653 429 3701 nerent.
1228 3654 1231 3659 '

267 3662 420 3784 10.gHoc
440 3717 490 3796 qui
516 3718 639 3779 antehac
666 3720 789 3794 factum,
815 3731 847 3778 et
872 3732 971 3781 nostra
990 3721 1075 3781 etiam
1094 3720 1238 3782 memoria
1256 3718 1323 3783 fieri

190 3806 301 3878 negant
342 3794 531 3875 impudenter
554 3795 745 3855 mentiuntur.
797 3796 860 3857 Cur
886 3799 964 3857 enim
985 3818 1082 3858 coram
1107 3797 1163 3858 illis
1187 3808 1345 3876 prestere,

189 3837 320 3933 nunturi
358 3870 421 3930 Cur
439 3890 503 3932 sese
521 3872 556 3931 ad
577 3872 624 3931 illa
649 3872 807 3951 precaturi,
827 3884 964 3953 tanquam
985 3875 1021 3933 ad
1041 3873 1099 3933 Dei
1118 3894 1220 3949 aures,
1245 3894 1348 3935 cona

42 3982 46 3999 ·
118 4008 132 4017 ,
189 3948 328 4008 vertunt?
355 3946 507 4026 Siquidem
527 3968 627 4009 verum
646 3948 1085 4040 estquqdaitrbugustinus
1104 3952 1149 4030 (in
1170 3950 1322 4029 Petet),

189 4024 347 4085 Neminem
377 4043 462 4083 orare
480 4024 526 4083 vel
558 4024 681 4084 adorare
700 4046 741 4085 stc
761 4037 925 4087 intuentem
948 4027 1148 4101 simulacrum,
1179 4029 1231 4119 qui
1254 4036 1320 4088 oon

188 4098 230 4161 sic
251 4100 393 4160 afliciatur
411 4112 444 4159 ut
463 4100 500 4161 ab
521 4121 558 4162 eo
583 4100 711 4160 exaudiri
736 4121 768 4161 se
793 4114 893 4181 putet,
923 4103 968 4162 vel
988 4104 1043 4164 sibi
1063 4114 1218 4183 praestari,
1238 4102 1321 4197 quod

190 4176 345 4253 desiderat,
364 4187 471 4254 speret
510 4177 573 4237 Cur
591 4177 668 4236 inter
687 4178 816 4237 eiusdem
835 4178 894 4239 Dei
912 4180 1063 4240 simulacra
1083 4192 1196 4240 tantum
1217 4178 1322 4242 discri-

190 4272 276 4327 men,
300 4264 333 4312 ut
351 4253 445 4313 altero
465 4254 640 4334 praeterito,
660 4264 711 4314 aut
730 4253 888 4337 vulgariter
908 4256 1069 4330 honorato,
1092 4255 1216 4317 alterum
1231 4256 1321 4331 pmni

188 4327 315 4391 sollenni
332 4328 450 4391 honore
468 4330 700 4412 prosequantur?
738 4329 801 4393 cur
819 4332 985 4395 invisendis
1003 4332 1171 4411 simulacris,
1190 4338 1335 4414 quorum
