2700 4732
525 172 599 232 Llll.
621 173 676 232 ill.
718 174 808 237 CLP.
829 175 884 235 tlt.
1184 188 1189 197 ’
1206 183 1262 245 391
1298 124 1301 129 ⁴
1321 238 1324 245 .

118 334 187 376 non
205 326 316 376 essent:
340 314 392 375 sed
413 316 469 376 lioc
489 316 574 377 simul
593 319 652 378 Dei
674 319 871 380 misericordia
892 320 955 379 tieii
975 320 1197 395 contendimus,
1230 334 1262 382 ut

117 392 158 453 ab
180 388 237 452 boc
256 403 339 452 reatu
359 392 524 453 liberentur
541 396 651 469 sancti,
681 397 731 475 qui
755 397 862 456 merito
890 397 959 457 alias
978 408 1149 476 peccatores
1169 410 1200 458 et
1218 399 1262 458 rei

119 488 224 529 coram
243 470 312 529 lieo
331 469 442 530 forent.
500 472 606 550 Neque
626 492 697 531 vero
718 472 793 532 hanc
812 474 988 533 sententiam
1010 473 1184 534 confirmare
1204 474 1260 535 dii·

118 544 200 606 ficile
223 544 311 609 nobis
337 546 408 605 erit:
442 547 561 626 quando
581 560 694 610 exstant
713 549 743 608 in
763 568 826 608 eam
847 569 909 609 rein
929 549 1006 611 clara
1025 550 1091 611 Scri
1114 562 1195 611 turae
1217 563 1259 613 te-

120 622 270 685 stimonia.
317 621 399 695 Quid
429 624 507 683 euim
538 625 666 704 apertius
691 624 824 687 volumus
851 648 937 705 qnam
963 627 1044 707 quad
1069 572 1110 687 ai
1126 627 1212 686 Rom.
1232 634 1260 694 7.

120 702 166 779 (τ.
184 702 231 778 6.)
249 698 356 761 clamat
376 699 501 762 Paulus?
534 701 680 777 Primum,
712 701 778 761 illio
799 721 866 763 enm
892 703 922 762 in
949 703 1073 763 hominis
1093 706 1260 785 regenerati

120 796 249 857 peram
270 776 368 857 loqui,
398 799 464 838 cnm
485 799 539 838 nos
559 777 629 838 alibi
655 779 852 853 ostendimus,
883 792 952 843 tum.
971 780 1151 861 Augustinus
1172 780 1261 842 firmis

119 852 289 915 rationibus
312 855 429 914 evincit.
488 855 590 915 Taceo
616 855 695 935 quod
715 854 782 915 mali
801 867 833 915 et
852 858 965 936 peccati
989 855 1139 917 vocabulis
1159 856 1258 916 utitur'.

121 930 166 991 Ut
175 950 262 991 noces
280 930 345 991 illas
363 931 489 992 cavillari
509 932 633 1010 possint,
651 934 700 1011 qni
721 931 881 992 reclamare
900 932 987 994 nobis
1006 933 1118 1006 volent,
1137 933 1203 1013 quis
1215 946 1259 995 ta·

119 1026 191 1067 nien
208 1008 433 1090 repugnantiam
452 1008 588 1069 adversus
608 1009 718 1091 Legem
739 1009 814 1081 Dei,
847 1010 954 1071 malum
974 1029 1037 1071 esse
1057 1012 1164 1103 neget?
1194 1010 1259 1089 quis

119 1082 363 1164 impedimentum
384 1086 510 1147 iustitiae
530 1098 620 1166 neget
647 1105 709 1145 esse
735 1088 909 1165 peccatum?
941 1088 1005 1166 quis
1038 1086 1165 1166 denique
1195 1108 1257 1147 nori

118 1160 264 1222 concedat
285 1159 411 1242 eulpam
443 1163 553 1233 inesse,
584 1162 635 1222 ubi
661 1174 704 1222 est
728 1163 887 1242 spiritualis
910 1164 1045 1224 miseria?
1084 1163 1178 1243 Atqui
1202 1164 1256 1226 Ista

116 1238 220 1299 omnia
239 1238 277 1299 de
294 1237 354 1299 linc
372 1239 480 1300 morbo
500 1238 620 1299 aPaulo
637 1240 851 1319 praedicantur.
891 1241 1008 1300 Deinde
1034 1239 1174 1302 babemus
1192 1260 1257 1301 eer-

115 1325 177 1375 tani
196 1336 215 1375 a
234 1316 316 1397 Lege
335 1315 631 1389 demonstrationem,
651 1337 708 1393 qun
728 1316 857 1376 breviter
867 1329 928 1377 tota
942 1318 1154 1397 haecqnaestio
1169 1337 1257 1397 expe-

113 1390 290 1473 diripotest.
309 1390 451 1453 iubemur
462 1391 539 1451 euim
547 1393 644 1451 Deum
656 1393 779 1475 diligere
790 1413 823 1451 eii
836 1405 902 1454 toto
917 1394 1019 1468 corde,
1029 1413 1061 1452 ex
1075 1405 1137 1455 tota
1150 1394 1257 1469 anima,

115 1468 230 1529 estatis
240 1468 437 1530 facultatibus.
458 1472 559 1544 Quum
568 1469 607 1529 ita
616 1491 717 1530 omnes
728 1472 842 1529 animae
854 1481 973 1531 nostrae
984 1470 1145 1560 partesDei
1157 1488 1258 1531 amore

113 1546 260 1626 occupari
279 1546 393 1620 deceat,
412 1558 524 1606 certum
546 1558 590 1606 est
609 1568 660 1606 eos
680 1559 839 1640 praecepto
861 1569 922 1606 nou
942 1547 1120 1621 satisfacere,
1140 1547 1197 1627 qui,
1209 1544 1256 1607 vel

115 1620 271 1685 levicolam
292 1623 502 1702 appetitionem
523 1625 614 1683 corde
635 1643 784 1703 recipere,
813 1623 858 1684 vel
885 1624 972 1684 ullam
998 1626 1120 1683 omnino
1142 1622 1256 1703 cogita-

98 1700 231 1761 =tionem
250 1699 348 1760 auimo
369 1699 523 1761 admittere
543 1712 681 1780 possunt,
701 1720 777 1779 quae
797 1722 848 1760 eos
868 1701 905 1761 ab
925 1721 1027 1760 amore
1047 1700 1104 1760 llei
1124 1700 1155 1759 in
1175 1699 1256 1758 vani·

113 1787 208 1837 tatem
228 1776 363 1837 abducat.
422 1777 503 1851 Quid
529 1776 626 1836 enini?
654 1797 754 1837 annon
781 1776 847 1837 illae
872 1790 940 1837 sunt
959 1778 1072 1838 animae
1093 1776 1256 1848 facultates,

110 1853 222 1915 subitis
248 1852 429 1915 motionibus
459 1853 552 1929 allici,
581 1873 668 1915 sensu
688 1852 929 1934 apprchendere,
958 1866 1059 1913 mente
1078 1852 1256 1933 concipere?

111 1928 193 1991 Istae
213 1929 304 2013 igitur
322 1952 412 2010 quum
432 1932 511 1991 vanis
531 1942 560 1989 et
581 1932 673 2011 pravis
693 1930 923 2011 cogitationibus
942 1930 1053 1990 aditum
1072 1930 1108 1989 ad
1128 1949 1159 1989 se
1172 1940 1255 2007 pate·

111 2006 239 2084 iaciunt,
257 2028 358 2068 annon
378 2008 540 2068 ostendunt
558 2028 590 2067 se
611 2009 781 2067 tantundem
802 2007 838 2066 ab
860 2027 960 2067 amore
972 2006 1032 2065 Dei
1053 2026 1115 2067 esse
1132 2005 1254 2067 vacuas?

110 2082 220 2159 Quare
237 2086 289 2164 qui
309 2105 371 2147 non
392 2084 501 2143 latetur
519 2104 621 2144 omues
641 2085 735 2144 carnis
754 2084 928 2175 cupiditates
938 2103 1001 2143 esse
1019 2094 1152 2163 peccata:
1171 2081 1253 2141 illum

109 2180 187 2224 seso
205 2162 434 2241 concupiscendi
453 2160 601 2232 morbum,
620 2180 707 2240 qoem
728 2161 860 2220 soiiiitem
880 2159 1045 2240 appellarit,
1066 2178 1128 2219 esse
1141 2160 1253 2239 peccati

109 2236 337 2321 scaturiginem:
369 2238 420 2299 ille
444 2237 707 2319 transgressionem
728 2238 814 2321 Legis
833 2250 987 2317 peccatum
1006 2256 1069 2298 esse
1089 2246 1179 2317 neget
1198 2254 1252 2295 ne-

110 2334 196 2377 eesse
214 2327 268 2375 est.

190 2396 239 2457 12·
276 2390 310 2451 Si
330 2391 377 2450 ciii
396 2389 552 2452 absurdum
574 2391 703 2463 videtur,
719 2391 758 2451 ita
779 2391 809 2450 iii
830 2390 996 2450 universnm
1017 2389 1149 2449 damnari
1168 2388 1252 2467 cupi·

110 2468 219 2529 ditates
231 2488 345 2541 omnes,
365 2469 469 2548 quibus
490 2468 580 2528 bomo
601 2466 774 2527 naturaliter
792 2466 931 2541 allicitur,
950 2489 1040 2547 quum
1059 2466 1154 2525 aDeo
1174 2466 1251 2525 indi·

109 2558 161 2607 tae
179 2546 240 2606 sint
259 2556 381 2604 naturae
400 2558 536 2606 auctore:
564 2544 786 2621 respondemus,
817 2564 870 2603 iios
891 2565 1074 2624 nequaquam
1095 2564 1142 2603 eas
1161 2562 1252 2635 appe-

108 2622 234 2684 titiones
246 2621 396 2696 damnare,
415 2643 485 2702 quas
506 2623 632 2682 bominis
652 2621 772 2702 ingenio
792 2621 874 2680 Deus
893 2621 933 2681 sic
953 2642 969 2679 a
990 2619 1082 2700 prima
1102 2631 1253 2680 creatione

112 2698 276 2780 insculpsit,
297 2700 418 2758 atinde
439 2700 577 2759 eradicari
598 2698 652 2757 nisi
672 2719 738 2757 com
760 2698 821 2776 ipsa
841 2696 1021 2757 humanitate
1042 2696 1250 2773 nonpossint:

114 2774 167 2835 sed
184 2786 295 2837 tantnm
317 2775 478 2836 insolentes
498 2776 686 2854 eiirenesque
707 2786 819 2846 motus,
840 2775 890 2865 qni
911 2795 977 2834 cnm
991 2774 1048 2832 Dei
1061 2773 1250 2831 ordinatione

113 2864 254 2933 pugnant.
294 2852 356 2911 lain
376 2873 447 2913 vero
467 2874 556 2931 quoni
576 2852 616 2912 ob
638 2862 761 2910 naturae
781 2862 951 2930 pravitatem
973 2869 1076 2909 omiies
1097 2846 1251 2909 facultates

112 2928 191 2989 adeo
209 2929 325 2989 vitiatae
344 2930 402 2988 siut
422 2951 456 2988 ae
477 2940 650 3008 corruptae,
680 2938 711 2986 ut
730 2927 759 2986 iii
781 2927 917 2986 omnibus
936 2926 1101 2986 actionibus
1121 2925 1251 2984 emineat

111 3018 255 3086 perpetua
274 3006 372 3068 ἀταξία
404 3019 436 3065 et
460 3004 663 3084 intemperies:
697 3004 763 3094 qnia
794 3002 832 3062 ab
862 3003 1005 3063 eiusmodi
1034 3000 1250 3062 incontinentia

108 3083 242 3162 separari
269 3095 423 3160 nequeunt
453 3083 665 3162 appetitiones,
687 3080 768 3140 ‚ideo
799 3080 917 3140 vitiosas
944 3099 1006 3140 ease
1031 3078 1248 3139 contendimus.

106 3158 232 3237 Ant(si
251 3158 439 3238 paucioribus
459 3160 555 3218 verbis
574 3179 714 3218 summam
734 3157 843 3216 habere
866 3156 953 3232 libet)
973 3176 1075 3216 omnes
1096 3155 1249 3215 hominum

106 3236 286 3316 cupiditates
309 3235 398 3295 malas
421 3257 483 3295 esse
509 3237 663 3308 docemus,
694 3245 724 3293 et
753 3234 865 3314 peccati
889 3255 952 3294 reas
977 3232 1155 3314 peragimus:
1184 3252 1249 3293 non

105 3322 256 3394 qnatenus
274 3324 343 3374 sunt
358 3312 526 3386 naturales,
553 3312 604 3371 sed
630 3311 697 3390 qnia
721 3310 922 3373 inordinatae:
951 3310 1132 3369 inordinatas
1150 3320 1248 3369 autem

107 3410 186 3464 esse,
204 3389 273 3469 qnia
294 3410 327 3448 eii
347 3400 449 3448 natura
470 3400 609 3467 corrupta
630 3401 660 3447 et
679 3388 794 3466 polluta
815 3387 887 3446 nibil
908 3389 1038 3467 purinec
1054 3386 1161 3446 sinceri
1177 3405 1248 3466 pro·
1291 3446 1294 3453 ,

106 3466 174 3526 dire
193 3477 301 3544 potest.
339 3467 444 3544 Neque
464 3486 535 3526 vero
556 3465 592 3525 ab
613 3465 667 3525 liac
687 3465 820 3524 doctrina
840 3475 953 3525 tautum
979 3464 1102 3523 discedit
1126 3463 1247 3544 Angu-

107 3543 249 3615 stinus,
269 3555 410 3621 quantum
430 3542 461 3602 in
481 3542 608 3625 speciem
629 3552 758 3621 apparet.
797 3541 876 3603 Dum
902 3541 1039 3601 invidiam
1065 3540 1129 3620 plns
1149 3558 1247 3619 aequo

108 3618 301 3691 reformidat,
332 3640 389 3698 qua
417 3639 483 3678 eum
504 3622 624 3699 gravare
643 3616 802 3678 studebant
820 3618 889 3676 Pela
913 3618 986 3700 iani,
1019 3638 1036 3678 a
1056 3617 1169 3708 peccati
1188 3634 1246 3677 uo-

109 3696 191 3755 mine
208 3696 358 3755 interdum
375 3695 516 3757 abstinet:
538 3717 626 3774 quum
647 3708 745 3755 tamen
764 3693 877 3769 scribit,
890 3638 958 3775 lad.
972 3696 1097 3772 Bonita,
1115 3704 1247 3750 nauseasse

108 3776 144 3855 iss
165 3776 274 3831 minuis
286 3775 401 3848 peremi
418 3772 496 3848 iege,
519 3772 583 3830 tolli
601 3769 747 3831 duntaxat
763 3786 893 3851 notum,
915 3771 984 3833 satis
1002 3770 1113 3831 indicat
1131 3788 1163 3829 se
1182 3788 1246 3830 non

106 3850 307 3910 adeoasensu
328 3862 430 3909 nostro
450 3849 620 3910 abliorrere.

186 3933 235 3991 13.
275 3925 443 3985 Assereiiius
462 3925 530 3985 alias
550 3927 664 4005 aliquot
682 3926 857 3999 sententias,
876 3925 955 3985 unde
973 3923 1076 3984 melius
1095 3930 1246 4003 appareat,

108 4001 181 4082 qnid
201 4003 336 4063 senserit
394 4002 459 4061 Lib.
479 4003 611 4062 seciiiiilo
634 4019 736 4063 coium
754 4003 921 4062 Iulianum:
959 4001 1040 4074 „Les
1059 4000 1111 4060 ista
1131 3998 1245 4080 peccati

108 4092 162 4155 „et
181 4079 299 4141 remissa
320 4093 365 4139 est
384 4080 609 4159 regeneratione
628 4076 786 4159 spirituaii,
807 4094 837 4140 et
856 4092 954 4139 manet
967 4079 997 4138 iu
1010 4097 1098 4137 carne
1110 4074 1243 4137 mortali:

107 4155 250 4231 „remissa
269 4156 392 4233 scilicet,
413 4158 480 4235 quia
500 4169 598 4216 reatus
617 4157 729 4217 solutus
749 4169 793 4216 est
812 4156 842 4216 iu
861 4166 1057 4226 sacramento,
1077 4175 1137 4232 quo
1159 4170 1244 4234 rege-

109 4244 273 4305 „nerantnr
293 4231 406 4294 fideles:
440 4247 538 4292 iiiaiict
570 4245 683 4306 autem,
708 4234 774 4312 quia
799 4246 939 4314 operatur
959 4229 1112 4305 desideria,
1140 4242 1244 4291 conus

111 4330 207 4389 ,quae
228 4309 368 4371 dimicant
386 4321 416 4370 et
436 4310 572 4373 fideles.“
613 4312 702 4373 Item.
744 4312 824 4386 „Les
848 4311 948 4390 itaque
973 4307 1085 4390 peccati
1103 4311 1195 4389 (quae
1213 4305 1246 4367 in
