2700 4732
481 207 555 267 ΗΒ.
576 207 632 265 lll.
670 207 760 267 cst).
780 205 860 267 xit.
1196 214 1236 273 ts

106 348 304 443 lismbabent,
324 348 456 439 scd-tum
468 350 583 441 denium
595 349 692 441 ualent
709 349 733 409 si
743 370 760 408 a
772 332 929 429 posteriori
941 358 1107 409 sumuntur:
1126 348 1192 429 quia
1204 350 1237 411 ei

108 424 442 581 lllllil'lllgalltz
455 424 1129 579 ttttti‘i'¹t.¹.ltf'll¹‘.ttl.tldtt‘lltt‘t
1139 436 1236 561 illl.

108 590 178 639 suut
190 577 355 657 permixtae.
374 578 434 637 Sed
448 578 585 656 quoniaiii
597 598 631 637 es
644 577 872 659 regenerationis
886 576 1026 637 irnctibus
1038 576 1194 637 liabitantis
1204 580 1236 637 iu

110 674 143 715 se
162 654 287 733 Spiritus
305 655 397 714 sancti
417 664 618 733 argumentum
639 656 767 733 capiunt,
786 654 854 713 inde
873 674 904 712 se
924 673 984 712 non
1002 654 1189 713 mediocriter
1200 652 1237 713 ad

111 728 334 811 exspectandum
348 728 376 789 in
389 729 809 821 omnibusnecessitatibusllei
820 727 1238 823 auqiliumconbrmant,quuqi

111 808 707 943 ild-filtl'tdllet‘illltll‘al‘
725 804 1164 943 ltllltl‘tllllltlt
1178 827 1239 941 ll?

113 970 184 1047 turn,
203 926 458 1049 apprehenderim.
497 960 568 1047 liam
580 904 865 1048 siqillainiiestimare
884 958 1049 1037 iiicipiuuta
1069 956 1154 1049 bonis
1164 902 1239 1051 ipe:

115 1032 218 1169 'lite
237 1032 552 1189 adflictat?
573 1056 634 1170 lii
652 1056 752 1169 till,
768 1034 926 1170 'tl-ilbi}
944 1034 1239 1171 ,lt'tltlltld

114 1130 255 1267 iirguent,
281 1153 550 1319 quamutcunqpe’
569 1186 701 1277 inclinata
728 1188 853 1275 puritate
874 1132 1107 1246 benevolentiim
1127 1198 1239 1247 testan-

115 1260 289 1477 sqdu
312 1262 493 1428 ecclei,
516 1262 1241 1428 ceucelsensescusteint

115 1426 146 1475 tu
168 1414 265 1503 iqeiaq,
294 1413 522 1493 profunditatem
547 1426 576 1472 et
600 1414 782 1505 altitudinem
806 1416 889 1475 sitam
915 1434 976 1473 esse
996 1413 1088 1493 (Epis.
1107 1420 1239 1505 3‚·tst):

116 1511 198 1571 quasi
218 1489 338 1565 diceret,
357 1510 533 1579 quoeunque
553 1503 706 1550 seiertant
725 1512 840 1570 piorum
860 1511 969 1561 sensus,
989 1502 1173 1569 quantumvis
1183 1492 1242 1551 alte

116 1564 331 1641 conscendant,
354 1578 533 1645 quantumvis
559 1566 648 1647 longe
668 1580 698 1625 et
723 1570 780 1627 late
798 1588 830 1627 se
849 1568 1020 1639 extendant,
1050 1588 1111 1626 non
1131 1566 1241 1628 debere

115 1652 214 1731 uinea
234 1662 251 1701 a
270 1640 378 1733 Christi
399 1642 556 1733 dilectione
577 1643 692 1733 egredi,
717 1642 786 1734 quin
806 1663 837 1703 se
862 1644 892 1702 in
913 1664 946 1703 ea
972 1642 1136 1732 meditanda
1161 1655 1242 1703 totos

116 1728 302 1811 sentiscant:
321 1739 387 1797 quia
400 1737 502 1778 omnes
522 1718 717 1808 dimensiones
737 1740 765 1778 in
785 1739 817 1779 se
837 1717 1069 1809 comprelienilit.
1108 1718 1242 1797 Ideoque
1313 1764 1317 1771 .

116 1797 203 1867 dieat,
229 1814 294 1885 earu
318 1794 458 1853 excellere
479 1805 508 1853 et
528 1814 656 1853 eminere
675 1817 761 1885 supra
787 1816 904 1885 omnem
929 1806 1094 1885 scientiam:
1122 1806 1153 1853 et
1172 1794 1242 1855 dum

155 1890 318 1943 noscimus,
377 1883 446 1929 anto
470 1884 593 1931 ere'uos
613 1872 746 1931 Christus
766 1871 913 1943 dilexerit,
939 1870 1054 1950 impleri
1074 1872 1104 1929 iri
1124 1890 1244 1931 ornnem

116 1892 407 2028 iienitudinemiiei
445 1890 515 2006 ibid.
536 1950 606 2021 ltt.).
650 1948 733 2006 Sicut
752 1947 837 2020 alibi,
857 1948 924 2007 dnm
945 1946 1104 2025 gloriatur,
1126 1947 1193 2026 pios
1211 1947 1243 2007 iia

117 2022 201 2085 omni
219 2023 377 2083 certamine
397 2044 458 2083 esse
477 2022 622 2094 victores,
640 2025 784 2083 rationem
804 2045 871 2084 mox
890 2024 982 2085 addit:
1007 2034 1152 2105 iiPropter
1176 2042 1243 2083 eum

116 2100 171 2181 qui
192 2096 289 2159 dilexit
308 2106 379 2159 eos“
398 2098 498 2174 (Rom.
517 2106 546 2172 8,
565 2102 637 2175 37.).

195 2180 244 2239 m
281 2174 420 2235 Videmus
447 2178 500 2235 iaiu
526 2196 586 2233 non
608 2197 670 2234 eain
696 2176 725 2234 in
745 2177 851 2236 sanctis
875 2174 1006 2236 fiduciam
1027 2196 1150 2256 operum
1170 2195 1244 2251 esse,

139 2272 196 2313 uae
207 2249 253 2311 vel
273 2271 374 2311 eorum
393 2252 498 2311 merito
518 2252 627 2330 aliquid
648 2253 757 2311 tribuet
775 2252 907 2331 (quando
929 2272 961 2311 ea
982 2274 1043 2312 uon
1063 2252 1147 2311 aliter
1157 2273 1243 2333 quam

150 2329 274 2389 sidona
294 2328 455 2399 intuentur,
474 2328 551 2386 unde
572 2330 632 2386 eius
653 2328 814 2387 bonitatem
835 2340 1059 2409 recognoscant,
1078 2348 1139 2387 non
1160 2329 1245 2389 aliter

118 2428 208 2487 quam
226 2404 390 2465 vocationis
409 2405 491 2485 signa
512 2404 588 2463 unde
603 2403 776 2464 electionem
789 2408 940 2483 reputent)
960 2404 1005 2463 vel
1025 2405 1172 2495 quippiam
1192 2405 1245 2464 de-

118 2493 209 2565 roget
228 2484 386 2561 gratuitae,
410 2503 494 2559 quam
516 2482 544 2539 iu
567 2481 684 2541 libristo
705 2484 924 2561 consequimur,
953 2482 1092 2540 institiae:
1126 2482 1244 2560 quando

119 2560 158 2619 ab
181 2580 214 2617 ea
233 2557 395 2636 dependet,
422 2578 475 2615 nee
495 2560 557 2615 sine
577 2577 610 2616 ea
635 2558 772 2617 subsistit.
821 2558 888 2619 lloe
907 2558 999 2637 ipsum
1019 2558 1243 2635 Augustinus

119 2634 221 2717 paucis
240 2632 349 2706 verbis,
367 2633 417 2691 sed
438 2633 586 2711 eleganter
605 2633 757 2713 significat,
777 2656 865 2713 quum
885 2636 987 2694 scribit
1005 2634 1049 2713 [in
1062 2632 1243 2725 l'sal.1tl'i'·]:

120 2712 215 2788 „Non
236 2709 300 2767 dico
314 2709 453 2781 Domino,
474 2712 571 2787 Opera
590 2732 727 2768 manuum
748 2732 875 2769 mearum
896 2731 932 2769 ne
951 2710 1098 2789 despicias.
1136 2710 1246 2788 lixqui-

121 2786 199 2863 „sivi
218 2784 376 2845 Dominum
403 2785 534 2844 manibus
558 2788 628 2843 ineis
657 2798 688 2844 et
712 2808 771 2845 non
797 2808 858 2845 suin
884 2786 1030 2864 deceptus.
1075 2784 1134 2843 Sed
1156 2805 1246 2863 opera

122 2882 280 2939 „manuum
292 2880 421 2919 mearum
441 2882 501 2920 non
519 2862 708 2921 commendo:
728 2864 817 2921 timeo
828 2861 905 2921 enim
926 2882 1061 2939 nequiim
1080 2862 1248 2940 inspexeris,

122 2983 145 3015 „
167 2939 228 2998 lura
248 2938 376 2997 invenias
397 2950 511 3016 peccata
531 2959 616 3016 quam
638 2938 749 2996 inerita.
788 2940 853 2997 lloc
872 2936 967 2997 solum
988 2938 1064 3009 ilico,
1084 2936 1140 2995 boc
1161 2957 1247 3019 rogo,

122 2962 204 3091 „iios
224 3011 324 3093 cupio,
355 3014 452 3092 Opera
478 3036 611 3073 mannum
633 3027 746 3073 tuarum
767 3034 803 3073 ue
824 3015 973 3093 despicias.
1012 3014 1094 3093 Opus
1113 3024 1195 3072 tuum
1215 3016 1247 3074 in

123 3108 195 3169 „me
214 3092 288 3162 vide,
309 3111 368 3148 non
389 3110 493 3148 meum.
532 3093 603 3149 Nam
624 3092 647 3149 si
669 3112 764 3149 meum
778 3090 891 3163 videris,
911 3090 1043 3149 damnas:
1063 3090 1086 3149 si
1106 3101 1187 3149 tuum
1203 3091 1247 3149 vi·

123 3166 233 3245 „deris,
253 3185 386 3228 coronas.
426 3166 505 3239 Quia
526 3180 556 3225 et
575 3189 764 3246 quaecunque
792 3168 863 3227 milii
882 3179 949 3225 sunt
968 3188 1057 3247 opera
1077 3164 1173 3240 bona,
1196 3167 1247 3227 abs

123 3256 176 3320 „te
195 3246 293 3302 siint.“
331 3242 410 3301 Duas
431 3264 526 3303 causas
548 3242 645 3321 ponit,
665 3266 717 3302 cur
736 3268 796 3304 non
818 3244 891 3304 ausit
910 3266 960 3303 sua
980 3264 998 3301 o
1022 3264 1069 3302 era
1088 3242 1156 3301 Deo
1176 3264 1248 3303 ven·

124 3322 234 3380 ditare:
255 3318 320 3398 quia
340 3319 364 3377 si
384 3320 451 3396 quid
473 3319 617 3379 bonorum
630 3342 751 3400 operum
772 3321 869 3389 babet,
891 3318 949 3379 illic
970 3266 1131 3379 niiiilvidet
1149 3342 1247 3380 suurn:

123 3396 231 3457 deiude
252 3395 317 3486 quia
338 3394 365 3453 id
388 3418 504 3474 quoque
524 3410 708 3475 peccatorum
730 3396 913 3456 multitudine
926 3396 1069 3456 obruitur.
1110 3396 1196 3455 Unde
1216 3396 1250 3457 fir

124 3484 158 3533 ut
180 3472 241 3553 plus
261 3472 329 3530 inde
355 3472 466 3531 timoris
487 3483 515 3531 et
541 3475 784 3534 consternationis
809 3475 915 3535 sentiat
939 3472 1134 3547 conscientia,
1184 3494 1249 3532 uam

122 3549 295 3609 securitatis.
345 3549 425 3629 Ergo
457 3570 516 3607 iion
537 3549 620 3607 aliter
639 3551 734 3609 lleum
768 3552 874 3610 intueri
894 3550 957 3609 vult
982 3572 1032 3609 sua
1057 3561 1138 3608 reete
1163 3494 1250 3617 iacta,

125 3646 212 3704 quain
239 3637 271 3684 iit
289 3625 449 3685 vocationis
469 3646 536 3684 suae
555 3626 675 3706 gratiam
697 3628 725 3686 iii
747 3628 802 3687 illis
829 3646 1057 3709 recognoscens,
1077 3645 1150 3704 opus
1170 3626 1249 3703 quod

126 3700 276 3761 inchoavit
316 3702 435 3759 ersiciat.

202 3784 249 3841 ⁶21.
290 3724 380 3852 guod
407 3788 503 3835 autem
533 3789 681 3855 praeterea
710 3778 786 3838 bona
816 3779 944 3838 bdelium
973 3798 1064 3855 opera
1100 3777 1251 3869 Scriptura

126 3876 225 3916 causas
245 3875 306 3913 esse
323 3854 459 3926 ostendit,
479 3876 531 3913 cur
550 3852 605 3912 illis
618 3855 762 3915 Dominus
783 3856 957 3927 benefaciat,
976 3856 1003 3915 iii
1024 3856 1064 3915 sic
1084 3853 1252 3935 intelligen-

127 3932 197 3989 duin
210 3943 263 4001 est,
284 3943 314 3988 ut
327 3944 384 3989 stet
396 3931 599 3990 inconcussum
613 3932 690 4009 quod
705 3944 788 3991 antea
808 3934 964 4012 posuimus,
985 3932 1121 3991 ellectum
1135 3942 1253 3991 nostrae

126 4008 227 4067 subitis
248 4006 276 4063 in
298 4004 354 4064 llei
374 4008 468 4065 Patris
488 4006 645 4066 dilectione
665 4007 750 4067 sitnm
772 4030 849 4069 esse:
872 4011 1032 4081 materiam,
1052 4008 1080 4066 in
1093 4008 1159 4067 Filii
1179 4005 1253 4066 obe·

127 4084 250 4141 ilieiitia:
270 4083 503 4155 instrumentum,
521 4085 550 4141 in
565 4083 689 4162 Spiritus
703 4084 924 4157 illuminatione,
936 4085 994 4145 lioc
1008 4096 1061 4157 est,
1075 4084 1145 4143 lde:
1165 4082 1253 4143 finem

127 4180 191 4220 esse
212 4171 308 4218 tantae
329 4161 385 4219 Dei
409 4159 596 4239 benignitatis
617 4160 747 4239 gloriani.
791 4162 858 4221 istis
884 4162 956 4221 nibil
983 4161 1080 4221 obstat
1099 4160 1255 4241 quominus

128 4256 148 4295 o
171 4256 219 4295 era
239 4236 399 4309 Dominus,
422 4248 560 4315 tanquam
580 4258 678 4295 causas
699 4238 852 4296 inferiores
872 4238 1076 4317 amplectatur:
1104 4237 1156 4297 sed
1176 4236 1256 4295 iinde

128 4259 180 4371 id?
206 4332 313 4391 nempe
333 4335 406 4392 quos
425 4334 475 4373 sua
496 4312 709 4389 misericordia,
728 4326 865 4375 aeternae
884 4315 958 4377 sitae
978 4312 1146 4375 liuereditati
1165 4312 1256 4373 desti·
