2700 4732
485 105 853 170 mmmm
971 84 973 88 “
1169 106 1348 175 m·

105 250 268 316 tum-nihil
287 250 367 313 aliud
386 261 541 332 expetere,
568 250 625 311 nisi
644 261 677 310 ιιι
697 262 828 312 cessante
845 248 906 311 Dei
928 269 1016 312 mann
1035 249 1066 327 ln
1086 249 1144 312 suis
1161 248 1245 314 malis

105 341 269 412 putrescat.
308 331 377 390 Non
391 328 470 421 pund
482 328 591 402 devoto
611 330 708 388 animo
728 340 793 388 ruat
812 329 842 388 in
861 327 939 388 illam
960 329 1174 408 intemperiem,
1194 339 1245 390 aut

105 418 144 467 ut
161 406 262 466 solent
282 406 417 496 reprobi,
449 406 519 465 velit
538 406 634 465 Deum
657 405 812 465 facessere:
844 406 894 464 sed
916 417 1028 465 tantum
1051 405 1244 485 conqueritur

105 483 184 543 iram
195 483 251 541 Ilei
270 484 326 543 sibx
347 502 408 541 esse
429 481 653 541 intolerabilem.
693 482 728 539 In
749 482 803 541 illis
817 482 901 541 etiam
922 482 1136 541 tentationibus
1155 502 1245 574 saepe

107 560 237 619 eilluunt
255 571 328 620 vota
348 579 409 618 non
429 560 497 618 satis
518 559 594 618 bene
616 558 740 619 formata
760 560 847 618 adrc
870 559 945 617 ulam
965 559 1047 618 verbi
1067 559 1143 634 Dei,
1164 570 1194 618 et
1212 580 1243 619 rn

108 636 217 716 quibus
247 657 309 694 non
334 636 402 697 satis
429 636 597 714 'expendunt
623 636 729 708 sancti,
750 635 820 714 quid
843 578 883 695 lis
903 635 940 694 sit
959 648 989 695 et
1009 656 1042 694 cx
1064 636 1151 697 ediat.
1189 637 1243 696 ilis

109 704 231 793 quidem
251 713 328 772 vitiis
349 731 541 791 quaecunque
565 711 724 771 maculatae
743 725 812 772 sunt
837 732 939 792 preces
959 656 1104 791 repudiari
1126 733 1243 772 meren·

107 800 174 848 tur:
204 789 294 849 modo
313 800 411 847 tamen
432 788 625 868 ingemiscant
643 789 749 861 sancti,
769 792 914 871 castigent
932 809 964 848 se
983 789 1077 869 ipsos,
1098 801 1128 849 et
1147 789 1244 849 statim

107 865 147 925 ad
166 884 200 925 se
219 866 357 937 redeant,
376 865 503 945 ignoscit
522 865 613 924 Deus.
633 899 672 913 —
711 865 761 924 Sic
781 867 868 926 etiam
894 866 922 924 in
943 866 1071 924 secunda
1090 866 1132 924 Le
1155 887 1170 925 e
1190 866 1244 945 (de

75 941 82 949 '
130 961 168 1000 na
186 953 257 1001 sect.
277 944 477 1025 tt)·pcccant:
504 943 571 1020 quia
591 951 622 999 et
645 964 710 1001 cum
739 941 850 1023 lrigore
869 962 922 1002 suo
936 942 1004 1002 ‘illis
1024 962 1111 1022 saepe
1131 886 1244 1003 ductan-

107 962 193 1091 dum,
212 1037 308 1098 neque
328 1039 377 1078 sua
399 1016 465 1076 illos
481 1030 592 1098 egestas
613 1029 642 1076 ει
661 1018 776 1078 miseria
795 1019 863 1079 satis
876 1018 983 1079 acriter
1002 1022 1106 1112 pungit
1118 1021 1153 1082 ad
1165 1021 1244 1080 serio

107 1094 299 1174 precandum.
346 1095 407 1153 Iam
436 1114 523 1172 saepe
550 1094 698 1176 contingit
725 1114 826 1155 eorum
852 1107 964 1155 mentes
985 1096 1074 1156 dxlabr
1094 1109 1123 1156 et
1147 1116 1244 1177 prope

109 1188 301 1231 evanescere:
323 1171 407 1229 venia
427 1170 517 1251 igitur
536 1169 588 1230 hac
608 1191 727 1250 quoque
748 1172 777 1229 in
799 1183 880 1251 parte
901 1193 974 1252 opus
995 1184 1048 1243 est,
1069 1193 1106 1233 ne
1127 1174 1242 1268 langui-

107 1246 166 1307 dae
186 1247 232 1307 rel
252 1247 371 1306 mutilae
395 1246 440 1306 rel
472 1247 652 1338 interruptae
679 1259 710 1307 et
727 1268 817 1328 vagae
836 1268 936 1327 preces
964 1250 1107 1343 repulsam
1128 1265 1243 1332 patran-

106 1335 168 1383 tur.
217 1324 285 1383 lloc
309 1323 479 1383 naturaliter
503 1324 609 1383 indidit
627 1324 708 1383 Deus
735 1323 885 1383 hominurn
913 1327 1078 1403 mentibus,
1099 1327 1244 1409 legitimas
1324 1336 1327 1340 ’

105 1419 174 1460 uon
193 1418 257 1460 esse
278 1420 378 1480 preces
399 1400 453 1459 nisi
480 1400 624 1461 mentibus
649 1423 761 1461 sursum
786 1401 914 1462 sublatis.
965 1403 1045 1463 Hinc
1076 1405 1244 1467 ceremonia

107 1475 282 1536 elevationis
302 1498 449 1548 manuum,
467 1488 501 1536 ut
519 1488 588 1537 ante
600 1478 730 1552 diximus,
769 1497 822 1537 uae
832 1478 968 1538 omnibns
987 1478 1108 1539 saeculis
1124 1493 1153 1539 et
1169 1502 1243 1563 gen-

107 1552 189 1613 tibin
207 1553 278 1613 trita
299 1551 365 1625 luit,
383 1555 467 1614 sicuti
487 1553 581 1613 adhuc
601 1555 694 1634 viget:
715 1498 766 1613 sed
787 1554 1033 1633 quotusquisque,
1053 1556 1120 1614 ilum
1141 1579 1243 1619 manus

108 1628 204 1704 levat,
230 1631 367 1689 nonsibi
389 1632 520 1690 conscius
541 1643 584 1690 εει
603 1630 766 1691 tarditatis?
796 1631 863 1710 quia
885 1651 938 1691 cor
962 1634 992 1690 in
1013 1643 1091 1690 terra
1109 1633 1243 1694 subsidit.

110 1704 204 1780 Quod
226 1707 261 1764 ad
282 1707 437 1785 petendam
458 1719 645 1786 pcccatorum
666 1707 866 1768 remissionem
886 1719 999 1787 spectat
1018 1709 1069 1785 (de
1084 1729 1140 1786 qua
1155 1733 1176 1770 s.
1188 1713 1243 1787 8s),
1318 1778 1321 1783 ,

107 1786 240 1863 quamvis
261 1784 318 1843 boc
338 1795 426 1862 eaput
446 1805 534 1843 nemo
555 1781 682 1842 fidelium
708 1795 889 1862 praetereat,
919 1786 1051 1844 sentiunt
1076 1796 1170 1844 tamen
1193 1788 1243 1867 qui

106 1866 180 1919 rer'e
199 1871 267 1919 sunt
286 1861 315 1919 in
337 1860 471 1940 precibus
492 1859 650 1932 exercitati,
670 1861 715 1919 vix
737 1861 877 1921 decimam
898 1863 959 1920 eius
978 1860 1111 1921 sacrificii
1130 1877 1243 1943 partem

106 1954 140 1997 se
159 1936 279 2013 ailerre,
300 1937 336 1996 de
357 1958 416 2016 quo
437 1937 568 2026 loquitur
587 1938 678 1998 David
699 1938 789 2015 (Psal.
804 1940 941 2011 at‚19.):
962 1936 1164 2010 „Sacrificium
1176 1941 1243 2003 Deo

105 2023 304 2105 acceptums
327 2013 409 2073 initus
428 2014 564 2086 asllrrtus,
585 2035 637 2073 cor
660 2015 819 2074 contritum
840 2024 871 2073 ct
889 2013 1068 2073 humiliatum
1082 2014 1162 2075 Deus
1182 2038 1244 2078 non

107 2089 283 2170 despeciea.“
303 2036 348 2149 lia
368 2110 484 2171 semper
504 2091 609 2169 duplex
629 2091 754 2172 peteuda
777 2103 820 2150 est
832 2091 925 2164 venia,
945 2091 1023 2171 quod
1045 2102 1075 2149 et
1092 2092 1149 2151 sibi
1170 2115 1244 2154 cott-

106 2166 161 2227 ttii
181 2166 241 2227 sint
260 2167 418 2227 multorum
440 2167 630 2239 delictorum,
662 2187 787 2246 quorum
809 2179 904 2226 tamen
931 2187 1017 2226 sensu
1037 2168 1157 2229 nonita
1179 2183 1244 2231 tan-

106 2255 232 2326 guntur,
253 2243 348 2304 utsibi
370 2257 509 2323 quantum
532 2255 652 2322 oportet
672 2244 858 2323 displiceant:
879 2255 910 2303 et
925 2255 1067 2324 qnatenus
1088 2245 1117 2303 in
1138 2247 1244 2328 poeni-

105 2321 202 2383 tentia
223 2331 253 2378 et
272 2323 378 2380 timore
399 2321 455 2379 Dei
483 2320 627 2399 proficere
654 2320 710 2380 illis
735 2322 832 2381 datum
857 2332 916 2396 est,
941 2321 1018 2381 iusto
1044 2342 1182 2382 moerore
1203 2324 1242 2383 ob

105 2412 176 2460 suae
195 2396 323 2457 ostensas
344 2398 498 2476 prostrati,
519 2397 620 2457 iudicis
640 2397 796 2457 vindictam
817 2398 1022 2477 deprecentur.
1042 2428 1082 2441 -
1121 2400 1244 2461 Maxime

106 2475 178 2536 fidei
199 2474 334 2534 debilitas
354 2473 400 2532 vel
422 2474 606 2553 imperiectio
632 2475 760 2533 fidelium
785 2494 887 2554 preces
908 2475 987 2533 vitiat
1007 2474 1059 2552 (cl.
1080 2489 1150 2534 sect.
1170 2480 1244 2551 lb),

60 2600 69 2607 .
107 2551 167 2612 nisi
192 2561 376 2612 succurreret
399 2550 457 2609 Dei
481 2550 677 2642 indulgentia:
708 2552 759 2611 secl
791 2551 864 2609 nilxil
890 2553 993 2610 mirum
1020 2563 1063 2609 εει
1089 2552 1165 2611 Ιιιιηε
1190 2553 1243 2612 de·

108 2629 221 2689 fectum
240 2648 256 2688 a
276 2629 342 2688 Deo
364 2627 491 2707 ignosci,
522 2650 572 2706 qux
592 2628 699 2705 asperis
720 2627 902 2687 documentis
923 2634 1009 2705 saep'c
1029 2647 1096 2686 suos
1118 2639 1243 2702 exercet,

109 2704 171 2766 acsi
195 2704 259 2765 data
289 2725 381 2784 opere
417 2704 501 2761 fidem
534 2725 635 2762 corum
656 2704 746 2761 vellet
776 2706 968 2783 exstinguere.
1017 2703 1178 2762 Durissima
1200 2717 1244 2764 est

109 2781 187 2842 baec
206 2784 344 2854 tentatio,
370 2780 421 2839 ubi
443 2779 567 2839 clamare
588 2791 736 2861 coguntur
756 2779 854 2838 fideles
875 2778 966 2856 (Psal.
986 2783 1034 2851 80,
1053 2782 1111 2855 5.):
1134 2780 1244 2853 „Quo-

108 2876 205 2938 usque
225 2858 354 2918 irasceris
375 2878 462 2938 super
482 2857 618 2916 oratione
640 2857 717 2913 serti
738 2856 822 2914 tui?“
848 2856 905 2915 acsi
926 2874 1028 2933 preces
1048 2857 1126 2935 ipsae
1146 2857 1243 2917 Deum

108 2932 328 2996 exacerbarent
367 2935 417 2994 Sic
442 2957 530 3013 quum
556 2933 625 2991 dicit
649 2932 786 2992 Ieremias
806 2931 934 3011 (Thren.
954 2938 983 3005 3,
1002 2935 1059 3008 8.):
1095 2932 1244 3005 „Exclusit

107 3013 191 3072 Deus
216 3012 382 3071 orationem
408 3015 534 3083 meam,“
559 3030 620 3068 non
647 3009 766 3068 dubium
784 3016 836 3068 ‘est
860 3009 988 3068 violenta
1020 3008 1244 3089 perturbatione

107 3090 198 3150 luisse
222 3108 404 3148 concussum.
453 3087 610 3145 Innumera
641 3087 703 3146 eius
733 3087 849 3168 generis
875 3085 1004 3165 exempla
1030 3099 1189 3145 occurrunt
1213 3085 1243 3145 in

107 3166 286 3245 scripturis,
318 3185 349 3223 ex
376 3163 481 3243 quibus
515 3175 595 3243 patet
620 3163 705 3223 lidern
726 3175 890 3223 sanctorum
911 3183 999 3240 saepe
1020 3163 1134 3221 mixtam
1157 3163 1243 3222 luisse

106 3241 345 3303 dubitationibus
365 3254 395 3299 et
414 3242 560 3322 agitatam,
580 3250 612 3297 ut
631 3240 779 3299 credendo
802 3251 831 3298 ει
851 3241 997 3319 sperando
1018 3239 1126 3318 aliquid
1146 3250 1243 3298 tamen

105 3320 287 3378 infidelitatis
310 3317 485 3397 proderent:
507 3316 637 3395 sedquia
657 3337 716 3376 non
739 3317 916 3396 perveniunt
936 3337 994 3396 quo
1016 3317 1177 3396 optandum
1191 3327 1245 3389 est,

107 3416 145 3456 eo
167 3396 258 3476 magis
279 3395 351 3453 eniti
371 3415 421 3453 eos
448 3406 584 3472 oportet,
610 3406 643 3452 ut
668 3394 809 3453 correctis
829 3393 907 3453 vitiis
934 3393 1053 3473 propius
1073 3393 1105 3451 in
1126 3393 1187 3450 dies
1208 3392 1244 3451 ad

131 3473 271 3531 erlectam
294 3472 398 3529 orandi
418 3471 512 3551 legem
534 3471 684 3545 accedant,
705 3491 737 3529 ac
756 3469 868 3529 interea
887 3470 996 3528 sentire
1017 3470 1045 3527 in
1061 3480 1167 3547 quanta
1183 3488 1245 3526 ma-

107 3494 206 3610 lorum
239 3545 441 3628 profunditate
462 3547 521 3606 sint
542 3546 681 3619 demersi,
701 3547 750 3624 qui
771 3547 801 3603 in
827 3545 897 3625 ipsis
917 3546 1054 3604 remediis
1075 3565 1166 3604 :novos
1189 3543 1244 3603 sibi
1324 3577 1332 3586 ·

107 3626 231 3686 morbos
253 3636 416 3683 arcessunt:
439 3624 555 3703 quando
578 3622 655 3681 nulla
677 3634 721 3682 est
741 3622 934 3700 oratioquam
955 3643 1016 3681 non
1037 3621 1142 3679 merito
1164 3620 1245 3680 lasti·
1346 3671 1348 3675 ,

107 3704 171 3762 diat
183 3703 275 3771 Deus,
295 3702 352 3760 nisi
373 3701 408 3759 ad
428 3700 552 3758 maculas
563 3700 717 3760 connivent
728 3700 833 3777 quibus
847 3718 949 3757 omnes
967 3717 1099 3777 aspersae
1111 3709 1188 3756 sunt.
1206 3732 1245 3746 -

107 3782 191 3839 Haec
212 3800 272 3839 non
295 3778 361 3836 ideo
383 3797 599 3850 commemoro,
621 3788 651 3835 ut
670 3774 725 3835 sibi
746 3777 900 3854 quicquam
925 3773 1024 3833 fideles
1048 3794 1150 3833 secure
1170 3794 1244 3832 con-

108 3857 234 3928 donent,
253 3855 305 3914 sed
326 3866 358 3912 ut
377 3873 408 3913 se
428 3855 616 3933 ipsossevcre
631 3853 800 3933 castigando
816 3851 997 3911 contendant
1015 3869 1153 3929 superare
1174 3848 1245 3910 haec

109 3931 276 3992 obstacula:
299 3943 329 3990 et
349 3931 478 4008 quamvis
500 3950 601 3990 omnes
622 3930 678 3989 vias
699 3930 853 3989 obstruere
874 3940 998 3991 conetur
1017 3926 1119 4000 Satan,
1140 3938 1171 3985 ut
1192 3945 1244 3987 eos

106 4008 146 4069 ab
170 4010 281 4069 orando
303 4008 474 4088 prohibent,
495 4007 684 4067 nibilominus
705 4018 911 4097 perrumpunt,
932 4015 1013 4065 certo
1034 4002 1178 4084 persuasi,
1197 4013 1245 4079 ut·

107 4102 228 4164 cunque
258 4107 319 4144 nou
351 4083 486 4144 omnibus
511 4084 636 4162 remoris
663 4083 788 4174 expediti
808 4094 882 4158 srnt,
915 4092 1035 4142 conatus
1060 4090 1157 4140 tamen
1177 4099 1246 4141 suot

106 4163 178 4222 Deo
199 4161 331 4242 placere,
360 4172 488 4239 votaque
511 4158 832 4240 sna··probarr,1nodo
853 4158 1035 4221 contendant
1054 4168 1085 4216 ει
1104 4156 1247 4233 nitantur,

106 4260 170 4321 quo
192 4260 254 4301 non
273 4239 370 4303 statim
391 4237 571 4319 pertingunt.

633 4538 644 4561 l
687 4313 1024 4515 (meldim
