2700 4732
485 188 560 256 ΗΒ.
582 188 637 249 lll.
676 188 765 251 cite.
785 190 865 249 xiv.

425 426 726 516 ,cneus
775 425 871 497 xiv,

131 595 248 673 Quale
269 594 413 655 initium
433 593 718 655 iustificationis
738 606 773 655 et
797 594 967 654 continui
987 614 1219 677 progressus·

176 754 362 813 Argumentum
381 746 456 799 buius
474 745 577 817 Capitis.
618 746 655 799 Ut
676 747 775 800 lucilius
792 766 859 817 quae
881 747 948 799 dicta
969 762 1030 801 sunt
1052 747 1235 819 percipiantur,

110 832 191 904 qualis
208 854 261 884 esse
277 832 357 901 pinsit
378 844 434 883 toto
452 832 517 883 vitae
534 834 643 917 dcrursp
661 830 773 884 bominis
789 832 896 907 iustitia,
920 833 1112 885 discutiendu-
1135 832 1235 903 sucipit

110 936 251 985 omnesque
274 914 391 967 boiiiincs
413 912 440 965 in
457 928 568 983 quatuor
594 918 682 968 classes
705 915 801 968 tribuit.
837 916 867 983 1)
884 916 971 967 l'rinia
996 916 1081 969 elassis
1105 918 1234 978 lustratur,

108 1014 168 1053 sect.
186 1000 272 1056 1-6.
290 1030 322 1041 -
356 1000 387 1067 2)
406 1000 525 1053 Secunda
541 1012 566 1051 et
583 1000 655 1052 tertia
674 1000 840 1063 coniunctim,
856 1014 915 1053 sect.
932 1001 956 1055 7·
970 1014 995 1052 et
1010 1001 1035 1055 8.
1053 1028 1090 1039 -
1126 998 1233 1069 Quarta.

109 1098 170 1137 sect.
187 1084 211 1137 9.
228 1096 254 1135 et
269 1080 331 1135 inde
348 1084 382 1134 ad
398 1084 442 1137 lio.
460 1102 516 1153 cap.

186 1231 214 1289 1.
254 1223 324 1296 Quo
344 1243 391 1293 res
411 1223 565 1283 dilucidior
584 1224 649 1297 siat,
674 1224 764 1305 qualis
789 1224 880 1307 possit
906 1245 968 1287 esse
993 1237 1060 1287 toto
1079 1228 1160 1287 vitae
1184 1224 1232 1287 de·

109 1323 195 1363 cursu
224 1298 504 1393 liominisniustitia,
535 1303 723 1361 excutiamus:
756 1300 973 1393 quadruplicem
996 1322 1071 1363 rero
1097 1302 1233 1363 faciamus

109 1377 242 1515 gradum.
282 1376 423 1437 Homines
443 1395 520 1436 enim
539 1388 589 1435 aut
608 1378 686 1437 nulla
705 1379 761 1438 Dei
781 1391 933 1459 agnitione
953 1378 1096 1467 praediti,
1117 1378 1232 1461 inido-

121 1453 225 1513 0latria
255 1452 379 1512 demersi
409 1464 494 1513 sunt:
522 1466 573 1513 aut
601 1454 786 1513 sacramentis
814 1454 930 1529 initiati,
960 1468 1035 1515 ritae
1065 1454 1233 1535 impuritate

108 1532 223 1597 Deum,
247 1550 332 1607 quem
353 1547 406 1587 ore
425 1530 617 1604 confitentur,
638 1528 721 1589 iactis
741 1530 934 1611 abnegantes,
954 1532 1040 1591 titulo
1062 1543 1149 1592 tenus
1167 1542 1235 1591 sunt

111 1605 235 1668 Christi:
265 1617 315 1664 aut
339 1602 509 1684 hypocritae
528 1618 612 1677 sunt,
641 1606 690 1685 qui
710 1607 806 1665 cordis
826 1606 1142 1685 iiequitiam'ioauibus
1163 1606 1233 1667 lueis

109 1694 229 1765 tegunt:
254 1694 304 1741 aut
324 1681 434 1761 Spiritu
455 1682 512 1742 Dei
532 1684 710 1763 regenerati,
733 1703 830 1741 reram
850 1684 1070 1743 sanctimoniam
1089 1684 1234 1744 meditan-

110 1772 166 1819 tur.
204 1758 247 1815 Im
271 1758 359 1830 ciniis,
378 1758 494 1837 quando
516 1758 694 1818 naturalibus
706 1759 823 1817 dotibus
834 1760 971 1819 censendi
989 1772 1068 1832 sunt,
1086 1782 1103 1821 a
1125 1760 1232 1821 vertice

109 1834 210 1915 eapitis
228 1780 268 1893 ad
284 1834 410 1914 plantam
431 1856 462 1892 us
486 1854 521 1893 ue
540 1834 620 1914 perlis
639 1832 763 1894 scintilla
784 1834 856 1894 boni
880 1855 940 1894 non
966 1838 1150 1915 reperietur,
1177 1834 1232 1897 nisi

107 1913 188 1974 forte
207 1910 338 1971 volumus
362 1856 527 1969 insimulare
548 1910 610 1970 salsi
629 1911 822 1991 Scriptorum,
851 1912 919 1970 duni
939 1912 1017 1973 bisce
1037 1912 1145 1995 elogiis
1169 1912 1232 1972 uni·

106 2008 207 2049 versos
217 1984 293 2046 filios
302 1984 395 2044 Adam
408 1988 605 2047 commendat:
625 1988 725 2067 „quod
738 2008 826 2070 pravo
836 1988 894 2047 sint
907 1999 936 2047 et
957 1988 1122 2068 praefracto
1134 1988 1230 2061 corde,

108 2064 187 2145 quod
220 2082 307 2121 omne
339 2060 509 2143 figmentum
540 2064 635 2123 cordis
665 2084 766 2125 eorum
792 2064 898 2123 malum
923 2064 960 2124 sit
984 2085 999 2124 a
1019 2066 1120 2145 primis
1140 2066 1229 2138 annia,

107 2138 188 2232 quod
207 2158 297 2198 ranae
316 2138 375 2197 sint
394 2158 494 2198 eorum
516 2141 721 2220 cogitationes,
742 2140 820 2220 quod
840 2141 975 2202 timorem
995 2140 1052 2201 Dei
1073 2162 1144 2221 prae
1161 2162 1230 2201 ocu-

106 2218 143 2277 lis
163 2236 223 2275 non
246 2214 381 2288 habeant,
402 2216 480 2293 quod
500 2236 588 2275 nemo
602 2236 703 2276 corum
723 2216 869 2297 intelligat
887 2230 937 2276 aut
955 2218 1085 2295 requirat
1103 2218 1229 2277 Deum.“

107 2292 242 2352 Breviter
254 2290 334 2369 quod
346 2310 415 2349 onio
434 2290 506 2351 sint:
548 2312 585 2351 uo
607 2294 727 2352 nomine
746 2294 949 2375 intelliguntur
963 2314 1052 2373 opera
1065 2292 1114 2354 illa
1127 2292 1230 2367 omnia,

108 2389 182 2448 quae
203 2379 410 2426 enumerantur
434 2388 450 2426 a
471 2314 580 2443 Paulo,
615 2368 786 2439 fornicatio,
815 2368 1010 2443 immunditia,
1042 2368 1230 2449 impudicitia,

106 2443 228 2517 luxuria,
246 2441 393 2502 idolorum
414 2443 517 2516 cultus,
534 2443 683 2519 veneficia,
702 2445 878 2519 inimicitiae,
897 2446 1115 2518 contentiones,
1134 2466 1229 2506 aernu-

107 2521 242 2591 lationes,
262 2519 337 2591 irae,
357 2519 448 2593 rixae,
472 2520 683 2594 dissensiones,
708 2535 819 2597 sectae,
850 2522 988 2597 insidiae,
1008 2522 1183 2595 homicidia,
1201 2532 1229 2581 et

129 2596 244 2686 sicquid
266 2596 411 2655 foeditatis
431 2607 462 2654 et
480 2596 704 2657 abominationis
724 2598 880 2681 excogitari
900 2598 1053 2678 potest,*).
1093 2600 1177 2659 Ilaec
1189 2608 1228 2657 est

107 2618 231 2754 dignitas
251 2672 373 2743 scilicet,
394 2674 472 2733 cuius
493 2673 594 2732 fiducia
614 2672 765 2753 superbire
777 2676 911 2734 debeant.
939 2673 1029 2749 Quod
1048 2674 1136 2756 siqui
1156 2676 1229 2735 inter

106 2772 157 2811 eos
178 2769 212 2808 ea
231 2770 345 2808 momm
367 2748 517 2809 honestate
537 2749 665 2841 pollent,
685 2771 759 2830 quae
779 2751 904 2830 speciem
925 2750 1049 2829 aliquam
1069 2752 1227 2813 sanctitatis

105 2826 213 2887 babeat
232 2826 310 2884 inter
330 2825 476 2885 homines:
498 2848 564 2906 quia
584 2838 681 2885 tanien
700 2828 914 2887 scimusDeum
935 2849 995 2885 non
1015 2832 1125 2888 morari
1137 2841 1226 2888 exter·

106 2924 176 2963 nuni
195 2902 397 2983 splendorem,
427 2902 463 2961 ad
484 2902 595 2963 toniein
620 2903 713 2981 ipsum
738 2924 858 2983 operum
886 2904 1096 2983 penetrandum
1125 2916 1186 2981 est,
1206 2902 1227 2963 si

106 2979 175 3059 quid
194 2978 255 3059 ipsa
275 2976 371 3037 valere
391 2976 511 3039 velimus
530 2978 565 3038 ad
585 2979 732 3039 iustitiam.
770 2980 1003 3059 inspiciendum,
1022 2980 1051 3038 iii
1076 3001 1160 3052 uam,
1179 2998 1226 3061 pe·

105 3057 182 3115 nitus
203 3066 262 3129 est,
288 3074 400 3133 eiquo
425 3055 534 3115 alsectu
554 3056 648 3113 cordis
670 3077 759 3134 opera
778 3056 831 3115 ista
856 3058 1008 3135 prodeant.
1053 3002 1226 3136 Quanquam

105 3144 201 3193 autem
222 3130 374 3191 latissimus
396 3130 442 3189 bic
462 3130 578 3190 dicendi
598 3152 715 3211 campus
736 3144 830 3211 patet,
850 3134 914 3211 quia
937 3146 1032 3191 tamen
1052 3132 1228 3211 paucissimis

104 3207 200 3343 verlps
218 3218 317 3287 potest
336 3226 381 3267 res
402 3206 541 3286 expediri,
558 3228 662 3288 sequar
674 3222 813 3287 quantum
833 3207 932 3268 licebit
951 3210 980 3267 in
999 3207 1137 3269 docendo
1150 3230 1229 3271 eom·

127 3304 162 3345 ΕΠ
186 3306 254 3343 lum.

104 3306 123 3365 p
181 3366 209 3424 ἲ.
246 3358 415 3438 Principio,
436 3379 496 3419 non
517 3358 633 3420 inficior
652 3380 713 3421 esse
734 3360 790 3420 Dei
810 3360 901 3435 duria,
922 3380 1114 3440 quaecunque
1134 3360 1167 3423 iii
1186 3360 1228 3421 in·

105 3436 230 3499 credulis
254 3448 395 3515 apparent
421 3435 554 3517 egregiae
580 3437 671 3497 dotes.
719 3439 822 3516 Neque
842 3458 912 3496 vero
936 3438 976 3497 sic
1001 3458 1016 3495 a
1042 3459 1130 3499 sensu
1151 3458 1229 3499 coin·

105 3512 186 3574 muni
207 3511 347 3584 dissideo,
374 3512 445 3572 iiiliil
465 3525 498 3570 ut
517 3514 656 3572 interesse
683 3514 856 3573 contendam
882 3514 958 3571 intes
978 3512 1039 3573 Titi
1060 3526 1091 3573 et
1109 3512 1229 3575 Traiani

103 3588 252 3663 iustitiam,
272 3588 514 3662 moderationem,
532 3589 716 3668 aequitatem,
737 3611 768 3649 ac
792 3589 953 3671 Caligulae,
972 3588 1167 3661 velNeronis,
1186 3588 1229 3649 rel

104 3664 267 3727 Domitiani
288 3664 407 3737 rabiem,
426 3665 516 3725 intein
540 3669 640 3738 eciem,
657 3666 815 3725 saevitiam:
837 3668 913 3725 inter
932 3666 1094 3727 obscoenas
1113 3665 1229 3727 Tiberii

105 3743 257 3817 libidines,
278 3752 307 3798 et
327 3688 567 3822 Vespasiani'bac
588 3743 616 3800 in
638 3753 720 3823 parte
740 3742 963 3801 continentiam:
996 3764 1029 3801 ac
1047 3746 1103 3821 (ne
1121 3742 1153 3803 in
1173 3742 1229 3803 aiii·

104 3818 255 3903 gularibus
274 3829 322 3877 aut
341 3819 494 3879 virtutibus
513 3818 646 3878 auti-itiis
666 3820 868 3893 immoremur)
888 3819 964 3877 inter
985 3818 1053 3879 iuris
1074 3820 1229 3901 legumque

106 3894 340 3956 observationem
361 3916 394 3953 ac
414 3906 623 3972 contemptum.
667 3895 793 3953 Tantum
822 3895 897 3953 enim
923 3906 966 3953 est
990 3894 1055 3955 iusti
1076 3907 1107 3954 et
1132 3894 1230 3955 iniusti

106 3972 271 4044 discrimen,
292 3982 324 4029 ut
343 3971 388 4029 vel
409 3972 439 4029 in
459 3984 575 4030 mortuo
596 3970 671 4030 illius
691 3972 845 4031 siinulacro
865 3983 1009 4051 appareat.
1049 3970 1130 4045 Quid
1153 3972 1229 4032 enim

104 4050 270 4111 ordinatum
291 4046 413 4107 restabit
429 4046 458 4105 in
478 4047 599 4122 mundo,
618 4048 642 4106 si
664 4048 734 4106 baec
754 4052 831 4107 inter
850 4068 880 4106 se
901 4046 1132 4108 confundamus?
1172 4048 1230 4111 lta·

171 4244 363 4315 Ἰ)1ιι“.1’1,9.
399 4242 568 4307 Gen-SM.
609 4244 649 4299 Pa.
665 4248 712 4310 94,
730 4246 771 4299 11.
798 4248 889 4309 36,2.
913 4245 1129 4314 etld,2.013·
1165 4242 1231 4297 Gen.

104 4312 170 4375 Η.
205 4310 289 4365 Galat.
307 4315 334 4375 ὗ.
350 4310 390 4369 19.
