2700 4732
107 224 167 288 aso
344 256 348 275 2
483 216 559 279 ιιι.
579 217 621 278 ιι.
662 215 752 325 (ιιι.
772 214 862 303 urm¹

108 364 190 429 cuins
208 364 241 423 ln
258 361 420 425 subsidium
439 360 554 423 ludaeis
573 362 718 422 Dominus
736 359 890 422 sabbatum
910 359 1121 433 constituerat,
1152 376 1225 421 nem:

107 450 244 502 causetur
262 438 335 499 nihil
360 438 432 499 illud
456 438 491 498 ad
511 460 566 501 nos
586 440 746 519 pertinere.
789 437 894 497 Voluit
918 438 994 496 enim
1020 434 1225 517 providentidsi

109 539 174 578 mus
200 528 232 576 et
256 516 525 596 indulgentissimus
545 516 634 575 Pater
657 528 776 587 noster,
804 526 923 574 nostrae
955 534 1017 572 non
1041 512 1138 572 minus
1158 533 1225 592 quar

107 592 287 655 Iudaeorum
308 592 473 652 necessitati
492 593 671 671 prospicere.
710 593 774 651 Cur
792 613 854 650 non
875 589 1018 669 quotidie,
1038 589 1167 668 inquies,
1186 606 1225 669 po

107 669 166 731 tius
185 669 384 741 convenimus,
404 680 437 727 ut
455 668 495 728 ita
514 668 637 729 tollatur
655 668 769 726 dierum
783 666 940 726 discretio?
960 667 1071 725 utinam
1091 664 1164 725 lllud
1176 666 1226 757 qui

108 747 176 806 dem
196 745 326 805 daretur:
357 756 387 803 et
404 764 474 805 sane
495 745 581 825 digna
604 756 665 802 erat
684 743 843 823 spiritualis
862 743 1022 822 sapientia,
1042 742 1090 801 cui
1109 741 1225 833 qnotrdi

108 820 295 882 decideretur
310 820 454 912 particula
474 820 568 899 aliqua
588 822 738 898 temporis.
781 819 842 879 Sed
862 820 885 878 si
905 840 921 878 a
940 817 1099 878 multorum
1119 816 1225 877 unhrmi

106 910 169 960 tate
188 898 318 958 obtineri
337 917 395 956 noo
415 908 522 975 potest,
543 909 576 955 ut
595 896 758 975 quotidiani
777 905 940 955 conventus
959 906 1098 975 agantur,
1118 906 1151 954 et
1168 894 1225 955 cari

107 976 176 1036 tatis
194 974 271 1033 ratio
292 972 356 1053 plus
376 972 412 1033 ab
433 972 488 1033 illis
509 973 624 1053 exigere
650 994 711 1031 non
737 972 895 1052 permittit:
926 992 978 1030 rur
1006 992 1066 1029 non
1092 990 1225 1050 pareamu

109 1050 229 1125 rationi,
249 1070 333 1130 quam
354 1049 440 1108 nohis
459 1049 587 1108 videmus
607 1049 663 1107 Dei
683 1047 832 1107 voluntate
851 1046 1037 1128 impositam?

185 1132 233 1191 33.
275 1125 369 1184 ΡιιιΙο
390 1124 436 1183 hic
456 1145 549 1207 cogor
569 1145 631 1183 esse
650 1124 784 1207 longior,
810 1124 889 1202 quod
911 1124 999 1183 hodie
1019 1121 1059 1181 ob
1080 1122 1160 1181 diem
1177 1120 1225 1183 llo

29 1210 34 1219 ’
108 1202 248 1266 minirum
267 1198 479 1260 tumultuantur
498 1201 633 1260 nonnulli
655 1201 777 1280 inquieti
796 1200 921 1280 spiritus.
951 1199 1074 1258 Plehem
1095 1198 1225 1259 Christi·

108 1301 177 1341 nam
197 1278 373 1358 quiritantur
396 1278 426 1335 in
447 1277 593 1337 ludaismo
620 1277 730 1349 foveri,
753 1279 819 1357 quia
844 1277 953 1335 retinet
977 1275 1102 1354 aliquam
1129 1274 1225 1335 dierur

109 1355 355 1417 observationem.
393 1354 459 1435 Ego
479 1365 574 1414 autem
595 1353 778 1445 respondeo,
798 1354 868 1412 citra
889 1352 1067 1412 ludaismum
1087 1350 1150 1411 dies
1170 1352 1225 1411 istu

109 1430 233 1493 anobis
252 1430 414 1492 observari:
439 1430 505 1509 quia
526 1429 617 1510 longo
642 1429 795 1490 mtervallo
816 1428 978 1489 disserimus
998 1432 1028 1487 in
1049 1428 1102 1488 hac
1124 1440 1209 1507 parte

109 1508 235 1567 Iudaeis.
283 1504 354 1566 Non
374 1506 452 1565 enim
477 1516 510 1564 ut
536 1506 732 1565 ceremoniam
759 1507 915 1565 arctissima
941 1503 1086 1586 religione
1112 1503 1225 1565 celebra

109 1606 190 1667 msrp,
210 1603 268 1675 qua
286 1593 419 1662 putemus
439 1582 607 1647 musterium
627 1582 776 1663 spirituale
795 1582 928 1664 figurari:
949 1582 998 1641 sed
1019 1579 1225 1661 suscipimnsn

108 1659 271 1721 remedrum
291 1658 447 1719 retinendo
467 1648 498 1717 in
518 1658 642 1718 ecclesia
661 1659 757 1717 ordini
777 1660 980 1719 necessarium.
1023 1658 1117 1735 Atqui
1136 1654 1225 1717 Panln

110 1736 200 1797 docet
219 1734 351 1813 (Coloss.
370 1742 406 1809 2,
427 1736 504 1809 tu),
536 1755 597 1794 noo
617 1754 679 1794 esse
704 1736 735 1794 in
762 1735 823 1795 eius
843 1736 1050 1794 observatione
1068 1732 1225 1795 iudicanda

112 1813 309 1875 Christianos:
330 1812 398 1890 qnia
419 1812 456 1871 sit
476 1810 577 1872 runbra
597 1811 640 1870 rei
661 1812 785 1870 futurae.
824 1812 897 1871 ldeo
919 1814 1003 1871 timet
1023 1830 1060 1869 ne
1079 1811 1162 1869 inter
1179 1806 1225 1869 Ga

110 1887 181 1950 latas
200 1888 306 1948 lrustra
326 1886 475 1957 laborarit,
495 1888 574 1966 quod
595 1887 690 1947 adhuc
704 1888 764 1948 dies
781 1888 971 1947 observarent
984 1885 1225 1964 (Garnae-114

108 1966 149 2026 Et
173 1964 210 2025 ad
229 1964 378 2023 Romanos
402 1964 503 2023 asserit
525 1963 756 2042 superstitiosum
781 1984 857 2037 esse,
889 1965 912 2024 si
938 1965 1002 2042 quis
1031 1962 1143 2023 iudicat
1167 1964 1225 2023 inte

110 2042 188 2102 diem
208 2052 239 2100 et
257 2040 332 2098 diem
354 2041 454 2115 (Rom.
466 2047 514 2111 ld,
527 2043 581 2115 5.).
619 2044 661 2101 dt
681 2042 744 2119 quis
763 2054 881 2119 praeter
899 2041 970 2100 istos
991 2040 1132 2099 duntaxat
1151 2038 1225 2099 lucin

109 2138 169 2190 sos,
188 2137 249 2177 non
270 2117 367 2175 videat
384 2117 421 2174 de
441 2136 495 2193 qua
507 2117 874 2198 obseruatiooe'iutelligat
887 2115 1063 2197 Apostolus?
1083 2116 1154 2176 Non
1165 2114 1225 2175 enir

109 2195 141 2253 in
151 2194 239 2253 linem
260 2193 346 2251 istum
365 2192 517 2271 politicum
535 2204 565 2250 et
577 2192 803 2253 ecclesiasticum
815 2194 948 2255 ordinem
962 2192 1175 2273 respiciebant:
1193 2210 1225 2253 re

110 2290 200 2349 quum
224 2280 361 2349 tauquam
388 2288 484 2327 rerum
508 2268 699 2346 spiritualium
720 2270 836 2329 uruhras
861 2271 1041 2342 retinerent,
1066 2268 1225 2329 tantunde!

110 2345 307 2405 obscurabant
320 2343 429 2403 Christi
470 2344 573 2403 loriam
593 2358 623 2403 et
634 2346 785 2426 Evangelii
805 2347 909 2405 lucem.
947 2342 1153 2405 Amantiariis
1170 2362 1225 2437 ope

110 2422 192 2481 ribus
213 2442 274 2479 non
294 2420 362 2478 ideo
383 2363 570 2496 feriabantur,
611 2422 670 2481 uod
690 2435 788 2482 essent
808 2444 825 2482 a
843 2423 931 2483 sacris
949 2422 1051 2483 studiis
1071 2434 1101 2481 et
1122 2422 1225 2481 medita

110 2496 242 2558 tionibus
263 2508 465 2555 avocamenta:
496 2498 546 2557 sed
566 2443 712 2579 rdligione
733 2499 872 2579 quadam,
900 2499 978 2579 quod
999 2498 1152 2573 feriando,
1180 2518 1225 2579 any

109 2573 200 2634 steria
220 2570 292 2631 olim
303 2573 505 2632 commendata
524 2574 658 2635 recolere
676 2595 707 2633 se
720 2575 912 2635 somniabant.
951 2575 986 2632 In
1009 2575 1094 2647 lianc,
1114 2577 1225 2653 inqua!

109 2660 328 2731 praeposteram
348 2648 460 2708 dierum
481 2650 687 2710 discretionem
707 2652 855 2710 invehitur
873 2651 1045 2731 Apostolus:
1065 2670 1130 2710 non
1149 2652 1181 2711 in
1199 2648 1225 2711 le

109 2726 244 2862 §dimum
271 2724 431 2795 delectum,
455 2727 505 2805 qui
529 2728 676 2786 societatis
697 2728 882 2789 Christianae
909 2731 972 2807 paci
991 2728 1105 2787 serviat.
1144 2728 1178 2787 Si
1216 2726 1225 2743 '

132 2823 176 2862 em
197 2803 226 2861 io
248 2802 377 2862 ecelesiis
396 2802 433 2861 ah
455 2822 491 2862 eo
512 2803 649 2863 institutis
668 2804 819 2864 sabbatum
840 2806 869 2863 in
892 2805 969 2862 huuc
988 2827 1071 2864 usum
1091 2806 1189 2865 retine

109 2890 167 2939 tur.
205 2877 294 2938 Illum
314 2879 392 2937 enim
412 2878 487 2938 diem
508 2881 680 2959 'praeseribit
701 2881 862 2941 Corinthiis
881 2881 921 2959 (l.
943 2882 1014 2942 cor.
1034 2888 1084 2954 16,
1102 2884 1164 2959 2),
1182 2890 1225 2963 qut

108 2953 243 3047 symbola
267 2955 303 3013 ad
327 2954 522 3015 sublevandos
542 2956 827 3047 Hierosolpmitaoos
854 2957 958 3015 iratres
982 2958 1170 3039 colligantur.
1208 2956 1225 3017 h

109 3043 231 3091 timetur
249 3032 433 3111 superstitio,
468 3032 530 3111 plus
550 3044 612 3092 erat
632 3032 752 3112 periculi
778 3035 808 3092 in
829 3034 953 3093 Iudaicis
976 3034 1072 3110 feriis,
1100 3056 1187 3115 quarn
1209 3034 1225 3093 it

107 3107 275 3168 Dominicis
298 3112 389 3186 (quos
415 3130 493 3167 nunc
513 3108 624 3168 habent
643 3109 818 3186 Christiani)
845 3111 955 3169 diebus.
1000 3112 1075 3171 Nam
1101 3112 1182 3193 quod
1204 3130 1225 3171 at

110 3184 295 3244 evertendam
315 3206 347 3243 su
370 3184 553 3243 erstitionem
574 3186 755 3276 expediebat,
774 3185 903 3246 sublatus
923 3200 967 3246 cst
986 3187 1101 3249 Iudaeis
1122 3186 1224 3269 religio

108 3281 157 3319 sus
177 3260 253 3319 dies:
275 3281 332 3339 quo
375 3259 503 3333 decoro,
523 3262 631 3336 ordior,
651 3264 714 3341 paci
740 3267 768 3321 in
790 3262 909 3323 ecclesia
930 3264 1090 3324 retinendis
1110 3284 1225 3325 necessa

109 3334 184 3395 rium
204 3347 276 3410 erat,
296 3336 370 3394 alter
387 3336 418 3394 in
440 3356 506 3395 eum
525 3358 608 3396 usum
629 3338 786 3399 destinatus
806 3351 859 3399 est.

185 3416 234 3475 34.
274 3411 448 3490 Quanquam
475 3433 536 3472 nou
556 3414 621 3473 sine
647 3413 763 3474 delectu
782 3416 973 3476 Dominicum
999 3436 1087 3497 quern
1106 3437 1225 3479 rocam

109 3485 186 3546 diem
206 3499 320 3547 veteres
339 3488 369 3546 iu
398 3487 494 3547 locum
513 3490 626 3550 sabbati
644 3490 852 3572 subrogarunt.
897 3495 971 3553 Nam
982 3492 1081 3574 'quum
1101 3490 1225 3554 verneil

109 3561 165 3623 lius
194 3563 315 3644 quietis,
345 3585 429 3653 quam
450 3577 531 3625 vetus
560 3566 712 3631 sabbatum
740 3568 946 3641 adumbrabat,
975 3570 1005 3629 in
1026 3570 1225 3631 resurrection

106 3639 233 3699 Domini
251 3639 318 3700 huis
336 3652 374 3699 stt
392 3662 426 3701 ac
445 3636 704 3723 complenlentum,
724 3643 734 3701 i
755 3644 867 3719 so·die,
888 3647 938 3725 qui
959 3646 1069 3706 umbris
1089 3648 1177 3709 linem
1195 3658 1225 3707 at

106 3715 190 3790 tulit,
213 3713 411 3776 admonentur
430 3716 606 3794 Christiani,
625 3739 664 3777 ne
683 3665 833 3780 umbratili
851 3723 1036 3784 ceremoniae
1060 3723 1225 3784 inhaereant

106 3792 213 3927 Neque
231 3793 273 3853 sic
293 3803 390 3852 tamen
409 3796 605 3874 septenarium
630 3816 784 3856 numerum
809 3818 927 3873 moror,
958 3810 991 3858 ut
1023 3799 1084 3859 eius
1109 3800 1225 3863 serritnt

107 3868 260 3929 eccesiam
279 3868 452 3952 astringam:
484 3890 581 3951 neque
602 3870 678 3930 enim
705 3872 840 3933 ecclesias
861 3875 1050 3951 damnavero,
1074 3898 1152 3955 quae
1169 3874 1225 3937 aliu

106 3943 302 4005 conuentibus
325 3945 383 4005 suis
402 3945 551 4006 sollennes
571 3947 632 4006 dies
653 3947 795 4021 habeant,
814 3952 904 4011 modo
925 3974 940 4012 a
960 3954 1171 4032 superstitione
1187 3950 1225 4011 ab

104 4019 175 4081 sint.
201 4020 294 4096 Quod
305 4025 361 4081 erit
370 4022 395 4081 si
406 4022 441 4082 ad
457 4022 549 4083 solam
561 4023 798 4084 obseruationem
813 4027 982 4106 disciplinae
994 4040 1025 4087 et
1040 4029 1153 4089 ordinis
1165 4028 1225 4089 henr

104 4097 261 4177 compositi
281 4097 455 4158 reserantur.
495 4098 614 4159 Summa
633 4100 685 4159 sit:
707 4112 739 4161 ut
757 4101 811 4161 suh
832 4103 924 4185 figura
936 4104 1051 4165 ludaeis
1071 4106 1225 4167 tradebatur

104 4174 221 4265 veritas,
238 4173 279 4234 ita
298 4174 385 4234 nobis
404 4174 469 4235 siue
489 4174 600 4235 umbris
611 4177 846 4238 commendatur:
867 4181 1003 4260 primum,
1022 4192 1225 4263 utperpetun!

103 4258 169 4311 tota
187 4261 246 4311 rrta
265 4250 471 4313 sabbatismum
490 4251 666 4314 meditemur
684 4274 701 4313 a
721 4256 828 4316 nostris
848 4278 866 4318 o
890 4257 996 4331 eribus,
1016 4279 1076 4338 quo
1095 4258 1225 4327 Domino

103 4322 136 4384 in
155 4324 243 4388 nobis
261 4347 419 4407 persuum
439 4327 584 4409 Spiritum
604 4341 759 4411 operetur:
785 4279 892 4393 deindh
913 4345 945 4395 ut
968 4335 1017 4414 pia
1036 4354 1162 4416 opernm
1178 4328 1225 4395 uu
