2700 4732
104 200 163 261 ἰω
494 187 569 248 utu.
589 188 629 247 u.
670 187 759 277 ene.
781 186 866 245 vm.

105 337 221 399 ardeat:
253 332 421 415 pudicitiam
447 332 525 392 enim
552 333 655 393 delinit
673 330 779 392 Paulus
810 331 850 409 (l.
870 328 943 390 Cor.
963 336 992 399 7,
1010 326 1085 405 db),
1115 326 1241 387 coniun-

104 427 181 474 ctam
199 432 265 472 cum
285 412 417 471 castitate
436 410 578 489 corporis,
595 411 683 469 animi
704 408 869 489 puritatem.
894 405 1047 482 „Coelebs
1057 401 1176 477 mulier,
1193 402 1241 463 in-

105 491 179 572 quit,
198 489 309 569 cogitat
329 507 404 567 quae
427 486 550 546 Domini
572 499 654 548 sunt:
686 485 837 563 quomodo
866 495 966 544 sancta
995 482 1033 541 sit
1057 478 1188 560 cot‘pore
1209 488 1244 541 et

104 566 239 646 spiritu.“
276 564 381 641 ltaque
400 566 469 621 dum
487 565 621 644 superius
639 562 712 622 illud
730 573 920 642 praeceptum
939 560 1055 619 ratione
1074 556 1243 617 coufirmat:

105 663 168 703 non
187 651 298 701 tantum
318 640 389 700 dicit
407 640 509 700 melius
530 661 591 701 esse
612 661 731 700 uxorem
751 638 870 711 ducere,
889 658 975 716 qnam
987 633 1242 695 scorti'societate

42 746 45 753 ¹
105 741 137 781 se
156 716 306 799 polluere,
325 716 377 776 sed
397 716 467 776 dicit
486 718 590 777 melius
609 736 671 776 esse
691 716 804 775 nubere
824 736 910 794 quam
930 713 986 771 uri.

174 800 223 856 l-l.
261 794 373 867 Porro,
401 794 425 852 si
450 794 590 873 coniuges
612 803 832 874 recognoseunt
850 812 929 850 snam
948 788 1123 849 societatem
1142 804 1206 845 esse
1224 804 1242 847 ι

103 866 236 929 Domino
246 869 448 942 benedictam,
468 874 505 929 eb
525 871 733 943 admonentur,
752 888 814 927 non
834 887 896 927 esse
917 866 1110 944 intemperata
1131 872 1163 921 et
1180 860 1241 921 dis·

104 944 200 1006 soluta
219 944 343 1005 libidine
362 947 624 1037 conspurcaudam.
662 946 732 1005 Nou
753 944 831 1003 enim
850 944 875 1003 si
893 936 1243 1029 incontinentiae.th

104 1022 238 1087 tudinem
259 1022 336 1081 velat
353 1022 534 1083 matrimonii
554 1023 705 1096 honestas,
735 1020 804 1080 ideo
831 1020 894 1079 eius
912 1018 1127 1078 irritamentum
1147 1026 1243 1095 prota-

105 1118 160 1159 nus
180 1118 243 1157 esse
262 1096 362 1157 debet.
403 1098 505 1173 Quare
524 1120 587 1159 nou
607 1097 706 1158 omnia
724 1096 782 1157 sibi
801 1095 889 1156 licere
908 1095 1050 1174 coniuges
1066 1092 1241 1165 existiment,

105 1175 157 1233 sed
176 1194 258 1233 suam
279 1174 403 1254 quisque
423 1195 544 1234 uxorem
563 1175 663 1235 sobrie
682 1174 805 1246 habeat,
838 1186 868 1232 et
892 1171 1016 1233 vicissim
1037 1190 1111 1230 uxor
1131 1167 1241 1227 virum:

104 1251 145 1310 sic
166 1262 285 1331 agentes
302 1250 423 1329 nequid
443 1252 565 1310 omnino
585 1251 737 1333 iudignum
758 1250 912 1309 honestate
931 1244 1242 1326 retemperantiana·

103 1326 236 1387 trimonii
248 1325 412 1387 admittant.
437 1327 487 1388 Sic
500 1329 578 1386 enim
589 1326 624 1387 ad
637 1328 756 1387 modum
774 1338 805 1385 et
818 1325 992 1386 modestiam
1007 1322 1143 1384 revocari
1155 1322 1242 1381 decet

104 1401 274 1484 coniugium
293 1405 324 1462 in
343 1403 475 1463 Domino
496 1415 689 1477 contractum,
708 1424 770 1462 non
784 1404 814 1461 in
828 1414 985 1461 extremam
996 1420 1082 1491 quam
1106 1394 1246 1459 uelacri.

103 1480 180 1539 viam
196 1478 350 1539 exundare.
388 1480 474 1539 Hanc
491 1480 679 1559 petulantiam
697 1478 870 1539 Ambrosius
884 1480 920 1557 ¹¹⁴)
961 1498 1021 1535 rsvt
1039 1420 1173 1555 quibem,
1191 1468 1246 1545 sd,

106 1576 168 1615 non
193 1555 313 1637 indigna
334 1555 480 1617 sententia
512 1557 642 1631 notavit,
666 1578 770 1635 „quum
797 1555 894 1615 uxoris
921 1498 1089 1614 adulterum
1115 1546 1242 1623 vocavit,

105 1631 206 1709 quiin
226 1652 280 1691 usu
299 1630 446 1712 coniugali
466 1632 574 1691 nullam
594 1633 789 1692 verecundiae
813 1633 859 1691 vel
880 1628 1044 1692 honestatis
1064 1648 1166 1687 curam
1192 1624 1243 1685 ba·

104 1708 166 1767 bet.
204 1707 360 1768 Postremo
372 1718 549 1787 reputemus,
569 1708 633 1788 quis
654 1709 699 1768 bic
719 1708 870 1789 legislator
884 1705 1095 1768 scortationem
1107 1704 1240 1767 damoeta

50 1840 55 1851 ,
105 1802 214 1863 nempe
239 1784 278 1855 is,
302 1783 354 1862 qni
374 1804 463 1862 quum
483 1803 537 1843 nos
557 1795 637 1843 totos
658 1786 807 1863 possidere
827 1782 950 1856 debeat,
981 1781 1045 1839 iure
1063 1788 1139 1854 suo,
1176 1774 1241 1837 ani·

104 1881 180 1933 mae,
198 1859 327 1939 spiritus,
347 1872 377 1919 et
397 1860 530 1939 corporis
548 1860 749 1941 integritatem
770 1859 904 1939 requirit.
961 1858 1044 1939 Ergo
1070 1857 1142 1915 dum
1159 1871 1242 1915 scor·

104 1938 162 1996 tari
182 1935 331 2015 probibet,
350 1935 436 1995 simul
454 1948 536 1995 vetat
556 1948 586 1995 et
605 1937 710 1996 lascivo
731 1939 865 2017 eorporis
885 1946 1001 2005 ornatu,
1032 1943 1063 1993 et
1081 1926 1243 2019 obsone-'p

104 2010 392 2149 ppsticulationibus,
411 2023 442 2071 et
460 2012 579 2092 impuris
599 2013 785 2073 sermonibus
802 2012 914 2073 alienae
955 2006 1243 2071 udicttiaeinsidiur.

137 2109 177 2147 on
197 2087 276 2147 enim
294 2088 411 2147 ratione
431 2103 511 2148 caret
529 2089 665 2150 Archelai
683 2091 829 2150 sententia
849 2088 885 2149 ad
906 2110 921 2148 a
944 2088 1127 2147 olescentem
1146 2080 1242 2143 molli·

105 2176 203 2224 teret
222 2164 347 2223 delicate
365 2164 443 2224 ultra
461 2165 581 2225 modum
599 2168 758 2243 vestitum,
788 2188 851 2226 non
876 2166 990 2225 relerre
1016 2184 1075 2243 qna
1091 2174 1181 2241 porte
1199 2155 1240 2221 ei-

105 2239 217 2300 naedus
236 2250 326 2299 esset:
346 2240 488 2320 siquidem
501 2241 597 2301 Deum
617 2243 798 2322 respicimus,
819 2243 869 2323 qui
881 2262 999 2303 omnem
1011 2234 1246 2301 contaminatio·-

106 2336 176 2374 nem
195 2315 395 2390 abominatur,
421 2337 595 2409 quacunque
613 2319 644 2378 in
664 2333 747 2399 parte
767 2321 813 2379 vel
832 2320 947 2379 animae
966 2316 1012 2379 vel
1032 2314 1170 2396 corporis
1188 2332 1242 2373 no·

105 2392 160 2452 stri
179 2404 325 2472 appareat.
362 2392 408 2452 Ac
428 2412 466 2451 ne
487 2394 606 2454 dubium
625 2397 677 2471 sit,
695 2396 862 2456 memineris
883 2396 929 2455 bic
950 2392 1120 2475 pudicitiam
1140 2412 1158 2451 a
1175 2390 1240 2451 Dan

106 2466 315 2527 commendari.
371 2468 405 2529 si
429 2469 601 2548 pudicitiam
621 2474 745 2553 requirit
764 2495 780 2534 a
801 2471 888 2534 nobis
907 2471 1071 2544 Dominus,
1102 2462 1246 2549 φίας-’ί-

107 2542 156 2634 illi
170 2542 324 2603 adversum
344 2556 398 2618 est,
417 2548 542 2611 damnat.
580 2550 712 2609 Proinde
731 2551 755 2610 si
774 2550 809 2611 ad
829 2548 1028 2610 obedientiam
1049 2547 1171 2627 aspiras,
1187 2546 1246 2613 *²³

107 2640 220 2679 animus
240 2640 325 2699 prava
344 2623 480 2702 cupidine
499 2624 578 2685 intus
597 2626 708 2699 ardeat,
728 2647 783 2686 nec
803 2625 882 2686 oculi
900 2627 929 2684 in
947 2635 1106 2703 corruptos
1118 2622 1240 2689 utrm

108 2695 273 2770 lasciviant,
296 2717 353 2757 nec
372 2721 479 2778 corpus
498 2701 534 2760 ad
556 2702 735 2762 lenocinium
756 2703 916 2777 excolatur,
936 2722 992 2761 nec
1012 2700 1113 2783 lingua
1131 2694 1239 2780 spntt'!

107 2773 291 2833 sermonibus
310 2788 438 2835 mentem
458 2776 494 2835 ad
513 2776 621 2839 similes
647 2779 841 2861 cogitationes
866 2778 984 2853 illiciat,
1016 2798 1073 2837 nec
1120 2778 1168 2837 ula
1189 2792 1240 2837 m

108 2850 282 2929 intemperie
301 2850 470 2913 inflammet.
510 2854 587 2915 Sunt
599 2856 677 2915 enim
697 2857 799 2916 munia
819 2855 962 2915 eiusmodi
981 2854 1050 2915 vitia
1067 2797 1161 2917 veienti
1179 2870 1237 2913 ma·

18 2994 21 2999 ,
110 2926 192 2987 culae
212 2927 369 3007 quaedem,
389 2929 643 3010 quibuscastitatis
660 2934 769 3013 puritas
789 2944 1008 3013 conspurcatus.

332 3176 704 3239 PRAECEPTUM
743 3177 1022 3240 OCTAVUM.

479 3321 560 3382 Non
581 3321 716 3383 furtum
742 3322 866 3384 lacios.
1239 3322 1246 3393 ²:

186 3469 234 3527 db·
258 3462 367 3552 ⁸Finis:
392 3464 544 3539 Quoniam
563 3465 774 3527 abominationi
794 3481 837 3528 est
856 3469 923 3527 Deo
944 3466 1102 3544 iniustitia,
1124 3480 1157 3527 ut
1174 3434 1246 3529 reti

111 3540 197 3599 datur
217 3540 373 3629 unicuique
393 3541 472 3620 quod
492 3564 575 3601 snum
597 3554 650 3602 est.
710 3545 829 3604 Summa
858 3546 948 3625 igitur
974 3545 1048 3619 erit,
1078 3532 1246 3607 noscendi

112 3616 201 3677 rebus
219 3615 320 3675 altenis
340 3617 467 3692 iuhiare,
486 3638 519 3677 ac
539 3619 666 3699 proinde
685 3620 781 3680 iuberi
801 3623 858 3681 suis
882 3623 1042 3699 unicuique
1067 3602 1246 3693 consertae-i

113 3692 157 3753 dis
176 3693 263 3753 bonis
281 3693 399 3753 lidelem
419 3714 538 3775 operam
558 3696 743 3774 impendere·
797 3698 847 3758 Sic
873 3701 951 3758 enim
980 3698 1170 3779 cogitandum
1186 3698 1246 3765 “lai

76 3826 82 3837 ,.
113 3770 270 3849 unicuique
290 3772 420 3832 evenisse
440 3772 519 3851 quod
539 3773 680 3852 possidet,
700 3795 761 3833 uon
782 3776 902 3836 fortuita
920 3787 1011 3848 sorte,
1029 3775 1082 3835 sed
1103 3768 1245 3833 “distri-²⁴

114 3845 238 3906 butione
262 3848 366 3905 summi
392 3867 490 3906 rernm
515 3850 646 3909 omnium
671 3850 809 3911 Domini:
841 3873 904 3911 nou
934 3872 1020 3931 posse
1044 3852 1136 3932 igitur
1159 3850 1246 3931 prae-3

57 3944 63 3957 ·
113 3923 189 3985 verti
207 3922 290 3984 malis
308 3922 420 3985 artibus
439 3922 589 3986 facultates
609 3927 783 4007 cuiuspiam,
803 3929 875 4009 quin
894 3928 971 3989 frans
990 3929 1111 3989 divinae
1129 3926 1243 4007 disper-¹·

115 4308 152 4369 ab
176 4242 214 4367 ἑ)
231 4244 273 4301 Cf·
290 4246 412 4305 ΑΜΒ-Μ·
434 4247 480 4305 lib.
502 4250 536 4303 (lt
553 4248 713 4322 philosoph,
730 4270 806 4321 quem
822 4251 883 4305 citat
898 4250 1054 4317 Augustiana
1070 4262 1140 4305 sont
1155 4242 1233 4303 tutta·
