2596 4726
120 214 180 275 us
504 206 580 271 ern.
601 206 627 267 1.
666 206 756 269 car.
776 188 875 268 xvrr'.

124 363 243 415 nostrae
261 360 401 433 punctum
420 350 546 434 signavit
557 350 713 427 Dominus,
733 350 868 434 ellugere
887 372 949 413 non
969 351 1053 412 licet:
1074 351 1182 413 l'rnstra
1203 352 1262 433 igi·

123 442 173 491 tur
190 429 222 489 in
246 428 430 489 cautionibus
454 428 628 489 adhibendis
654 428 814 489 laboratur.
864 429 957 503 Quod
981 448 1055 510 ergo
1079 428 1152 489 alius
1176 450 1262 489 eom-

76 514 80 523 '
122 508 241 567 mittere
259 524 291 565 se
309 506 375 565 viae
395 525 457 564 non
477 505 582 578 audet,
601 524 686 584 quarn
706 504 902 586 periculosam
921 504 1017 579 audit,
1039 524 1077 565 ue
1098 527 1114 565 a
1134 504 1262 566 latroni·

123 582 178 643 bus
198 582 376 642 trucidetur:
401 581 473 642 alius
493 582 623 641 uredicos
643 582 779 657 arcessit,
805 602 839 641 ac
858 580 1021 661 pharmacis
1040 600 1073 641 se
1093 581 1209 661 fatigat,
1228 594 1263 643 ιιι

124 659 199 719 vitae
219 657 397 739 opituletur:
428 657 501 718 alius
520 678 536 718 a
556 657 747 719 crassioribus
767 656 840 717 cibis
860 658 1002 729 abstinet,
1028 676 1066 716 ne
1086 658 1186 719 laedat
1204 658 1262 719 irn-

124 734 256 796 becillam
277 733 489 794 valetudinem:
520 733 593 793 alius
625 733 756 794 ruinosas
787 734 874 794 aedes
905 734 1069 793 inhabitare
1101 733 1260 795 formidat:

124 831 227 872 omnes
238 811 365 891 denique
376 809 434 870 vias
447 812 624 890 excogitant,
644 820 675 868 et
693 830 797 891 magna
815 811 903 870 animi
922 810 1089 869 intentione
1102 810 1263 885 excudunt,

126 887 233 967 quibus
252 886 294 961 id,
314 878 401 966 quod
414 888 637 965 concupiscunt,
657 898 863 966 assequantur:
884 897 935 946 aut
954 886 1142 946 haecomnia
1161 886 1261 947 inania

125 974 194 1024 sunt
212 962 352 1037 remedia,
372 982 447 1042 quae
467 974 621 1042 captantur
640 962 675 1022 ad
695 962 898 1043 corrigendam
911 961 970 1021 Dei
988 964 1191 1023 voluntatem:
1211 974 1263 1023 aut

126 1061 188 1100 non
207 1052 291 1101 certo
317 1040 378 1098 eius
398 1039 520 1100 decreto
540 1038 733 1099 terminantur
752 1040 861 1097 vita'et
879 1060 975 1111 mors,
1003 1039 1108 1099 sanitas
1129 1051 1160 1099 et
1179 1060 1261 1099 mor-

127 1114 196 1189 bus,
215 1137 269 1196 pas
289 1127 321 1175 et
339 1114 460 1187 bellum,
479 1125 511 1177 et
530 1114 584 1176 alia
604 1135 678 1194 quae
700 1114 843 1187 immines,
862 1126 952 1194 prout
972 1113 1017 1173 vel
1037 1126 1194 1193 appetunt,
1212 1114 1260 1175 vel

126 1194 265 1267 oderunt,
284 1192 324 1252 ita
343 1214 393 1252 sua
412 1192 554 1253 indurtria
568 1190 613 1251 vel
626 1191 773 1267 obtinere,
793 1190 838 1251 'vel
856 1191 993 1271 reingere
1010 1192 1138 1250 student.
1176 1192 1260 1267 Quin

126 1270 213 1330 etiam
234 1269 382 1328 orationes
407 1268 536 1327 fidelium
561 1288 724 1347 perversas,
749 1268 856 1327 nedum
875 1287 1070 1346 supervacuas
1089 1268 1155 1327 lore
1176 1267 1262 1328 colli-

167 1355 212 1420 nt,
230 1344 335 1436 quibus
355 1345 466 1425 petitur
484 1356 518 1404 ut
528 1343 675 1404 Dominus
685 1344 846 1424 prospiciat
864 1344 910 1417 iis,
922 1363 997 1423 quae
1015 1346 1074 1402 iam
1087 1342 1124 1403 ab
1135 1355 1259 1405 aeterno

125 1365 265 1482 iissent.
305 1420 340 1480 Iu
360 1442 487 1493 summa,
512 1420 612 1481 omnia
632 1420 755 1499 quaein
801 1432 930 1479 osterum
951 1421 1107 1499 capiuntur
1126 1419 1261 1494 consilia,

125 1497 247 1571 tollunt,
266 1496 389 1576 perinde
408 1518 443 1556 ae
456 1497 515 1557 Dei
534 1495 736 1576 providentiae
755 1442 886 1567 adversa,
906 1516 991 1575 quae,
1010 1496 1066 1556 illis
1086 1516 1148 1555 non
1169 1496 1261 1555 adro-

127 1574 216 1647 catis‚
236 1574 307 1653 quid
327 1573 390 1632 lieri
409 1573 497 1633 vellet
516 1571 654 1633 decrevit.
703 1572 820 1631 Deinde
840 1573 978 1652 quicquid
999 1572 1054 1631 iam
1074 1571 1196 1648 accidit,
1219 1572 1261 1633 ita

149 1649 331 1711 rovidentiae
350 1649 408 1709 Dei
429 1651 588 1730 imputant,
619 1660 653 1708 ut
672 1650 849 1709 conniveant
868 1650 903 1708 ad
926 1648 1092 1724 hominem,
1122 1668 1211 1767 quem
1230 1648 1260 1707 id

125 1746 220 1808 rpsum
240 1726 405 1808 designasse
425 1738 549 1788 constet.
599 1723 719 1785 Occidit
741 1726 860 1787 sicarius
885 1724 1013 1806 probum
1036 1726 1141 1785 civem.
1180 1744 1261 1785 esse-

128 1815 235 1883 quutus
255 1815 310 1877 est,
328 1802 475 1882 inquiunt,
495 1802 649 1862 consilium
660 1802 727 1862 Dei.
766 1803 890 1861 Furatus
910 1813 954 1861 est
973 1800 1087 1880 aliquis,
1108 1813 1160 1862 aut
1177 1820 1261 1862 scor-

128 1878 222 1940 tatus?
242 1879 310 1960 quia
329 1878 399 1939 lecit
418 1880 498 1959 quod
517 1880 666 1959 provisum
686 1890 750 1937 erat
768 1899 785 1938 a
804 1878 937 1938 Domino
957 1890 988 1936 et
1008 1879 1187 1951 ordinatum,
1205 1876 1261 1937 mi·

128 1957 220 2016 nister
239 1967 284 2015 est
302 1956 363 2017 eius
382 1956 595 2035 providentiae.
634 1955 768 2015 Parentis
787 1966 928 2028 mortem,
952 1952 1093 2035 neglectis
1114 1954 1262 2023 remediis,

128 2054 247 2095 securus
266 2031 342 2093 lilius
366 2030 562 2112 exspectavit?
592 2051 653 2090 non
673 2032 776 2123 potuit
794 2031 862 2090 Deo
887 2030 1046 2103 obsistere,
1077 2031 1128 2109 qui
1153 2032 1196 2090 sie
1222 2028 1260 2091 ab

129 2121 251 2170 aeterno
271 2108 484 2188 praestituerat.
523 2108 569 2169 Ita
588 2107 697 2189 llagitra
717 2108 827 2182 omnia,
846 2108 967 2167 virtutes
986 2118 1103 2181 vocant,
1123 2107 1191 2187 quia
1203 2104 1261 2167 Dei

130 2185 310 2246 ordinationi
330 2182 541 2263 obsequantur.
1234 2190 1240 2197 '

204 2268 233 2325 4.
271 2260 313 2320 At
335 2260 363 2319 ui
383 2260 463 2339 quod
493 2261 528 2321 ad
561 2259 658 2319 lutura
690 2262 833 2352 pertinet,
865 2262 1002 2320 humanas
1032 2259 1261 2321 deliberationes

130 2336 215 2398 lacile
235 2358 301 2397 cum
351 2336 377 2395 ei
403 2337 586 2416 providentia
612 2338 751 2417 conciliat
771 2338 901 2397 Salomo.
944 2336 1029 2396 Sicut
1051 2338 1129 2395 cuim
1156 2356 1260 2395 eorum

129 2413 320 2473 stoliditatem
340 2412 427 2487 ridet,
446 2414 496 2492 qui
514 2415 578 2472 sine
590 2412 720 2472 Domino
756 2413 846 2473 uiduis
866 2414 1004 2473 audacter
1012 2412 1183 2492 suscipiunt,
1202 2410 1260 2473 acti

129 2489 190 2550 eius
211 2510 297 2548 manu
322 2510 384 2547 non
410 2500 597 2569 regerentur:
629 2489 668 2548 ita
698 2434 767 2550 alibi
793 2490 833 2549 sie
859 2490 989 2570 loquitur
1015 2488 1262 2567 (Prov.16‚tt.)‚

132 2566 194 2626 Cor
214 2563 340 2625 hominis
361 2565 471 2643 cogitat
490 2565 564 2623 viam
584 2587 679 2637 suam,
706 2578 737 2625 et
754 2566 901 2626 Dominus
921 2566 1028 2647 diriget
1047 2586 1162 2656 gressus
1182 2566 1259 2625 eius:

131 2642 154 2702 si
178 2642 310 2714 nilicans,
341 2644 466 2702 aeternis
486 2643 543 2700 Dei
567 2642 691 2702 decretis
721 2663 775 2702 nos
796 2642 915 2701 minime
935 2642 1084 2732 impediri,
1104 2642 1260 2721 quominus

132 2662 186 2779 srib
207 2717 268 2777 eius
286 2717 439 2777 voluntate
460 2729 490 2777 ct
509 2718 717 2798 prospiciamus
737 2718 834 2791 nobis,
854 2730 884 2779 et
904 2739 1002 2777 omrua
1023 2730 1122 2779 nostra
1143 2719 1262 2809 dispen-

133 2815 236 2855 semus.
274 2796 380 2873 Neque
407 2794 436 2853 id
460 2795 614 2855 manifesta
635 2807 716 2855 caret
735 2796 859 2854 ratione.
905 2797 1038 2874 Namque
1058 2797 1082 2853 is
1103 2796 1153 2876 qui
1172 2805 1260 2854 vrtam

134 2883 264 2931 nostram
282 2870 340 2931 suis
359 2871 491 2931 terminis
511 2870 658 2944 limitavit,
683 2872 745 2933 eius
764 2870 848 2931 simul
869 2892 969 2931 curans
989 2872 1064 2951 apud
1092 2893 1145 2931 nos
1166 2872 1261 2951 depo-

132 2948 206 3008 suit:
231 2948 291 3007 eius
311 2948 527 3008 conservandae
545 2947 710 3009 rationibus
728 2947 921 3027 subsidiisque
940 2948 1086 3008 instruxit:
1111 2948 1261 3027 periculo-

133 3045 196 3082 rum
210 3044 328 3103 quoque
347 3025 494 3103 praescios
514 3024 599 3085 lecit:
619 3044 657 3083 ne
676 3025 810 3084 incautos
825 3024 1036 3103 opprimerent,
1055 3025 1207 3085 cautiones
1225 3044 1261 3084 ac

134 3100 262 3159 remedia
285 3100 437 3191 suggessit.
486 3101 572 3160 Nunc
603 3103 788 3181 perspicuum
815 3114 859 3160 est
883 3101 951 3181 quid
976 3102 1013 3160 sit
1037 3102 1129 3159 nostri
1152 3100 1260 3161 oflicii:

133 3196 258 3255 nempe,
287 3176 311 3234 si
332 3187 418 3236 vitam
443 3176 531 3236 nobis
556 3190 684 3237 nostram
704 3178 852 3237 tutandam
874 3178 1019 3236 commisit
1039 3177 1197 3249 Dominus,
1227 3188 1262 3237 ιιι

134 3270 198 3311 eam
219 3262 365 3310 tueamur:
398 3252 420 3311 si
441 3251 568 3311 subsidia
588 3253 694 3323 ollert,
722 3265 752 3311 ut
773 3254 807 3312 iis
828 3264 954 3311 utamur:
982 3254 1005 3311 si
1025 3254 1152 3332 pericula
1173 3274 1261 3333 prae·

135 3338 294 3399 monstrat,
314 3348 352 3386 ne
371 3340 482 3386 temere
501 3328 656 3388 irruamus:
676 3328 699 3387 si
719 3330 847 3388 remedia
867 3330 1047 3407 suppeditat,
1068 3352 1104 3387 ne
1125 3330 1261 3422 negliga-

134 3424 205 3461 mus.
245 3403 334 3491 Atqui
352 3405 513 3482 periculum
525 3404 636 3463 nullum
649 3403 757 3479 oberit,
778 3406 832 3463 uisi
852 3406 951 3463 fatale:
972 3408 1052 3484 quod
1072 3405 1262 3465 ineluctabile

134 3490 179 3539 est
198 3477 331 3538 remediis
350 3479 494 3539 omuibus.
534 3481 615 3555 Quid
634 3492 731 3540 autem
750 3481 773 3540 si
793 3481 861 3540 ideo
883 3480 979 3540 satalia
1000 3503 1059 3541 non
1079 3495 1146 3541 sunt
1159 3482 1262 3543 discri-

134 3554 229 3627 mina,
259 3554 325 3645 quia
352 3555 387 3614 iis
411 3556 614 3634 propulsandis
638 3577 672 3616 ac
696 3557 865 3635 superandis
890 3558 1016 3617 remedia
1041 3560 1094 3617 tibi
1114 3558 1262 3619 Dominus

135 3631 306 3713 assignavit?
346 3630 419 3689 Vide
439 3634 590 3711 quomodo
610 3645 678 3692 tuae
697 3632 915 3693 ratiocinationi
936 3656 1000 3692 cum
1021 3635 1126 3693 ordine
1145 3635 1262 3695 divinae

136 3705 356 3787 dispensationis
375 3711 540 3767 conveniat.
584 3709 631 3767 Tu
652 3711 810 3769 cavendum
831 3730 892 3768 non
914 3729 975 3769 esse
995 3710 1154 3789 periculum
1175 3710 1262 3772 colli-

134 3783 190 3919 ssis,
208 3781 285 3872 quia,
305 3780 390 3841 fatale
409 3804 498 3861 quum
518 3804 579 3843 non
599 3788 647 3859 sit,
665 3786 752 3845 simus
772 3787 860 3847 etiam
873 3785 943 3845 citra
955 3788 1119 3846 cautionem
1132 3786 1261 3848 evasuri:

165 3880 280 3919 ominus
291 3869 386 3917 autem
404 3859 474 3918 ideo
486 3872 519 3919 ιιι
536 3880 635 3921 caveas
654 3861 791 3943 iniungit,
811 3860 877 3940 quia
892 3861 978 3922 letale
989 3862 1043 3921 tibi
1056 3882 1119 3923 esse
1130 3864 1208 3924 nolit
1216 3864 1260 3941 ⁴).

135 3937 205 3997 Non
226 3935 393 4015 expendunt
411 3934 504 3994 insani
523 3936 570 3996 isti
590 3937 671 4017 quod
691 3949 735 3998 est
753 3938 807 3998 sub
828 3936 930 4013 oculis,
949 3938 1133 4002 consultandi
1153 3961 1262 4001 caven-

153 4092 400 4109 ῦ--ι--ιι-ι-

201 4185 229 4253 ⁴)
249 4184 303 4238 Cic.
320 4187 354 4257 de
370 4186 450 4239 Fato:
466 4185 563 4267 ,Recte
579 4188 751 4274 Cbrpsippus,
767 4202 819 4242 tom
837 4192 913 4243 fatale
930 4206 966 4244 cst
982 4192 1112 4243 medicum
1130 4194 1262 4271 adbibere,

135 4269 213 4319 quarn
232 4255 433 4307 convalescere.“
448 4255 499 4307 Vrd
521 4256 625 4307 butbsr.
638 4278 665 4308 m
679 4259 771 4310 (senes.
788 4260 892 4329 oap.32
909 4282 931 4313 r.
948 4261 971 4313 7.
990 4272 1079 4312 contra
1101 4280 1145 4315 eos
1163 4282 1207 4331 qur
1223 4262 1260 4315 aie

24 4350 27 4355 -
134 4320 275 4371 abutuntur
292 4322 411 4375 doctrina
429 4322 674 4393 praedestinationis.
