2596 4726
470 197 546 259 1218.
565 198 591 259 L
631 197 721 259 CAP.
740 196 795 258 lv.
1158 206 1198 275 aa

66 340 193 435 quamdin
212 340 282 403 illos
301 342 341 403 ita
360 342 440 424 rapit
459 361 565 405 coecus
584 344 728 425 impetus,
753 342 870 403 brutam
889 342 948 402 Dei
967 341 1145 403 oblivionem
1164 342 1197 402 in

65 420 123 501 apsis
142 439 273 501 regnare
292 430 405 479 eertum
428 431 482 480 est.

127 502 158 561 3.
199 496 254 555 Sic
274 497 363 555 inane
383 495 454 555 illud
476 498 683 577 patrocinium,
703 496 783 577 quod
803 496 1004 577 superstitioni
1022 516 1091 557 suae
1112 516 1196 577 prae-

20 600 24 607 ·
63 584 153 633 terere
172 572 262 632 multi
281 570 398 643 solent,
422 574 573 634 evertitur.
616 575 726 633 Putant
747 574 824 633 enim
844 574 971 632 studium
992 573 1196 652 qualecunque

61 649 221 731 religionis,
242 648 407 730 quamlibet
422 662 654 729 praeposterum,
673 650 742 711 satis
763 670 840 711 esset
860 651 911 709 scd
932 670 992 709 non
1012 650 1197 709 animadver-

61 738 133 799 tunt,
153 746 259 785 reram
279 725 455 807 religionem
476 729 511 786 ad
531 727 589 786 Dei
609 741 712 787 nutum
738 748 793 787 ceu
817 728 852 787 ad
874 738 1046 807 perpetuam
1065 726 1196 807 regulam

60 802 164 861 debere
184 801 387 876 conformari,
407 802 503 862 Deum
517 824 587 863 vero
608 804 701 884 ipsum
723 824 839 884 semper
858 808 902 863 sul
922 802 1045 863 similem
1060 822 1195 862 manere:

60 900 112 939 non
131 890 292 959 spectrum
305 898 367 938 esse
380 891 429 937 aut
448 879 627 960 phantasma,
648 881 726 960 quod
748 901 802 961 pro
825 879 1053 957 uniuscuiusque
1074 878 1197 937 libidine

58 956 298 1015 traoslormetur.
337 954 376 1013 Et
403 976 474 1015 sane
494 957 592 1016 videre
620 970 680 1031 est,
705 979 791 1036 quam
816 955 1004 1015 mendacibus
1031 955 1103 1015 lucis
1129 954 1195 1015 Deo

57 1032 154 1093 illudat
174 1031 366 1112 superstitio,
387 1031 455 1091 dnm
475 1034 633 1117 gratificari
651 1030 755 1093 teu‘tat
795 1034 869 1092 Nam
891 1049 924 1091 ea
946 1032 1008 1090 lere
1028 1032 1102 1106 sola,
1121 1051 1197 1110 quae

57 1110 107 1169 sibi
127 1130 225 1169 curae
245 1129 308 1167 non
329 1126 393 1167 esse
412 1121 533 1169 testatus
553 1122 607 1181 est,
627 1111 779 1190 arripiens,
799 1129 874 1189 quae
887 1108 1069 1189 praescrihit,
1088 1130 1121 1168 ac
1141 1107 1197 1167 sibi

57 1184 171 1265 placere
192 1186 297 1259 docet,
316 1197 367 1245 aut
386 1188 578 1265 contemptim
600 1187 699 1261 habet,
721 1187 878 1245 autetiam
901 1206 961 1244 non
983 1181 1197 1243 dissimulanter

55 1264 157 1323 reiicit.
203 1262 269 1321 Sua
290 1281 363 1355 ergo
383 1263 485 1322 deliria
506 1264 607 1322 colunt
632 1276 662 1322 et
680 1264 806 1323 adorant
824 1262 993 1341 quicunque
1014 1261 1108 1321 enltns
1128 1262 1197 1319 Deo

57 1340 278 1400 commentitios
299 1350 430 1420 erigunt:
456 1340 524 1420 qnia
545 1360 728 1419 nequaquam
748 1342 787 1399 ita
809 1360 875 1398 cunr
895 1337 962 1397 Deo
982 1339 1087 1419 nugari
1108 1337 1198 1396 aude-

57 1428 130 1489 rent,
151 1418 209 1476 nisi
231 1416 331 1474 Deum
352 1417 431 1495 prius
452 1437 592 1499 nugarum
613 1438 730 1476 suarum
750 1417 869 1495 ineptiis
889 1426 1121 1474 consentaneum
1140 1414 1197 1472 lin-

57 1494 171 1552 xissent.
228 1492 331 1567 Quare
352 1494 528 1571 Apostolus,
551 1514 652 1585 vagam
677 1493 755 1552 illam
784 1506 814 1552 et
838 1494 987 1551 erraticam
1012 1491 1049 1549 de
1076 1491 1198 1549 numine

57 1570 249 1649 opinionem,
280 1568 338 1627 Dei
362 1590 426 1629 esse
449 1571 642 1651 ignorantiam
664 1570 846 1649 pronuntiat.
896 1568 997 1641 Quum
1017 1567 1115 1625 Deum
1135 1567 1197 1645 (iu-

75 1647 116 1707 uit
136 1645 209 1704 Gal.
224 1652 255 1717 l,
271 1645 332 1723 8),
352 1647 511 1718 nesciretis,
531 1648 698 1708 serviebatis
719 1647 752 1705 iis
766 1646 815 1736 qui
837 1657 940 1702 natura
960 1645 1000 1702 dii
1020 1664 1081 1702 uon
1103 1654 1196 1701 eraut.

57 1668 92 1782 St
110 1722 182 1783 alibi
203 1722 337 1812 (Eph.·.’‚
349 1726 423 1800 lh),
443 1725 505 1782 sine
518 1724 584 1783 llco
604 1723 690 1783 luisse
711 1723 799 1781 tradat
815 1722 840 1778 E
864 1721 970 1791 hesios,
990 1739 1049 1798 quo
1063 1731 1198 1800 tempore

58 1813 170 1861 arecta
198 1820 287 1857 nurus
306 1800 365 1857 Dei
390 1801 564 1881 cognitione
588 1798 772 1859 aberrabant.
825 1744 888 1856 elec
914 1795 1037 1855 multum
1064 1796 1197 1871 interest,

58 1876 105 1937 bac
123 1876 235 1937 saltem
260 1875 290 1933 io
317 1886 417 1955 parte,
441 1877 578 1935 llemnue
609 1899 715 1946 nnnnr,
748 1897 784 1934 an
810 1874 908 1953 plures
934 1872 1097 1948 concipias:
1129 1872 1197 1950 quia

57 1974 170 2034 semper
195 1974 214 2011 a
232 1972 307 2011 vero
328 1953 395 2012 lleo
421 1953 559 2025 discedis,
585 1964 615 2011 et
636 1953 749 2025 deficis,
776 1974 835 2030 quo
856 1950 961 2008 relicto
984 1946 1054 2007 mhil
1075 1948 1128 2006 tihi
1149 1970 1198 2007 re-

57 2030 184 2090 statuisi
205 2028 387 2088 exsecrabile
407 2029 527 2090 idolum.
556 2030 701 2109 Superest
720 2049 793 2109 ergo
815 2040 847 2086 ut
868 2046 932 2085 cum
953 2026 1109 2083 Lactantio
1131 2026 1197 2103 {ln-
1241 2078 1244 2087 .

58 2109 117 2167 stit.
136 2108 190 2197 dir.
211 2104 264 2165 lib.
277 2112 305 2169 1.
321 2112 349 2169 2·
369 2105 414 2185 6.]
436 2107 657 2180 constituamus,
675 2104 792 2166 Nullam
813 2124 874 2165 esse
895 2103 1056 2185 legitimam
1076 2101 1197 2183 religio-

60 2203 127 2243 nem
145 2184 200 2243 nesi
219 2204 288 2243 eum
309 2182 432 2241 veritate
453 2184 647 2243 coniunctam.

131 2266 159 2323 4.
198 2258 326 2318 Accedit
346 2270 376 2318 et
394 2260 554 2319 secundnm
574 2270 738 2340 peccatum,
759 2256 840 2339 quod
861 2276 957 2336 neque
973 2254 1030 2314 Dei
1050 2255 1196 2314 rationem

63 2358 182 2417 unquam
200 2334 313 2395 habent
333 2336 388 2397 nisi
408 2337 504 2396 inviti:
525 2357 581 2397 nec
601 2339 636 2396 ad
656 2337 749 2417 ipsum
769 2335 1021 2426 appropinquant,
1041 2331 1196 2392 donecre-

60 2414 181 2475 niteotes
203 2413 423 2493 pertrahantur,
443 2414 877 2549 nectumqnoquevulrmtarro
895 2412 1067 2469 imbuuntur
1078 2409 1197 2485 timore,

58 2492 103 2571 qui
115 2512 149 2549 ex
161 2489 283 2548 divinae
301 2489 459 2550 maiestatis
471 2492 631 2549 reverentia
669 2504 726 2563 nat,
737 2491 787 2551 sed
802 2500 911 2549 tanturn
923 2484 1023 2548 servili
1036 2498 1066 2544 et
1077 2498 1194 2561 coacto,

57 2589 138 2647 quem
159 2566 220 2625 illis
241 2566 301 2625 liei
320 2566 460 2626 imliciunr
482 2579 652 2647 extorquet:
678 2568 758 2646 quod
780 2568 846 2646 quia
873 2566 1008 2642 ellegere
1034 2575 1196 2641 nequeunt,

56 2646 225 2716 exhorrent,
246 2644 288 2703 sie
307 2656 408 2703 uinea
429 2658 461 2703 ut
481 2647 566 2703 etiam
586 2643 803 2703 abominentur.
842 2643 994 2721 Siquidem
1015 2640 1197 2699 convenien-

56 2734 97 2781 ter
114 2724 145 2782 in
168 2721 367 2796 impietatem,
387 2734 474 2798 atque
494 2722 524 2780 in
546 2723 619 2780 hanc
632 2722 724 2781 sulam
740 2722 881 2799 competit
900 2719 971 2778 illud
984 2717 1070 2775 Statii
1083 2716 1196 2793 (Theb.

58 2798 102 2859 lib.
120 2800 185 2875 a),
211 2798 372 2856 Timorem
396 2799 518 2875 priunum
546 2798 649 2857 iecisse
679 2800 707 2856 in
730 2799 803 2856 orbe
830 2798 909 2856 deos.
950 2795 1010 2869 Qui
1031 2793 1197 2852 animumn

56 2875 107 2933 θεῖ
133 2874 253 2933 institia
278 2874 408 2933 alienum
432 2887 555 2955 gerunt,
584 2874 728 2947 tribunal,
759 2873 838 2952 quod
866 2874 901 2931 ad
928 2870 1113 2932 vindicandas
1134 2869 1197 2930 eius

57 2950 305 3033 transgressiones
330 2961 407 3010 stare
432 2952 541 3023 sciunt,
574 2972 705 3009 eversum
737 2971 917 3031 magnopere
944 2946 1074 3026 cupiunt.
1125 2944 1196 3019 Quo

58 3029 161 3089 allectn
183 3029 326 3087 mlrersus
346 3027 506 3085 Dominum
528 3026 748 3109 belligerantur,
769 3029 817 3105 qui
838 3028 901 3085 sine
923 3024 1030 3083 iudicio
1052 3043 1197 3081 essenon

58 3118 166 3185 potest:
188 3106 245 3164 sed
267 3104 337 3162 dum
359 3104 420 3162 eius
441 3108 600 3183 potentiam
621 3103 676 3162 sihi
696 3103 892 3163 inevitabilem
913 3101 1067 3159 imminere
1087 3098 1198 3157 iutelli-

59 3195 140 3263 gunt,
170 3182 241 3261 qnia
268 3200 324 3238 nee
350 3178 465 3239 amoliri
485 3203 539 3239 nee
560 3180 693 3259 elingere
714 3180 826 3254 valent,
848 3178 1051 3238 reformidant.
1091 3176 1196 3252 ltaque

60 3280 89 3317 ne
113 3260 233 3337 ubique
259 3258 420 3315 rideantur
444 3278 510 3317 cnm
536 3270 728 3316 conternncre
760 3258 841 3316 cuius
873 3257 1004 3314 maiestas
1030 3272 1081 3311 eos
1102 3261 1197 3330 urget,

61 3336 257 3427 qualIcuuque
280 3333 434 3415 religionis
454 3334 551 3414 speeie
564 3333 782 3411 defunguntur:
805 3335 921 3391 interim
942 3342 1039 3389 tamen
1063 3349 1123 3385 noar
1146 3329 1197 3384 de-

60 3425 151 3473 nuunt
172 3413 261 3472 omni
283 3411 421 3470 vitiorum
441 3430 551 3485 gessere
571 3430 601 3467 se
622 3411 770 3489 polluere,
792 3422 821 3467 et
841 3408 949 3489 llagitia
970 3405 1086 3484 llagitiis
1107 3424 1198 3482 copu-

59 3487 126 3561 lare,
159 3490 263 3549 donec
288 3498 419 3546 sanctam
439 3488 559 3545 llumini
580 3487 690 3565 Legem
711 3487 792 3545 urrani
820 3499 960 3563 exparte
986 3480 1136 3550 violarint,
1169 3490 1199 3537 ct

59 3568 221 3627 uniuersam
248 3565 312 3623 eius
339 3564 476 3622 iustitiam
496 3563 673 3640 dissiparint':
701 3562 745 3620 vel
773 3574 853 3622 certe
879 3582 940 3618 nun
968 3560 1007 3617 ita
1032 3558 1199 3615 retinentur

59 3642 189 3703 simulato
213 3641 268 3701 illo
281 3640 342 3699 Dei
363 3640 480 3715 timore,
502 3640 570 3718 quin
586 3640 712 3698 suaviter
733 3640 762 3696 in
785 3638 911 3719 peccatis
929 3635 988 3695 suis
1004 3634 1200 3712 acquiescant,

60 3734 85 3780 et
103 3722 157 3780 sihi
179 3716 389 3790 blandiantur,
410 3730 440 3776 et
460 3718 552 3775 carnis
565 3736 633 3774 suae
654 3715 897 3792 intemperantiae
918 3712 999 3772 indul
1024 3730 1073 3766 ere
1086 3706 1200 3779 malint,

60 3820 139 3877 quam
163 3798 299 3877 Spiritus
321 3797 417 3854 sancti
443 3792 527 3853 irene
550 3813 612 3851 earn
638 3792 790 3850 cohibere.
831 3790 889 3848 Sed
912 3732 1030 3869 quandlu
1052 3786 1145 3843 inanis
1166 3804 1200 3842 ea

61 3888 146 3934 estet
166 3874 297 3935 ruernlax
319 3870 473 3951 religionis
494 3868 611 3942 arrabea,
636 3870 680 3927 vix
701 3869 789 3925 ctiam
810 3867 897 3948 digna
920 3883 994 3922 rarae
1020 3861 1122 3921 umbra
1143 3881 1200 3947 no:

60 3954 197 4012 minetur:
232 3950 306 4008 hinc
328 3970 429 4007 rursus
445 3946 530 4005 lacile
551 3945 680 4017 elicitur,
702 3956 843 4023 quantum
869 3943 904 4001 ah
937 3962 980 3999 rac
1001 3938 1123 3997 confusa
1142 3936 1201 3992 θοι

61 4029 157 4089 notitia
179 4028 319 4096 disserat,
340 4045 416 4101 quae
435 4023 505 4084 solis
525 4021 654 4081 fidelium
676 4020 846 4100 pectoribus
867 4018 1023 4077 instillatur
1044 4015 1144 4092 pictas,
1168 4032 1201 4068 ex

62 4126 110 4184 qua
128 4108 251 4165 demum
274 4101 385 4181 religio
407 4103 542 4160 nascitur.
581 4099 620 4156 Et
639 4110 736 4157 tamen
759 4096 815 4155 hoc
837 4118 890 4177 per
909 4095 1053 4152 llexnosos
1064 4088 1201 4149 circuitus

63 4184 194 4265 consequi
217 4180 331 4241 uolunt
352 4178 539 4259 hypocritae,
559 4187 592 4235 ut
611 4176 691 4247 Deo,
711 4195 798 4253 quern
820 4172 949 4251 lugiunt,
970 4166 1128 4255 propinqui
1149 4187 1201 4243 ap-

63 4270 182 4335 pareant.
228 4258 293 4317 Uhi
321 4254 402 4315 enim
421 4265 580 4335 perpetuus
607 4250 797 4312 obedientiae
822 4261 909 4307 tenor
929 4248 958 4305 in
980 4257 1043 4304 tota
1062 4254 1119 4303 rna
1140 4262 1202 4299 esse

65 4336 213 4415 debuerat,
235 4337 268 4396 iu
291 4330 410 4395 cunctis
430 4332 492 4391 lere
514 4329 655 4412 operibus
673 4346 777 4388 secure
796 4325 838 4385 illi
859 4322 1051 4398 rebellantes,
1072 4317 1204 4399 pauculis
