2596 4726
131 210 190 277 18⁰
492 198 569 263 tut
586 198 646 263 111.
684 198 773 265 CAP.
790 200 885 263 XXV.

137 346 264 435 „merrus
283 356 367 420 sunt,
383 342 501 435 audient
518 342 692 435 rocemfilii
710 344 767 407 Dei
773 366 783 405 a
808 355 839 405 et
861 342 1025 425 prodibunt
1042 342 1097 424 qui
1119 341 1203 437 bona
1218 344 1261 407 te-

138 436 274 504 „cerunt,
292 424 323 481 in
342 432 586 481 resurrectionem
604 434 696 482 vitae:
716 422 850 501 quivero
868 420 944 481 mala
962 432 1101 503 egerunt,
1118 440 1151 481 ιι
1170 438 1261 483 ronr-

138 496 1262 637 trahertes-:trsttr:tt⁰¹tsat‘ertrtrttttnt‘

137 602 262 733 belrain
281 652 413 731 vigorem
432 669 449 709 a
468 670 526 727 quo
547 649 713 709 exciderant
730 594 879 709 rtlllitura?
909 646 1028 709 Adhaec
1047 592 1083 711 sl
1092 650 1181 709 noris
1198 670 1260 709 cor-

160 728 260 789 oribus
280 725 408 786 donandi
430 746 543 799 sumus,
572 724 623 783 ubi
652 725 752 815 capitis
772 736 803 785 et
827 724 1028 785 membrorum
1053 722 1260 787 conformitas?

138 750 305 866 llesurrexit
325 801 472 861 Christus:
489 822 526 860 an
544 821 651 861 novum
670 801 726 862 srbi
744 822 796 861 cor
818 823 850 861 us
868 800 1028 882 fingendo?
1046 802 1109 861 imo
1128 810 1164 861 ut
1181 820 1260 893 pree·

141 882 252 941 dixerat
270 878 331 957 (lu.
351 878 482 953 2‚19.):
518 876 690 951 „Destruite
712 821 853 955 templlrm
878 876 950 949 hoc,
979 888 1011 937 ct
1034 876 1137 937 triduo
1156 894 1259 959 engan

140 956 242 1017 illud.“
282 953 373 1028 Quod
392 953 470 1031 prius
510 964 650 1011 estavcrat
664 953 788 1014 mortale
807 970 924 1031 corpus,
941 952 1047 1012 iterum
1063 951 1194 1033 recepit:
1212 970 1260 1011 rte·

163 1052 200 1091 ue
219 1030 298 1091 enim
317 1028 439 1087 multum
459 1047 497 1086 uo
522 1028 544 1087 is
555 1028 721 1107 profuisset,
731 1029 891 1109 subrogato
903 1048 982 1089 noro
993 1049 1029 1089 co
1089 1048 1134 1101 re,
1151 1026 1259 1089 aboleri

140 1054 215 1167 lltud
235 1104 315 1184 quod
333 1104 365 1162 iu
384 1102 555 1163 sacrificium
575 1104 745 1181 expiationis
763 1101 895 1165 oblatum
914 1104 1019 1165 luerat.
1086 1102 1205 1165 enenda
1221 1114 1260 1163 est

143 1184 229 1244 etiarn
249 1181 299 1240 illa
317 1178 449 1249 societas,
469 1200 554 1257 quam
574 1180 722 1259 praedicat
740 1178 899 1259 Apostolus
910 1179 948 1255 (Ι.
964 1180 1037 1240 Cor.
1050 1186 1101 1255 15,
1118 1181 1193 1255 12),
1208 1196 1259 1239 true

140 1275 310 1339 resurgere,
341 1256 409 1333 quia
429 1254 561 1315 Christus
585 1256 755 1315 resurrexits
785 1255 854 1335 quia
876 1254 948 1315 nihil
973 1256 1069 1316 minus
1097 1254 1260 1335 probabile,

162 1354 226 1393 uam
246 1343 279 1393 ut
298 1331 426 1409 privetur
439 1330 548 1391 Christi
566 1334 781 1393 resurrectione
794 1350 862 1392 earo
882 1343 991 1403 nostra,
1009 1331 1041 1391 in
1060 1351 1120 1410 qua
1140 1332 1259 1391 eircum-

140 1356 259 1469 lerimus
278 1407 530 1467 mortificationem
553 1406 641 1485 ipsius
662 1407 780 1471 Christi.
831 1407 922 1481 Quod
942 1408 1060 1486 quidem
1085 1404 1192 1467 illustri
1209 1406 1260 1467 do·

140 1495 284 1545 eumento¹
296 1484 400 1561 patuit,
420 1482 487 1541 dum
507 1494 678 1563 resurgente
696 1483 814 1545 Christo
833 1483 923 1543 multa
942 1502 1067 1563 corpora
1087 1483 1259 1543 Sanctorum

141 1560 273 1621 exierunt
292 1579 308 1619 e
327 1558 476 1637 sepulcris.
514 1560 617 1637 Neque
637 1561 715 1618 enim
734 1558 836 1652 negari
855 1570 962 1638 potest,
981 1558 1038 1619 boc
1050 1558 1170 1619 ultimae
1180 1578 1259 1639 quan

140 1634 843 1773 tt‘ttth‘ttttlthtt‘‘llttitit‘’
857 1633 1261 1789 {tlttitttttlffi

143 1791 276 1848 rectionis
293 1786 461 1846 candidatos
484 1799 583 1847 vocat:
615 1790 682 1865 quia
707 1752 832 1867 corpord
860 1798 891 1847 et
912 1788 1006 1848 anima
1029 1806 1048 1849 a
1071 1788 1261 1867 corruptione

144 1864 279 1944 exempti,
298 1864 329 1922 in
348 1862 406 1922 Dei
425 1862 584 1923 custodiam
603 1864 715 1941 recepti
733 1862 850 1924 luerint.
1223 1896 1227 1905 ,

187 1992 190 1997 .
219 1945 248 2005 8.
286 1938 382 1998 Pudet
399 1958 446 1997 me
471 1938 502 1996 iu
522 1959 554 1997 re
581 1950 637 1997 tam
662 1939 738 1999 clara
767 1950 880 1999 tantum
900 1938 1056 2001 verborum
1076 1956 1258 2001 consumere:

142 2017 194 2079 sed
214 2016 287 2076 hanc
308 2014 467 2075 molestiam
487 2013 599 2092 placide
618 2034 731 2075 mecum
743 2016 889 2076 vorabunt
906 2014 1043 2093 lectores,
1061 2036 1102 2077 ue
1121 2016 1259 2095 quaritur

37 2158 42 2167 ,
145 2094 182 2153 ad
207 2090 395 2173 decipiendos
422 2090 564 2168 simplices
595 2094 734 2168 perversis
759 2103 790 2150 et
817 2092 971 2151 audaeibus
1000 2092 1031 2151 iu
1054 2092 1131 2153 euiis
1159 2102 1259 2173 pateat.

146 2166 272 2229 Cerebri
289 2168 333 2227 sui
352 2178 550 2226 commentum
569 2166 723 2244 proleruut
737 2165 852 2227 volatici
869 2168 1045 2249 spiritusque
1066 2189 1170 2229 uacum
1188 2184 1260 2227 nune

146 2243 342 2323 disputu:‚in
369 2243 583 2303 resurrectione
616 2264 759 2304 uovorum
789 2264 945 2323 corporum
978 2245 1047 2305 lore
1077 2244 1258 2305 emationere

145 2319 213 2393 Qua
232 2318 346 2378 ratione
366 2317 480 2396 impulsi
500 2320 697 2393 basentium,
717 2321 771 2379 nisi
792 2321 857 2399 quia
876 2319 1048 2381 incredibile
1066 2320 1124 2381 illis
1141 2319 1259 2392 videtur,

144 2394 266 2454 cadaver
290 2406 347 2453 tam
373 2394 461 2473 louga
482 2396 636 2473 putredine
656 2408 858 2475 consumptum
877 2416 962 2486 posse
985 2396 1016 2455 in
1035 2397 1192 2476 pristinum
1208 2404 1258 2455 tta·

143 2481 206 2529 tum
226 2468 340 2527 redire?
377 2470 458 2545 Ergo
477 2470 539 2529 sola
558 2470 613 2529 illis
633 2471 819 2531 incredulitas
839 2471 921 2531 butus
930 2474 1090 2533 sententiae
1103 2484 1149 2533 est
1167 2482 1256 2531 mater.

144 2546 207 2606 Nos
228 2558 330 2605 contra
349 2544 474 2622 Spiritus
493 2546 550 2603 Dei
570 2546 606 2604 ad
632 2547 802 2624 sperandam
823 2550 914 2608 caruis
939 2562 1054 2609 nostrae
1074 2546 1257 2609 resurrectio-

144 2642 213 2681 nem
233 2621 434 2699 inscriptura
475 2623 558 2680 assim
579 2623 719 2681 hortatur.
768 2624 831 2683 llac
852 2627 963 2685 ratione
982 2625 1163 2704 Baptismus,
1192 2632 1256 2684 teste

144 2698 237 2758 Paulo
257 2697 339 2773 (Col.
359 2702 388 2769 2,
407 2643 485 2773 ahl,
505 2698 629 2777 sigillum
649 2698 733 2758 nobis
754 2712 796 2758 est
816 2700 931 2759 futurae
950 2702 1191 2762 resurrectionis:
1209 2716 1255 2759 ner

136 2774 240 2833 minus
260 2794 338 2834 sacra
350 2774 453 2834 Coena
472 2775 508 2834 ad
528 2776 588 2834 eius
607 2775 738 2834 fiduciam
759 2796 813 2836 uos
832 2778 947 2849 inritat,
966 2778 1033 2835 dum
1052 2776 1189 2867 symbola
1205 2774 1254 2853 spi·

146 2851 256 2910 ritualis
288 2853 398 2932 gratiae
429 2872 481 2911 ore
512 2852 694 2930 percipimus.
743 2854 782 2911 Et
806 2864 884 2911 certe
911 2865 973 2912 tota
993 2854 1077 2914 Pauli
1103 2850 1253 2915 exhortatio

146 2928 249 3005 (Roth.
269 2934 304 2997 6,
323 2927 401 3001 att),
431 2940 485 3001 „ut
503 2928 633 2987 memhra
658 2940 756 2987 nostra
776 2928 957 2989 exhibeamus
976 2950 1053 2989 arma
1072 2930 1105 2989 iu
1124 2930 1254 2991 obedier-

146 3004 217 3062 tiam
237 3003 391 3071 iustitiae‚“
412 3002 544 3081 frigeret,
564 3004 617 3061 nisi
631 3005 782 3064 accederet
794 3006 872 3083 quod
890 3017 991 3085 postea
1003 3005 1154 3088 subiungit
1165 3006 1252 3086 (llum.

145 3083 175 3151 8,
194 3082 271 3155 1··l.):
291 3078 375 3152 „Qui
392 3080 538 3137 suscitavit
558 3079 706 3139 Christum
726 3100 741 3138 a
760 3081 890 3155 mortuis,
909 3081 1062 3142 vivificabit
1080 3095 1113 3142 et
1133 3076 1254 3144 mortalit

147 3173 272 3231 corpora
285 3158 410 3213 vestra.“
450 3154 529 3227 Quid
548 3154 624 3211 enirn
643 3157 763 3228 iuvaret,
782 3177 817 3236 ap
841 3157 927 3215 litare
946 3159 1044 3235 pedes,
1063 3180 1176 3231 monus,
1193 3176 1252 3221 oct-

147 3226 192 3286 los
212 3240 242 3285 ct
261 3227 372 3329 linguas
391 3229 420 3287 in
445 3230 616 3318 obsequium
636 3230 709 3305 Dei,
741 3232 794 3291 nisi
820 3178 930 3292 lructus
951 3246 981 3292 et
1003 3236 1146 3296 mercedis
1170 3240 1254 3295 arent

146 3302 318 3382 participcst
371 3305 461 3376 Quod
491 3326 548 3363 surs
571 3305 669 3364 verbis
700 3320 799 3385 aperte
824 3310 977 3368 confirmat
1002 3310 1109 3371 Paulus
1134 3312 1174 3389 (l.
1193 3310 1253 3371 Cor·

146 3383 241 3451 6,13.
260 3382 354 3469 sqq.):
384 3381 521 3459 „Corpus
542 3402 601 3438 non
620 3385 807 3457 scortationi,
832 3386 881 3443 sed
901 3385 1046 3446 Domino:
1073 3398 1104 3447 et
1123 3386 1254 3448 Dominus

147 3473 299 3533 „corpore
339 3454 400 3528 Qui
419 3477 489 3515 vero
507 3458 652 3516 suscitavit
672 3460 831 3533 Christum,
856 3473 887 3520 et
906 3480 959 3520 nos
978 3464 1129 3524 suscitabit
1152 3482 1204 3545 per
1220 3460 1255 3523 tl-

148 3542 230 3607 „tartt
253 3538 362 3589 suant.“
423 3532 554 3591 Clariora
584 3545 652 3591 sunt
678 3556 752 3613 quae
776 3555 806 3595 se
829 3548 951 3612 uuntur,
982 3558 1016 3597 ca
1045 3560 1109 3600 esse
1138 3537 1255 3618 „templa

151 3605 299 3685 „Spiritus
319 3608 410 3665 sancti
431 3618 460 3666 et
484 3608 614 3668 memhra
635 3610 773 3670 tltrristis‘
840 3624 937 3672 nterea
963 3615 1092 3675 videmus
1116 3630 1148 3676 ut
1172 3634 1282 3676 resur·-

149 3682 312 3743 rectiouem
324 3704 387 3741 cum
403 3685 533 3743 castitate
553 3696 583 3744 et
600 3686 788 3746 sanctimonia
801 3689 907 3748 coniun
931 3702 972 3749 at:
991 3691 1075 3751 sicuti
1089 3694 1184 3783 paulo
1201 3700 1257 3771 poet

147 3757 277 3839 pretium
296 3758 504 3838 redemptionis
524 3760 558 3820 ad
579 3782 703 3840 corpora
723 3764 859 3822 extendit.
903 3710 963 3825 llam
987 3767 1096 3827 rationi
1117 3778 1257 3829 cousenta-

148 3854 239 3893 neum
258 3855 319 3894 non
338 3848 424 3909 esset,
442 3836 524 3895 Pauli
545 3858 660 3915 corpus,
679 3840 708 3896 in
729 3860 787 3916 quo
807 3841 938 3921 stigmata
955 3842 1063 3904 Christi
1083 3846 1216 3923 portavit,
1232 3852 1257 3901 et

148 3908 180 3968 in
200 3930 259 3989 quo
279 3932 324 3970 rua
348 3912 432 3971 nifice
445 3912 592 3972 Christum
611 3914 784 3993 glorificavit
799 3915 880 3989 (Gal.
892 3922 1002 3995 6,17.),
1021 3919 1121 3980 orbari
1140 3934 1257 3983 coronet

148 3985 289 4063 praemio.
359 3988 414 4047 nde
435 3987 529 4047 stilla
549 3989 683 4069 gloriatio
704 3990 794 4065 (Phil.
812 3998 847 4066 3,
866 3998 945 4069 21.):
976 3997 1201 4076 „Exspectamus
1218 4014 1256 4055 re·

151 4061 334 4141 demptorem
354 4085 371 4123 e
390 4064 490 4138 coelis,
508 4070 557 4143 qui
578 4086 684 4145 corpus
704 4077 834 4125 nostrum
853 4069 1008 4142 abiectum,
1028 4072 1181 4133 conlorrne
1199 4068 1255 4131 red·

153 4137 203 4196 det
222 4140 341 4218 corpori
360 4139 495 4201 claritatis
515 4148 612 4202 suae-‘⁴
661 4144 728 4201 llcsi
749 4164 846 4202 verum
868 4158 911 4203 cst
929 4146 1011 4223 illud,
1029 4169 1084 4229 per
1102 4150 1204 4210 multas
1220 4144 1255 4205 al·

148 4212 294 4276 flictiones
314 4228 452 4294 oportere
471 4238 526 4278 nos
546 4217 659 4308 ingredi
685 4220 714 4277 in
735 4239 856 4299 reguum
877 4221 932 4281 Dei
951 4223 1031 4299 (Act.
1051 4232 1104 4301 14,
1122 4230 1199 4301 22),
1225 4220 1253 4283 ab

147 4288 206 4351 hoc
227 4290 359 4373 ingressu
381 4313 506 4373 corpora
533 4293 690 4375 pronibere
710 4294 788 4357 nulla
811 4296 886 4359 tatio
906 4302 1044 4376 sustinet,
1072 4322 1146 4383 quae
1165 4313 1195 4365 et
1210 4294 1253 4361 sul
