2700 4732
147 166 208 231 83⁰
527 162 604 225 ΠΒ.
623 163 667 225 11.
705 163 794 227 CAP.
814 164 895 229 XVI.

110 322 114 329 “
147 319 209 369 tem
227 306 330 388 (Rom.
348 311 388 383 ὅς
401 314 430 375 9.
449 306 522 386 tu).
558 306 702 385 Rursum,
727 308 790 384 Qui
809 320 961 403 peccatum
980 330 1042 371 nor
1062 322 1202 384 noverat,
1248 334 1284 375 ro

146 383 237 445 nobis
256 384 349 446 factus
369 397 414 445 est
432 396 595 464 peccatum,
613 398 647 446 ut
667 406 793 447 essemus
811 387 921 448 :ustitia
938 386 998 447 Dei
1016 388 1049 447 in
1067 388 1120 449 illo
1139 389 1208 466 (ΙΙ.Ι
1237 410 1284 451 or.

146 467 178 536 6,
196 464 269 538 bh).
308 464 378 521 Non
398 462 495 521 omnia
516 482 689 556 persequar,
707 463 776 541 quis
794 463 950 525 immensus
970 477 1046 525 esset
1065 463 1231 546 catalogus,
1250 479 1285 529 et

145 537 238 598 multa
258 538 364 609 deinde
384 559 437 598 suo
459 538 563 598 ordrne
583 538 698 600 citanda
716 551 813 601 erunt.
857 540 1062 615 Quamobrem
1087 542 1117 601 in
1142 542 1282 623 symh‘olo

145 614 230 689 fidei,
250 615 330 694 quod
348 615 551 694 Apostolicum
570 627 700 690 vocant,
717 616 831 696 optimo
852 617 958 678 ordine
981 618 1077 677 stetim
1098 638 1115 677 a
1135 618 1283 689 natalibus

146 690 259 752 Christi
289 692 323 750 fit
345 692 483 755 transitus
502 691 539 750 ad
557 704 683 752 mortem
708 705 739 752 et
765 693 1028 766 resurrectionem,
1060 693 1111 753 ubi
1132 694 1281 774 perfectae

145 766 246 828 salutis
265 788 376 827 summa
395 767 538 828 consistit.
575 769 681 848 Neque
700 780 796 828 umen
808 769 969 829 excluditur
988 771 1100 849 reliqua
1119 792 1186 850 pars
1206 772 1281 834 ohe·

146 842 282 919 (liertiae,
303 865 359 924 qua
379 843 534 904 defunctus
548 857 592 905 est
610 845 641 903 in
654 844 726 905 rita:
747 845 832 905 sicuti
842 845 950 906 Paulus
970 845 1006 906 ab
1027 846 1113 909 initio
1133 848 1169 908 ad
1188 847 1280 910 finem

144 920 1068 1059 tttt‘tttttt?ttssltlltntttdt‘Jt‘tttt³t:”⁵5‘¹t
1087 923 1182 985 ‘⁰¹¹⁸'
1201 926 1279 1062 ἱῗΝΕ

144 1017 238 1136 crucis
257 1041 349 1154 (Phil.
368 1079 398 1145 b,
416 1075 469 1149 7.).
512 1073 553 1134 Et
570 1094 640 1136 saue
659 1074 690 1134 in
716 1022 778 1135 iqsa
797 1020 1204 1166 quoquerprfnuhbiidhh
1222 1022 1280 1139 tf:

144 1163 233 1245 cupat
253 1149 418 1211 voluntaria
436 1148 595 1212 subiectio:
615 1151 682 1231 quia
702 1096 746 1211 ad
759 1152 899 1212 iustitiam
916 1152 989 1212 nrhil
1008 1152 1170 1233 profuisset
1186 1156 1278 1215 sacri-

141 1228 257 1301 ficrum,
281 1227 339 1288 nisi
357 1238 464 1307 sponte
483 1226 621 1288 oblatum.
670 1228 774 1306 ltaque
794 1226 846 1286 uhi
864 1239 985 1288 testatus
1005 1241 1047 1289 est
1067 1230 1225 1307 Dominus,
1243 1252 1277 1292 se

142 1304 268 1364 animam
288 1324 345 1384 pro
365 1302 468 1363 ovibus
509 1323 616 1364 onere:
648 1303 756 1364 diserte
774 1304 869 1379 addit,
892 1304 989 1365 Nemo
1009 1305 1088 1367 tollit
1109 1326 1170 1367 eam
1191 1328 1208 1369 a
1226 1327 1277 1369 me
1321 1334 1324 1339 ¹

140 1380 209 1473 ipaq
226 1380 287 1460 (Io.
306 1385 355 1455 fl),
373 1385 421 1444 15.
440 1324 514 1457 tui.
552 1380 625 1455 Quo
645 1400 732 1441 sensu
751 1380 964 1472 Iesaiasdicit,
982 1380 1165 1474 obmutuisse
1182 1384 1277 1445 instar

140 1455 1275 1622 tt'tttssttttttrtlttfetuel‘pltttttlttt‘ltttftt

91 1620 93 1625 ’
140 1611 255 1672 stetisse
265 1610 301 1670 ad
321 1609 504 1669 subeundum
523 1609 671 1670 tudinium.
697 1610 766 1669 Non
786 1609 815 1672 id
835 1609 955 1689 quidem
973 1609 1085 1690 absque
1105 1616 1274 1687 certamine,

139 1689 208 1767 quia
228 1698 259 1746 et
276 1685 459 1746 infirmitates
478 1697 592 1747 nostras
610 1697 793 1766 susceperat:
814 1698 845 1746 et
864 1685 921 1747 hoc
941 1686 1031 1747 modo
1052 1688 1172 1766 probari
1181 1710 1274 1768 opor·

138 1761 413 1900 ttl’t'ttlt‘t
431 1782 486 1899 tt}
505 1762 1272 1902 ttztl'lttlt‘ttttsEtltt”ttrvt'tttff

137 1915 192 1976 hili
213 1859 431 1990 formidine,get
449 1916 527 1976 inter
546 1860 712 1977 dimittor
732 1860 877 1976 embiarus
897 1881 1025 1976 abiicere
1043 1915 1089 1977 sui
1108 1937 1219 1992 curam,
1238 1930 1273 1980 ut

136 1992 226 2053 nobis
245 1991 422 2053 consuleret.
465 1991 544 2052 lllud
568 1992 685 2072 quidem
710 1992 870 2052 tenendum
891 2003 952 2066 est,
982 2012 1045 2053 non
1064 1992 1195 2073 potuisse
1213 1994 1272 2056 rite

136 2069 206 2130 Deo
226 2069 311 2131 aliter
329 2068 419 2143 litari,
444 2090 530 2147 quam
551 2067 619 2129 dum
638 2070 762 2149 proprio
781 2089 811 2128 se
832 2067 942 2129 affectu
962 2068 1102 2130 abdicans
1123 2070 1268 2144 Christus,

136 2146 216 2210 illius
235 2166 267 2208 se
286 2144 408 2205 arbitrio
430 2145 569 2219 subiecit,
588 2157 744 2225 totumque
763 2144 878 2205 addixit.
918 2144 1016 2218 Quam
1036 2146 1071 2205 ad
1093 2166 1155 2215 rem
1174 2168 1270 2227 appo-

135 2226 192 2285 site
208 2222 409 2282 testimooium
428 2221 499 2281 illud
513 2221 620 2282 Psalmi
632 2224 702 2283 citat
713 2220 873 2302 Apostolus
886 2220 993 2300 (llebn
1001 2228 1050 2298 1⁰,
1060 2229 1089 2288 5.
1100 2222 1149 2283 Ps.
1155 2227 1268 2300 dtl,9.):

136 2299 195 2373 „ln
214 2299 291 2358 libro
311 2299 400 2380 Legis
419 2299 558 2379 scriptum
585 2311 630 2360 est
654 2299 773 2372 deme,
801 2310 834 2358 ut
853 2298 956 2358 faciam
982 2298 1163 2359 voluntatem
1185 2311 1268 2361 tuam

135 2376 228 2436 Deus.
270 2376 366 2447 Volo,
385 2385 417 2434 et
435 2375 495 2435 Lex
519 2387 569 2434 tua
594 2376 625 2435 in
650 2376 747 2435 medio
768 2374 865 2435 cordis
884 2376 952 2434 mei.
990 2373 1077 2434 Tunc
1097 2375 1168 2448 dixi,
1186 2377 1267 2439 Eece

134 2453 256 2515 renio.“
294 2451 452 2512 Caeterum
472 2451 539 2531 quia
557 2452 676 2512 nonnisi
693 2450 837 2513 sacrificio
857 2464 888 2512 et
906 2450 1070 2525 ablutione,
1089 2451 1195 2531 quibus
1216 2473 1266 2513 ex-

22 2548 28 2557 ·
134 2531 254 2612 piantur
271 2541 403 2607 peccata,
422 2528 550 2608 quietem
570 2530 722 2608 reperiunt
740 2527 873 2608 trepidae
884 2528 1094 2589 conscientiae:
1112 2528 1182 2587 illuc
1200 2549 1264 2588 me·

134 2607 194 2666 rito
216 2606 385 2685 dirigimur,
417 2618 447 2665 et
471 2606 500 2663 in
525 2618 622 2666 morte
642 2604 752 2667 Christi
775 2605 915 2665 statuitur
933 2604 1018 2664 nohis
1037 2604 1113 2663 ritae
1131 2606 1261 2665 materia.

133 2684 233 2743 Porro
253 2684 320 2762 quia
340 2702 395 2741 uos
415 2679 580 2742 maledictio
606 2702 640 2741 ex
664 2695 747 2741 reatu
773 2681 911 2741 manebat
930 2680 966 2741 ad
985 2678 1112 2741 coeleste
1131 2679 1189 2740 Dei
1208 2682 1263 2741 tri·

133 2757 241 2834 huual,
264 2759 369 2894 lprimo
400 2756 469 2819 loco
501 2758 629 2819 refertur
659 2758 805 2818 damnatio
844 2778 943 2818 coram
974 2756 1108 2836 praeside
1137 2757 1264 2821 ludaeae

133 2837 244 2899 Pontio
291 2837 379 2896 ilato:
411 2847 444 2894 ut
462 2835 599 2908 sciamus,
629 2856 772 2915 poenam,
795 2835 843 2895 cui
863 2855 976 2895 eramus
995 2833 1145 2909 obstricti,
1176 2834 1265 2897 fuisse

132 2915 210 2975 iusto
230 2913 379 2973 inflictam.
417 2911 570 2972 Horrihile
589 2912 648 2972 Dei
671 2911 809 2971 iudicium
833 2910 967 2993 effugere
992 2931 1054 2970 non
1081 2922 1264 2991 poteramus:

126 2984 167 3051 'ut
185 2990 255 3050 inde
274 3009 329 3049 nos
348 2990 476 3069 eriperet
495 2989 643 3063 Christus,
674 3009 771 3049 coram
792 2987 911 3047 homine
930 2987 1064 3057 mortali,
1095 2988 1156 3046 imo
1176 2988 1262 3050 etiam

132 3066 258 3128 scelesto
289 3078 321 3125 et
350 3067 478 3145 profano
509 3066 636 3126 damnari
666 3066 812 3125 sustinuit.
860 3063 966 3143 Neque
994 3063 1074 3122 enirn
1104 3063 1208 3131 solum¹
1224 3067 1263 3126 ad

132 3143 319 3204 astruendam
339 3142 479 3202 historiae
509 3142 596 3201 fidem
627 3142 799 3221 exprimitur
826 3159 935 3200 nomen
964 3138 1121 3217 praefecti,
1149 3140 1201 3199 scd
1227 3157 1263 3205 ut

133 3221 273 3281 discamus
294 3219 373 3298 quod
394 3219 481 3279 docet
492 3219 605 3294 lessies,
626 3218 847 3299 castigationem
867 3216 945 3295 pacis
965 3227 1083 3274 nostrae
1103 3215 1192 3276 fuisse
1209 3241 1262 3278 su.

132 3318 188 3378 per
205 3315 282 3368 eum,
303 3297 422 3374 eiusque
442 3294 536 3355 livore
556 3316 611 3356 nos
635 3295 722 3355 fuisse
746 3305 861 3354 sanatos
887 3293 957 3371 (les.
976 3295 1032 3365 ὦ,
1052 3295 1104 3367 b).
1152 3293 1261 3374 Neque

132 3374 210 3434 enim
229 3371 379 3433 tollendae
393 3371 586 3431 damnationis
605 3383 724 3430 nostrae
736 3391 818 3433 causa
836 3370 905 3429 satis
925 3381 988 3427 erat
999 3368 1159 3446 quamlibet
1174 3371 1261 3433 obire

130 3462 272 3511 mortem:
297 3447 364 3520 sed,
388 3469 447 3527 quo
466 3448 663 3526 redemptioni
683 3460 800 3508 nostrae
818 3445 1012 3516 satisfaceret,
1041 3464 1133 3526 genus
1155 3454 1260 3514 mortis

131 3525 319 3606 deligendum
338 3523 408 3596 fuit,
429 3526 458 3584 in
479 3545 539 3604 quo
559 3537 589 3583 et
609 3526 824 3585 damnationem
844 3521 880 3582 ad
903 3543 934 3581 se
954 3520 1125 3594 traducens,
1145 3536 1175 3582 et
1194 3527 1259 3605 pia.

130 3603 227 3666 culum
247 3603 277 3661 in
297 3621 328 3663 se
340 3601 495 3681 recipiens,
514 3613 640 3680 utroque
652 3622 706 3662 nos
718 3601 863 3659 liberaret.
903 3598 935 3658 Si
955 3619 971 3658 a
991 3597 1153 3659 latronibus
1171 3602 1260 3683 iugu-
1341 3660 1344 3671 ,

128 3681 204 3743 latus
224 3679 339 3757 fnisset,
357 3677 404 3737 vel
423 3678 610 3738 tumultuarie
630 3699 729 3739 caesus
748 3696 802 3756 per
820 3676 994 3736 seditionem
1016 3674 1111 3756 vulgi,
1130 3676 1161 3735 in
1181 3682 1258 3744 eius-

127 3757 211 3820 modi
229 3767 327 3816 morte
345 3752 423 3814 nulla
441 3755 648 3816 satisfactionis
667 3755 778 3835 species
797 3753 959 3813 exstitisset.
991 3752 1100 3810 Verum
1120 3754 1171 3814 ubi
1190 3778 1259 3822 reus

78 3886 82 3899 .
127 3835 165 3898 ad
183 3832 312 3894 tribunal
331 3830 458 3908 sistitur,
476 3831 650 3892 testimoniis
669 3831 801 3912 arguitur
821 3843 852 3889 et
871 3830 1028 3909 premitur,
1048 3828 1135 3906 ipsius
1155 3833 1258 3898 iudicis

127 3931 183 3974 ore
202 3911 290 3969 morti
310 3908 467 3968 addicitur:
498 3909 540 3968 his
560 3908 743 3968 documentis
773 3907 964 3988 intelligimus
987 3905 1079 3984 ipsum
1101 3926 1257 3985 personam

126 3987 222 4057 sontis
241 3997 272 4045 et
290 3983 413 4046 malefici
432 3985 583 4045 sustinere.
621 3986 721 4062 Atque
740 3982 785 4042 hic
806 3984 864 4042 duo
885 3981 1014 4042 notanda
1034 3993 1112 4056 sunt,
1131 4005 1206 4062 quae
1227 4002 1257 4050 et

126 4064 338 4147 prophetarum
350 4062 490 4122 vaticiniis
511 4061 656 4141 praedicta
677 4072 769 4132 erant,
789 4072 819 4119 et
837 4059 968 4118 eximiam
988 4058 1056 4117 fidei
1076 4062 1256 4125 consolatio·

126 4161 195 4203 nem
216 4151 246 4198 et
265 4139 516 4198 confirmationem
541 4138 678 4197 afferunt.
729 4136 831 4209 Quum
856 4136 934 4196 euim
954 4135 1105 4195 Christum
1124 4140 1257 4205 audimus

126 4240 144 4278 a
164 4215 266 4277 iudicis
284 4214 359 4275 solio
380 4214 552 4277 admortem
567 4215 726 4285 dimissum,
746 4213 823 4271 inter
841 4212 972 4272 latrones
993 4230 1055 4270 esse
1069 4233 1255 4291 suspensum:

125 4291 266 4355 habemus
285 4292 531 4371 complementum
549 4292 609 4352 eius
630 4289 813 4370 prophetiae,
830 4311 903 4368 quae
922 4288 958 4348 ab
978 4288 1164 4369 Evangelista
1183 4296 1256 4355 cita·
