2700 4732
463 214 540 277 ΠΒ.
560 215 617 278 lll.
657 214 746 279 CAP.
766 215 804 277 V.
1145 221 1203 287 m

89 380 129 423 ire
148 358 228 443 qnod
249 358 338 422 tradit
356 358 435 421 idem
455 359 744 444 chrysostomus
764 361 918 498 quondo.
931 360 1116 444 fnGenes.],
1133 381 1202 426 ennr

89 436 139 501 ibil
157 458 173 501 s
193 437 281 499 nobis
301 436 377 499 ultra
396 439 558 519 requirere,
578 461 664 520 quam
682 452 716 501 ut
736 439 773 501 de
786 439 841 499 icta
861 450 963 501 nostra
980 462 1046 501 cum
1066 438 1202 523 lacrymis

89 515 141 577 sud
159 534 192 575 se
211 513 418 575 conliteamur:
450 518 570 596 quando
596 515 741 577 eiusmodi
759 517 923 577 sententiae
942 515 1068 577 subinde
1087 519 1119 577 in
1139 518 1202 580 eius

89 592 230 655 :aliorum
249 591 364 671 scriptis
383 604 548 653 recurrunt.
581 592 806 675 Augustinus
819 592 936 673 quidem
947 592 1201 729 alicubiJEnchir.

89 670 95 729 l
116 667 224 750 baon]
245 688 338 749 opera
356 669 575 729 misericordiae
600 670 729 729 remedia
754 662 905 749 nuncupat
929 669 1053 729 obtinen
1075 690 1110 731 ae
1129 692 1201 764 pec-

89 758 196 809 itorum
227 745 420 805 remissionis:
452 746 503 805 sed
523 766 562 806 ne
586 747 618 805 iu
644 746 768 807 verbulo
791 746 848 807 isto
870 745 935 825 quis
953 746 1114 841 impingat,
1137 768 1201 829 ipse

88 824 119 883 io
139 822 210 883 loco
223 821 366 883 occurrit:
385 821 487 896 „Caro
501 822 623 897 Christi,
643 822 751 903 inquit,
770 842 871 883 verum
892 833 937 883 est
955 834 987 882 et
1005 844 1123 885 unicum
1142 846 1200 905 pro

89 900 210 961 secutis
228 897 418 975 sacrificium,
444 919 507 958 non
527 900 617 959 modo
637 898 689 974 iis,
715 919 791 978 quac
816 898 950 959 universa
973 900 1005 958 in
1025 898 1200 981 baptismate

89 976 236 1052 lelentur,
254 974 306 1035 sed
347 994 401 1035 uae
421 988 523 1054 postea
543 996 576 1035 ex
596 974 763 1035 infirmitate
782 974 960 1055 subrepunt:
1002 988 1105 1057 supter
1124 997 1200 1058 quae

89 1054 215 1115 universa
235 996 369 1132 quotisiie
393 1051 499 1111 clamat
523 1051 661 1127 ecelesia,
690 1052 820 1113 Remitte
850 1051 938 1111 nobis
990 1050 1068 1114 obite
1098 1066 1200 1115 nostm

89 1128 204 1211 [ttattb.
221 1134 255 1201 6,
275 1130 349 1207 12).
400 1129 441 1188 Et
460 1128 650 1189 remittuntur
668 1148 723 1208 per
741 1127 887 1220 singulare
905 1127 979 1189 illud
997 1126 1201 1191 samibeium.“

136 1210 186 1273 ω.
223 1206 379 1265 vocarunt
408 1216 506 1265 sutem
532 1205 722 1284 utplurimum
753 1204 997 1281 satisfactionem,
1022 1227 1085 1268 non
1117 1227 1206 1269 corn-.

89 1284 265 1345 :nationem
295 1302 370 1361 quae
393 1280 463 1341 Deo
495 1282 684 1355 redderetur,
714 1279 766 1343 sed
787 1280 934 1361 publicam
953 1283 1201 1362 testificationem,

89 1382 117 1423 ta
137 1358 190 1441 qui
214 1358 517 1420 excommunicatione
541 1358 672 1420 mulctati
696 1357 830 1434 fuerant,
854 1379 943 1438 quum
963 1360 994 1419 iu
1014 1362 1201 1423 communio·

89 1456 131 1498 em
151 1436 212 1497 reci
235 1436 244 1495 i
263 1432 388 1509 vellent,
412 1435 561 1495 ecclesiam
582 1434 748 1495 reddebant
766 1436 865 1495 desua
885 1436 1070 1515 poenitentia
1089 1440 1200 1500 certio·

89 1536 133 1575 sn.
170 1458 385 1573 Iniicebantur
413 1511 491 1571 enim
516 1512 572 1573 illis
598 1511 821 1593 poenitentibus
841 1522 920 1573 certe
939 1513 1064 1589 ieiunis,
1091 1514 1200 1577 etalio

89 1589 168 1651 ribus
187 1609 219 1649 sc
238 1589 344 1668 prioris
364 1587 442 1648 vitae
460 1609 529 1648 vere
550 1600 580 1649 ct
605 1610 639 1647 ex
663 1590 762 1649 animo
787 1600 937 1667 pertaesos
964 1608 1027 1651 esse
1052 1611 1068 1650 a
1090 1592 1201 1672 proba·

91 1680 139 1741 nt,
158 1664 206 1727 vel
224 1664 324 1745 potius
343 1664 477 1745 priorum
489 1667 660 1725 memoriam
672 1665 880 1725 obliterarent:
902 1678 990 1745 atque
1009 1668 1049 1728 its
1059 1611 1200 1729 diceban-

89 1766 108 1805 r
127 1764 191 1803 non
212 1743 291 1816 Deo,
311 1743 361 1802 sed
383 1741 524 1803 ecclesiae
543 1743 719 1803 satisfacere.
759 1740 851 1815 Quod
872 1742 959 1801 etiarn
979 1742 1023 1805 bis
1042 1744 1052 1804 i
1073 1744 1112 1807 sis
1131 1763 1200 1805 ver-

89 1821 176 1885 sab
204 1819 412 1901 Augustino
445 1838 610 1899 expressum
647 1830 691 1878 est
723 1818 753 1879 in
783 1816 956 1879 Encbiridio
990 1819 1027 1880 ad
1084 1834 1199 1882 surent.

89 1920 126 1981 ip.
143 1898 249 1975 ew).
286 1896 330 1954 Ex
348 1895 469 1974 antiquo
490 1915 527 1955 eo
547 1896 605 1955 ritu
624 1906 812 1976 sumpserunt
832 1894 977 1986 originem
997 1897 1200 1960 confessiones

89 2000 94 2035 :
111 1972 336 2047 satisfactiones,
357 1991 432 2052 quae
452 1972 540 2031 bodie
559 1972 590 2031 in
610 1994 662 2031 usu
682 1983 759 2031 sunt.
779 1972 984 2064 Viperessane
1003 1984 1115 2053 partus,
1134 1974 1200 2055 qui·

89 2074 116 2113 rs
136 2050 245 2112 factum
266 2060 361 2109 estut
386 2068 424 2107 ne
445 2048 548 2108 umbra
569 2049 686 2128 quidem
712 2047 843 2109 melioris
862 2047 940 2109 illius
960 2047 1075 2111 formae
1092 2069 1199 2131 super-

89 2140 107 2189 t
147 2128 219 2188 Scio
239 2137 352 2185 veteres
371 2126 518 2184 interdum
544 2125 709 2185 duriuscule
738 2124 837 2204 loqui,
862 2145 935 2199 nee,
958 2137 993 2186 ut
1012 2146 1108 2207 nuper
1131 2126 1200 2205 dixi,

89 2226 162 2265 »run
180 2204 278 2282 lapsos
304 2222 367 2262 esse
387 2222 480 2283 nego:
510 2202 563 2262 sed
589 2221 664 2281 quae
696 2202 827 2282 pauculis
852 2202 949 2263 naevis
973 2222 1090 2283 aspersu
1112 2217 1200 2266 erant

89 2302 133 2343 um
151 2280 241 2341 illotis
261 2280 383 2339 istorum
409 2278 543 2338 manibus
568 2290 744 2353 tractantur,
772 2299 893 2359 prorsus
916 2279 948 2339 in
970 2280 1120 2341 ninantur.
1157 2281 1199 2343 tt:

105 2370 239 2419 veterum
257 2357 431 2415 auctoritate
451 2356 640 2437 pugnandum
661 2367 719 2429 cst,
746 2377 835 2435 quus,
859 2354 941 2415 Deus
982 2376 1058 2433 one,
1082 2368 1198 2420 veteres

89 2432 149 2497 nbis
176 2432 359 2494 obtrudunt?
405 2432 490 2491 Bona
521 2454 587 2510 pars
619 2452 734 2507 eorum,
763 2432 870 2511 quibus
888 2432 1075 2494 Lombardus
1094 2454 1198 2495 eornm

89 2535 96 2572 s
136 2510 243 2591 pbaeus
264 2521 405 2568 centones
430 2530 498 2569 suos
519 2510 684 2582 contexuit,
719 2529 753 2568 ex
778 2507 893 2568 insulsis
919 2511 1105 2601 quorundam
1129 2532 1197 2573 mo·
1261 2514 1264 2521 '

89 2611 115 2650 sc
139 2609 223 2648 orum
245 2586 365 2655 deliciis,
385 2605 459 2663 quae
485 2585 538 2645 sub
565 2585 729 2658 Ambrosii,
761 2586 1143 2667 Hieronym1,.Augustini
1167 2600 1200 2648 et

89 2663 267 2746 brysostomi
289 2663 408 2720 nominc
430 2663 579 2733 seruntur,
599 2662 738 2741 decerpta
760 2675 816 2721 est:
839 2662 920 2721 utin
941 2665 1090 2741 praesenti
1110 2684 1199 2759 trgu-

89 2754 163 2803 .ento
183 2742 281 2800 omnia
309 2739 371 2797 fere
395 2740 481 2797 sumit
501 2760 517 2797 c
538 2737 613 2799 libro
633 2738 790 2830 Augustini
822 2737 858 2796 de
880 2742 1073 2872 pomitentin,
1106 2762 1157 2819 qur
1180 2763 1198 2803 a

89 2817 208 2899 sspsodo
228 2816 326 2895 aliquo
346 2818 446 2893 inepte
467 2835 499 2872 cx
526 2814 611 2874 bonis
638 2828 746 2894 pariter
772 2836 805 2874 ac
832 2836 876 2874 ma
890 2817 913 2873 is
933 2816 1103 2877 auctoribus
1123 2838 1196 2878 con-

89 2895 234 2967 uoinatus,
253 2892 411 2972 Augustini
431 2892 546 2971 quidem
568 2912 676 2952 nomen
698 2891 842 2971 praefert,
862 2893 913 2951 sed
956 2911 1022 2951 uem
1042 2912 1130 2955 neruo
1150 2893 1198 2956 vel

91 2970 251 3031 ediocriter
271 2969 374 3027 doctus
393 2989 555 3048 agnoscere
581 2989 636 3047 pro
661 2990 714 3027 suo
736 2966 882 3059 dignetur.
928 2914 1021 3041 &uod
1046 2980 1144 3029 oute·
1164 2971 1196 3031 in

89 3070 165 3109 trum
184 3046 309 3126 ineptias
330 3057 468 3104 nontam
489 3057 592 3135 argute
612 3047 747 3124 exquiro,
776 3056 931 3127 ignoscant
950 3046 1093 3120 lectores,
1122 3067 1197 3128 quos

89 3125 131 3186 ilo
150 3123 282 3184 molestia
303 3123 407 3181 levarc.
454 3122 525 3180 Alibi
547 3134 627 3181 certe
647 3142 702 3181 nec
722 3121 805 3182 valde
826 3122 1022 3198 laboriosum,
1048 3134 1197 3186 ettamen

90 3201 214 3263 susibile
235 3211 312 3258 esset
341 3199 494 3258 traducere
520 3220 584 3258 cum
610 3199 736 3259 maximo
757 3198 883 3277 probro,
901 3218 977 3279 quae
996 3199 1121 3262 antebac
1139 3221 1196 3281 pro

89 3278 205 3413 ystedriis
225 3277 385 3336 lactarunt:
405 3276 455 3336 scd
478 3276 544 3361 quia
566 3275 717 3337 fructuose
737 3275 846 3337 docere
865 3276 1053 3356 propositum
1073 3289 1128 3354 est,
1146 3300 1195 3339 su·

89 3373 213 3416 reseco.

452 3569 710 3642 CAPUT
761 3572 804 3641 V.

94 3767 150 3826 De
169 3764 460 3847 supplementis,
481 3785 571 3844 quae
591 3765 631 3824 ad
656 3764 938 3826 satisfactiones
958 3764 1156 3845 adiiciunt,

271 3878 396 3937 nempe
420 3858 671 3939 indulgentiis
691 3870 728 3917 et
752 3859 982 3940 purgatorio.

125 4037 215 4088 Partes
235 4035 345 4105 Capitis:
378 4036 407 4105 1)
426 4037 648 4100 indulgentiarum
672 4036 856 4105 papisticus-um
873 4055 989 4112 summa,
1012 4037 1152 4108 descriptio
1169 4051 1197 4091 et

89 4123 187 4184 lutatio,
204 4136 263 4173 sect.
282 4127 304 4177 1.
323 4136 347 4172 ct
363 4124 387 4173 2.
407 4152 438 4160 —
475 4120 506 4188 2)
524 4120 675 4171 Earundcm
694 4123 838 4175 confutatio
860 4140 890 4171 cx
906 4120 996 4173 Leone
1014 4135 1039 4173 et
1050 4124 1195 4188 Augustino

89 4271 261 4280 -φ--ῄ
398 4268 574 4277 -——-—

123 4359 152 4425 s)
171 4358 273 4409 Citatur
293 4358 319 4410 in
338 4356 442 4409 Decret.
461 4355 490 4408 G.
508 4356 534 4407 in
553 4370 600 4409 act
619 4358 651 4409 de
669 4355 767 4425 poenit.
784 4355 841 4409 dist.
859 4358 885 4411 1.
