<?xml version="1.0" encoding="UTF-8"?>
<!DOCTYPE html PUBLIC "-//W3C//DTD XHTML 1.0 Transitional//EN"
    "http://www.w3.org/TR/xhtml1/DTD/xhtml1-transitional.dtd">
<html xmlns="http://www.w3.org/1999/xhtml" xml:lang="en" lang="en">
 <head>
  <title>
</title>
<meta http-equiv="Content-Type" content="text/html;charset=utf-8" />
  <meta name='ocr-system' content='tesseract 3.04.00' />
  <meta name='ocr-capabilities' content='ocr_page ocr_carea ocr_par ocr_line ocrx_word'/>
</head>
<body>
  <div class='ocr_page' id='page_1' title='image "./ioanniscalvinii02tholgoog/ioanniscalvinii02tholgoog_0062.png"; bbox 0 0 2596 4726; ppageno 0'>
   <div class='ocr_carea' id='block_1_1' title="bbox 433 212 1166 321">
    <p class='ocr_par' dir='ltr' id='par_1_1' title="bbox 433 212 1166 321">
     <span class='ocr_line' id='line_1_1' title="bbox 433 212 1166 321; baseline 0.005 -34"><span class='ocrx_word' id='word_1_1' title='bbox 433 224 515 321; x_wconf 76' lang='lat' dir='ltr'>pan.</span> <span class='ocrx_word' id='word_1_2' title='bbox 535 227 561 287; x_wconf 88' lang='lat' dir='ltr'>r.</span> <span class='ocrx_word' id='word_1_3' title='bbox 600 224 689 289; x_wconf 78' lang='lat' dir='ltr'>cnr.</span> <span class='ocrx_word' id='word_1_4' title='bbox 708 224 746 287; x_wconf 83' lang='lat' dir='ltr'>r.</span> <span class='ocrx_word' id='word_1_5' title='bbox 836 212 841 225; x_wconf 88' lang='lat'><em>&#39;</em></span> <span class='ocrx_word' id='word_1_6' title='bbox 1124 230 1166 291; x_wconf 81' lang='lat' dir='ltr'>n</span> 
     </span>
    </p>
   </div>
   <div class='ocr_carea' id='block_1_2' title="bbox 59 368 1262 4429">
    <p class='ocr_par' dir='ltr' id='par_1_2' title="bbox 59 368 1262 2059">
     <span class='ocr_line' id='line_1_2' title="bbox 71 368 1164 456; baseline -0.004 -21"><span class='ocrx_word' id='word_1_7' title='bbox 71 380 128 451; x_wconf 49' lang='grc' dir='ltr'>Δ.</span> <span class='ocrx_word' id='word_1_8' title='bbox 167 374 207 435; x_wconf 87' lang='lat' dir='ltr'>ln</span> <span class='ocrx_word' id='word_1_9' title='bbox 235 372 368 435; x_wconf 87' lang='lat' dir='ltr'>seeundo</span> <span class='ocrx_word' id='word_1_10' title='bbox 397 390 517 453; x_wconf 91' lang='lat' dir='ltr'>qnoque</span> <span class='ocrx_word' id='word_1_11' title='bbox 547 388 657 456; x_wconf 80' lang='lat' dir='ltr'>genere</span> <span class='ocrx_word' id='word_1_12' title='bbox 686 387 813 451; x_wconf 86' lang='lat' dir='ltr'>opernm</span> <span class='ocrx_word' id='word_1_13' title='bbox 838 371 916 446; x_wconf 90' lang='lat' dir='ltr'>eius,</span> <span class='ocrx_word' id='word_1_14' title='bbox 965 387 1020 431; x_wconf 90' lang='lat' dir='ltr'>uae</span> <span class='ocrx_word' id='word_1_15' title='bbox 1050 368 1164 431; x_wconf 88' lang='lat' dir='ltr'>scilicet</span> 
     </span>
     <span class='ocr_line' id='line_1_3' title="bbox 59 442 1164 522; baseline -0.005 -9"><span class='ocrx_word' id='word_1_16' title='bbox 59 464 146 513; x_wconf 80' lang='lat' dir='ltr'>aeter</span> <span class='ocrx_word' id='word_1_17' title='bbox 165 449 349 513; x_wconf 86' lang='lat' dir='ltr'>ordinarium</span> <span class='ocrx_word' id='word_1_18' title='bbox 369 463 491 510; x_wconf 87' lang='lat' dir='ltr'>naturae</span> <span class='ocrx_word' id='word_1_19' title='bbox 510 468 626 510; x_wconf 87' lang='lat' dir='ltr'>cursum</span> <span class='ocrx_word' id='word_1_20' title='bbox 646 447 803 522; x_wconf 84' lang='lat' dir='ltr'>eveniunt,</span> <span class='ocrx_word' id='word_1_21' title='bbox 826 446 919 507; x_wconf 83' lang='lat' dir='ltr'><strong>nihilo</strong></span> <span class='ocrx_word' id='word_1_22' title='bbox 939 467 958 507; x_wconf 93' lang='lat' dir='ltr'>o</span> <span class='ocrx_word' id='word_1_23' title='bbox 980 442 1112 508; x_wconf 86' lang='lat' dir='ltr'>scuriora</span> <span class='ocrx_word' id='word_1_24' title='bbox 1130 466 1164 508; x_wconf 86' lang='lat' dir='ltr'>ss</span> 
     </span>
     <span class='ocr_line' id='line_1_4' title="bbox 59 516 1165 608; baseline -0.005 -19"><span class='ocrx_word' id='word_1_25' title='bbox 59 528 187 589; x_wconf 83' lang='lat' dir='ltr'>uferunt</span> <span class='ocrx_word' id='word_1_26' title='bbox 203 516 352 587; x_wconf 79' lang='lat' dir='ltr'>viitutum</span> <span class='ocrx_word' id='word_1_27' title='bbox 372 526 435 586; x_wconf 90' lang='lat' dir='ltr'>eius</span> <span class='ocrx_word' id='word_1_28' title='bbox 454 538 636 608; x_wconf 86' lang='lat' dir='ltr'>argumenta.</span> <span class='ocrx_word' id='word_1_29' title='bbox 677 523 753 583; x_wconf 84' lang='lat' dir='ltr'>Nasu</span> <span class='ocrx_word' id='word_1_30' title='bbox 772 524 803 583; x_wconf 91' lang='lat' dir='ltr'>in</span> <span class='ocrx_word' id='word_1_31' title='bbox 823 519 1048 584; x_wconf 87' lang='lat' dir='ltr'>administranda</span> <span class='ocrx_word' id='word_1_32' title='bbox 1068 522 1165 584; x_wconf 85' lang='lat' dir='ltr'>borni·</span> 
     </span>
     <span class='ocr_line' id='line_1_5' title="bbox 59 600 1225 683; baseline -0.001 -19"><span class='ocrx_word' id='word_1_33' title='bbox 59 625 95 664; x_wconf 86' lang='lat' dir='ltr'>rm</span> <span class='ocrx_word' id='word_1_34' title='bbox 114 604 262 665; x_wconf 87' lang='lat' dir='ltr'>societate</span> <span class='ocrx_word' id='word_1_35' title='bbox 281 605 322 663; x_wconf 94' lang='lat' dir='ltr'>ita</span> <span class='ocrx_word' id='word_1_36' title='bbox 342 602 557 683; x_wconf 82' lang='lat' dir='ltr'>providentiam</span> <span class='ocrx_word' id='word_1_37' title='bbox 576 622 658 663; x_wconf 87' lang='lat' dir='ltr'>suam</span> <span class='ocrx_word' id='word_1_38' title='bbox 677 610 838 680; x_wconf 87' lang='lat' dir='ltr'>temperat,</span> <span class='ocrx_word' id='word_1_39' title='bbox 861 611 896 660; x_wconf 87' lang='lat' dir='ltr'>ut</span> <span class='ocrx_word' id='word_1_40' title='bbox 915 621 1004 680; x_wconf 88' lang='lat' dir='ltr'>quum</span> <span class='ocrx_word' id='word_1_41' title='bbox 1026 600 1065 661; x_wconf 90' lang='lat' dir='ltr'>sit</span> <span class='ocrx_word' id='word_1_42' title='bbox 1091 619 1164 683; x_wconf 87' lang='lat' dir='ltr'>erga</span> <span class='ocrx_word' id='word_1_43' title='bbox 1221 632 1225 641; x_wconf 91' lang='lat'>·</span> 
     </span>
     <span class='ocr_line' id='line_1_6' title="bbox 59 676 1165 761; baseline -0.001 -21"><span class='ocrx_word' id='word_1_44' title='bbox 59 701 129 741; x_wconf 90' lang='lat' dir='ltr'>unes</span> <span class='ocrx_word' id='word_1_45' title='bbox 149 679 313 740; x_wconf 78' lang='lat' dir='ltr'>innumeris</span> <span class='ocrx_word' id='word_1_46' title='bbox 337 679 433 739; x_wconf 90' lang='lat' dir='ltr'>modis</span> <span class='ocrx_word' id='word_1_47' title='bbox 458 677 604 761; x_wconf 88' lang='lat' dir='ltr'>benignus</span> <span class='ocrx_word' id='word_1_48' title='bbox 630 698 663 737; x_wconf 93' lang='lat' dir='ltr'>ac</span> <span class='ocrx_word' id='word_1_49' title='bbox 690 676 851 737; x_wconf 81' lang='lat' dir='ltr'>beneficus:</span> <span class='ocrx_word' id='word_1_50' title='bbox 884 678 992 756; x_wconf 89' lang='lat' dir='ltr'>apertis</span> <span class='ocrx_word' id='word_1_51' title='bbox 1009 687 1109 737; x_wconf 88' lang='lat' dir='ltr'>tamen</span> <span class='ocrx_word' id='word_1_52' title='bbox 1128 696 1165 739; x_wconf 84' lang='lat' dir='ltr'>ac</span> 
     </span>
     <span class='ocr_line' id='line_1_7' title="bbox 59 750 1164 836; baseline -0.002 -20"><span class='ocrx_word' id='word_1_53' title='bbox 59 755 206 817; x_wconf 74' lang='lat' dir='ltr'>cotidianis</span> <span class='ocrx_word' id='word_1_54' title='bbox 226 754 361 830; x_wconf 90' lang='lat' dir='ltr'>iudiciis,</span> <span class='ocrx_word' id='word_1_55' title='bbox 389 774 470 815; x_wconf 89' lang='lat' dir='ltr'>suam</span> <span class='ocrx_word' id='word_1_56' title='bbox 490 756 545 836; x_wconf 91' lang='lat' dir='ltr'>piis</span> <span class='ocrx_word' id='word_1_57' title='bbox 565 753 766 826; x_wconf 87' lang='lat' dir='ltr'>elementiam,</span> <span class='ocrx_word' id='word_1_58' title='bbox 795 752 937 832; x_wconf 73' lang='lat' dir='ltr'>improbis</span> <span class='ocrx_word' id='word_1_59' title='bbox 961 771 996 813; x_wconf 86' lang='lat' dir='ltr'>ac</span> <span class='ocrx_word' id='word_1_60' title='bbox 1014 750 1164 814; x_wconf 71' lang='lat' dir='ltr'>scelerarit</span> 
     </span>
     <span class='ocr_line' id='line_1_8' title="bbox 59 828 1166 911; baseline -0.003 -18"><span class='ocrx_word' id='word_1_61' title='bbox 59 833 213 894; x_wconf 76' lang='lat' dir='ltr'>veritatem</span> <span class='ocrx_word' id='word_1_62' title='bbox 225 831 365 892; x_wconf 79' lang='lat' dir='ltr'>declaret</span> <span class='ocrx_word' id='word_1_63' title='bbox 403 832 471 891; x_wconf 88' lang='lat' dir='ltr'>Non</span> <span class='ocrx_word' id='word_1_64' title='bbox 492 830 571 891; x_wconf 90' lang='lat' dir='ltr'>enim</span> <span class='ocrx_word' id='word_1_65' title='bbox 592 829 697 891; x_wconf 82' lang='lat' dir='ltr'>dubiae</span> <span class='ocrx_word' id='word_1_66' title='bbox 715 841 864 909; x_wconf 90' lang='lat' dir='ltr'>suntquas</span> <span class='ocrx_word' id='word_1_67' title='bbox 884 829 922 889; x_wconf 94' lang='lat' dir='ltr'>de</span> <span class='ocrx_word' id='word_1_68' title='bbox 939 828 1056 911; x_wconf 85' lang='lat' dir='ltr'>flagitiis</span> <span class='ocrx_word' id='word_1_69' title='bbox 1074 828 1166 890; x_wconf 81' lang='lat' dir='ltr'>sumit</span> 
     </span>
     <span class='ocr_line' id='line_1_9' title="bbox 59 904 1164 987; baseline -0.004 -18"><span class='ocrx_word' id='word_1_70' title='bbox 59 909 185 971; x_wconf 38' lang='lat' dir='ltr'>dunaal</span> <span class='ocrx_word' id='word_1_71' title='bbox 198 907 447 987; x_wconf 77' lang='lat' dir='ltr'>quemadmodum</span> <span class='ocrx_word' id='word_1_72' title='bbox 467 928 528 968; x_wconf 89' lang='lat' dir='ltr'>non</span> <span class='ocrx_word' id='word_1_73' title='bbox 549 907 675 969; x_wconf 85' lang='lat' dir='ltr'>obscure</span> <span class='ocrx_word' id='word_1_74' title='bbox 694 917 841 979; x_wconf 90' lang='lat' dir='ltr'>tutorem,</span> <span class='ocrx_word' id='word_1_75' title='bbox 859 926 893 966; x_wconf 90' lang='lat' dir='ltr'>ac</span> <span class='ocrx_word' id='word_1_76' title='bbox 914 905 999 966; x_wconf 88' lang='lat' dir='ltr'>etiam</span> <span class='ocrx_word' id='word_1_77' title='bbox 1018 904 1164 967; x_wconf 82' lang='lat' dir='ltr'>vindicem</span> 
     </span>
     <span class='ocr_line' id='line_1_10' title="bbox 78 981 1166 1057; baseline -0.003 -12"><span class='ocrx_word' id='word_1_78' title='bbox 78 985 278 1045; x_wconf 87' lang='lat' dir='ltr'>innocentiae</span> <span class='ocrx_word' id='word_1_79' title='bbox 302 1003 365 1044; x_wconf 88' lang='lat' dir='ltr'>esse</span> <span class='ocrx_word' id='word_1_80' title='bbox 391 983 589 1057; x_wconf 86' lang='lat' dir='ltr'>demonstrat,</span> <span class='ocrx_word' id='word_1_81' title='bbox 621 984 689 1042; x_wconf 90' lang='lat' dir='ltr'>dum</span> <span class='ocrx_word' id='word_1_82' title='bbox 715 982 862 1043; x_wconf 87' lang='lat' dir='ltr'>bonorum</span> <span class='ocrx_word' id='word_1_83' title='bbox 886 981 976 1042; x_wconf 81' lang='lat' dir='ltr'>vitam</span> <span class='ocrx_word' id='word_1_84' title='bbox 999 1003 1051 1043; x_wconf 89' lang='lat' dir='ltr'>sna</span> <span class='ocrx_word' id='word_1_85' title='bbox 1070 981 1166 1042; x_wconf 88' lang='lat' dir='ltr'>bene·</span> 
     </span>
     <span class='ocr_line' id='line_1_11' title="bbox 59 1058 1166 1142; baseline -0.005 -19"><span class='ocrx_word' id='word_1_86' title='bbox 59 1062 157 1123; x_wconf 85' lang='lat' dir='ltr'>ctione</span> <span class='ocrx_word' id='word_1_87' title='bbox 174 1070 350 1142; x_wconf 86' lang='lat' dir='ltr'>prosperat,</span> <span class='ocrx_word' id='word_1_88' title='bbox 375 1061 541 1121; x_wconf 75' lang='lat' dir='ltr'>necessitati</span> <span class='ocrx_word' id='word_1_89' title='bbox 561 1059 737 1140; x_wconf 86' lang='lat' dir='ltr'>opitulatur,</span> <span class='ocrx_word' id='word_1_90' title='bbox 757 1058 876 1119; x_wconf 88' lang='lat' dir='ltr'>dolores</span> <span class='ocrx_word' id='word_1_91' title='bbox 895 1059 970 1118; x_wconf 90' lang='lat' dir='ltr'>lenit</span> <span class='ocrx_word' id='word_1_92' title='bbox 989 1080 1024 1119; x_wconf 89' lang='lat' dir='ltr'>ac</span> <span class='ocrx_word' id='word_1_93' title='bbox 1042 1059 1166 1134; x_wconf 87' lang='lat' dir='ltr'>solatur,</span> 
     </span>
     <span class='ocr_line' id='line_1_12' title="bbox 59 1133 1165 1217; baseline -0.004 -18"><span class='ocrx_word' id='word_1_94' title='bbox 59 1136 209 1199; x_wconf 75' lang='lat' dir='ltr'>lumitates</span> <span class='ocrx_word' id='word_1_95' title='bbox 228 1136 378 1210; x_wconf 87' lang='lat' dir='ltr'>sublevat,</span> <span class='ocrx_word' id='word_1_96' title='bbox 401 1135 486 1196; x_wconf 91' lang='lat' dir='ltr'>saluti</span> <span class='ocrx_word' id='word_1_97' title='bbox 504 1158 559 1217; x_wconf 92' lang='lat' dir='ltr'>per</span> <span class='ocrx_word' id='word_1_98' title='bbox 578 1135 676 1196; x_wconf 88' lang='lat' dir='ltr'>omnia</span> <span class='ocrx_word' id='word_1_99' title='bbox 696 1135 831 1196; x_wconf 60' lang='lat' dir='ltr'>consulite</span> <span class='ocrx_word' id='word_1_100' title='bbox 873 1133 919 1194; x_wconf 89' lang='lat' dir='ltr'>Ne</span> <span class='ocrx_word' id='word_1_101' title='bbox 941 1154 978 1194; x_wconf 90' lang='lat' dir='ltr'>ue</span> <span class='ocrx_word' id='word_1_102' title='bbox 997 1153 1069 1196; x_wconf 82' lang='lat' dir='ltr'>vero</span> <span class='ocrx_word' id='word_1_103' title='bbox 1094 1153 1165 1217; x_wconf 89' lang='lat' dir='ltr'>per-</span> 
     </span>
     <span class='ocr_line' id='line_1_13' title="bbox 59 1155 1165 1293; baseline -0.003 -18"><span class='ocrx_word' id='word_1_104' title='bbox 59 1224 145 1275; x_wconf 73' lang='lat' dir='ltr'>tram</span> <span class='ocrx_word' id='word_1_105' title='bbox 165 1212 299 1273; x_wconf 87' lang='lat' dir='ltr'>iustitiae</span> <span class='ocrx_word' id='word_1_106' title='bbox 319 1214 380 1273; x_wconf 92' lang='lat' dir='ltr'>eius</span> <span class='ocrx_word' id='word_1_107' title='bbox 400 1212 530 1293; x_wconf 84' lang='lat' dir='ltr'>regulam</span> <span class='ocrx_word' id='word_1_108' title='bbox 551 1213 707 1283; x_wconf 80' lang='lat' dir='ltr'>obscurare</span> <span class='ocrx_word' id='word_1_109' title='bbox 726 1211 830 1285; x_wconf 90' lang='lat' dir='ltr'>debet,</span> <span class='ocrx_word' id='word_1_110' title='bbox 855 1155 940 1290; x_wconf 87' lang='lat' dir='ltr'>quod</span> <span class='ocrx_word' id='word_1_111' title='bbox 960 1211 1113 1292; x_wconf 90' lang='lat' dir='ltr'>improbos</span> <span class='ocrx_word' id='word_1_112' title='bbox 1133 1222 1165 1273; x_wconf 82' lang='lat' dir='ltr'>et</span> 
     </span>
     <span class='ocr_line' id='line_1_14' title="bbox 59 1286 1166 1370; baseline -0.004 -19"><span class='ocrx_word' id='word_1_113' title='bbox 59 1302 124 1351; x_wconf 84' lang='lat' dir='ltr'>ntes</span> <span class='ocrx_word' id='word_1_114' title='bbox 144 1289 184 1350; x_wconf 90' lang='lat' dir='ltr'>ad</span> <span class='ocrx_word' id='word_1_115' title='bbox 204 1301 324 1369; x_wconf 89' lang='lat' dir='ltr'>tempus</span> <span class='ocrx_word' id='word_1_116' title='bbox 342 1290 502 1369; x_wconf 88' lang='lat' dir='ltr'>impunitos</span> <span class='ocrx_word' id='word_1_117' title='bbox 521 1288 701 1369; x_wconf 81' lang='lat' dir='ltr'>saepiuscule</span> <span class='ocrx_word' id='word_1_118' title='bbox 720 1288 862 1348; x_wconf 82' lang='lat' dir='ltr'>exsultare</span> <span class='ocrx_word' id='word_1_119' title='bbox 880 1288 960 1361; x_wconf 86' lang='lat' dir='ltr'>sinit,</span> <span class='ocrx_word' id='word_1_120' title='bbox 980 1286 1092 1370; x_wconf 87' lang='lat' dir='ltr'>probos</span> <span class='ocrx_word' id='word_1_121' title='bbox 1111 1308 1166 1348; x_wconf 88' lang='lat' dir='ltr'>au·</span> 
     </span>
     <span class='ocr_line' id='line_1_15' title="bbox 59 1362 1165 1438; baseline -0.002 -11"><span class='ocrx_word' id='word_1_122' title='bbox 59 1387 82 1427; x_wconf 84' lang='lat' dir='ltr'>rr</span> <span class='ocrx_word' id='word_1_123' title='bbox 101 1377 134 1427; x_wconf 89' lang='lat' dir='ltr'>et</span> <span class='ocrx_word' id='word_1_124' title='bbox 155 1365 349 1426; x_wconf 76' lang='lat' dir='ltr'>immerentes</span> <span class='ocrx_word' id='word_1_125' title='bbox 373 1365 470 1424; x_wconf 88' lang='lat' dir='ltr'>multis</span> <span class='ocrx_word' id='word_1_126' title='bbox 495 1365 583 1426; x_wconf 89' lang='lat' dir='ltr'>rebus</span> <span class='ocrx_word' id='word_1_127' title='bbox 607 1365 732 1425; x_wconf 82' lang='lat' dir='ltr'>adversis</span> <span class='ocrx_word' id='word_1_128' title='bbox 756 1362 870 1438; x_wconf 89' lang='lat' dir='ltr'>iactari,</span> <span class='ocrx_word' id='word_1_129' title='bbox 895 1365 934 1424; x_wconf 93' lang='lat' dir='ltr'>im</span> <span class='ocrx_word' id='word_1_130' title='bbox 958 1365 1052 1425; x_wconf 89' lang='lat' dir='ltr'>iorum</span> <span class='ocrx_word' id='word_1_131' title='bbox 1077 1367 1165 1425; x_wconf 87' lang='lat' dir='ltr'>etiam</span> 
     </span>
     <span class='ocr_line' id='line_1_16' title="bbox 59 1382 1166 1523; baseline -0.002 -20"><span class='ocrx_word' id='word_1_132' title='bbox 59 1442 132 1503; x_wconf 88' lang='lat' dir='ltr'>alitia</span> <span class='ocrx_word' id='word_1_133' title='bbox 158 1454 193 1503; x_wconf 88' lang='lat' dir='ltr'>et</span> <span class='ocrx_word' id='word_1_134' title='bbox 220 1441 380 1520; x_wconf 85' lang='lat' dir='ltr'>iniquitate</span> <span class='ocrx_word' id='word_1_135' title='bbox 406 1442 498 1521; x_wconf 82' lang='lat' dir='ltr'>premi</span> <span class='ocrx_word' id='word_1_136' title='bbox 522 1442 654 1502; x_wconf 90' lang='lat' dir='ltr'>sustinet.</span> <span class='ocrx_word' id='word_1_137' title='bbox 704 1440 787 1515; x_wconf 91' lang='lat' dir='ltr'>Quin</span> <span class='ocrx_word' id='word_1_138' title='bbox 813 1440 911 1519; x_wconf 85' lang='lat' dir='ltr'>potius</span> <span class='ocrx_word' id='word_1_139' title='bbox 936 1382 1028 1523; x_wconf 84' lang='lat' dir='ltr'>longe</span> <span class='ocrx_word' id='word_1_140' title='bbox 1052 1440 1166 1501; x_wconf 84' lang='lat' dir='ltr'>diversa</span> 
     </span>
     <span class='ocr_line' id='line_1_17' title="bbox 59 1516 1167 1601; baseline -0.001 -24"><span class='ocrx_word' id='word_1_141' title='bbox 59 1520 171 1601; x_wconf 72' lang='lat' dir='ltr'>sgitatio</span> <span class='ocrx_word' id='word_1_142' title='bbox 192 1518 295 1578; x_wconf 86' lang='lat' dir='ltr'>subire</span> <span class='ocrx_word' id='word_1_143' title='bbox 314 1529 443 1577; x_wconf 91' lang='lat' dir='ltr'>mentem</span> <span class='ocrx_word' id='word_1_144' title='bbox 465 1517 567 1578; x_wconf 86' lang='lat' dir='ltr'>debet:</span> <span class='ocrx_word' id='word_1_145' title='bbox 594 1516 712 1596; x_wconf 88' lang='lat' dir='ltr'>qnando</span> <span class='ocrx_word' id='word_1_146' title='bbox 737 1517 768 1576; x_wconf 91' lang='lat' dir='ltr'>in</span> <span class='ocrx_word' id='word_1_147' title='bbox 793 1516 830 1576; x_wconf 84' lang='lat' dir='ltr'>lla</span> <span class='ocrx_word' id='word_1_148' title='bbox 854 1517 946 1583; x_wconf 75' lang='lat' dir='ltr'>itinm,</span> <span class='ocrx_word' id='word_1_149' title='bbox 961 1540 1050 1577; x_wconf 89' lang='lat' dir='ltr'>unum</span> <span class='ocrx_word' id='word_1_150' title='bbox 1070 1517 1167 1578; x_wconf 88' lang='lat' dir='ltr'>mani-</span> 
     </span>
     <span class='ocr_line' id='line_1_18' title="bbox 59 1535 1166 1674; baseline -0.001 -19"><span class='ocrx_word' id='word_1_151' title='bbox 59 1609 101 1655; x_wconf 86' lang='lat' dir='ltr'>sto</span> <span class='ocrx_word' id='word_1_152' title='bbox 118 1596 186 1656; x_wconf 87' lang='lat' dir='ltr'>irae</span> <span class='ocrx_word' id='word_1_153' title='bbox 206 1594 319 1654; x_wconf 88' lang='lat' dir='ltr'>indicio</span> <span class='ocrx_word' id='word_1_154' title='bbox 339 1593 554 1668; x_wconf 82' lang='lat' dir='ltr'>animadvertit,</span> <span class='ocrx_word' id='word_1_155' title='bbox 574 1595 670 1654; x_wconf 87' lang='lat' dir='ltr'>omnia</span> <span class='ocrx_word' id='word_1_156' title='bbox 689 1594 783 1673; x_wconf 89' lang='lat' dir='ltr'>ipsum</span> <span class='ocrx_word' id='word_1_157' title='bbox 803 1535 915 1653; x_wconf 74' lang='lat' dir='ltr'>odisse:</span> <span class='ocrx_word' id='word_1_158' title='bbox 935 1594 1053 1674; x_wconf 89' lang='lat' dir='ltr'>qnando</span> <span class='ocrx_word' id='word_1_159' title='bbox 1073 1594 1166 1654; x_wconf 86' lang='lat' dir='ltr'>multa</span> 
     </span>
     <span class='ocr_line' id='line_1_19' title="bbox 59 1669 1166 1753; baseline -0.003 -22"><span class='ocrx_word' id='word_1_160' title='bbox 59 1671 118 1732; x_wconf 88' lang='lat' dir='ltr'>ulta</span> <span class='ocrx_word' id='word_1_161' title='bbox 138 1672 370 1753; x_wconf 74' lang='lat' dir='ltr'>praetermittit,</span> <span class='ocrx_word' id='word_1_162' title='bbox 390 1670 467 1730; x_wconf 92' lang='lat' dir='ltr'>aliud</span> <span class='ocrx_word' id='word_1_163' title='bbox 488 1670 553 1730; x_wconf 91' lang='lat' dir='ltr'>fore</span> <span class='ocrx_word' id='word_1_164' title='bbox 572 1669 710 1730; x_wconf 89' lang='lat' dir='ltr'>iudicium</span> <span class='ocrx_word' id='word_1_165' title='bbox 732 1690 791 1750; x_wconf 91' lang='lat' dir='ltr'>quo</span> <span class='ocrx_word' id='word_1_166' title='bbox 811 1670 958 1751; x_wconf 87' lang='lat' dir='ltr'>punienda</span> <span class='ocrx_word' id='word_1_167' title='bbox 978 1670 1166 1731; x_wconf 88' lang='lat' dir='ltr'>differuntur.</span> 
     </span>
     <span class='ocr_line' id='line_1_20' title="bbox 60 1746 1167 1831; baseline -0.002 -22"><span class='ocrx_word' id='word_1_168' title='bbox 60 1748 171 1810; x_wconf 76' lang='lat' dir='ltr'>militer</span> <span class='ocrx_word' id='word_1_169' title='bbox 194 1746 418 1807; x_wconf 88' lang='lat' dir='ltr'>misericordiae</span> <span class='ocrx_word' id='word_1_170' title='bbox 430 1767 509 1831; x_wconf 53' lang='lat' dir='ltr'>⁸suae</span> <span class='ocrx_word' id='word_1_171' title='bbox 534 1746 762 1806; x_wconf 84' lang='lat' dir='ltr'>considerandae</span> <span class='ocrx_word' id='word_1_172' title='bbox 782 1759 917 1824; x_wconf 87' lang='lat' dir='ltr'>quantam</span> <span class='ocrx_word' id='word_1_173' title='bbox 937 1749 1088 1807; x_wconf 89' lang='lat' dir='ltr'>materiam</span> <span class='ocrx_word' id='word_1_174' title='bbox 1108 1767 1167 1807; x_wconf 90' lang='lat' dir='ltr'>no-</span> 
     </span>
     <span class='ocr_line' id='line_1_21' title="bbox 59 1820 1262 1907; baseline -0.003 -22"><span class='ocrx_word' id='word_1_175' title='bbox 59 1824 268 1907; x_wconf 84' lang='lat' dir='ltr'>ssnppeditat,</span> <span class='ocrx_word' id='word_1_176' title='bbox 288 1823 357 1882; x_wconf 88' lang='lat' dir='ltr'>dum</span> <span class='ocrx_word' id='word_1_177' title='bbox 376 1824 490 1903; x_wconf 89' lang='lat' dir='ltr'>saepius</span> <span class='ocrx_word' id='word_1_178' title='bbox 510 1824 632 1883; x_wconf 88' lang='lat' dir='ltr'>miseros</span> <span class='ocrx_word' id='word_1_179' title='bbox 651 1835 823 1904; x_wconf 83' lang='lat' dir='ltr'>peccatores</span> <span class='ocrx_word' id='word_1_180' title='bbox 842 1823 987 1899; x_wconf 86' lang='lat' dir='ltr'>indefessa</span> <span class='ocrx_word' id='word_1_181' title='bbox 1002 1834 1101 1882; x_wconf 88' lang='lat' dir='ltr'>tamen</span> <span class='ocrx_word' id='word_1_182' title='bbox 1112 1820 1166 1883; x_wconf 89' lang='lat' dir='ltr'>he·</span> <span class='ocrx_word' id='word_1_183' title='bbox 1259 1876 1262 1881; x_wconf 91' lang='lat'>.</span> 
     </span>
     <span class='ocr_line' id='line_1_22' title="bbox 59 1897 1167 1985; baseline -0.002 -24"><span class='ocrx_word' id='word_1_184' title='bbox 59 1901 172 1985; x_wconf 86' lang='lat' dir='ltr'>gnitate</span> <span class='ocrx_word' id='word_1_185' title='bbox 197 1901 408 1981; x_wconf 82' lang='lat' dir='ltr'>prosequitur,</span> <span class='ocrx_word' id='word_1_186' title='bbox 433 1899 530 1960; x_wconf 88' lang='lat' dir='ltr'>donec</span> <span class='ocrx_word' id='word_1_187' title='bbox 551 1920 654 1959; x_wconf 88' lang='lat' dir='ltr'>eorum</span> <span class='ocrx_word' id='word_1_188' title='bbox 679 1899 851 1979; x_wconf 82' lang='lat' dir='ltr'>pravitatem</span> <span class='ocrx_word' id='word_1_189' title='bbox 872 1898 1085 1959; x_wconf 83' lang='lat' dir='ltr'>benefaciendo</span> <span class='ocrx_word' id='word_1_190' title='bbox 1105 1897 1167 1959; x_wconf 88' lang='lat' dir='ltr'>fre·</span> 
     </span>
     <span class='ocr_line' id='line_1_23' title="bbox 59 1974 970 2059; baseline -0.004 -21"><span class='ocrx_word' id='word_1_191' title='bbox 59 1979 114 2051; x_wconf 66' lang='lat' dir='ltr'>sit,</span> <span class='ocrx_word' id='word_1_192' title='bbox 132 1977 204 2059; x_wconf 88' lang='lat' dir='ltr'>plns</span> <span class='ocrx_word' id='word_1_193' title='bbox 247 1998 313 2036; x_wconf 87' lang='lat' dir='ltr'>uam</span> <span class='ocrx_word' id='word_1_194' title='bbox 333 1987 454 2055; x_wconf 90' lang='lat' dir='ltr'>paterna</span> <span class='ocrx_word' id='word_1_195' title='bbox 472 1975 658 2058; x_wconf 82' lang='lat' dir='ltr'>indulgentia</span> <span class='ocrx_word' id='word_1_196' title='bbox 676 1975 711 2035; x_wconf 85' lang='lat' dir='ltr'>ad</span> <span class='ocrx_word' id='word_1_197' title='bbox 731 1994 762 2035; x_wconf 88' lang='lat' dir='ltr'>se</span> <span class='ocrx_word' id='word_1_198' title='bbox 782 1974 970 2036; x_wconf 82' lang='lat' dir='ltr'>revocando?</span> 
     </span>
    </p>

    <p class='ocr_par' dir='ltr' id='par_1_3' title="bbox 59 2052 1261 3127">
     <span class='ocr_line' id='line_1_24' title="bbox 100 2052 1167 2143; baseline 0.001 -30"><span class='ocrx_word' id='word_1_199' title='bbox 100 2058 134 2121; x_wconf 75' lang='grc' dir='ltr'>Β,</span> <span class='ocrx_word' id='word_1_200' title='bbox 172 2052 214 2113; x_wconf 89' lang='lat' dir='ltr'>ln</span> <span class='ocrx_word' id='word_1_201' title='bbox 257 2073 316 2112; x_wconf 86' lang='lat' dir='ltr'>unc</span> <span class='ocrx_word' id='word_1_202' title='bbox 336 2053 423 2111; x_wconf 81' lang='lat' dir='ltr'>linem</span> <span class='ocrx_word' id='word_1_203' title='bbox 443 2053 593 2143; x_wconf 88' lang='lat' dir='ltr'>Propheta</span> <span class='ocrx_word' id='word_1_204' title='bbox 613 2052 676 2130; x_wconf 87' lang='lat' dir='ltr'>(Ps.</span> <span class='ocrx_word' id='word_1_205' title='bbox 696 2052 779 2127; x_wconf 84' lang='lat'>107.)</span> <span class='ocrx_word' id='word_1_206' title='bbox 803 2071 1038 2113; x_wconf 80' lang='lat' dir='ltr'>commemorans</span> <span class='ocrx_word' id='word_1_207' title='bbox 1061 2052 1094 2112; x_wconf 88' lang='lat' dir='ltr'>in</span> <span class='ocrx_word' id='word_1_208' title='bbox 1117 2071 1167 2114; x_wconf 86' lang='lat' dir='ltr'>re·</span> 
     </span>
     <span class='ocr_line' id='line_1_25' title="bbox 59 2128 1168 2208; baseline -0.001 -18"><span class='ocrx_word' id='word_1_209' title='bbox 59 2130 124 2191; x_wconf 85' lang='lat' dir='ltr'>rstl</span> <span class='ocrx_word' id='word_1_210' title='bbox 192 2129 269 2189; x_wconf 85' lang='lat' dir='ltr'>ratis</span> <span class='ocrx_word' id='word_1_211' title='bbox 289 2140 413 2208; x_wconf 87' lang='lat' dir='ltr'>repente</span> <span class='ocrx_word' id='word_1_212' title='bbox 433 2141 463 2188; x_wconf 92' lang='lat' dir='ltr'>et</span> <span class='ocrx_word' id='word_1_213' title='bbox 482 2128 656 2188; x_wconf 71' lang='lat' dir='ltr'>mirabiliter</span> <span class='ocrx_word' id='word_1_214' title='bbox 674 2149 707 2188; x_wconf 79' lang='lat' dir='ltr'>ae</span> <span class='ocrx_word' id='word_1_215' title='bbox 727 2138 844 2207; x_wconf 87' lang='lat' dir='ltr'>praeter</span> <span class='ocrx_word' id='word_1_216' title='bbox 862 2148 944 2207; x_wconf 88' lang='lat' dir='ltr'>spem</span> <span class='ocrx_word' id='word_1_217' title='bbox 963 2128 1059 2189; x_wconf 88' lang='lat' dir='ltr'>Deum</span> <span class='ocrx_word' id='word_1_218' title='bbox 1078 2129 1168 2189; x_wconf 86' lang='lat' dir='ltr'>mise·</span> 
     </span>
     <span class='ocr_line' id='line_1_26' title="bbox 59 2204 1261 2288; baseline -0.003 -21"><span class='ocrx_word' id='word_1_219' title='bbox 59 2226 125 2267; x_wconf 85' lang='lat' dir='ltr'>sac</span> <span class='ocrx_word' id='word_1_220' title='bbox 158 2226 213 2267; x_wconf 89' lang='lat' dir='ltr'>ere</span> <span class='ocrx_word' id='word_1_221' title='bbox 239 2206 364 2286; x_wconf 88' lang='lat' dir='ltr'>perditis</span> <span class='ocrx_word' id='word_1_222' title='bbox 390 2226 575 2279; x_wconf 88' lang='lat' dir='ltr'>succurrere,</span> <span class='ocrx_word' id='word_1_223' title='bbox 603 2206 663 2265; x_wconf 89' lang='lat' dir='ltr'>sive</span> <span class='ocrx_word' id='word_1_224' title='bbox 690 2204 879 2286; x_wconf 87' lang='lat' dir='ltr'>perdeserta</span> <span class='ocrx_word' id='word_1_225' title='bbox 904 2217 1042 2288; x_wconf 88' lang='lat' dir='ltr'>vagantes</span> <span class='ocrx_word' id='word_1_226' title='bbox 1061 2226 1077 2266; x_wconf 92' lang='lat' dir='ltr'>a</span> <span class='ocrx_word' id='word_1_227' title='bbox 1095 2205 1168 2267; x_wconf 88' lang='lat' dir='ltr'>feris</span> <span class='ocrx_word' id='word_1_228' title='bbox 1258 2258 1261 2263; x_wconf 92' lang='lat'>.</span> 
     </span>
     <span class='ocr_line' id='line_1_27' title="bbox 59 2280 1168 2375; baseline 0.001 -32"><span class='ocrx_word' id='word_1_229' title='bbox 59 2293 169 2367; x_wconf 76' lang='lat' dir='ltr'>retegat</span> <span class='ocrx_word' id='word_1_230' title='bbox 193 2294 228 2343; x_wconf 88' lang='lat' dir='ltr'>et</span> <span class='ocrx_word' id='word_1_231' title='bbox 252 2282 375 2342; x_wconf 87' lang='lat' dir='ltr'>tandem</span> <span class='ocrx_word' id='word_1_232' title='bbox 400 2282 520 2342; x_wconf 88' lang='lat' dir='ltr'>reducat</span> <span class='ocrx_word' id='word_1_233' title='bbox 544 2282 686 2353; x_wconf 87' lang='lat' dir='ltr'>inviam,</span> <span class='ocrx_word' id='word_1_234' title='bbox 710 2281 772 2341; x_wconf 85' lang='lat' dir='ltr'>sire</span> <span class='ocrx_word' id='word_1_235' title='bbox 797 2280 952 2375; x_wconf 73' lang='lat' dir='ltr'>egentibus</span> <span class='ocrx_word' id='word_1_236' title='bbox 972 2302 1007 2341; x_wconf 90' lang='lat' dir='ltr'>ac</span> <span class='ocrx_word' id='word_1_237' title='bbox 1027 2281 1168 2345; x_wconf 81' lang='lat' dir='ltr'>famelicis</span> 
     </span>
     <span class='ocr_line' id='line_1_28' title="bbox 59 2357 1234 2452; baseline -0.001 -31"><span class='ocrx_word' id='word_1_238' title='bbox 59 2361 138 2421; x_wconf 70' lang='grc' dir='ltr'>Ηιι</span> <span class='ocrx_word' id='word_1_239' title='bbox 155 2358 345 2452; x_wconf 85' lang='lat' dir='ltr'>suppeditet,</span> <span class='ocrx_word' id='word_1_240' title='bbox 364 2357 427 2417; x_wconf 83' lang='lat' dir='ltr'>sive</span> <span class='ocrx_word' id='word_1_241' title='bbox 447 2359 578 2438; x_wconf 89' lang='lat' dir='ltr'>captivos</span> <span class='ocrx_word' id='word_1_242' title='bbox 598 2378 632 2417; x_wconf 84' lang='lat' dir='ltr'>cx</span> <span class='ocrx_word' id='word_1_243' title='bbox 651 2359 733 2418; x_wconf 91' lang='lat' dir='ltr'>tetris</span> <span class='ocrx_word' id='word_1_244' title='bbox 753 2359 844 2417; x_wconf 84' lang='lat' dir='ltr'>lovers</span> <span class='ocrx_word' id='word_1_245' title='bbox 865 2370 895 2417; x_wconf 92' lang='lat' dir='ltr'>et</span> <span class='ocrx_word' id='word_1_246' title='bbox 914 2357 1017 2418; x_wconf 89' lang='lat' dir='ltr'>ferreis</span> <span class='ocrx_word' id='word_1_247' title='bbox 1028 2359 1168 2420; x_wconf 87' lang='lat' dir='ltr'>custodiis</span> <span class='ocrx_word' id='word_1_248' title='bbox 1232 2398 1234 2403; x_wconf 94' lang='lat'>·</span> 
     </span>
     <span class='ocr_line' id='line_1_29' title="bbox 59 2433 1170 2516; baseline -0.002 -19"><span class='ocrx_word' id='word_1_249' title='bbox 59 2434 157 2511; x_wconf 77' lang='lat' dir='ltr'>eittat,</span> <span class='ocrx_word' id='word_1_250' title='bbox 177 2455 241 2497; x_wconf 79' lang='lat' dir='ltr'>save</span> <span class='ocrx_word' id='word_1_251' title='bbox 263 2434 419 2516; x_wconf 86' lang='lat' dir='ltr'>naufragos</span> <span class='ocrx_word' id='word_1_252' title='bbox 438 2434 469 2494; x_wconf 92' lang='lat' dir='ltr'>in</span> <span class='ocrx_word' id='word_1_253' title='bbox 490 2446 608 2514; x_wconf 88' lang='lat' dir='ltr'>portum</span> <span class='ocrx_word' id='word_1_254' title='bbox 627 2435 752 2494; x_wconf 87' lang='lat' dir='ltr'>adducat</span> <span class='ocrx_word' id='word_1_255' title='bbox 775 2433 951 2509; x_wconf 86' lang='lat' dir='ltr'>incolumes,</span> <span class='ocrx_word' id='word_1_256' title='bbox 970 2434 1031 2495; x_wconf 88' lang='lat' dir='ltr'>sive</span> <span class='ocrx_word' id='word_1_257' title='bbox 1050 2456 1067 2495; x_wconf 92' lang='lat' dir='ltr'>a</span> <span class='ocrx_word' id='word_1_258' title='bbox 1085 2456 1170 2495; x_wconf 90' lang='lat' dir='ltr'>mor-</span> 
     </span>
     <span class='ocr_line' id='line_1_30' title="bbox 59 2509 1169 2586; baseline -0.004 -11"><span class='ocrx_word' id='word_1_259' title='bbox 59 2510 178 2575; x_wconf 80' lang='lat' dir='ltr'>&#39;rsauet</span> <span class='ocrx_word' id='word_1_260' title='bbox 196 2513 424 2584; x_wconf 91' lang='lat' dir='ltr'>semimortuos,</span> <span class='ocrx_word' id='word_1_261' title='bbox 454 2512 515 2571; x_wconf 87' lang='lat' dir='ltr'>sive</span> <span class='ocrx_word' id='word_1_262' title='bbox 540 2525 620 2570; x_wconf 86' lang='lat' dir='ltr'>aestu</span> <span class='ocrx_word' id='word_1_263' title='bbox 647 2523 677 2570; x_wconf 90' lang='lat' dir='ltr'>ct</span> <span class='ocrx_word' id='word_1_264' title='bbox 700 2509 830 2570; x_wconf 83' lang='lat' dir='ltr'>siccitate</span> <span class='ocrx_word' id='word_1_265' title='bbox 856 2523 956 2571; x_wconf 79' lang='lat' dir='ltr'>exurat</span> <span class='ocrx_word' id='word_1_266' title='bbox 977 2524 1085 2586; x_wconf 87' lang='lat' dir='ltr'>terras,</span> <span class='ocrx_word' id='word_1_267' title='bbox 1106 2511 1169 2573; x_wconf 86' lang='lat' dir='ltr'>sive</span> 
     </span>
     <span class='ocr_line' id='line_1_31' title="bbox 59 2587 1168 2670; baseline -0.002 -19"><span class='ocrx_word' id='word_1_268' title='bbox 59 2588 146 2651; x_wconf 78' lang='lat' dir='ltr'>:tulta</span> <span class='ocrx_word' id='word_1_269' title='bbox 165 2588 348 2670; x_wconf 87' lang='lat' dir='ltr'>irrigatione</span> <span class='ocrx_word' id='word_1_270' title='bbox 369 2588 479 2669; x_wconf 82' lang='lat' dir='ltr'>gratiae</span> <span class='ocrx_word' id='word_1_271' title='bbox 500 2587 669 2659; x_wconf 81' lang='lat' dir='ltr'>foecundet,</span> <span class='ocrx_word' id='word_1_272' title='bbox 688 2588 747 2647; x_wconf 77' lang='lat' dir='ltr'>sive</span> <span class='ocrx_word' id='word_1_273' title='bbox 767 2587 882 2647; x_wconf 88' lang='lat' dir='ltr'>attollat</span> <span class='ocrx_word' id='word_1_274' title='bbox 900 2588 1168 2667; x_wconf 84' lang='lat' dir='ltr'>contemptissimus</span> 
     </span>
     <span class='ocr_line' id='line_1_32' title="bbox 64 2663 1170 2748; baseline 0 -22"><span class='ocrx_word' id='word_1_275' title='bbox 64 2665 167 2748; x_wconf 79' lang='lat' dir='ltr'>vulgo,</span> <span class='ocrx_word' id='word_1_276' title='bbox 186 2666 253 2726; x_wconf 84' lang='lat' dir='ltr'>sire</span> <span class='ocrx_word' id='word_1_277' title='bbox 274 2684 413 2744; x_wconf 87' lang='lat' dir='ltr'>proceres</span> <span class='ocrx_word' id='word_1_278' title='bbox 433 2663 548 2725; x_wconf 78' lang='lat' dir='ltr'>deliniat</span> <span class='ocrx_word' id='word_1_279' title='bbox 567 2663 680 2723; x_wconf 83' lang='lat' dir='ltr'>exalto</span> <span class='ocrx_word' id='word_1_280' title='bbox 703 2664 850 2745; x_wconf 88' lang='lat' dir='ltr'>dignitatis</span> <span class='ocrx_word' id='word_1_281' title='bbox 873 2665 981 2744; x_wconf 86' lang='lat' dir='ltr'>gradu:</span> <span class='ocrx_word' id='word_1_282' title='bbox 1008 2665 1170 2745; x_wconf 88' lang='lat' dir='ltr'>propositis</span> 
     </span>
     <span class='ocr_line' id='line_1_33' title="bbox 59 2738 1172 2821; baseline -0.001 -18"><span class='ocrx_word' id='word_1_283' title='bbox 59 2743 177 2803; x_wconf 74' lang='lat' dir='ltr'>enodi</span> <span class='ocrx_word' id='word_1_284' title='bbox 198 2740 339 2819; x_wconf 79' lang='lat' dir='ltr'>exemplis</span> <span class='ocrx_word' id='word_1_285' title='bbox 360 2738 484 2821; x_wconf 86' lang='lat' dir='ltr'>colligit,</span> <span class='ocrx_word' id='word_1_286' title='bbox 503 2741 553 2820; x_wconf 93' lang='lat' dir='ltr'>qui</span> <span class='ocrx_word' id='word_1_287' title='bbox 565 2752 722 2800; x_wconf 89' lang='lat' dir='ltr'>censentur</span> <span class='ocrx_word' id='word_1_288' title='bbox 731 2760 792 2800; x_wconf 89' lang='lat' dir='ltr'>esse</span> <span class='ocrx_word' id='word_1_289' title='bbox 813 2740 928 2801; x_wconf 77' lang='lat' dir='ltr'>fortuiti</span> <span class='ocrx_word' id='word_1_290' title='bbox 947 2760 1027 2801; x_wconf 81' lang='lat' dir='ltr'>casus</span> <span class='ocrx_word' id='word_1_291' title='bbox 1047 2742 1172 2802; x_wconf 90' lang='lat' dir='ltr'>totidem</span> 
     </span>
     <span class='ocr_line' id='line_1_34' title="bbox 59 2817 1173 2899; baseline -0.002 -20"><span class='ocrx_word' id='word_1_292' title='bbox 59 2838 93 2879; x_wconf 76' lang='lat' dir='ltr'>re</span> <span class='ocrx_word' id='word_1_293' title='bbox 122 2817 335 2899; x_wconf 81' lang='lat' dir='ltr'>providentiae</span> <span class='ocrx_word' id='word_1_294' title='bbox 362 2817 497 2876; x_wconf 90' lang='lat' dir='ltr'>coelestis</span> <span class='ocrx_word' id='word_1_295' title='bbox 523 2818 707 2887; x_wconf 85' lang='lat' dir='ltr'>testimonia,</span> <span class='ocrx_word' id='word_1_296' title='bbox 738 2818 909 2896; x_wconf 87' lang='lat' dir='ltr'>praesertim</span> <span class='ocrx_word' id='word_1_297' title='bbox 933 2837 1005 2876; x_wconf 86' lang='lat' dir='ltr'>vero</span> <span class='ocrx_word' id='word_1_298' title='bbox 1032 2828 1173 2897; x_wconf 83' lang='lat' dir='ltr'>paternae</span> 
     </span>
     <span class='ocr_line' id='line_1_35' title="bbox 59 2891 1173 2973; baseline 0 -19"><span class='ocrx_word' id='word_1_299' title='bbox 59 2895 225 2955; x_wconf 75' lang='lat' dir='ltr'>terentiae:</span> <span class='ocrx_word' id='word_1_300' title='bbox 247 2906 277 2953; x_wconf 88' lang='lat' dir='ltr'>at</span> <span class='ocrx_word' id='word_1_301' title='bbox 300 2912 336 2952; x_wconf 88' lang='lat' dir='ltr'>ue</span> <span class='ocrx_word' id='word_1_302' title='bbox 356 2891 424 2953; x_wconf 90' lang='lat' dir='ltr'>hinc</span> <span class='ocrx_word' id='word_1_303' title='bbox 463 2893 497 2953; x_wconf 89' lang='lat' dir='ltr'>iis</span> <span class='ocrx_word' id='word_1_304' title='bbox 518 2892 582 2951; x_wconf 91' lang='lat' dir='ltr'>dari</span> <span class='ocrx_word' id='word_1_305' title='bbox 600 2894 752 2952; x_wconf 87' lang='lat' dir='ltr'>materiam</span> <span class='ocrx_word' id='word_1_306' title='bbox 772 2894 900 2953; x_wconf 87' lang='lat' dir='ltr'>laetitiae</span> <span class='ocrx_word' id='word_1_307' title='bbox 933 2893 1028 2973; x_wconf 91' lang='lat' dir='ltr'>impiis</span> <span class='ocrx_word' id='word_1_308' title='bbox 1047 2913 1120 2953; x_wconf 85' lang='lat' dir='ltr'>vero</span> <span class='ocrx_word' id='word_1_309' title='bbox 1141 2906 1173 2954; x_wconf 90' lang='lat' dir='ltr'>et</span> 
     </span>
     <span class='ocr_line' id='line_1_36' title="bbox 59 2914 1173 3053; baseline -0.003 -21"><span class='ocrx_word' id='word_1_310' title='bbox 59 2970 169 3053; x_wconf 60' lang='lat' dir='ltr'>{probis</span> <span class='ocrx_word' id='word_1_311' title='bbox 192 2990 246 3030; x_wconf 90' lang='lat' dir='ltr'>ora</span> <span class='ocrx_word' id='word_1_312' title='bbox 266 2914 391 3030; x_wconf 80' lang='lat' dir='ltr'>obstrui.</span> <span class='ocrx_word' id='word_1_313' title='bbox 434 2914 494 3029; x_wconf 68' lang='lat' dir='ltr'>ded</span> <span class='ocrx_word' id='word_1_314' title='bbox 514 2970 580 3049; x_wconf 88' lang='lat' dir='ltr'>quia</span> <span class='ocrx_word' id='word_1_315' title='bbox 600 2971 694 3029; x_wconf 90' lang='lat' dir='ltr'>maior</span> <span class='ocrx_word' id='word_1_316' title='bbox 717 2990 784 3048; x_wconf 89' lang='lat' dir='ltr'>pars</span> <span class='ocrx_word' id='word_1_317' title='bbox 805 2937 955 3029; x_wconf 89' lang='lat' dir='ltr'>erroribus</span> <span class='ocrx_word' id='word_1_318' title='bbox 974 2970 1031 3029; x_wconf 91' lang='lat' dir='ltr'>suis</span> <span class='ocrx_word' id='word_1_319' title='bbox 1050 2969 1173 3044; x_wconf 87' lang='lat' dir='ltr'>imbuta,</span> 
     </span>
     <span class='ocr_line' id='line_1_37' title="bbox 59 3045 1173 3127; baseline 0.001 -22"><span class='ocrx_word' id='word_1_320' title='bbox 59 3060 143 3107; x_wconf 78' lang='lat' dir='ltr'>stam</span> <span class='ocrx_word' id='word_1_321' title='bbox 164 3045 277 3107; x_wconf 82' lang='lat' dir='ltr'>illustri</span> <span class='ocrx_word' id='word_1_322' title='bbox 298 3045 414 3105; x_wconf 89' lang='lat' dir='ltr'>theatro</span> <span class='ocrx_word' id='word_1_323' title='bbox 435 3049 579 3119; x_wconf 88' lang='lat' dir='ltr'>coecutit,</span> <span class='ocrx_word' id='word_1_324' title='bbox 605 3046 744 3105; x_wconf 84' lang='lat' dir='ltr'>exclamat</span> <span class='ocrx_word' id='word_1_325' title='bbox 769 3067 851 3106; x_wconf 90' lang='lat' dir='ltr'>rarae</span> <span class='ocrx_word' id='word_1_326' title='bbox 879 3058 909 3106; x_wconf 91' lang='lat' dir='ltr'>et</span> <span class='ocrx_word' id='word_1_327' title='bbox 931 3045 1085 3127; x_wconf 89' lang='lat' dir='ltr'>singularis</span> <span class='ocrx_word' id='word_1_328' title='bbox 1110 3063 1173 3107; x_wconf 89' lang='lat' dir='ltr'>esse</span> 
     </span>
    </p>

    <p class='ocr_par' dir='ltr' id='par_1_4' title="bbox 59 3121 1227 4429">
     <span class='ocr_line' id='line_1_38' title="bbox 82 3121 1227 3204; baseline 0.001 -20"><span class='ocrx_word' id='word_1_329' title='bbox 82 3123 91 3139; x_wconf 76' lang='lat'><strong>⁹</strong></span> <span class='ocrx_word' id='word_1_330' title='bbox 131 3124 205 3199; x_wconf 84' lang='lat' dir='ltr'>tiae,</span> <span class='ocrx_word' id='word_1_331' title='bbox 224 3122 390 3203; x_wconf 88' lang='lat' dir='ltr'>prudenter</span> <span class='ocrx_word' id='word_1_332' title='bbox 413 3122 577 3201; x_wconf 87' lang='lat' dir='ltr'>expendere</span> <span class='ocrx_word' id='word_1_333' title='bbox 603 3121 675 3181; x_wconf 86' lang='lat' dir='ltr'>baec</span> <span class='ocrx_word' id='word_1_334' title='bbox 695 3123 752 3181; x_wconf 90' lang='lat' dir='ltr'>Dei</span> <span class='ocrx_word' id='word_1_335' title='bbox 776 3144 878 3204; x_wconf 88' lang='lat' dir='ltr'>opera,</span> <span class='ocrx_word' id='word_1_336' title='bbox 902 3143 1029 3202; x_wconf 88' lang='lat' dir='ltr'>quorum</span> <span class='ocrx_word' id='word_1_337' title='bbox 1052 3134 1173 3203; x_wconf 91' lang='lat' dir='ltr'>aspectu</span> <span class='ocrx_word' id='word_1_338' title='bbox 1222 3177 1227 3185; x_wconf 92' lang='lat'><em>.</em></span> 
     </span>
     <span class='ocr_line' id='line_1_39' title="bbox 59 3142 1174 3282; baseline -0.002 -21"><span class='ocrx_word' id='word_1_339' title='bbox 59 3142 303 3282; x_wconf 42' lang='lat' dir='ltr'>&amp;proficiunt</span> <span class='ocrx_word' id='word_1_340' title='bbox 356 3201 385 3256; x_wconf 90' lang='lat' dir='ltr'>ui</span> <span class='ocrx_word' id='word_1_341' title='bbox 416 3198 525 3278; x_wconf 88' lang='lat' dir='ltr'>alioqui</span> <span class='ocrx_word' id='word_1_342' title='bbox 550 3198 686 3258; x_wconf 83' lang='lat' dir='ltr'>videntur</span> <span class='ocrx_word' id='word_1_343' title='bbox 712 3218 773 3259; x_wconf 89' lang='lat' dir='ltr'>esst</span> <span class='ocrx_word' id='word_1_344' title='bbox 797 3199 979 3259; x_wconf 77' lang='lat' dir='ltr'>astutissimi.</span> <span class='ocrx_word' id='word_1_345' title='bbox 1028 3199 1068 3258; x_wconf 79' lang='lat' dir='ltr'>Et</span> <span class='ocrx_word' id='word_1_346' title='bbox 1091 3210 1174 3273; x_wconf 75' lang='lat' dir='ltr'>certe</span> 
     </span>
     <span class='ocr_line' id='line_1_40' title="bbox 59 3220 1172 3368; baseline 0 -31"><span class='ocrx_word' id='word_1_347' title='bbox 59 3278 226 3365; x_wconf 76' lang='lat' dir='ltr'>pantumvis</span> <span class='ocrx_word' id='word_1_348' title='bbox 246 3220 401 3356; x_wconf 85' lang='lat' dir='ltr'>splendeat</span> <span class='ocrx_word' id='word_1_349' title='bbox 418 3276 476 3335; x_wconf 91' lang='lat' dir='ltr'>Dei</span> <span class='ocrx_word' id='word_1_350' title='bbox 495 3275 600 3368; x_wconf 85' lang='lat' dir='ltr'>gloria,</span> <span class='ocrx_word' id='word_1_351' title='bbox 620 3276 665 3333; x_wconf 88' lang='lat' dir='ltr'>vix</span> <span class='ocrx_word' id='word_1_352' title='bbox 686 3277 860 3335; x_wconf 85' lang='lat' dir='ltr'>centesimus</span> <span class='ocrx_word' id='word_1_353' title='bbox 880 3277 1003 3367; x_wconf 89' lang='lat' dir='ltr'>quisque</span> <span class='ocrx_word' id='word_1_354' title='bbox 1023 3294 1108 3336; x_wconf 88' lang='lat' dir='ltr'>verns</span> <span class='ocrx_word' id='word_1_355' title='bbox 1128 3288 1172 3337; x_wconf 88' lang='lat' dir='ltr'>est</span> 
     </span>
     <span class='ocr_line' id='line_1_41' title="bbox 59 3350 1174 3435; baseline 0 -22"><span class='ocrx_word' id='word_1_356' title='bbox 59 3372 99 3413; x_wconf 72' lang='lat' dir='ltr'>ns</span> <span class='ocrx_word' id='word_1_357' title='bbox 114 3363 277 3435; x_wconf 81' lang='lat' dir='ltr'>spectator.</span> <span class='ocrx_word' id='word_1_358' title='bbox 316 3350 418 3412; x_wconf 88' lang='lat' dir='ltr'>Nihilo</span> <span class='ocrx_word' id='word_1_359' title='bbox 432 3371 522 3434; x_wconf 74' lang='lat' dir='ltr'>magis</span> <span class='ocrx_word' id='word_1_360' title='bbox 534 3362 585 3411; x_wconf 91' lang='lat' dir='ltr'>aut</span> <span class='ocrx_word' id='word_1_361' title='bbox 602 3352 748 3431; x_wconf 88' lang='lat' dir='ltr'>potentia,</span> <span class='ocrx_word' id='word_1_362' title='bbox 767 3365 817 3412; x_wconf 84' lang='lat' dir='ltr'>aut</span> <span class='ocrx_word' id='word_1_363' title='bbox 836 3358 976 3431; x_wconf 78' lang='lat' dir='ltr'>sapientia</span> <span class='ocrx_word' id='word_1_364' title='bbox 995 3351 1174 3413; x_wconf 87' lang='lat' dir='ltr'>intenebris</span> 
     </span>
     <span class='ocr_line' id='line_1_42' title="bbox 59 3428 1173 3510; baseline 0 -21"><span class='ocrx_word' id='word_1_365' title='bbox 59 3440 143 3503; x_wconf 82' lang='lat' dir='ltr'>stent,</span> <span class='ocrx_word' id='word_1_366' title='bbox 171 3449 299 3510; x_wconf 90' lang='lat' dir='ltr'>quarum</span> <span class='ocrx_word' id='word_1_367' title='bbox 325 3428 416 3488; x_wconf 85' lang='lat' dir='ltr'>altera</span> <span class='ocrx_word' id='word_1_368' title='bbox 443 3428 593 3508; x_wconf 87' lang='lat' dir='ltr'>praeclare</span> <span class='ocrx_word' id='word_1_369' title='bbox 618 3428 756 3508; x_wconf 86' lang='lat' dir='ltr'>emergit,</span> <span class='ocrx_word' id='word_1_370' title='bbox 787 3428 855 3488; x_wconf 89' lang='lat' dir='ltr'>dum</span> <span class='ocrx_word' id='word_1_371' title='bbox 884 3429 1042 3508; x_wconf 89' lang='lat' dir='ltr'>impiorum</span> <span class='ocrx_word' id='word_1_372' title='bbox 1062 3428 1173 3489; x_wconf 83' lang='lat' dir='ltr'>ferocia</span> 
     </span>
     <span class='ocr_line' id='line_1_43' title="bbox 59 3504 1174 3585; baseline -0.001 -20"><span class='ocrx_word' id='word_1_373' title='bbox 59 3505 169 3567; x_wconf 72' lang='lat' dir='ltr'>turin·</span> <span class='ocrx_word' id='word_1_374' title='bbox 196 3506 342 3585; x_wconf 89' lang='lat' dir='ltr'>opinione</span> <span class='ocrx_word' id='word_1_375' title='bbox 366 3504 569 3585; x_wconf 89' lang='lat' dir='ltr'>insuperabilis</span> <span class='ocrx_word' id='word_1_376' title='bbox 597 3515 749 3564; x_wconf 89' lang='lat' dir='ltr'>momento</span> <span class='ocrx_word' id='word_1_377' title='bbox 783 3525 844 3565; x_wconf 90' lang='lat' dir='ltr'>uno</span> <span class='ocrx_word' id='word_1_378' title='bbox 876 3504 1059 3583; x_wconf 88' lang='lat' dir='ltr'>retunditur,</span> <span class='ocrx_word' id='word_1_379' title='bbox 1088 3525 1174 3567; x_wconf 87' lang='lat' dir='ltr'>arro-</span> 
     </span>
     <span class='ocr_line' id='line_1_44' title="bbox 59 3580 1174 3673; baseline -0.002 -30"><span class='ocrx_word' id='word_1_380' title='bbox 59 3582 135 3661; x_wconf 77' lang='lat' dir='ltr'>pntia</span> <span class='ocrx_word' id='word_1_381' title='bbox 152 3583 306 3655; x_wconf 85' lang='lat' dir='ltr'>domatur,</span> <span class='ocrx_word' id='word_1_382' title='bbox 325 3580 482 3641; x_wconf 88' lang='lat' dir='ltr'>diruuntur</span> <span class='ocrx_word' id='word_1_383' title='bbox 499 3580 669 3642; x_wconf 85' lang='lat' dir='ltr'>validissima</span> <span class='ocrx_word' id='word_1_384' title='bbox 688 3580 845 3673; x_wconf 89' lang='lat' dir='ltr'>praesidia,</span> <span class='ocrx_word' id='word_1_385' title='bbox 864 3580 923 3641; x_wconf 89' lang='lat' dir='ltr'>tela</span> <span class='ocrx_word' id='word_1_386' title='bbox 944 3595 976 3642; x_wconf 92' lang='lat' dir='ltr'>et</span> <span class='ocrx_word' id='word_1_387' title='bbox 993 3602 1073 3643; x_wconf 88' lang='lat' dir='ltr'>arma</span> <span class='ocrx_word' id='word_1_388' title='bbox 1092 3601 1174 3643; x_wconf 89' lang='lat' dir='ltr'>com·</span> 
     </span>
     <span class='ocr_line' id='line_1_45' title="bbox 59 3655 1176 3740; baseline 0 -23"><span class='ocrx_word' id='word_1_389' title='bbox 59 3656 229 3732; x_wconf 81' lang='lat' dir='ltr'>rissuntur,</span> <span class='ocrx_word' id='word_1_390' title='bbox 261 3658 338 3720; x_wconf 80' lang='lat' dir='ltr'>sires</span> <span class='ocrx_word' id='word_1_391' title='bbox 357 3656 575 3740; x_wconf 87' lang='lat' dir='ltr'>infringuntur,</span> <span class='ocrx_word' id='word_1_392' title='bbox 602 3655 834 3718; x_wconf 73' lang='lat' dir='ltr'>machinationes</span> <span class='ocrx_word' id='word_1_393' title='bbox 853 3669 1043 3732; x_wconf 85' lang='lat' dir='ltr'>evertuntur,</span> <span class='ocrx_word' id='word_1_394' title='bbox 1075 3668 1105 3717; x_wconf 86' lang='lat' dir='ltr'>et</span> <span class='ocrx_word' id='word_1_395' title='bbox 1124 3677 1176 3717; x_wconf 91' lang='lat' dir='ltr'>sua</span> 
     </span>
     <span class='ocr_line' id='line_1_46' title="bbox 60 3733 1177 3815; baseline -0.001 -20"><span class='ocrx_word' id='word_1_396' title='bbox 60 3752 167 3813; x_wconf 76' lang='lat' dir='ltr'>prm</span> <span class='ocrx_word' id='word_1_397' title='bbox 185 3733 270 3795; x_wconf 80' lang='lat' dir='ltr'>nole</span> <span class='ocrx_word' id='word_1_398' title='bbox 289 3733 470 3809; x_wconf 86' lang='lat' dir='ltr'>concidunt,</span> <span class='ocrx_word' id='word_1_399' title='bbox 502 3753 577 3814; x_wconf 91' lang='lat' dir='ltr'>quae</span> <span class='ocrx_word' id='word_1_400' title='bbox 595 3755 682 3815; x_wconf 87' lang='lat' dir='ltr'>supra</span> <span class='ocrx_word' id='word_1_401' title='bbox 707 3733 808 3794; x_wconf 91' lang='lat' dir='ltr'>coelos</span> <span class='ocrx_word' id='word_1_402' title='bbox 832 3754 864 3795; x_wconf 91' lang='lat' dir='ltr'>se</span> <span class='ocrx_word' id='word_1_403' title='bbox 884 3734 1029 3795; x_wconf 88' lang='lat' dir='ltr'>efferebat</span> <span class='ocrx_word' id='word_1_404' title='bbox 1047 3734 1177 3808; x_wconf 83' lang='lat' dir='ltr'>audacia,</span> 
     </span>
     <span class='ocr_line' id='line_1_47' title="bbox 59 3810 1177 3893; baseline -0.004 -20"><span class='ocrx_word' id='word_1_405' title='bbox 59 3810 224 3873; x_wconf 68' lang='lat' dir='ltr'>heestmm</span> <span class='ocrx_word' id='word_1_406' title='bbox 244 3831 339 3893; x_wconf 90' lang='lat' dir='ltr'>usque</span> <span class='ocrx_word' id='word_1_407' title='bbox 358 3822 455 3870; x_wconf 84' lang='lat' dir='ltr'>terrae</span> <span class='ocrx_word' id='word_1_408' title='bbox 474 3810 685 3892; x_wconf 88' lang='lat' dir='ltr'>prosternitur:</span> <span class='ocrx_word' id='word_1_409' title='bbox 705 3831 820 3870; x_wconf 88' lang='lat' dir='ltr'>rursum</span> <span class='ocrx_word' id='word_1_410' title='bbox 841 3811 904 3891; x_wconf 85' lang='lat' dir='ltr'>(Ps.</span> <span class='ocrx_word' id='word_1_411' title='bbox 916 3817 983 3886; x_wconf 80' lang='lat'>113,</span> <span class='ocrx_word' id='word_1_412' title='bbox 992 3813 1037 3889; x_wconf 85' lang='lat'>7.)</span> <span class='ocrx_word' id='word_1_413' title='bbox 1056 3810 1177 3891; x_wconf 82' lang='lat' dir='ltr'>erigun-</span> 
     </span>
     <span class='ocr_line' id='line_1_48' title="bbox 59 3885 1178 3970; baseline 0 -25"><span class='ocrx_word' id='word_1_414' title='bbox 59 3894 95 3945; x_wconf 62' lang='grc' dir='ltr'>ω</span> <span class='ocrx_word' id='word_1_415' title='bbox 110 3886 230 3949; x_wconf 77' lang='lat' dir='ltr'>humiles</span> <span class='ocrx_word' id='word_1_416' title='bbox 250 3908 268 3948; x_wconf 94' lang='lat' dir='ltr'>e</span> <span class='ocrx_word' id='word_1_417' title='bbox 287 3887 426 3970; x_wconf 83' lang='lat' dir='ltr'>pulvere,</span> <span class='ocrx_word' id='word_1_418' title='bbox 451 3900 481 3947; x_wconf 89' lang='lat' dir='ltr'>et</span> <span class='ocrx_word' id='word_1_419' title='bbox 508 3887 612 3967; x_wconf 91' lang='lat' dir='ltr'>inopes</span> <span class='ocrx_word' id='word_1_420' title='bbox 632 3906 649 3946; x_wconf 93' lang='lat' dir='ltr'>e</span> <span class='ocrx_word' id='word_1_421' title='bbox 671 3898 804 3948; x_wconf 88' lang='lat' dir='ltr'>stercore</span> <span class='ocrx_word' id='word_1_422' title='bbox 827 3887 1019 3949; x_wconf 86' lang='lat' dir='ltr'>suscitantur:</span> <span class='ocrx_word' id='word_1_423' title='bbox 1045 3907 1063 3947; x_wconf 95' lang='lat' dir='ltr'>o</span> <span class='ocrx_word' id='word_1_424' title='bbox 1086 3885 1178 3966; x_wconf 83' lang='lat' dir='ltr'>pressi</span> 
     </span>
     <span class='ocr_line' id='line_1_49' title="bbox 59 3907 1177 4047; baseline 0.001 -28"><span class='ocrx_word' id='word_1_425' title='bbox 59 3970 83 4019; x_wconf 86' lang='lat' dir='ltr'>et</span> <span class='ocrx_word' id='word_1_426' title='bbox 97 3962 195 4043; x_wconf 80' lang='lat' dir='ltr'>afflicti</span> <span class='ocrx_word' id='word_1_427' title='bbox 213 3964 252 4025; x_wconf 84' lang='lat' dir='ltr'>ah</span> <span class='ocrx_word' id='word_1_428' title='bbox 264 3965 402 4024; x_wconf 80' lang='lat' dir='ltr'>extremis</span> <span class='ocrx_word' id='word_1_429' title='bbox 420 3963 560 4047; x_wconf 87' lang='lat' dir='ltr'>angustiis</span> <span class='ocrx_word' id='word_1_430' title='bbox 572 3975 728 4023; x_wconf 88' lang='lat' dir='ltr'>eruuntur:</span> <span class='ocrx_word' id='word_1_431' title='bbox 749 3960 894 4043; x_wconf 90' lang='lat' dir='ltr'>deplorati</span> <span class='ocrx_word' id='word_1_432' title='bbox 914 3964 944 4022; x_wconf 92' lang='lat' dir='ltr'>iu</span> <span class='ocrx_word' id='word_1_433' title='bbox 963 3983 1046 4043; x_wconf 86' lang='lat' dir='ltr'>spem</span> <span class='ocrx_word' id='word_1_434' title='bbox 1066 3907 1177 4022; x_wconf 80' lang='lat' dir='ltr'>bonam</span> 
     </span>
     <span class='ocr_line' id='line_1_50' title="bbox 59 4037 1178 4133; baseline -0.003 -32"><span class='ocrx_word' id='word_1_435' title='bbox 59 4039 247 4102; x_wconf 65' lang='lat' dir='ltr'>minantur:</span> <span class='ocrx_word' id='word_1_436' title='bbox 268 4042 398 4102; x_wconf 88' lang='lat' dir='ltr'>inermes</span> <span class='ocrx_word' id='word_1_437' title='bbox 418 4041 455 4101; x_wconf 91' lang='lat' dir='ltr'>de</span> <span class='ocrx_word' id='word_1_438' title='bbox 474 4039 608 4111; x_wconf 86' lang='lat' dir='ltr'>armatis,</span> <span class='ocrx_word' id='word_1_439' title='bbox 627 4039 712 4120; x_wconf 90' lang='lat' dir='ltr'>pauci</span> <span class='ocrx_word' id='word_1_440' title='bbox 732 4039 769 4099; x_wconf 90' lang='lat' dir='ltr'>de</span> <span class='ocrx_word' id='word_1_441' title='bbox 788 4040 936 4133; x_wconf 87' lang='lat' dir='ltr'>plurimis,</span> <span class='ocrx_word' id='word_1_442' title='bbox 960 4038 1120 4099; x_wconf 88' lang='lat' dir='ltr'>imbecilles</span> <span class='ocrx_word' id='word_1_443' title='bbox 1140 4037 1178 4098; x_wconf 87' lang='lat' dir='ltr'>de</span> 
     </span>
     <span class='ocr_line' id='line_1_51' title="bbox 60 4112 1178 4198; baseline -0.003 -22"><span class='ocrx_word' id='word_1_444' title='bbox 60 4112 142 4178; x_wconf 67' lang='lat' dir='ltr'>validis</span> <span class='ocrx_word' id='word_1_445' title='bbox 158 4118 314 4180; x_wconf 82' lang='lat' dir='ltr'>victoriam</span> <span class='ocrx_word' id='word_1_446' title='bbox 334 4115 477 4178; x_wconf 89' lang='lat' dir='ltr'>referunt.</span> <span class='ocrx_word' id='word_1_447' title='bbox 516 4115 667 4196; x_wconf 89' lang='lat' dir='ltr'>Sapientia</span> <span class='ocrx_word' id='word_1_448' title='bbox 690 4135 764 4177; x_wconf 81' lang='lat' dir='ltr'>vero</span> <span class='ocrx_word' id='word_1_449' title='bbox 790 4137 852 4198; x_wconf 86' lang='lat' dir='ltr'>rpsa</span> <span class='ocrx_word' id='word_1_450' title='bbox 877 4116 1029 4177; x_wconf 88' lang='lat' dir='ltr'>manifeste</span> <span class='ocrx_word' id='word_1_451' title='bbox 1053 4113 1178 4186; x_wconf 81' lang='lat' dir='ltr'>excellit,</span> 
     </span>
     <span class='ocr_line' id='line_1_52' title="bbox 61 4184 1179 4276; baseline -0.004 -24"><span class='ocrx_word' id='word_1_452' title='bbox 61 4184 115 4252; x_wconf 71' lang='lat' dir='ltr'>fu</span> <span class='ocrx_word' id='word_1_453' title='bbox 131 4196 240 4276; x_wconf 84' lang='lat' dir='ltr'>optima</span> <span class='ocrx_word' id='word_1_454' title='bbox 259 4213 499 4274; x_wconf 82' lang='lat' dir='ltr'>unamquamque</span> <span class='ocrx_word' id='word_1_455' title='bbox 518 4210 581 4252; x_wconf 91' lang='lat' dir='ltr'>rem</span> <span class='ocrx_word' id='word_1_456' title='bbox 602 4193 825 4273; x_wconf 87' lang='lat' dir='ltr'>opportunitate</span> <span class='ocrx_word' id='word_1_457' title='bbox 838 4194 998 4274; x_wconf 86' lang='lat' dir='ltr'>dispensat:</span> <span class='ocrx_word' id='word_1_458' title='bbox 1019 4190 1179 4272; x_wconf 87' lang='lat' dir='ltr'>quamlibet</span> 
     </span>
     <span class='ocr_line' id='line_1_53' title="bbox 62 4268 1181 4355; baseline -0.002 -26"><span class='ocrx_word' id='word_1_459' title='bbox 62 4268 143 4329; x_wconf 73' lang='lat' dir='ltr'>nuti</span> <span class='ocrx_word' id='word_1_460' title='bbox 159 4271 373 4355; x_wconf 88' lang='lat' dir='ltr'>perspicaciam</span> <span class='ocrx_word' id='word_1_461' title='bbox 395 4270 569 4345; x_wconf 89' lang='lat' dir='ltr'>confundit,</span> <span class='ocrx_word' id='word_1_462' title='bbox 593 4268 790 4351; x_wconf 90' lang='lat' dir='ltr'>deprehendit</span> <span class='ocrx_word' id='word_1_463' title='bbox 813 4281 924 4331; x_wconf 85' lang='lat' dir='ltr'>astutos</span> <span class='ocrx_word' id='word_1_464' title='bbox 948 4270 979 4329; x_wconf 93' lang='lat' dir='ltr'>in</span> <span class='ocrx_word' id='word_1_465' title='bbox 1003 4269 1110 4328; x_wconf 84' lang='lat' dir='ltr'>astutia</span> <span class='ocrx_word' id='word_1_466' title='bbox 1128 4286 1181 4328; x_wconf 90' lang='lat' dir='ltr'>sua</span> 
     </span>
     <span class='ocr_line' id='line_1_54' title="bbox 63 4338 1121 4429; baseline -0.006 -19"><span class='ocrx_word' id='word_1_467' title='bbox 63 4338 326 4428; x_wconf 75' lang='lat' dir='ltr'>ll·Ccr.3,19.),</span> <span class='ocrx_word' id='word_1_468' title='bbox 347 4346 422 4407; x_wconf 86' lang='lat' dir='ltr'>nibil</span> <span class='ocrx_word' id='word_1_469' title='bbox 442 4346 570 4426; x_wconf 89' lang='lat' dir='ltr'>denique</span> <span class='ocrx_word' id='word_1_470' title='bbox 589 4366 651 4409; x_wconf 89' lang='lat' dir='ltr'>nou</span> <span class='ocrx_word' id='word_1_471' title='bbox 671 4345 783 4429; x_wconf 88' lang='lat' dir='ltr'>optima</span> <span class='ocrx_word' id='word_1_472' title='bbox 800 4346 917 4407; x_wconf 89' lang='lat' dir='ltr'>ratione</span> <span class='ocrx_word' id='word_1_473' title='bbox 936 4356 1121 4426; x_wconf 85' lang='lat' dir='ltr'>attemperat.</span> 
     </span>
    </p>
   </div>
   <div class='ocr_carea' id='block_1_3' title="bbox 84 4440 328 4496">
    <p class='ocr_par' dir='ltr' id='par_1_5' title="bbox 84 4440 328 4496">
     <span class='ocr_line' id='line_1_55' title="bbox 84 4440 328 4496; baseline 0.008 -4"><span class='ocrx_word' id='word_1_474' title='bbox 84 4440 157 4492; x_wconf 62' lang='lat' dir='ltr'>fflviai</span> <span class='ocrx_word' id='word_1_475' title='bbox 170 4448 328 4496; x_wconf 55' lang='lat' dir='ltr'>quentio-1.</span> 
     </span>
    </p>
   </div>
   <div class='ocr_carea' id='block_1_4' title="bbox 0 0 1312 4726">
    <p class='ocr_par' dir='ltr' id='par_1_6' title="bbox 0 0 1312 4726">
     <span class='ocr_line' id='line_1_56' title="bbox 0 0 1312 4726; baseline 0 0"><span class='ocrx_word' id='word_1_476' title='bbox 0 0 1312 4726; x_wconf 95' lang='lat' dir='ltr'> </span> 
     </span>
    </p>
   </div>
  </div>
 </body>
</html>
