2700 4732
495 205 573 269 HR
594 206 636 268 tt.
675 206 765 273 CAP.
785 205 843 269 ΠΙ.
1179 212 1239 275 Μ

118 352 239 415 volunta
256 370 321 413 eene
340 350 474 432 lnclplat,
492 352 545 413 ned
563 366 597 415 nt
615 366 748 415 vertatur
767 374 802 415 ex
819 350 894 413 mala
911 351 943 411 ln
962 348 1080 413 honam
1117 352 1186 413 lloc
1203 352 1236 411 in

115 430 225 493 'solidum
244 451 262 491 e
280 428 351 489 Deo
370 428 436 489 lieri
454 428 587 503 affirmo,
618 432 685 509 quia
711 451 749 489 ne
767 431 805 491 ad
825 427 1015 510 cogitandum
1034 426 1151 507 quidem
1171 428 1237 489 ido-

115 508 156 567 oei
233 530 284 581 os,
312 505 420 565 eodem
445 506 593 584 Apostolo
618 518 694 567 teste
739 508 778 566 11.
799 508 870 569 Cor.
890 512 919 578 3,
937 506 990 581 5.).
1028 504 1133 584 ltaque
1164 504 1236 565 alibi

114 584 191 645 uadit
227 604 270 644 on
289 582 381 643 modo
406 581 505 642 Deum
530 582 669 663 opitulari
694 584 724 643 io
747 606 826 643 rmae
851 581 1012 659 voluntati,
1041 584 1087 643 rel
1117 602 1235 661 pravam

114 660 269 751 corrigere,
293 658 347 719 ned
367 661 486 749 operari
505 658 536 717 io
557 659 642 719 nohis
662 658 737 720 velle
755 660 849 739 (Phil.
868 664 899 733 2,
918 658 990 733 13.).
1040 656 1130 718 Unde
1150 657 1236 717 facile

114 734 250 829 mlligrtur
268 736 352 815 quod
373 736 448 811 dixi,
478 734 619 815 quiequid
639 735 713 796 honi
737 750 781 797 est
806 737 837 795 in
862 733 1032 810 voluntate,
1062 754 1124 795 ease
1149 734 1235 796 unius

113 826 211 895 greeae
227 832 312 893 opos.
366 812 439 887 Quo
462 832 550 872 censu
570 811 639 871 alibi
657 812 729 873 dicit
759 812 801 889 (1.
822 812 894 873 Cor.
914 818 962 879 1²,
980 812 1026 890 6.)
1053 808 1152 871 Deum
1172 829 1235 869 esse

115 891 166 1025 quq
172 892 267 979 onnia
286 902 437 1025 opehratur·
449 888 481 947 in
499 886 648 1025 oprpihua.
694 890 800 983 Neque
829 886 992 1023 euimpllic
1017 886 1055 1023 dle¹
1078 886 1236 1021 unipprpali

115 978 340 1103 tueleta
354 977 515 1101 atila?
567 976 1130 1113 3t⁰nttttft⁰¹tta¹t0ff⁵ttat¹¹a
1149 981 1238 1099 alell

116 1118 148 1177 ad
162 1118 245 1177 finem
265 1138 359 1197 usque
377 1117 476 1177 Deum
494 1116 651 1197 spiritualia
669 1118 746 1178 vitae
765 1130 916 1177 auctorem
943 1116 1024 1177 lacit:
1056 1115 1137 1195 quod
1157 1116 1235 1175 idem

115 1194 167 1255 aliis
184 1194 279 1253 rerhls
299 1196 379 1283 prim
398 1195 541 1252 docuerat
560 1192 601 1270 (Ι.
622 1192 695 1254 Cor.
713 1199 744 1269 8,
763 1195 824 1268 (a),
847 1192 947 1252 fideles
966 1212 1001 1249 ex
1018 1191 1086 1251 Deo
1107 1210 1169 1251 esse
1189 1190 1236 1249 di-

115 1288 173 1331 tenn
189 1272 220 1329 in
239 1268 377 1329 Christo:
401 1268 452 1327 uhi
472 1279 573 1346 aperte
593 1290 701 1328 noram
712 1270 904 1341 creationem,
922 1288 978 1347 qua
998 1266 1134 1327 aboletur
1153 1266 1235 1345 quod

116 1344 266 1405 eommunia
285 1356 410 1403 naturae
429 1356 489 1415 est,
517 1344 712 1405 commendat.
769 1343 977 1404 Suhaudienda
997 1343 1075 1404 enim
1095 1356 1139 1403 est
1158 1346 1236 1404 inter

115 1420 194 1481 ltau
213 1432 245 1483 et
264 1419 416 1481 Christum
435 1420 602 1493 antithesis,
633 1441 721 1510 quam
744 1420 815 1481 alibi
834 1421 940 1481 clarius
960 1420 1084 1509 explieat
1112 1420 1235 1509 (Ephen.

115 1498 227 1575 ΜΕ),
256 1494 311 1557 uhi
334 1496 423 1557 docet
441 1516 496 1555 noa
515 1516 577 1555 esse
595 1494 655 1556 Det
674 1497 831 1571 facturam,
860 1508 975 1557 ereatoe
998 1518 1028 1556 ro
1051 1496 1170 1557 Christo
1197 1493 1235 1555 ad

117 1570 298 1653 henopera,
317 1591 393 1651 quae
412 1572 594 1651 praeparavit
613 1584 645 1631 ut
664 1572 770 1633 inillis
789 1572 982 1633 ambulemus.
1021 1572 1086 1633 llae
1098 1573 1176 1631 enim
1188 1591 1236 1630 ra-

118 1648 185 1741 tione
202 1648 334 1740 probare
351 1647 415 1709 vult
432 1646 586 1729 gratuitam
610 1669 673 1739 esse
698 1660 840 1741 nostram·
853 1650 992 1740 salutem,
1021 1648 1089 1727 quia
1119 1648 1236 1737 initium

120 1742 198 1891 iili
213 1724 1238 1893 mla::tttltttt‘tt'ett'lette?att,‘Stella

122 1877 200 1937 nenti
215 1890 331 1955 pnrtro.
368 1876 479 1935 Verum
499 1890 606 1936 utnon
625 1898 745 1955 prorsus
764 1878 927 1953 exinaniat,
956 1874 1030 1939 nrhd
1056 1888 1235 1955 promeritos

75 1996 78 2011 ,
123 1968 172 2011 ene
186 1952 393 2027 ratiocinatur,
423 1954 491 2032 quia
515 1954 547 2011 iu
573 1952 692 2013 Christo
712 1952 1002 2015 continuauerat
1032 1952 1113 2013 hona
1133 1972 1235 2030 opera,

75 2042 78 2113 ᾗ
123 2046 183 2107 qnae
199 2030 381 2109 praepararit
397 2028 494 2089 Deus:
514 2028 619 2119 quibus
637 2027 735 2089 verbis
754 2029 860 2089 iterum
879 2030 1036 2111 significat,
1055 2048 1158 2089 omnes
1178 2027 1235 2087 ho-

75 2119 84 2171 ¹.
124 2122 211 2191 qtrcn
228 2125 354 2187 operum
373 2116 469 2185 partes
488 2125 505 2165 a
526 2125 622 2196 primo
642 2117 725 2165 motu
744 2106 803 2197 Dei
828 2126 891 2167 esse
917 2106 1061 2185 proprian.
1098 2104 1164 2163 llac
1188 2124 1235 2195 ra:

75 2192 77 2231 :
126 2186 195 2239 tuoe
209 2180 356 2261 Propheta
374 2193 530 2261 postquam
553 2204 583 2241 m
609 2180 727 2243 Psalmo
753 2182 823 2243 dreit
841 2184 905 2261 (Ps.
925 2189 993 2255 ree,
1010 2183 1068 2257 3.),
1097 2202 1152 2241 nos
1175 2180 1236 2239 Der

75 2680 81 2731 l

75 2810 82 2855 t
130 2860 138 2877 ι
186 2798 211 2857 ’1.
247 2793 306 2852 Sed
329 2804 415 2851 erunt

75 2266 77 2293 ¹
128 2254 361 2419 ἷᾞειιωω,
380 2278 417 2316 oe
428 2278 484 2336 qua
496 2256 547 2317 fiat
558 2257 688 2337 partitio,
707 2280 774 2319 mon
787 2258 930 2351 adiungit,
949 2260 1019 2319 Non
1039 2256 1160 2319 lecimus
1180 2278 1234 2317 non

254 2334 481 2417 regeneratione
500 2332 583 2393 illum
604 2334 702 2412 loqui,
721 2356 794 2415 quae
814 2335 991 2415 prroerpiurn
1012 2347 1056 2395 est
1079 2334 1236 2413 spiritualis

130 2418 197 2481 me,
211 2432 243 2471 ex
260 2421 400 2471 contextu
419 2421 511 2489 patet,
537 2410 589 2470 ubi
608 2410 752 2471 continuo
774 2425 842 2493 post
860 2413 1003 2491 sequitur,
1021 2433 1076 2471 oon
1097 2432 1158 2470 esse
1178 2430 1235 2489 po-

129 2482 216 2561 plena,
232 2488 308 2559 eius,
337 2500 369 2545 et
391 2507 510 2578 gregem
530 2507 705 2566 pascuorum
725 2490 796 2549 eius.
846 2488 985 2547 Videmus
1005 2501 1101 2547 autem
1121 2498 1153 2544 ut
1173 2508 1236 2545 non

128 2572 261 2623 contentus
277 2562 449 2642 simplicater
467 2563 566 2623 salutis
586 2575 704 2623 nostroe
723 2565 839 2625 laudem
857 2566 925 2624 Deo
938 2564 1061 2635 dedisse,
1080 2564 1187 2621 diserte
1198 2561 1235 2621 ah

127 2641 192 2697 enni
208 2642 344 2700 societate
365 2661 418 2699 noa
438 2639 586 2698 excludat:
619 2641 700 2718 quasi
721 2641 850 2716 diecret,
881 2662 919 2701 ne
949 2641 1096 2701 tantillum
1117 2638 1235 2719 quidem

127 2726 217 2777 tentare
234 2716 363 2790 homini,
383 2717 412 2774 in
433 2736 492 2849 quo
512 2716 669 2797 glorietur,
688 2721 755 2795 quia
775 2732 869 2777 totum
890 2741 905 2778 a
925 2718 993 2776 Deo
1014 2731 1066 2777 est.

447 2804 523 2865 orte,
543 2793 593 2871 qui
613 2795 779 2853 concedent
797 2795 977 2855 voluntatem
997 2816 1013 2852 a
1033 2794 1115 2853 bono
1130 2802 1235 2870 suopte

129 2870 226 2947 unuin
244 2890 383 2939 aversam,
401 2868 464 2927 sola
483 2868 605 2931 Domini
623 2873 730 2930 virtute
750 2873 897 2930 converti:
917 2870 959 2931 sie
978 2882 1076 2930 tamen
1098 2882 1130 2929 ut
1151 2889 1236 2945 prae-

75 2972 82 3032 ..-
130 2956 288 3101 ἥξεις
316 2944 421 3003 deinde
441 2946 469 3003 in
490 2946 607 3026 agendo
628 2960 723 3024 partes
742 2947 863 3007 haheat:
885 2947 1129 3028 quemadmodum
1147 2948 1237 3003 docet

75 3038 79 3043 ·
251 3044 283 3082 ιιι

75 3178 80 3213 ῑ
133 3174 332 3235 motuuure:
387 3174 445 3232 uod
471 3196 532 3234 non
556 3176 631 3234 male
658 3198 674 3234 a
699 3188 800 3237 saneto
820 3178 883 3237 viro
904 3178 1015 3236 dictmu

75 3224 80 3305 l

78 4542 94 4692 l

316 3022 367 3101 [ad
391 3020 526 3080 llonilae.
550 3024 717 3103 ep.106.],
747 3045 835 3083 omne
868 3025 980 3084 honum
1009 3045 1083 3102 opus
1115 3023 1236 3103 gratiam

131 3098 289 3183 proaedere,
311 3112 342 3157 et
361 3096 390 3156 id
411 3098 586 3173 comitante,
607 3120 668 3158 non
690 3101 833 3174 ducente,
859 3102 1046 3180 pedissequa,
1071 3123 1130 3157 noo
1153 3118 1237 3177 prae·

1068 3198 1114 3235 rae
1139 3187 1236 3234 estere

133 3240 341 3331 heedetorqnet
400 3262 478 3309 etrus
503 3251 684 3312 Lomhardos
712 3253 777 3332 [lib.
797 3261 825 3318 2.
847 3255 912 3314 dist.
930 3254 1004 3388 ‘lap
1046 3199 1235 3331 llgollautem

134 3326 215 3409 lelio
231 3328 400 3409 Prophetae
420 3325 515 3385 verbis
535 3349 610 3406 quae
630 3330 729 3403 citavi,
748 3352 834 3408 quarn
855 3332 885 3389 in
905 3330 966 3390 aliis
998 3330 1058 3389 ocis
1079 3330 1156 3388 clare
1176 3328 1236 3384 aluo

136 3400 257 3477 amilcari
276 3404 444 3464 contendo:
491 3406 549 3463 uod
570 3417 600 3463 et
619 3426 734 3484 pravam
756 3420 885 3466 nostram
904 3407 1085 3467 voluntatem
1107 3405 1236 3481 corrigat

134 3468 257 3555 Βοωίιιιι,
274 3480 324 3540 vel
345 3480 443 3559 potius
463 3500 478 3537 a
502 3481 590 3553 oleat,
611 3494 640 3541 et
659 3504 674 3542 a
695 3485 802 3562 seipso
824 3484 931 3543 bonam
951 3484 1110 3543 submittat.
1151 3482 1237 3553 Qua-

130 3558 223 3617 lennte
241 3556 337 3639 gratia
355 3557 554 3645 praevenitur,
573 3559 603 3617 in
625 3580 661 3618 eo
683 3572 716 3618 ut
729 3560 928 3639 pedissequam
941 3560 1080 3639 appelles,
1100 3557 1153 3617 tibi
1167 3576 1236 3634 per-

128 3626 206 3718 nflln:
233 3636 283 3693 ned
311 3654 381 3712 qma
412 3631 571 3692 reformata
597 3656 671 3714 opus
697 3649 741 3694 est
759 3636 897 3711 Domini,
928 3636 984 3695 hoe
1005 3655 1159 3714 perperam
1181 3633 1235 3690 lto-

125 3706 180 3767 !tni
194 3709 347 3783 hibuitnr,
372 3708 452 3787 quod
472 3710 581 3790 gratiae
601 3713 801 3791 praevenienti
821 3712 991 3793 pedissequa
1010 3712 1161 3771 voluntate
1178 3710 1236 3768 ob-

123 3796 246 3868 !tqnator.
291 3786 368 3845 Ideo
386 3806 448 3843 non
469 3800 549 3845 recte
569 3808 584 3846 a
605 3788 820 3868 Clrrysostomo
839 3790 979 3867 scripturn
1002 3799 1045 3845 est
1072 3790 1178 3867 [serm.
1199 3787 1235 3845 de

123 3874 323 3924 necutiante
342 3860 473 3941 crucis.],
492 3864 556 3922 Nee
574 3864 695 3945 gratiam
716 3866 779 3923 sine
799 3864 959 3937 voluntate,
980 3884 1034 3923 nee
1053 3865 1236 3924 voluntatem

122 3930 172 3993 tine
186 3940 275 4019 gratia
295 3936 450 4017 quicquam
471 3958 557 4018 posse
575 3942 707 4019 operari:
750 3942 809 4000 uasi
829 3962 902 4000 sero
924 3963 984 3999 nou
1006 3942 1095 4019 ipsam
1116 3956 1236 4015 quoque

122 4009 280 4074 voluntatem
301 4027 444 4093 operetur
475 4016 545 4075 ratia
576 4018 659 4075 sicuti
681 3964 825 4076 exl'aulo
847 4039 942 4096 nuper
961 4016 1093 4077 vidimus.
1131 4016 1235 4092 Neque

123 4102 176 4147 tero
192 4090 349 4173 Augustini
370 4034 524 4151 consilium
542 4058 616 4166 luit,
637 4093 704 4152 dum
726 4094 926 4174 pedissequam
947 4096 1055 4171 gratiae
1074 4101 1160 4151 vocat
1180 4090 1234 4149 hu-

123 4178 216 4247 {tanam
234 4166 428 4239 voluntatem,
446 4167 587 4228 secundas
607 4169 742 4261 quasdam
762 4190 779 4229 a
799 4172 892 4249 gratia
913 4181 1009 4248 partes
1029 4167 1071 4225 illi
1090 4167 1237 4245 assignare

126 4252 150 4293 tt
164 4238 275 4302 hoooo
300 4262 364 4301 ere:
382 4243 433 4303 sed
454 4245 522 4321 quia
543 4244 599 4303 hoe
619 4246 661 4304 dli
682 4258 793 4304 tantum
816 4247 1001 4335 propositum
1022 4255 1085 4302 erat
1100 4242 1236 4301 refellere

130 4316 261 4387 tonitrum
279 4266 395 4405 l’elagii
415 4320 539 4403 dogma,
560 4322 641 4402 quod
660 4323 781 4402 printam
802 4322 902 4385 saluto
923 4342 1034 4381 causam
1055 4321 1084 4379 in
1111 4315 1237 4379 hominis
