2700 4732
101 206 161 269 ῃ.)
467 196 542 257 nin.
563 198 602 256 ii.
642 196 732 259 cae.
753 196 837 259 rut

102 344 220 419 iudicii,
248 363 338 425 quum
357 358 389 403 ie
409 340 607 404 observationi
627 343 760 403 viderent
780 343 920 421 impares,
941 339 1029 401 inisse
1047 338 1188 404 subactos
1204 366 1207 375 ·

103 422 150 482 vei
169 421 252 482 inriti
270 420 307 481 ad
326 418 521 479 Mediatorem
550 420 747 479 traherentur.
804 420 902 478 Porro
930 420 1010 477 inter
1038 415 1207 499 explicanda

104 519 208 559 eorum
227 517 368 559 summam
387 495 433 571 *),
461 514 537 575 quae
557 496 585 554 in
606 516 677 555 uera
695 496 753 555 Dei
773 496 879 556 notitia
898 516 931 553 re
954 495 1106 568 oiruntur,
1136 494 1207 557 docr

104 596 178 648 mus,
198 595 259 635 non
280 591 366 652 posse
385 574 479 663 ipsum
500 592 555 663 pro
575 594 626 632 sua
645 573 848 654 magnitudine
868 593 883 631 a
904 591 944 629 no
968 571 990 631 is
1007 570 1143 651 concipi,
1167 594 1207 651 qu

103 654 201 713 rtatim
221 661 356 709 occurrat
375 669 437 709 eius
456 659 601 723 maiestas,
622 670 697 739 quae
718 670 771 709 nos
792 649 827 709 ad
857 648 918 707 eius
947 646 1059 707 cultum
1088 646 1207 729 astringi

103 728 140 789 In
161 728 333 806 cognitione
353 724 523 787 nostrihoc
543 746 731 815 praecipuum
754 726 916 805 posuimus,
941 734 973 783 ut
992 724 1131 804 propriae
1150 726 1207 785 rirt

103 805 141 866 tis
160 803 303 882 opinione
322 801 415 873 vacui,
435 812 465 860 et
483 803 621 892 propriae
641 803 767 861 iustitiae
786 802 890 861 fiducia
911 799 1003 859 exuti:
1029 812 1149 874 contra,
1169 820 1207 885 eg

103 880 187 943 statis
207 878 386 941 conscientia
408 878 491 937 [raeti
512 878 693 949 ciconum,
732 877 854 938 solidam
874 875 1207 941 bumilitatemdiscanii

104 978 137 1019 ac
157 957 251 1017 nostri
272 955 477 1015 deiectionem.
498 955 664 1033 Utrumque
683 956 713 1012 in
733 954 814 1034 Lege
833 974 883 1013 sua
896 953 1043 1015 Dominus
1062 956 1207 1035 exsequitt

105 1033 157 1093 ubi
176 1034 314 1113 primuni,
333 1031 479 1091 uindicata
497 1030 552 1091 iibi
573 1030 702 1109 legitima
722 1030 884 1121 imperandi
905 1042 1067 1120 potestate,
1086 1030 1124 1091 ad
1143 1052 1207 1091 num

105 1110 150 1170 nis
169 1111 214 1169 sui
233 1107 425 1168 reverentiam
445 1127 500 1167 nos
518 1119 620 1180 vocat,
651 1119 739 1185 atque
763 1128 794 1165 in
815 1126 875 1195 quo
895 1117 949 1167 sita
968 1126 1003 1165 ea
1020 1110 1059 1167 sit
1074 1120 1109 1167 ct
1128 1120 1207 1169 const

103 1197 167 1246 tuta
188 1184 373 1263 praescribit:
407 1182 531 1255 deinde,
563 1181 746 1265 promulgata
770 1183 896 1243 iustitiae
916 1202 985 1243 suae
1005 1181 1118 1263 regula,
1141 1184 1207 1265 (cui

105 1262 274 1323 rectitudini
294 1260 445 1340 ingenium
465 1272 611 1333 nostruin,
643 1271 676 1318 ut
695 1281 814 1339 pravum
835 1270 894 1331 eit,
914 1270 944 1317 et
962 1270 1152 1335 neritonum,
1170 1280 1207 1341 pe

106 1349 198 1430 petuo
218 1337 401 1397 adversatur:
434 1348 465 1395 et
483 1335 558 1394 infra
577 1335 659 1395 euius
678 1335 891 1415 perfectionem
913 1334 1032 1395 facultas
1056 1348 1177 1411 nostra,

105 1413 332 1487 imbecillam,
356 1411 442 1472 etad
464 1411 574 1471 bonum
595 1424 749 1483 enervata,
772 1413 876 1491 procul
894 1412 987 1487 iacet)
1010 1413 1131 1471 tumim
1154 1424 1207 1473 ote

104 1492 164 1552 tiae
184 1512 249 1559 nos,
271 1501 332 1547 tum
351 1487 508 1549 iniustitiae
527 1510 560 1549 ar
601 1488 634 1547 it.
673 1490 770 1550 Porro
790 1488 861 1549 baec
885 1492 958 1567 ipsa,
978 1508 1052 1566 quae
1072 1508 1107 1549 ex
1126 1434 1205 1550 duab

105 1566 211 1627 tabulis
232 1564 369 1626 discenda
388 1577 472 1637 sunt,
491 1508 712 1644 quodannimoto
733 1564 819 1625 nobis
839 1564 930 1625 dictat
954 1562 998 1624 lex
1022 1564 1073 1625 itti
1104 1564 1207 1625 interit

128 1664 195 1703 nain
224 1641 355 1701 omnium
380 1642 517 1702 cordibus
542 1642 711 1722 inscriptam
736 1652 767 1700 et
797 1642 878 1719 qnasi
907 1641 1076 1719 impressam
1107 1640 1207 1723 superi

105 1666 292 1781 dictumest.
348 1718 418 1777 Non
447 1718 523 1777 enim
547 1718 617 1779 sinit
641 1738 695 1778 iios
721 1730 895 1798 perpetuum
914 1738 1051 1777 somnum
1069 1718 1137 1785 sine¹
1153 1738 1207 1779 sen

106 1796 236 1857 dormire
256 1806 355 1855 nostra
374 1794 568 1869 conscientia,
598 1796 668 1874 quin
694 1794 772 1855 intus
798 1794 878 1855 testis
901 1794 941 1858 sit
964 1812 998 1853 ac
1022 1794 1165 1857 monitrix
1187 1814 1207 1855 e

106 1895 182 1947 rum,
201 1892 277 1952 quae
294 1870 364 1931 Deo
385 1870 536 1948 debemus,
556 1872 627 1951 quin
648 1870 721 1931 boni
742 1883 773 1932 et
791 1869 859 1931 mali
879 1869 1034 1931 discrimen
1054 1870 1145 1933 nobis
1165 1868 1206 1933 ob

106 1950 175 2023 ciat,
197 1961 288 2028 utque
301 1949 347 2015 ,ita
375 1968 430 2007 nos
449 1961 575 2019 accuset,
598 1948 666 2007 dum
691 1948 728 2007 ab
753 1946 1066 2008 oisiciodiscedimus..
1118 1948 1207 2009 Verrii

105 2048 163 2106 qua
183 2046 321 2090 errorum
337 2022 464 2103 ealigine
484 2025 642 2087 obvolutus
662 2036 706 2083 est
725 2024 827 2097 honio,
846 2042 901 2103 per
919 2022 1015 2105 legem
1028 2024 1109 2087 iilam
1122 2038 1207 2088 natm

105 2104 165 2163 bern
178 2102 229 2163 ¹vix
253 2099 382 2161 tenuiter
400 2102 553 2181 degustat,
579 2102 643 2179 quis
667 2099 734 2161 Deo
758 2111 896 2179 acceptus
914 2103 953 2161 sit
977 2100 1088 2163 cultus:
1102 2136 1105 2141 ·
1119 2114 1203 2167 certe

105 2191 185 2239 recta
207 2178 268 2237 eius
287 2178 402 2236 ratione
422 2176 592 2257 longissimo
613 2175 767 2237 intervallo
788 2176 885 2237 distat.
905 2176 969 2237 nd
995 2176 1053 2239 boe
1073 2188 1207 2261 arrogant

106 2267 137 2317 et
155 2254 317 2321 ambitione
334 2252 377 2313 sic
397 2254 543 2334 turgidus,
560 2255 663 2331 suique
681 2274 782 2313 amore
802 2264 973 2313 excoecatus
984 2264 1102 2327 .est,'.ut
1119 2276 1155 2315 se
1173 2276 1207 2335 pr

106 2332 219 2412 spicere
241 2329 372 2389 nonduin
393 2342 547 2409 queat,ct
566 2330 696 2390 velutin
716 2350 748 2390 se
768 2330 962 2405 descendere,
1009 2350 1049 2391 uo
1068 2328 1207 2393 submitte

105 2430 138 2470 se
162 2427 197 2466 ac
222 2405 349 2465 deiicere
368 2406 478 2482 discat,
505 2428 649 2486 suamque
668 2406 812 2467 miseriam
831 2405 932 2465 'fateri
988 2350 1207 2489 dictitetqn

107 2497 169 2545 tuni
180 2480 362 2554 hebetudini,
383 2493 445 2541 tuin
466 2482 665 2544 contumaciae
685 2496 803 2543 nostrae
823 2483 1016 2545 necessarium
1037 2484 1116 2555 erat)
1136 2484 1207 2553 Dea

106 2582 161 2621 iius
184 2560 303 2641 Legem·
324 2558 461 2637 scriptam
485 2558 573 2621 nobis
598 2562 713 2639 posuit:
731 2579 817 2639 -quae
842 2569 873 2617 et
892 2558 999 2619 certius
1024 2559 1207 2639 ustitcuiti

106 2636 186 2715 quod
212 2636 244 2695 iii
271 2634 337 2715 lege
357 2634 481 2694 naturali
506 2636 590 2695 nimis
617 2637 773 2696 obscurum
801 2646 880 2707 erat,
910 2647 941 2694 et
969 2647 1100 2697 mentem
1129 2656 1207 2701 mem

105 2714 239 2791 riamque
259 2723 401 2785 nostram,
422 2732 540 2772 excusso
560 2724 694 2792 torpore,
713 2712 833 2772 vividius
855 2712 963 2771 feriret.

182 2796 211 2851 2.
249 2788 336 2847 Nunc
356 2800 525 2867 promptum
549 2800 591 2849 est
618 2788 794 2871 intelligere,
820 2787 890 2868 quid
912 2808 944 2847 ex
965 2787 1045 2869 Lege
1070 2790 1207 2851 discenda

106 2869 155 2941 sit,
173 2884 281 2957 nempe
299 2862 415 2940 Deum,
440 2866 515 2925 sicut
535 2864 662 2925 Creator
681 2878 726 2925 est
744 2878 862 2942 noster,
888 2864 926 2923 ita
947 2864 1009 2924 iure
1029 2863 1130 2927 locuni
1150 2868 1207 2929 Pat

106 2956 138 3004 et
156 2940 278 3003 Domini
299 2960 368 3023 erga
388 2962 443 3002 nos
464 2942 616 3002 obtinere:
651 2942 705 3003 hac
725 2943 838 3005 ratione
863 2941 1003 3023 giorum,
1036 2943 1207 3005 reverentie

105 3040 254 3093 amorem,
282 3018 420 3079 timorem
445 3018 487 3077 itti
506 3040 523 3079 a
542 3018 628 3079 uobis
648 3018 761 3078 deberi.
802 3018 989 3093 Quinetiam
1022 3038 1078 3080 iios
1098 3040 1161 3081 oon
1181 3040 1207 3083 ei

105 3096 200 3156 nostri
219 3096 300 3168 iuris,
322 3105 353 3152 ut
373 3113 552 3175 quocunque
572 3095 659 3154 animi
679 3095 771 3156 libido
792 3094 930 3168 incitarit,
948 3114 1118 3172 sequamur,
1136 3096 1207 3159 sedi

98 3174 168 3247 ‚cius
188 3183 260 3230 nutu
280 3190 447 3249 suspensos,
465 3170 497 3230 in
518 3188 555 3229 eo
574 3171 639 3232 solo
660 3171 770 3231 debere
786 3171 961 3243 consistere,
981 3172 1064 3249 quod
1085 3174 1113 3233 ei
1126 3172 1207 3255 pltea

106 3250 155 3313 rit.
174 3247 292 3307 Deinde
303 3245 439 3305 iustitiam
459 3267 493 3307 ac
512 3248 718 3307 rectitudinem
738 3246 780 3305 illi
792 3248 958 3323 coidiesse,
977 3248 1017 3306 ini
1041 3248 1207 3311 uitatemret

106 3322 335 3386 abominationi:
368 3322 511 3402 ideoque,
542 3324 597 3383 nisi
622 3325 743 3385 velimus
768 3324 856 3403 impia
874 3268 1086 3405 ingratitudine
1105 3322 1207 3400 aicoed

105 3412 173 3463 tore
193 3411 296 3461 nostro
317 3398 458 3473 deficere,
474 3399 625 3469 ·iustitiam
639 3412 713 3466 ,tota
739 3399 796 3459 rita
815 3400 902 3461 nobis
922 3420 984 3466 esse
1004 3402 1207 3470 necessario«

21 3508 28 3529 ··
105 3476 232 3538 leudam.
270 3476 345 3535 Nam
365 3474 390 3534 si
408 3485 471 3535 tuin
490 3475 533 3536 ilbi
553 3476 669 3537 demum
693 3476 862 3539 exhibemus
880 3498 973 3556 ¹quam
999 3478 1088 3547 decet
1106 3496 1207 3551 rerem

105 3554 185 3629 tiam,
207 3550 478 3611 dumi-olumnam
498 3553 560 3615 eius
581 3565 696 3614 nostrae
711 3552 917 3632 praeferimus:
938 3554 1072 3633 sequitur
1082 3576 1143 3627 uou
1155 3576 1170 3630 a
1181 3547 1207 3571 '¹

106 3649 169 3691 esse
189 3627 351 3719 legitimum
373 3626 435 3688 eius
455 3628 577 3704 cultum,
596 3651 681 3709 quain
693 3630 828 3703 iustitiae,
847 3632 1018 3707 sanctitatis,
1037 3634 1173 3714 puritatis
1195 3696 1198 3701 ,

106 3784 197 3858 desit,
224 3793 254 3841 et
272 3778 353 3840 velut
372 3779 501 3841 exhausti
520 3782 670 3842 debitores
689 3781 831 3853 solvendo
853 3803 913 3841 non
938 3784 1035 3851 simus.
1074 3784 1163 3847 Non·

105 3858 256 3933 convenit,
275 3868 308 3916 ut
320 3858 378 3917 Dei
397 3856 519 3939 gloriam
540 3857 696 3917 metiamur
715 3876 748 3917 ex
767 3872 868 3919 nostra
890 3860 1043 3952 facultate:
1069 3862 1137 3943 quai

11 3936 19 3949 ‘
106 3958 164 4017 que
189 3936 267 3995 enim
292 3934 396 4007 simus,
428 3946 527 3993 manet
546 3932 595 3993 ille
615 3934 659 3994 sui
679 3934 779 3995 similis
805 3956 939 4015 semper,
970 3958 1081 3999 amictas
1105 3936 1194 4007 ἱιιι“,

104 3718 310 3769 servationem.
368 3704 432 3763 Nec
451 3706 645 3784 praetendere
665 3700 879 3765 excusationem
906 3704 991 3783 licet,
1015 3708 1098 3787 quod
1123 3703 1207 4076 ἓ

105 4012 254 4095 iniquitati
273 4008 414 4069 infensus.
454 4009 606 4099 Quicquid
626 4032 643 4073 a
662 4012 750 4073 nobis
769 4012 866 4094 exigat
884 4013 968 4093 (quia
988 4034 1051 4073 uon
1071 4018 1169 4145 ρὀιιιιῑ
1185 4073 1207 4132 w,

105 4158 1207 4233 ———-——-—-—-———-———-————-—T'-nfl

172 4262 201 4329 *)
220 4260 356 4315 Connciio
375 4261 428 4315 iiiii.
447 4279 503 4332 cap.
522 4282 581 4316 cuin
599 4264 644 4318 bib.
661 4266 688 4319 1.
708 4282 783 4334 capp.
801 4268 824 4322 1.
846 4280 871 4319 ct
886 4264 912 4319 2
935 4280 1043 4321 etcum
1063 4264 1108 4319 lib
1123 4266 1147 4319 2
1162 4253 1207 4329 (ᾖ

104 4328 470 4387 benebenti.
525 4370 532 4385 .
803 4354 808 4367 ·
1199 4350 1204 4359 ·
