2700 4732
132 170 193 294 sis
301 298 304 307 1
527 220 602 284 uin.
622 222 679 283 iu.
718 182 808 287 cab.
826 220 868 283 11.

167 430 170 435 ,
210 374 258 436 2¹1.
298 365 393 442 Quod
409 366 646 430 antemloannes
665 365 748 441 dicit,
765 365 903 457 timorem
922 383 1070 427 non-esse
1086 364 1118 457 ip
1137 364 1271 458 caritate,

136 446 190 511 sed
209 442 368 526 perfectam
387 447 537 505 carimem
561 443 810 536 erpellere-foras
833 453 990 519 timorem,
1014 460 1155 522 qnoniam
1178 454 1272 537 timpr

100 576 106 601 ¹
133 518 1272 659 1’0‘0iitit‘lttnttltilliaantecessissent

136 619 339 754 illiqbcuenim
359 618 456 733 Dedm
476 634 581 733 tinient
595 618 698 754 impii,
721 616 801 751 qiiod
821 671 852 731 in
872 671 934 730 eius
953 669 1152 733 offensionem
1169 672 1272 733 incur·

42 748 46 761 '
138 770 206 812 rere
224 761 397 824 vereantur,
426 748 569 827 siquidem
593 749 712 829 impune
736 748 766 807 id
793 758 926 828 possent:
957 748 1009 807 sed
1029 749 1096 827 quia
1121 748 1272 811 vindictae

137 827 273 909 potentia
293 845 355 887 esse
373 838 513 885 armatum
532 823 645 899 sciunt,
664 825 700 884 ad
720 824 850 884 auditum
872 825 933 883 irae
957 822 1019 883 eius
1046 825 1169 885 borrere
1192 845 1269 887 oee-

138 904 298 965 eutiuntur.
348 900 394 961 Ac
413 902 484 960 irani
504 920 624 981 quoque
642 902 684 961 sic
703 901 823 975 timent,
847 899 916 979 qnia
939 899 995 959 sibi
1013 899 1168 960 imminere
1187 899 1270 962 arbi-

139 992 272 1053 trantur,
325 978 369 1036 iiia
399 976 520 1058 singulis
546 976 703 1038 momentis
728 997 774 1037 ers
797 987 906 1048 ectant,
930 975 999 1034 dum
1023 976 1054 1034 in
1074 988 1162 1055 caput
1184 998 1271 1039 suum

139 1066 267 1125 corruat.
303 999 420 1113 diocles
439 1065 536 1113 autem
555 1057 604 1133 (ut
616 1054 725 1113 dictum
738 997 797 1129 esil
817 1063 847 1112 et
858 1051 1010 1142 offensam·
1022 1051 1086 1131 plus
1098 1074 1185 1144 quam
1196 1072 1272 1144 poe-

107 1180 112 1205 ,
138 1152 204 1223 pam
224 1131 344 1205 timent,
367 1150 423 1189 nec
442 1131 550 1220 timore
569 1148 684 1208 poenae
703 1127 928 1219 perturbantur,
952 1149 1010 1188 acsi
1030 1128 1191 1220 cervicibus
1209 1151 1271 1189 suis

138 1206 337 1356 lililfil‘l‘
351 1203 757 1371 tilitttttltlflllt
772 1206 1272 1375 tritt?:it‘tsstttfltlttt

139 1360 185 1419 nit
202 1359 245 1418 ira
264 1356 322 1418 Ilei
343 1356 374 1417 in
393 1356 469 1419 filios
488 1302 667 1418 ditldeniiae
679 1358 776 1493 pbpb.
795 1363 824 1432 5,
842 1363 871 1421 6.
897 1303 964 1418 dot.
982 1363 1012 1431 3,
1032 1360 1084 1437 6.).
1122 1357 1193 1419 Non
1212 1379 1272 1417 mi-

137 1446 225 1495 natur
243 1434 276 1493 in
294 1434 371 1513 ipsos
397 1433 615 1508 descensuram,
645 1454 676 1494 se
726 1435 933 1507 admonetur
954 1433 1061 1524 impiis,
1080 1432 1120 1494 ob
1139 1454 1173 1493 ea
1193 1454 1272 1524 quae

138 1522 328 1573 recensuerat
346 1510 465 1591 flagitia,
488 1511 560 1571 iram
579 1510 702 1571 Domini
721 1521 923 1590 praeparatam
943 1522 1086 1588 cogitent,
1105 1529 1145 1569 ne
1164 1523 1195 1570 et
1213 1512 1272 1647 ipsi

140 1606 205 1648 eain
225 1586 349 1666 experiri
368 1586 466 1647 velint.
507 1587 683 1667 Quanquam
701 1606 769 1646 raro
790 1586 947 1667 contingit,
965 1597 998 1644 ut
1016 1585 1085 1646 solis
1105 1599 1135 1646 et
1153 1587 1227 1666 simp
1243 1588 1270 1647 i·

139 1664 222 1725 eibus
240 1662 327 1724 minis
346 1663 543 1744 expergeliant
556 1662 692 1798 reprobi:
712 1663 781 1741 quin
801 1663 900 1741 potius
919 1663 976 1721 iam
995 1683 1046 1722 sua
1065 1662 1173 1723 duritie
1191 1663 1272 1725 tardi

140 1753 171 1800 et
189 1739 322 1814 hebetes,
341 1740 457 1819 quoties
475 1739 571 1799 verbis
604 1739 726 1798 ulminat
743 1738 825 1797 Deus
847 1757 863 1797 e
882 1737 979 1809 coelo,
998 1739 1035 1798 ad
1054 1742 1270 1801 contumaciam

139 1836 172 1877 se
190 1815 356 1877 obdurant:
375 1815 427 1875 sed
447 1836 534 1875 manu
548 1814 608 1876 eius
627 1814 767 1895 percussi,
785 1814 899 1888 timere,
919 1813 1010 1875 velint
1029 1814 1136 1889 nolint,
1155 1836 1271 1898 cogunss

137 1904 197 1952 tur.
234 1892 387 1951 Timorem
408 1891 485 1952 biinc
504 1890 593 1972 vulgo
611 1890 740 1952 seruilem
757 1902 876 1964 vocant,
895 1903 927 1950 et
944 1890 1075 1983 ingenuo
1085 1891 1271 1953 voluntario-

139 1989 198 2047 que
217 1980 384 2047 opponunt,
403 1969 454 2048 qui
465 1969 539 2027 lilios
559 1970 652 2029 decet
689 1968 750 2027 Alii
768 1965 891 2026 mediam
910 1987 1038 2047 speciem
1057 1966 1204 2028 subtiliter
1221 1969 1271 2029 in·

139 2055 301 2104 terserunt:
332 2043 399 2124 quia
429 2045 540 2105 servilis
564 2045 614 2105 ille
638 2056 670 2105 et
693 2055 811 2104 coactus
835 2043 958 2104 allectus
981 2043 1095 2105 animos
1118 2043 1270 2107 interdum

140 2119 264 2201 subigit,
283 2131 317 2194 ut
336 2119 370 2180 ad
391 2120 527 2179 timorem
546 2122 605 2181 Dei
624 2131 729 2201 sponte
749 2119 898 2181 accedant.

215 2201 263 2261 28.
301 2197 362 2256 Iam
382 2196 412 2255 in
433 2197 528 2256 divina
551 2197 767 2272 benevolentia,
787 2217 874 2276 quain
894 2194 1040 2276 respicere
1059 2195 1168 2257 dicitur
1187 2196 1269 2275 fides,

138 2271 330 2353 intelligimus
348 2271 447 2333 salutis
467 2272 584 2334 aevitae
603 2285 742 2333 aeternae
757 2272 970 2353 possessionem
983 2272 1120 2333 obtineri.
1145 2274 1258 2335 Nam'

138 2348 207 2406 Deo
227 2348 368 2428 propitio,
387 2348 460 2408 nibil
479 2349 552 2409 boui
577 2350 677 2410 deesse
702 2360 814 2440 potest:
840 2347 958 2409 abunde
981 2348 1067 2409 uobis
1091 2348 1201 2411 sufficit
1230 2370 1248 2413 a

26 2426 30 2435 '
138 2422 238 2485 salutis
257 2423 477 2498 certitudinem,
507 2418 559 2485 ubi
588 2446 657 2485 suae
681 2424 846 2485 dilectionis
869 2424 931 2504 ipse
951 2445 1005 2484 nos
1025 2426 1168 2486 certiores
1187 2426 1270 2489 lacit·

138 2498 309 2576 „Ostendat
326 2494 430 2559 taciem
448 2523 540 2574 suain,
560 2501 657 2581 inquit
674 2500 824 2581 Propbeta
842 2499 906 2577 (Ps.
923 2504 973 2575 80,
993 2503 1048 2578 4.),
1067 2513 1098 2560 et
1115 2501 1188 2562 salvi
1207 2502 1271 2564 eri·

137 2579 232 2635 inus.“
282 2575 369 2635 Unde
399 2575 475 2636 bunc
504 2578 603 2638 salutis
627 2589 744 2638 nostrae
767 2597 908 2638 summam
930 2588 1062 2637 statuunt
1087 2578 1268 2660 Scripturae,

139 2651 220 2744 quod
239 2651 356 2712 abolitis
374 2652 531 2714 inimicitiis
544 2654 679 2714 omnibus
698 2654 863 2733 ingratiam
882 2673 937 2712 nos
956 2655 1078 2733 recepit.
1119 2654 1189 2788 (pun
1207 2655 1268 2715 aci·

137 2728 209 2788 licet
226 2726 369 2805 innuunt,
392 2728 460 2789 Deo
482 2729 569 2789 nobis
586 2731 776 2792 reconciliato
803 2728 876 2789 nihil
894 2749 1012 2788 manere
1033 2730 1132 2809 pericu
1146 2733 1170 2808 i,
1194 2733 1269 2811 quin

137 2805 238 2864 omnia
262 2804 348 2865 nobis
373 2804 450 2865 bene
474 2806 638 2866 succedant.
682 2806 783 2881 Quare
806 2806 878 2866 fides
903 2805 1063 2865 dilectione
1081 2806 1139 2866 Dei
1161 2828 1271 2888 appre-

138 2880 227 2941 hensa
254 2881 464 2961 promissiones
484 2882 573 2942 liabet
590 2884 666 2942 vitae
711 2883 851 2942 raesentis
877 2893 907 2941 et
925 2883 1056 2956 futurae,
1086 2882 1271 2964 solidamque

137 2955 288 3017 bonorum
312 2952 442 3017 omnium
466 2964 649 3019 securitatem
674 2904 764 3039 (lipb.
783 2966 817 3033 2,
836 2959 913 3037 ll.)=
943 2959 993 3017 sed
1035 2957 1105 3019 ualis
1133 2963 1269 3023 everbo

136 3030 250 3113 percipi
268 3044 375 3112 potest
412 3035 517 3125 Neque
537 3036 614 3095 enim
632 3036 708 3096 vitae
728 3035 810 3095 buius
830 3046 880 3095 aut
898 2980 1123 3171 longitudinem,
1141 3048 1193 3096 aut
1211 3037 1270 3099 bo-

136 3129 243 3168 norem
262 3120 312 3169 ant
330 3130 403 3190 opes
421 3110 476 3169 sibi
495 3124 578 3170 certo
597 3111 668 3171 fides
688 3111 833 3190 promittit
851 3116 942 3245 qquan
967 3110 1070 3170 onibil
1091 3111 1196 3172 borum
1209 3134 1269 3174 no-

136 3183 182 3244 bis
201 3203 264 3245 esse
283 3188 473 3245 constitutum
486 3187 579 3248 voluit
591 3187 765 3264 Dominus):
785 3187 835 3246 sed
878 3210 910 3246 ac
930 3186 1105 3246 certitudine
1125 3201 1270 3259 contenta

139 3271 196 3333 est,
222 3271 371 3340 utcunque
391 3283 445 3321 nos
465 3263 555 3322 multa
580 3263 733 3338 deliciunt,
779 3284 832 3322 nae
851 3264 888 3323 ad
908 3265 984 3324 vitae
1004 3263 1088 3324 buius
1107 3264 1268 3325 subsidium

136 3335 302 3416 pertinent,
333 3336 429 3397 Deum
453 3349 552 3399 tamen
582 3360 730 3418 nunquam
755 3285 932 3400 defuturum.
982 3339 1144 3419 Praecipua
1167 3351 1269 3403 antem

136 3412 197 3472 eius
216 3411 354 3472 securitas
373 3414 403 3471 in
423 3413 536 3474 loturae
555 3415 631 3474 vitae
650 3417 865 3495 exspectatione
883 3416 1002 3489 residet,
1022 3436 1096 3494 quae
1111 3428 1190 3477 extra
1211 3416 1269 3478 dn·

134 3486 296 3577 biumper
319 3488 377 3547 Dei
401 3488 521 3549 verbum
547 3493 642 3569 posita
667 3505 719 3551 est
771 3493 972 3571 Quaecunque
1002 3503 1100 3551 tamen
1131 3493 1161 3551 in
1187 3505 1269 3556 terra

133 3563 268 3624 miseriae
287 3576 318 3624 et
336 3563 512 3626 calamitates
525 3587 575 3627 eos
593 3579 739 3642 maneant,
757 3590 831 3648 quos
850 3591 902 3630 sua
921 3569 1079 3628 dilectione
1099 3569 1268 3648 complexus

26 3670 32 3677 ·
134 3650 181 3701 est
203 3638 303 3716 Deus,
334 3641 476 3720 impedire
507 3655 659 3722 nequeunt
684 3649 754 3723 quin
787 3645 848 3704 eius
878 3639 1083 3705 benevolentia
1112 3644 1200 3724 plena
1229 3647 1268 3709 sit

131 3714 266 3776 felicitas.
304 3714 447 3791 Proinde,
465 3739 554 3798 qnnin
573 3742 712 3780 summam
733 3721 919 3781 beatitudinis
937 3721 1074 3783 vellemus
1093 3722 1271 3800 exprimere,

132 3790 192 3851 Dei
209 3791 333 3874 gratiam
353 3795 517 3872 posuimus,
542 3817 558 3855 e
579 3818 636 3875 qua
658 3798 835 3879 scaturigine
858 3799 1008 3858 universae
1028 3795 1177 3858 bonorum
1197 3818 1266 3880 spe·

132 3867 191 3929 cies
210 3867 297 3929 nobis
316 3868 496 3961 profluunt..
522 3870 621 3963 Atque
640 3872 670 3931 id
690 3875 793 3953 passim
818 3874 974 3935 observare
996 3875 1026 3934 in
1048 3873 1207 3954 Scripturis
1227 3874 1265 3935 li-

34 3950 42 3967 ‘
133 3956 197 4018 cet,
226 3964 282 4005 nos
313 3946 351 4005 ad
374 3945 496 4006 Domini
515 3960 665 4008 caritatem
688 3950 836 4025 revocari,
863 3953 978 4030 quoties
1002 3971 1065 4010 non
1086 3949 1122 4008 de
1142 3962 1264 4012 aeterna

131 4019 223 4080 modo
243 4017 346 4096 salute,
364 4023 415 4081 sed
428 4022 562 4102 quolibet
581 4022 663 4084 bono
684 4038 787 4087 nostro
807 4027 910 4107 agitur.
950 4030 1018 4101 Qua
1040 4027 1154 4086 ratione
1165 4025 1264 4088 David

132 4096 221 4172 canit,
241 4097 367 4157 divinam
378 4096 551 4175 bonitatem,
571 4099 638 4159 dum
658 4102 688 4160 in
709 4104 757 4182 pio
778 4104 867 4163 corde
887 4105 1022 4178 sentitur,
1041 4103 1098 4162 vita
1117 4103 1178 4183 ipsa
1199 4122 1263 4164 esse

127 4173 291 4233 suaviorem
312 4184 343 4234 et
361 4175 568 4253 optabiliorem
587 4178 649 4257 (Ps.
667 4183 715 4254 63,
733 4179 785 4255 4.).
824 4180 972 4259 Denique,
991 4185 1015 4240 si
1034 4179 1120 4240 nobis
1139 4179 1263 4240 affluant

129 4248 228 4309 omniu
247 4270 303 4329 pro
323 4261 405 4325 voto,
425 4249 462 4311 de
479 4271 582 4313 amore
601 4265 698 4314 autem
716 4254 774 4314 Dei
792 4256 839 4318 vel
860 4258 929 4316 odio
950 4257 1056 4316 incerti
1074 4257 1177 4331 simus,
1197 4277 1261 4316 me·

126 4319 235 4386 ledieta
261 4324 318 4386 erit
338 4345 374 4387 ac
398 4328 525 4406 proinde
548 4330 652 4394 misera
671 4343 773 4394 nostra
798 4332 929 4417 felicitas.
974 4332 1092 4407 Quodsi
1116 4329 1259 4417 affulgeat
