2596 4726
78 226 138 287 244
469 213 546 307 ιω.
565 212 621 275 lv.
661 210 753 279 cte.
771 210 829 275 vt

80 360 172 425 liandi
190 360 325 421 borsines
344 358 430 430 Deo,
457 371 486 419 et
505 358 591 419 simul
614 368 791 437 potestatem
814 354 927 417 babere
953 356 1136 423 exercendae
1157 358 1220 423 rin-

82 440 178 501 dictae
196 437 228 497 iu
249 456 312 509 eos,
332 437 381 514 qui
402 436 575 495 beneficium
594 435 652 496 boc
670 434 846 515 respuerint.

159 521 188 579 4.
228 514 326 587 Quam
346 510 535 593 indignetur
557 527 645 573 ueant
664 512 746 571 locos
766 510 843 584 illos,
874 512 903 570 ui
914 508 1026 593 ligandi
1038 524 1070 572 et
1085 510 1219 573 solvendi

84 592 269 652 mentionem
288 588 409 657 iaciunt,
430 610 495 647 curn
510 587 545 647 ali
571 590 578 647 i
598 586 762 667 perstrinxi,
781 598 842 645 turn
852 530 954 647 lustru
972 588 1064 667 paulo
1081 600 1155 680 post
1172 609 1218 647 er·

87 666 254 748 plicandum
275 666 341 723 erit.
380 664 467 723 Nunc
485 675 598 723 tanturn
618 664 689 743 quid
715 683 748 721 ex
772 661 883 723 celebri
902 662 954 722 illo
975 663 1090 725 Cbristr
1109 664 1145 723 ad
1164 666 1218 725 Pe·

85 756 165 805 trum
195 762 338 821 responso
370 739 502 815 eliciant,
528 741 626 799 videre
650 759 759 819 operae
783 739 908 819 pretium
935 750 989 801 est.
1032 740 1217 801 Promisitei

87 820 181 880 claves
201 817 286 899 regni
305 815 471 877 coelorum:
493 816 572 889 dixit,
591 815 788 896 quodcunque
808 815 828 874 li
850 826 913 875 aret
931 818 961 874 in
980 828 1080 892 terra,
1099 815 1215 909 ligature

87 896 154 957 lore
177 894 208 955 in
235 893 326 955 coelis
349 892 468 968 (blattb
492 898 545 966 16,
569 894 642 968 to).
693 890 725 951 Sl
751 893 788 951 de
812 835 934 952 clavium
958 912 1033 954 voce
1055 904 1087 953 et
1111 892 1121 951 l
1171 894 1216 953 nti

86 973 178 1034 modo
197 971 276 1031 inter
295 989 349 1029 nos
368 967 539 1043 conveniat,
561 968 657 1027 statim
677 967 803 1027 cessabit
826 968 921 1029 onmis
941 970 1109 1029 contentio.
1175 990 1216 1029 an

87 1061 119 1109 et
138 1049 217 1127 Papa
238 1046 366 1105 libenter
384 1044 543 1104 iniunctam
562 1043 713 1124 Apostolis
732 1044 913 1122 provinciam
932 1045 1064 1121 omittet,
1083 1064 1161 1127 quae
1179 1044 1217 1107 la-

88 1124 169 1185 boris
188 1135 220 1182 et
239 1120 389 1180 molestiae
409 1118 495 1198 plena
518 1141 582 1181 suas
608 1119 636 1180 ei
667 1118 784 1181 delicias
813 1120 924 1213 absque
948 1120 1033 1181 lucro
1059 1134 1216 1183 acuente

90 1200 240 1275 Quoniam
259 1194 411 1274 Evangelii
437 1195 571 1257 doctrina
597 1196 683 1257 nobis
707 1195 783 1257 coeli
802 1206 989 1276 aperiuntur,
1009 1196 1140 1279 eleganti
1159 1218 1217 1259 rne-

88 1276 211 1355 tapbora
238 1273 393 1355 insignitur
417 1270 541 1331 clavium
556 1272 695 1345 nomine.
736 1274 800 1333 Iam
820 1293 880 1333 non
900 1272 958 1333 alio
977 1274 1071 1333 modo
1091 1274 1218 1359 ligantur

90 1364 120 1412 et
139 1350 292 1410 solvuntur
312 1348 461 1421 homines,
490 1349 545 1409 nisi
565 1350 633 1408 dum
658 1349 728 1410 fides
747 1348 820 1410 alios
838 1349 1012 1409 reconciliat
1028 1348 1116 1425 Deo,
1147 1348 1217 1413 alius

88 1448 139 1487 sua
169 1423 355 1485 incredulitas
381 1426 471 1506 magis
502 1426 685 1507 constringit.
733 1426 766 1485 Si
792 1426 849 1486 boe
874 1437 987 1485 tantum
1007 1425 1070 1485 'sibi
1089 1438 1217 1487 sumeret

87 1504 185 1581 Papa,
216 1502 362 1561 nerninem
388 1502 453 1561 lore
478 1514 551 1581 puto
572 1502 622 1581 qui
643 1500 688 1561 vel
706 1502 834 1563 invideat
853 1501 898 1559 vel
923 1513 1074 1562 certamen
1092 1514 1217 1564 moveat.

88 1580 149 1638 Sed
170 1578 235 1657 quia
256 1577 328 1637 baec
353 1578 497 1637 successio
522 1577 666 1638 laboriosa
694 1590 724 1638 et
748 1579 866 1637 minime
893 1577 1007 1638 lucrosa
1034 1599 1131 1659 nequa
1155 1600 1217 1639 uam

88 1654 186 1735 Papae
207 1655 326 1727 arridet,
345 1654 402 1713 iam
422 1654 491 1713 inde
511 1655 639 1714 nascitur
658 1654 715 1715 litis
736 1655 921 1735 principium,
941 1654 1011 1734 quid
1023 1654 1115 1715 Petro
1130 1600 1216 1717 Clari-

88 1744 149 1793 stus
191 1732 344 1789 comiserit
382 1733 447 1811 Ego
469 1752 502 1789 ex
521 1752 554 1790 re
575 1732 634 1810 ipsa
654 1730 776 1812 colligo,
802 1731 918 1791 nonnisi
937 1732 1069 1791 muneris
1088 1733 1217 1813 Aposto·

89 1808 139 1868 liei
159 1754 328 1887 «lignitatem
349 1808 461 1881 notari,
492 1828 566 1887 quae
585 1809 621 1867 ab
643 1827 735 1867 onere
760 1807 885 1889 disiungi
905 1828 966 1867 non
987 1820 1096 1887 potest.
1145 1808 1215 1867 Nan

89 1885 115 1945 si
146 1883 286 1963 recipitur
316 1883 365 1943 illa
411 1905 476 1943 uam
507 1884 592 1963 posui
621 1884 751 1944 definitio
775 1887 865 1963 (quae
890 1885 1008 1943 nonnisi
1031 1884 1216 1965 impudenter

90 1959 172 2021 reiiei
193 1960 315 2040 potest),
335 1905 408 2019 nihil
418 1960 508 2021 Petro
529 1960 576 2021 bic
596 1960 680 2019 datur
700 1959 779 2039 qnod
799 1982 860 2019 non
882 1960 971 2021 luerit
989 1957 1113 2045 collegis
1132 1961 1215 2021 etiaus

90 2056 257 2109 commune,
277 2039 343 2115 quia
363 2037 471 2114 alioqui
492 2058 552 2095 non
573 2037 662 2097 modo
704 2036 815 2096 ersonis
834 2036 920 2095 fieret
939 2036 1056 2110 iniuria,
1074 2036 1127 2097 sed
1138 2036 1213 2099 clau-

90 2114 203 2174 diearet
225 2112 286 2191 ipsa
310 2113 462 2172 doetrinae
486 2114 628 2173 maiestas.
677 2058 848 2174 lleclamant
871 2113 928 2172 illi:
959 2112 1010 2173 sed
1035 2114 1107 2192 quid
1131 2114 1213 2187 iurat,

90 2191 234 2264 obsecro,
265 2188 301 2247 ad
322 2189 396 2249 banc
420 2208 522 2268 rupem
549 2188 729 2271 impingere?
765 2191 870 2280 Neque
890 2188 967 2249 eninr
987 2188 1119 2250 efficient
1138 2189 1214 2270 quin,

30 2276 33 2281 '
88 2266 175 2327 sicuti
201 2264 337 2324 omnibus
360 2265 513 2343 Apostolis
538 2265 667 2325 eiusdem
692 2267 842 2349 Evangelii
866 2256 995 2325 iniuncta
1021 2266 1081 2326 fuit
1105 2266 1212 2348 praedi·

91 2344 186 2414 catio,
203 2341 244 2400 ita
264 2343 351 2399 etiam
371 2342 567 2401 cummuniter
586 2342 605 2401 li
627 2342 694 2403 andi
715 2357 744 2403 et
764 2342 895 2403 solvendi
916 2354 1063 2422 potestate
1084 2340 1210 2404 instructi

89 2419 209 2477 luerint.
228 2450 265 2463 ·-·
305 2416 438 2477 Christus
457 2363 626 2495 (inquiuntb
651 2418 773 2478 Petrum
799 2418 938 2479 ecclesiae
963 2420 1118 2480 universae
1137 2420 1208 2499 prio·

91 2496 186 2574 cipem
200 2492 362 2564 constitnit,
381 2514 469 2571 quurn
481 2494 613 2552 daturum
634 2515 664 2553 sc
684 2495 726 2553 illi
746 2496 878 2573 promisit
892 2495 992 2555 clares.
1031 2496 1126 2575 Atqui
1140 2493 1208 2575 quod

92 2571 143 2630 uni
165 2583 234 2629 tunc
254 2569 401 2650 promisit,
429 2569 498 2627 alibi
523 2570 641 2648 reliquis
666 2572 751 2629 simul
774 2572 909 2631 omnibus
929 2572 1062 2647 confert,
1089 2585 1119 2632 et
1138 2569 1218 2651 quati

91 2648 122 2707 in
142 2669 257 2705 manum
278 2646 373 2705 tradit.
413 2645 445 2703 Si
464 2646 541 2705 idem
561 2646 631 2705 iuris
652 2668 820 2707 eoncessum
842 2661 885 2707 est
905 2649 1040 2708 ornnibus
1061 2648 1141 2729 quod
1166 2646 1206 2706 uni

91 2725 281 2803 promissum,
313 2744 370 2814 qua
391 2723 419 2782 in
441 2743 473 2782 re
494 2725 549 2782 erit
574 2722 622 2781 ille
642 2724 762 2802 collegis
782 2725 936 2803 superiori*
954 2758 993 2770 —
1030 2726 1069 2784 In
1095 2746 1147 2797 eo,
1169 2726 1206 2782 in-

91 2803 207 2879 quiunt,
227 2799 351 2873 execllit,
371 2801 451 2879 quod
465 2813 494 2859 et
513 2800 706 2860 communiter
727 2814 756 2859 et
775 2823 903 2860 seorsum
913 2801 1034 2881 accipit:
1057 2802 1136 2879 quod
1155 2798 1207 2860 aliis

90 2898 152 2937 non
173 2878 258 2936 datur
278 2877 330 2936 nisi
351 2877 380 2936 in
402 2898 565 2936 commune.
605 2877 685 2950 Quid
706 2879 728 2935 si
749 2899 813 2936 eum
834 2879 877 2958 Cy
902 2880 983 2937 riano
1005 2890 1035 2936 et
1053 2878 1206 2959 Augustino

94 2955 300 3032 respondeam,
320 2974 378 3012 non
402 2953 468 3014 ideo
489 2954 518 3010 id
541 2955 641 3013 iecisse
655 2954 813 3024 Christum,
834 2967 865 3011 ut
882 2900 1034 3013 bominem
1051 2952 1204 3015 unumaliis

113 3030 269 3101 raeserret,
288 3030 339 3090 sed
360 3042 392 3088 ut
410 3030 550 3090 ecelesiae
574 3032 712 3088 unitatem
732 3030 773 3089 sic
793 3033 1031 3092 eosrrmendareti‘
1070 3033 1122 3092 Sic
1140 3028 1203 3090 eninr

90 3050 222 3182 lbqnitur
243 3105 448 3186 Cyprianus
470 3107 521 3183 (de
533 3106 654 3184 simplic.
668 3107 815 3185 praelat.):
837 3107 891 3179 „ln
914 3127 1038 3185 persona
1059 3109 1145 3167 nnius
1162 3106 1205 3164 bo·

90 3179 197 3254 „mistis
217 3181 376 3241 Dominum
397 3182 509 3241 dedisse
529 3183 663 3242 omnibus
683 3184 787 3256 claves,
809 3195 841 3241 ut
861 3184 992 3242 omnium
1014 3187 1153 3245 unitatem
1163 3182 1205 3241 de·

91 3268 243 3331 „notarets
276 3258 332 3316 hoc
357 3260 454 3337 itaque
475 3258 566 3331 luisse
587 3258 714 3337 reliquos
734 3259 812 3336 quod
834 3272 894 3318 erat
913 3259 1034 3332 Petrus,
1083 3262 1124 3321 ari
1141 3280 1203 3318 eoo·

89 3331 203 3407 „sortio
225 3333 372 3410 praeditos
392 3348 422 3393 et
442 3334 562 3393 lionoris
583 3345 613 3392 et
633 3337 796 3414 potestatis:
817 3336 866 3394 sed
879 3338 1028 3394 exordium
1049 3282 1088 3395 db
1109 3338 1206 3396 unitate

88 3406 189 3482 „fieri,
219 3420 251 3466 ut
274 3409 395 3468 ecclesia
423 3410 532 3469 Christi
558 3432 615 3470 una
640 3416 847 3470 monstretur.“
889 3412 1117 3493 Augustinus
1145 3430 1205 3474 vero

90 3483 186 3562 (born.
206 3484 236 3544 in
262 3484 366 3559 loann.
386 3489 462 3564 50.):
494 3487 548 3561 „Si
573 3488 604 3545 in
632 3489 722 3546 Petro
750 3509 808 3546 non
838 3500 912 3546 esset
938 3489 1080 3550 ecclesiae
1110 3500 1204 3570 myste-

89 3562 202 3635 „rium,
227 3582 287 3619 nnn
317 3562 344 3618 ci
364 3562 474 3621 diceret
499 3563 657 3638 Dominus,
677 3564 746 3622 Tibi
767 3564 842 3623 dabo
864 3563 969 3624 claves.
1008 3565 1041 3623 si
1062 3568 1138 3625 enim
1158 3566 1205 3623 hoc

88 3637 200 3712 „Petro
226 3637 334 3695 dictum
360 3650 419 3709 est,
445 3639 614 3698 nonhabet
638 3640 770 3697 ecclesia:
802 3641 824 3699 si
855 3653 952 3698 autem
973 3641 1094 3701 ecelesia
1118 3642 1206 3707 babet,

88 3712 216 3787 „Petrus
242 3714 359 3792 quando
388 3715 481 3773 eleves
500 3716 627 3794 accepit,
658 3715 808 3775 ecclesiam
833 3729 926 3776 totam
949 3719 1140 3799 designavit.“
1176 3717 1207 3775 tls

90 3787 159 3848 alibi
179 3789 273 3867 (lrom.
293 3792 393 3867 124.):
414 3790 535 3863 „Qumn
562 3791 733 3871 interrogati
760 3806 856 3851 essent
875 3815 987 3868 ornnes,
1011 3795 1092 3855 sulus
1112 3795 1206 3854 Petrus

90 3868 281 3943 „respondet,
301 3867 348 3924 'l'u
370 3887 399 3925 es
420 3867 564 3928 Christus:
587 3880 616 3927 et
635 3869 661 3926 ei
683 3869 798 3941 dicitur,
819 3868 889 3927 'l'ibi
910 3871 986 3930 dabo
1008 3872 1115 3932 clares:
1136 3868 1205 3948 quasi

88 3941 217 4020 „ligandi
238 3955 267 4015 et
286 3942 417 4001 solvendi
438 3941 516 4003 solus
527 3946 673 4023 acceperit
693 3957 880 4020 potestatem:
901 3969 989 4025 quum
1010 3959 1041 4007 et
1058 3948 1130 4006 illud
1142 3962 1205 4004 ursus

86 4040 163 4095 „pro
184 4018 319 4078 omnibus
339 4018 458 4092 dixerit,
491 4032 521 4079 et
547 4020 688 4079 boccum
715 4021 865 4096 omnibus,
897 4034 1204 4103 tanquam-personam

85 4114 211 4173 „gerens
229 4094 321 4171 ipsius
345 4094 478 4169 unitatis,
502 4095 655 4176 acceperit.
698 4098 771 4157 Ideo
791 4120 865 4158 uirus
885 4120 939 4178 pro
968 4100 1119 4174 omnibus,
1143 4097 1203 4177 quia

87 4170 202 4245 „unitas
223 4183 266 4229 est
286 4170 315 4228 in
337 4172 501 4230 omnibus.“

159 4252 186 4309 5.
224 4246 267 4304 At
284 4246 354 4305 illud
378 4246 498 4327 (dlnltlr.
517 4254 571 4323 16,
589 4249 667 4324 18.):
699 4251 768 4328 „Tu
793 4269 824 4308 es
844 4248 949 4310 Petrus
975 4265 1005 4311 et
1028 4252 1202 4334 superbene

83 4332 195 4403 petram
214 4322 375 4385 aedificabo
397 4322 546 4389 eeclesiam
563 4330 692 4405 mtem,“
712 4347 850 4409 nusquam
870 4327 954 4389 alteri
967 4330 1075 4393 dictum
1094 4328 1200 4412 legitur.
