2596 4726
121 226 180 291 ras
482 214 559 283 tin
578 216 636 279 111.
674 214 764 281 cau.
783 214 896 305 xxpr.

27 356 31 365 ¹
127 366 189 429 eius
207 360 347 440 arbltrio,
370 361 443 423 citra
467 360 619 443 proprium
644 360 780 422 meritum
800 362 831 421 iu
855 370 1003 421 aeternam
1021 368 1151 423 mortem
1168 378 1254 441 prae·

127 441 318 504 destinantur.
366 438 518 499 Eiusmodi
536 438 732 521 cogitationes
749 438 773 499 si
795 436 913 529 quando
944 436 1000 517 piis
1023 434 1195 498 bominibus
1221 438 1253 497 in

126 529 258 580 mentem
275 514 404 589 veniant,
423 514 458 574 ad
478 513 657 595 frangendos
676 531 775 573 earum
793 512 944 592 impulsus,
962 511 1009 574 vel
1027 510 1087 575 boe
1104 531 1168 573 uno
1186 514 1254 575 satis

127 592 333 664 armabuntur,
362 591 385 651 si
410 601 549 669 reputent
568 600 692 669 quantae
715 588 753 649 sit
776 587 989 670 improbitatis,
1020 608 1119 651 causas
1139 586 1254 651 divinae

127 669 284 732 uoluntatis
303 666 441 726 duntaxat
457 666 639 746 percontari:
669 686 759 743 quum
778 665 910 725 omnium
929 682 1003 744 quae
1021 675 1105 739 sunt,
1135 664 1199 745 ipsa
1215 664 1254 725 sit

128 766 224 822 causa,
245 754 274 803 et
293 743 397 803 merito
417 761 478 802 esse
498 739 614 801 debeat.
652 741 727 799 Nam
746 740 771 800 si
789 741 878 799 ullam
892 758 1005 801 causam
1025 738 1127 815 babet,
1144 738 1252 821 aliquid

129 840 192 883 eam
212 817 367 880 antecedat
384 828 520 896 oportet,
539 817 586 876 cui
603 814 694 877 ueluti
713 816 864 899 alligetur:
884 814 964 896 quod
984 814 1066 877 nefas
1085 826 1132 876 est
1150 816 1254 897 imagi·

128 896 201 959 nari.
252 894 338 955 Adeo
357 894 435 953 enim
454 912 564 952 summa
584 903 629 952 est
651 893 776 953 iustitiae
801 912 833 952 re
874 890 900 952 ls
919 891 977 952 Dei
994 889 1192 969 voluntas*),
1220 900 1253 953 ot

128 970 267 1054 quicquid
285 969 357 1043 vult,
376 988 412 1028 eo
432 967 495 1103 ipso
516 968 596 1059 quod
616 967 688 1044 vult,
705 969 811 1029 iustum
830 912 995 1028 bibendum
1014 968 1060 1028 sit.
1099 960 1163 1028 Ubi
1180 984 1253 1061 ergo

109 1058 117 1073 '
151 1049 289 1119 nectitur,
308 1044 419 1107 corita
452 1043 708 1118 ecerrtDominus,
725 1042 960 1125 respondendum
980 1054 1035 1111 est,
1054 1042 1137 1117 Quia
1153 1042 1252 1103 voluat.

130 1070 246 1201 Quodsi
266 1121 340 1181 ultra
382 1139 463 1200 ergas
481 1120 632 1199 rogando,
650 1142 703 1180 cur
720 1119 862 1195 voluerit,
890 1120 980 1179 maius
1002 1118 1112 1199 aliquid
1138 1118 1254 1199 quaeris

129 1213 160 1261 et
179 1196 328 1260 sublimius
378 1196 403 1254 ci
423 1193 587 1270 voluntate,
605 1196 684 1274 quod
704 1196 827 1256 inveniri
846 1214 909 1254 non
927 1204 1035 1275 potest.
1075 1194 1255 1275 Compeseat

130 1277 139 1293 ⁰
162 1275 221 1335 ‘tur
238 1292 269 1333 se
288 1271 412 1331 humana
431 1272 590 1345 temeritas,
621 1283 651 1331 et
671 1270 750 1352 qood
774 1292 836 1332 non
863 1284 907 1332 est
930 1291 970 1329 ne
989 1282 1126 1349 quaerat:
1157 1282 1255 1331 utne

127 1296 208 1412 iiiuc
227 1347 256 1409 id
276 1347 354 1427 quod
375 1358 498 1407 estnon
517 1347 654 1406 inveniat
697 1348 783 1424 Hoc,
800 1347 934 1427 inquam,
953 1346 1038 1407 freno
1058 1346 1139 1406 bene
1157 1346 1255 1407 conti·

127 1425 248 1487 nebitur
275 1422 402 1503 quisquis
426 1423 463 1481 de
487 1422 598 1482 arcanis
616 1422 675 1482 Dei
696 1424 742 1483 sui
768 1444 834 1483 cum
865 1424 1027 1482 reverentia
1052 1420 1254 1513 pbilosoplsari

126 1502 216 1565 volet
263 1499 408 1559 Adversus
432 1498 587 1578 impiorum
612 1498 773 1573 audaciam,
805 1498 856 1579 qui
874 1500 941 1559 Deo
965 1498 1058 1577 pala'm
1077 1497 1254 1558 maledicere

127 1596 191 1639 uon
210 1574 386 1648 formidant,
404 1571 549 1634 Dominus
568 1574 630 1653 ipse
649 1594 700 1635 sua
718 1574 848 1645 iustitia,
865 1575 929 1636 sine
948 1586 1051 1635 nostro
1076 1574 1254 1653 patrocinio,

127 1653 196 1717 satis
213 1671 245 1713 se
264 1650 419 1724 defendet,
448 1669 537 1728 quum
557 1669 659 1709 eorum
679 1650 864 1711 conscientiis
885 1669 1002 1711 omnem
1031 1649 1254 1731 tergiversatio·

126 1750 196 1791 nem
215 1725 382 1800 adimendo,
401 1726 548 1786 convictas
565 1726 701 1806 stringet,
720 1744 841 1805 reasque
860 1738 991 1805 peraget.
1028 1728 1134 1805 Neque
1153 1736 1255 1785 tamen

128 1814 326 1867 commentum
351 1801 380 1860 in
404 1800 509 1861 erimus
528 1800 678 1862 absolutae
701 1802 867 1882 potentiae:
894 1802 973 1881 quod
992 1802 1077 1862 sicuti
1095 1802 1254 1882 profanum

128 1892 184 1955 est,
202 1881 243 1939 ita
261 1877 367 1937 merito
382 1820 559 1937 detestabile
577 1876 665 1937 nobis
683 1897 746 1938 esse
765 1877 863 1937 debet.
912 1880 981 1938 Non
1000 1876 1137 1959 fingimus
1156 1876 1253 1937 Deum

128 1956 275 2049 exlegem,
305 1952 355 2033 qui
378 1952 435 2013 sibi
460 1954 513 2033 ipsi
537 1952 582 2012 lex
607 1964 664 2013 est:
691 1954 757 2033 quia
777 1957 825 2030 (ut
843 1954 885 2014 ait
902 1952 1003 2030 Plato)
1033 1952 1101 2035 lege
1119 1952 1254 2034 indigent

127 2033 273 2104 bomanes,
285 2031 335 2119 qui
345 2027 552 2109 cupiditatibus
572 2028 721 2089 laborant:
742 2030 798 2088 Dei
811 2041 907 2089 aulem
927 2029 1059 2099 voluntas
1079 2048 1142 2089 non
1160 2028 1253 2090 modo

126 2107 164 2170 ab
184 2108 265 2167 omni
284 2105 354 2165 vitio
374 2125 461 2185 pura,
483 2102 535 2164 sed
558 2126 667 2167 summa
693 2105 882 2185 perfectionis
901 2103 1016 2186 regula,
1047 2104 1136 2165 etiarn
1154 2103 1253 2187 legum

127 2183 259 2245 omnium
278 2180 324 2241 lex
342 2193 394 2241 est
445 2179 555 2240 Verum
587 2201 726 2262 negamus
750 2180 909 2241 obnoxium
934 2201 997 2243 esse
1020 2180 1191 2242 reddendae
1209 2200 1254 2241 ra·

125 2259 219 2320 tionis
246 2276 384 2337 negamus
404 2256 491 2316 etiam
515 2277 569 2317 uos
589 2275 651 2318 esse
670 2258 793 2318 idoneos
813 2258 937 2333 iudices,
956 2256 1006 2337 qui
1023 2258 1147 2337 proprio
1167 2277 1254 2318 sensu

125 2333 348 2417 pronuntiemus
368 2333 404 2391 de
425 2332 478 2392 bac
497 2353 587 2393 causa.
627 2333 728 2407 Quare
752 2334 777 2392 si
802 2343 945 2393 tentamus
970 2332 1043 2394 ultra
1085 2354 1150 2393 uam
1176 2332 1255 2407 licei,

126 2422 236 2471 metum
255 2406 376 2467 incutiat
393 2405 441 2466 illa
460 2408 649 2468 comminatio
670 2409 777 2469 Psalmi
797 2412 864 2485 (51,
882 2411 940 2487 6.):
959 2354 1143 2471 Deumqfore
1161 2409 1256 2471 victo·

126 2506 200 2561 mm,
220 2483 336 2564 quoties
355 2482 391 2542 ab
414 2482 532 2542 homine
552 2483 667 2543 mortali
688 2484 870 2544 iudicabitur.

201 2565 230 2625 3.
269 2558 408 2618 Tacendo
429 2569 527 2638 potest
545 2558 626 2619 Deus
640 2560 685 2619 ‘ita
696 2580 882 2637 compescere
902 2562 998 2623 hostes
1017 2580 1095 2621 suos.
1135 2560 1199 2621 Sed
1216 2577 1254 2620 ne

125 2636 192 2698 illos
211 2656 324 2697 sacrum
343 2654 451 2694 nomen
471 2655 554 2694 suum
574 2634 695 2715 impune
721 2635 849 2696 ludibrio
869 2638 977 2697 habere
997 2638 1153 2716 patiantur,
1174 2656 1251 2698 arma

126 2733 246 2794 quoque
265 2712 399 2772 adversus
425 2730 476 2770 eos
501 2710 587 2772 nobis
612 2732 645 2771 ex
670 2712 760 2770 verbo
784 2733 838 2773 suo
865 2714 1040 2806 suppeditat.
1078 2713 1213 2775 Proinde
1230 2712 1254 2774 si

127 2791 191 2871 quis
211 2810 265 2849 nos
284 2787 448 2847 huiusmodi
462 2787 556 2848 verbis
576 2787 773 2870 aggredietur,
792 2810 844 2849 cur
864 2790 900 2848 ab
921 2792 1005 2850 tuitio
1017 2790 1097 2848 Deus
1118 2791 1153 2849 ad
1174 2809 1255 2850 mor·

126 2879 187 2927 tem
206 2866 319 2945 aliquos
339 2863 571 2943 praedestinant,
591 2865 641 2944 qui
660 2886 748 2943 quum
769 2866 900 2925 nondum
919 2877 1031 2942 essent,
1050 2864 1159 2927 mereri
1178 2865 1255 2925 iudi·

127 2944 204 3004 ciurn
223 2942 324 3001 mortis
350 2939 481 2999 nondum
505 2952 676 3020 potuerant:
709 2961 779 3015 nos,
803 2942 1001 3020 responsionis
1021 2942 1107 3018 loco,
1130 2942 1254 3003 vicissim

129 3038 180 3079 eos
200 3037 353 3099 rogemus,
374 3016 443 3094 quid
464 3017 561 3075 Deum
581 3016 691 3074 homiui
712 3016 820 3075 debere
840 3017 1016 3094 existiment,
1035 3019 1059 3077 si
1079 3038 1147 3078 eum
1168 3039 1186 3080 a
1204 3037 1255 3077 na·

127 3105 192 3152 tura
211 3114 262 3153 sua
287 3092 440 3151 aestimare
459 3092 539 3150 velit.
591 3091 727 3165 Qualiter
757 3106 878 3171 peceato
902 3094 991 3154 vitiati
1016 3115 1115 3155 sumus
1140 3113 1255 3167 ornnes,

126 3188 188 3227 non
208 3188 358 3247 possumus
377 3187 438 3225 nou
459 3187 520 3225 esse
538 3167 606 3225 Deo
627 3168 736 3238 odiosi,
768 3169 855 3247 idque
875 3190 936 3229 non
956 3170 1106 3250 tyrannica
1126 3170 1256 3239 saevitia,

127 3241 178 3302 sed
203 3244 370 3320 aequissima
395 3242 518 3301 iustitiae
545 3243 667 3301 ratione.
707 3245 797 3317 Quod
821 3246 845 3304 si
865 3245 971 3305 iudicio
1003 3246 1106 3306 mortis
1132 3246 1256 3307 obnoxii

126 3330 195 3378 sunt
214 3337 316 3377 omncs
335 3317 459 3376 naturali
480 3318 667 3392 conditione,
693 3341 766 3409 quos
791 3321 826 3379 ad
853 3332 977 3380 mortem
998 3321 1143 3381 Dominus
1168 3340 1256 3402 prae·

127 3393 269 3466 destinat,
298 3393 335 3451 dc
355 3413 426 3470 qua,
450 3393 592 3468 obsecro,
616 3394 676 3454 eius
701 3397 854 3474 iniquitate
875 3417 942 3479 erga
962 3417 993 3457 se
1015 3398 1256 3477 conquerantur?

125 3468 256 3529 Veniant
275 3486 376 3527 omnes
396 3468 446 3525 filii
466 3468 573 3543 Adam,
598 3491 663 3529 cum
688 3491 741 3531 suo
764 3472 905 3532 Creatore
930 3474 1112 3533 contendant
1135 3495 1171 3535 ac
1196 3474 1255 3534 dis-

127 3555 261 3626 ceptent,
281 3542 361 3623 quod
382 3556 498 3603 aeterna
519 3546 593 3604 illius
614 3547 811 3626 providentia,
831 3561 899 3607 ante
919 3569 998 3609 suam
1019 3551 1256 3629 generationem,

149 3631 285 3701 erpetuae
316 3617 471 3679 calamitati
502 3621 607 3680 addicti
637 3620 754 3681 fuerint.
804 3624 885 3697 Quid
915 3624 1087 3704 obstrepere
1118 3626 1255 3687 adversus

126 3643 202 3757 banc
222 3696 422 3761 defensionem
442 3706 598 3775 poterunt,
626 3697 677 3756 ubi
696 3699 776 3759 Deus
802 3700 866 3760 illos
886 3700 920 3760 ad
947 3701 991 3760 sui
1016 3703 1255 3783 recognitionem

126 3784 231 3833 contra
249 3770 383 3833 vocabit?
422 3773 464 3829 Ex
483 3784 619 3865 corrupta
638 3794 729 3834 massa
747 3775 771 3834 si
792 3777 935 3910 desumlqti
955 3789 1023 3836 sunt
1042 3798 1160 3869 omues,
1192 3796 1254 3839 non

127 3850 231 3908 mirum
258 3850 282 3909 si
308 3846 488 3907 damnationi
513 3848 672 3908 subiacent.
723 3851 769 3909 Ne
794 3871 865 3943 crgo
918 3872 981 3911 eum
1001 3854 1163 3933 iniquitatis
1183 3854 1255 3915 iusi-

126 3924 250 3999 mulent,
270 3924 294 3984 si
313 3935 433 3982 aeterno
451 3924 517 3997 eius,
530 3925 637 3984 iudicio
657 3926 745 3985 morti
765 3926 898 3986 destinati
918 3928 986 4003 sint,
1005 3927 1041 3988 ad
1062 3951 1150 4019 quam
1169 3951 1186 3989 a
1204 3949 1255 3990 sua

125 4002 256 4061 isorum
286 4012 389 4059 natura
412 4012 518 4078 sponte
542 4020 573 4060 se
604 4002 740 4080 perduci,
773 4003 863 4062 velint
888 4004 999 4079 nolint,
1028 4006 1083 4085 ipsi
1113 4008 1254 4066 sentiunt.

157 4077 215 4137 nde
234 4086 356 4157 apparet
374 4096 459 4154 quam
480 4096 615 4155 perversa
633 4078 669 4137 sit
689 4078 880 4157 obstrependi
900 4079 1063 4158 affectatio,
1084 4081 1166 4161 quod
1187 4084 1252 4143 data

128 4234 1244 4249 nnn-m*-

191 4315 219 4383 *)
237 4312 296 4369 Hoc
314 4336 343 4369 ex
363 4316 547 4383 Augustino
564 4332 694 4389 sumptum
712 4319 755 4370 lib.
768 4320 789 4371 l.
807 4318 840 4371 de
852 4316 917 4375 Gen.
934 4333 1002 4373 cont.
1020 4320 1135 4375 Manicls·
1155 4340 1212 4392 cap.
1224 4319 1249 4373 3·
