2700 4732
102 224 239 309 ann¹
492 214 870 278 mmmm

182 367 229 426 22.
268 362 423 423 Neminem
442 363 497 422 iarn
519 383 580 424 esse
599 374 672 443 puto
693 362 822 443 quinon
843 359 995 440 perspicue
1005 354 1124 430 cernat,
1143 376 1243 418 omnes

23 472 26 479 ·
88 436 193 499 'huius
213 450 302 498 notae
321 440 449 500 rationes
469 461 563 500 meras
584 460 647 500 esse
667 439 835 519 Scripturas
856 437 1047 496 inversiones.
1089 434 1180 508 Quae
1197 456 1243 494 sn·

107 528 231 598 pessunt
249 514 293 574 his
313 516 430 589 aflines,
455 518 560 576 cursim
580 535 798 596 persequemur.
848 514 1030 591 Baptismum
1050 511 1082 570 in
1106 522 1243 591 peccato·

108 614 173 653 runs
194 591 393 652 remissionem
413 593 475 653 dari
494 593 648 653 obiiciunt.
689 592 781 665 Quod
800 589 851 649 uhi
863 608 1033 649 concessum
1055 586 1160 662 luerit,
1179 605 1242 647 sen·

107 669 218 730 tentiae
247 680 365 729 nostrae
396 669 513 729 abunde
545 668 787 749 patrocinabitur.
838 665 1012 725 Peccatores
1045 664 1126 723 enim
1159 684 1242 743 quen

109 765 276 819 nascamur,
306 747 479 805 remissione
500 757 529 805 et
548 747 633 804 venia
652 745 709 803 iam
729 766 745 803 a
765 743 864 801 matris
892 753 976 801 utero
997 761 1075 820 opus
1096 739 1243 799 habemns.

108 822 207 883 Porro
227 841 317 915 quum
341 843 422 902 spem
454 823 673 882 misericordiae
704 820 771 881 huic
796 819 883 878 aetati
902 838 963 878 nou
983 816 1139 897 praecidat
1158 816 1243 889 Dens,

107 898 161 972 sed
182 909 279 980 potrus
300 910 409 960 certam
429 899 530 958 saciat:
558 920 610 957 cur
633 898 747 978 signum
768 917 799 955 re
819 896 880 975 ipsa
900 895 993 954 multo
1013 893 1143 952 inferius
1162 911 1243 974 prae·

109 973 290 1055 riperemus?
320 975 430 1047 Quare
449 975 528 1055 quod
550 976 578 1033 in
600 996 654 1034 nos
674 974 789 1033 vibrare
809 971 988 1042 moliuntur,
1007 969 1068 1029 hoc
1088 970 1132 1028 ita
1153 980 1243 1029 retor-

110 1070 233 1131 quemus
262 1051 293 1110 in
319 1071 371 1111 eos
394 1052 489 1130 ipsos,
515 1050 632 1110 Parvuli
663 1062 851 1130 peccatorum
879 1047 1053 1108 remissione
1082 1044 1242 1106 donantur:

110 1147 184 1209 ergo
204 1129 289 1209 signo
309 1127 441 1208 privandi
461 1149 522 1186 non
542 1140 618 1186 sunt.
669 1126 831 1185 Prolerunt
854 1123 939 1184 simul
970 1122 1043 1182 illud
1070 1142 1104 1181 ex
1125 1120 1243 1202 epistola

109 1204 146 1264 ad
159 1204 302 1282 Ephesios
313 1208 356 1282 (ὁ,
368 1210 414 1269 26.
433 1246 443 1278 ,
463 1203 621 1264 Ecclesiam
641 1225 655 1262 a
676 1203 807 1263 Domino
828 1200 994 1260 mundatam
1015 1199 1138 1259 lavacro
1159 1216 1245 1276 aquae

109 1281 141 1338 in
162 1280 358 1341 verhovitae.
437 1301 474 1341 uo
501 1280 536 1340 ad
564 1300 693 1339 errorem
714 1299 816 1338 eorum
836 1276 1025 1337 evertendum
1054 1273 1129 1335 nihil
1158 1274 1244 1355 aptius

112 1357 193 1416 citari
215 1368 345 1436 poterat:
376 1378 442 1417 nam
463 1357 533 1415 inde
552 1357 639 1417 nobis
660 1355 751 1415 facilis
770 1353 897 1414 nascitur
937 1352 1067 1413 cubatio.
1105 1351 1141 1411 Si
1161 1362 1244 1411 testa-

110 1444 170 1492 tam
187 1432 332 1511 baptismo
353 1435 414 1494 vult
432 1433 566 1495 Christus
586 1434 776 1508 ablutionem,
818 1452 850 1489 ua
871 1373 1020 1490 ecelesiam
1036 1442 1126 1489 'suam
1148 1447 1245 1488 emun-

114 1509 179 1584 dat,
199 1529 324 1589 aequum
344 1532 405 1570 non
425 1511 518 1572 videri
540 1523 572 1569 ut
590 1531 644 1570 suo
665 1509 694 1569 in
717 1453 840 1588 parvdlis
858 1507 1028 1566 testimonio
1051 1516 1170 1578 eareat,
1200 1505 1245 1584 qui

111 1586 142 1645 iu
163 1586 303 1647 eeclesiae
328 1600 411 1666 parte
436 1589 500 1647 iure
526 1599 698 1660 censentur,
745 1606 812 1643 uum
839 1583 977 1644 haeredes
1002 1602 1036 1641 re
1082 1582 1247 1643 ienelestis

93 1664 171 1722 'sint
189 1684 286 1722 nuncu
309 1665 355 1723 ati.
395 1665 566 1724 Universam
587 1665 663 1722 enirn
676 1606 825 1722 ecclesiam
838 1661 942 1719 Paulus
956 1602 1182 1740 cemplbctitnr,
1200 1658 1247 1716 ubi

113 1739 185 1800 dicit
204 1762 273 1798 mun
296 1751 370 1800 atam
391 1741 506 1801 lavacro
527 1759 626 1820 aquae.
670 1738 769 1797 Nihilo
796 1737 939 1796 secius.et
958 1757 991 1796 ex
1011 1756 1050 1797 eo
1071 1735 1157 1815 quod
1175 1734 1250 1796 alibi

114 1815 185 1874 dicit
203 1816 243 1893 (1.
263 1816 498 1893 Cor.12,13.),
525 1837 578 1877 nos
603 1819 632 1876 in
655 1815 764 1876 Christi
785 1835 890 1892 corpus
902 1833 964 1904 per
982 1812 1171 1894 baptismum
1190 1832 1249 1872 esse

1283 130 1289 359 l

112 1892 251 1968 insertos,
270 1893 445 1974 colligimus,
464 1895 601 1969 infantes,
620 1913 694 1972 quos
714 1891 853 1950 membris
872 1911 930 1949 suis
949 1903 1137 1965 annumerat,
1157 1889 1250 1969 bapti·
1287 1958 1289 1969 Ι

114 1968 224 2029 candos
244 1989 322 2044 esse,
348 1990 385 2029 ne
405 1993 421 2030 a
440 1993 494 2032 suo
520 1990 648 2050 corpore
674 1967 857 2031 divellantur.
896 1966 943 2025 En
963 1987 1023 2046 quo
1049 1968 1168 2047 impetu
1188 1988 1248 2027 cunr

113 2057 161 2106 tot
178 2047 317 2107 machinis
336 2047 366 2105 in
388 2047 455 2106 fidei
475 2059 593 2107 nostrae
612 2045 754 2126 praesidia
773 2045 995 2124 impressionem
1015 2043 1138 2104 iaciant.

190 2130 237 2188 23.
277 2125 338 2183 lam
358 2124 393 2183 ad
413 2122 802 2216 saeculidpnstolieipraxin
823 2133 911 2201 atque
931 2120 1183 2181 consuetudinem
1200 2120 1249 2180 de·

114 2200 277 2275 scendunt,
302 2220 361 2278 quo
376 2220 486 2277 soemo,
513 2201 568 2259 nisi
592 2199 679 2259 fidem
704 2210 773 2264 ante
797 2199 1071 2276 poenitentiamque
1113 2197 1248 2270 rolucus,

115 2274 151 2335 ad
170 2276 212 2334 Ba
236 2278 350 2336 tismum
371 2270 510 2338 ‘admissus
528 2277 717 2356 comperitur.
764 2277 839 2335 Nam
865 2275 916 2333 ubi
941 2286 1068 2355 rogatur
1087 2218 1198 2335 icarus
1215 2274 1248 2334 ab

113 2351 150 2410 iis
169 2296 274 2441 qulbus
295 2364 359 2411 erat
378 2354 567 2432 resipiscendi
584 2354 711 2426 animus,
732 2351 801 2432 quid
822 2351 901 2412 lactu
920 2351 957 2410 sit
976 2371 1066 2430 opus:
1093 2362 1128 2412 nt
1145 2351 1249 2432 poeni·

113 2437 238 2486 tentiam
258 2426 383 2507 primum
402 2442 493 2510 agant
516 2430 656 2502 consulit,
686 2429 793 2488 deinde
817 2439 850 2488 ut
876 2427 911 2487 ba
934 2427 1067 2487 tisentur
1092 2428 1121 2489 in
1148 2427 1249 2488 renis·

113 2501 228 2563 sionem
248 2515 436 2583 peccatorum
451 2506 532 2583 (Act.
547 2512 576 2576 ’2,
588 2507 661 2583 37).
700 2504 840 2565 Similiter
857 2448 1022 2583 Philippus,
1042 2525 1133 2584 qunm
1153 2503 1248 2582 bspti-

114 2579 343 2640 aariEunuchus
362 2581 411 2641 ille
431 2582 603 2661 postularet,
622 2583 776 2674 respondit
794 2582 823 2640 id
842 2582 941 2653 licere,
960 2581 1054 2640 modo
1075 2591 1135 2641 toto
1155 2580 1247 2639 corde

116 2658 252 2718 erederet
271 2658 353 2735 (bct.
364 2663 393 2734 8,
404 2661 475 2735 32).
521 2659 599 2718 Hinc
624 2659 679 2717 sibi
701 2658 836 2718 obtinere
856 2678 941 2738 posse
960 2657 1114 2727 videntur,
1130 2656 1250 2736 Raptis-

117 2754 207 2807 mum,
228 2736 283 2797 nisi
324 2748 465 2794 raeeunte
485 2735 542 2794 lide
563 2758 595 2794 ae
615 2735 809 2815 poenitentia,
830 2738 963 2814 cuiquam
985 2733 1113 2793 concedi
1129 2733 1250 2792 minime

115 2808 159 2870 fas
180 2831 252 2871 esse.
292 2756 451 2871 lloimvero
471 2813 494 2872 si
514 2812 579 2871 huic
599 2813 706 2873 rationi
726 2811 823 2871 locum
844 2813 957 2873 damus:
977 2811 1062 2890 prior
1083 2809 1182 2886 locus,
1201 2809 1250 2869 ubi

117 2887 197 2947 nulla
218 2887 286 2947 fidei
309 2891 421 2948 mentio
446 2890 579 2964 auditur,
610 2889 701 2950 solarn
726 2889 860 2949 sulficere
886 2888 1102 2967 poenitentiam
1122 2888 1248 2947 evincet:

117 2964 208 3037 alter,
240 2985 299 3044 quo
326 2965 509 3045 poenitentia
529 2966 647 3025 minime
667 2966 841 3045 requiritur,
870 2964 960 3023 sulam
980 2965 1049 3023 satis
1071 2968 1135 3024 esse
1156 2964 1248 3023 fidem

117 3041 282 3119 Excipient,
304 3053 387 3120 puto,
407 3043 504 3102 locum
524 3043 647 3102 alterum
669 3043 761 3102 altero
782 3042 920 3112 adiuvari,
940 3038 1249 3119 ideoque-siinul'esse

118 3119 350 3177 connectendos.
389 3120 453 3200 Ego
475 3120 593 3198 quoque
607 3120 735 3181 vicissim
757 3118 952 3190 conferendos
973 3116 1041 3177 dico
1064 3116 1140 3177 alios
1162 3117 1249 3188 locos,

119 3193 168 3270 qui
189 3193 225 3251 ad
244 3194 325 3253 istius
344 3195 415 3254 nodi
435 3194 611 3254 solutionem
625 3194 732 3276 aliquid
746 3195 852 3254 valent.
883 3192 1133 3272 Quandoquidem
1145 3193 1249 3252 multae

117 3272 149 3328 in
171 3267 321 3348 Scriptura
340 3272 502 3330 sententiae
530 3271 688 3346 habentur,
717 3294 839 3350 quarum
860 3270 1056 3350 intelligentia
1078 3291 1095 3328 a
1115 3270 1177 3330 loci
1198 3271 1250 3330 cir·

118 3346 292 3406 cumstantia
313 3347 446 3425 pendeat.
485 3348 583 3421 Quale
602 3350 633 3407 in
653 3350 816 3428 praesentia
837 3346 997 3426 exemplum
1019 3347 1167 3406 occurrit:
1189 3366 1248 3406 nant
1272 3390 1283 3405 .

118 3421 223 3502 quibus
255 3421 323 3482 haec
349 3423 485 3482 dicuntur
504 3447 519 3484 a
540 3426 630 3484 Petro
652 3436 681 3483 et
699 3425 853 3505 Philippo,
882 3436 975 3484 aetate
1000 3424 1126 3482 suntad
1148 3424 1248 3502 poeni-

119 3499 244 3559 tentiam
264 3499 460 3558 meditandam
481 3501 625 3580 iidemque
646 3503 868 3580 concipiendam
889 3502 1006 3560 idonea.
1058 3500 1166 3573 Tales,
1199 3497 1248 3558 nisi

119 3587 271 3668 perspecta
302 3596 403 3635 eorum
429 3579 622 3646 conversione
649 3592 679 3637 et
710 3580 767 3636 lide
796 3579 911 3656 (saltem
933 3588 1074 3656 quantum
1101 3576 1247 3635 bominum

118 3651 226 3712 iudicio
239 3671 271 3711 ex
294 3651 381 3711 locari
402 3657 514 3733 potest)
535 3655 725 3733 baptizandos
746 3676 807 3713 esse
829 3655 944 3712 fortiter
964 3673 1115 3732 negamus.
1135 3690 1175 3702 -
1196 3654 1248 3711 Ve-

120 3750 184 3786 rum
204 3728 234 3786 in
255 3672 343 3788 aliurn
364 3729 529 3810 catalogum
550 3731 724 3811 relegandos
750 3751 812 3790 esse
837 3732 980 3802 iniantes,
1008 3729 1073 3807 plus
1094 3730 1165 3789 satis
1185 3749 1248 3808 per·

120 3805 251 3885 spicuum
273 3816 329 3864 est:
358 3827 423 3865 nam
444 3812 466 3866 si
488 3808 550 3885 quis
576 3809 645 3866 nlirn
670 3828 701 3867 se
721 3807 822 3866 Israeli
847 3806 1024 3887 adiungebat
1043 3806 1073 3864 in
1101 3805 1248 3888 religionis

121 3880 369 3956 cummunionem,
389 3895 455 3943 ante
476 3896 507 3942 et
526 3885 629 3944 soedus
641 3884 763 3942 Domini
776 3884 892 3943 edoceri
913 3895 942 3942 et
962 3882 1027 3962 lege
1038 3883 1150 3941 erudiri
1163 3903 1249 3962 opor·

119 3955 204 4016 tebet
226 3978 312 4035 quarn
328 3959 548 4020 circumcisione
568 3960 746 4042 signaretur:
768 3960 845 4039 quod
867 3959 984 4018 natione
1004 3970 1068 4018 erat
1087 3957 1248 4032 ἀλλόφυλος,

120 4031 179 4092 hoc
207 4045 249 4091 est
274 4033 437 4118 alienigena
469 4036 505 4096 ab
536 4037 698 4097 israelitico
719 4038 847 4116 populo,
869 4057 995 4125 quocum
1021 4035 1144 4109 foedus,
1175 4033 1248 4116 quod

120 4109 301 4172 circumcisio
322 4113 480 4187 sanciebat,
500 4133 667 4192 percussum
689 4113 793 4172 luerat.

196 4192 243 4249 24.
284 4186 540 4261 Quemadmodum
571 4210 626 4250 nec
657 4190 818 4263 Dominus,
849 4209 937 4267 quum
968 4184 1170 4258 Abrahsmum
1200 4184 1249 4247 sibi

121 4272 298 4350 coeptans
324 4266 547 4328 circumcisione
572 4267 659 4327 sumit
678 4267 843 4339 exordium,
863 4265 979 4324 interlin
1000 4264 1069 4342 quid
1090 4265 1146 4325 illo
1166 4265 1247 4347 signo

76 4392 80 4399 .
119 4334 175 4398 ubi
194 4339 262 4399 velit
282 4338 477 4404 dissimulans:
499 4363 599 4406 verum
611 4341 691 4424 quod
711 4342 799 4404 lerire
815 4364 880 4404 cum
899 4342 964 4424 ipso
985 4339 1090 4403 foedus
1109 4342 1249 4414 instituat,
