2596 4726
114 216 178 284 tro
488 208 575 280 ΗΒ»
593 210 656 280 tv:
685 214 776 280 cult.
794 204 913 277 xm,

122 356 176 422 sed
193 357 336 435 institnit,
353 370 388 420 ut
405 360 543 440 Apostoli
567 360 609 423 sic
634 360 666 421 iu
696 369 848 441 posterum
864 356 1011 423 lacerent,
1047 354 1152 417 Prsee'
1174 354 1258 416 ientis

33 434 38 441 ”
123 433 325 496 enim-verbe
354 447 439 510 snut,
467 436 566 497 Bibite
595 456 630 496 ex
659 437 717 497 boc
744 436 837 497 rnliee
861 454 974 497 ornnes.
1023 432 1063 493 Et
1081 430 1146 493 Pan
1159 453 1194 495 us
1218 432 1257 491 sie

123 511 235 573 lecturo
255 530 318 573 esse
336 506 550 574 dommesnorat
573 524 607 573 ot
630 533 687 592 pro
707 524 791 575 certo
814 512 952 573 instituto
972 508 1170 570 commendet.
1208 506 1259 567 dl·

124 586 795 745 tet‘studuerunttttttl
811 584 1260 726 ttt‘ttt‘ttttted:

125 736 1259 912 ‘sete-..tuturus‘bsecutstttzrtte‘ttte

163 894 706 1032 ttr‘tvtt‘ntuvss„
723 878 1259 1030 sennensem

127 989 240 1122 goiet,
259 1047 310 1127 qui
334 1045 523 1137 secubuerint
541 1067 607 1107 cum
627 1045 709 1107 lesu:
735 1045 869 1107 sednon
893 990 941 1137 itpp
953 1042 1064 1105 Christi
1076 1040 1261 1129 ¹dignitatern

120 1118 278 1213 obscuret,
297 1121 493 1214 ntsacrdieos
504 1140 555 1214 eps
566 1119 709 1215 appellet3
725 1121 763 1183 de
773 1142 835 1201 qno
845 1138 967 1212 nomine
982 1130 1089 1253 postea
1107 1136 1169 1179 sno·
1183 1117 1260 1178 loeo.

127 1196 193 1257 Etsr
213 1198 368 1259 duodecrm
388 1209 449 1257 tuns
469 1198 560 1273 dedrt,
579 1210 724 1280 praecepit
740 1210 851 1272 temen,
868 1208 903 1257 ut
921 1217 964 1257 ste
997 1206 1128 1269 suerent,
1153 1212 1224 1253 nern

128 1284 164 1333 ot
181 1273 223 1334 sic
240 1275 319 1334 inter
337 1293 369 1335 se
388 1273 608 1335 distribuerent.
653 1274 810 1348 Secundo,
835 1293 888 1335 cur
912 1271 1034 1333 meliore
1058 1268 1113 1330 illo
1132 1288 1219 1331 serso
1231 1288 1261 1342 o,

127 1348 167 1409 'sb
187 1348 345 1442 Apostolis,
357 1348 394 1411 sd
413 1348 500 1411 mille·
512 1370 605 1444 osque
622 1370 716 1412 annos
735 1360 853 1431 postea,
878 1348 953 1410 sine·
966 1347 1142 1426 exceptione
1160 1362 1262 1406 omues

129 1423 243 1485 fiebunt
272 1437 423 1507 utriusque
441 1427 567 1523 symbols

128 1520 205 1595 poor
224 1499 358 1594 Christus
377 1523 513 1565 convrvas
532 1503 569 1565 nd
588 1421 1263 1592 gilelllllreilrarlllldzlslllleetivel’ueldietircsl'mulld

127 1576 454 1670 smpndentraeduerit,
474 1579 520 1640 bie
538 1580 672 1641 restitere
690 1590 722 1639 et
745 1578 939 1661 tergiverssru
987 1576 1110 1665 Exstant
1128 1573 1264 1665 epuletu-

127 1662 219 1745 strcae
238 1652 392 1730 historiae,
423 1666 535 1717 exstant
553 1667 685 1750 veterum
704 1654 788 1728 litui,
812 1655 863 1790 poi
887 1661 987 1787 spertp
1013 1651 1263 1802 brppprpegprepnpi

102 1784 115 1797 Ι
128 1729 935 1900 :gol'polggesteilllllgnirl’eclillr’islillllcillrllllll'liliola
945 1729 1061 1895 leepzo
1080 1769 1262 1894 reginstorff

130 1881 318 1958 „Quomodo
350 1883 518 1978 ipsiusmodi
548 1884 680 1978 munibus
709 1882 843 1965 (dicebat
873 1881 1042 1973 Ambrossos
1072 1878 1262 1971 Theodosio)

129 1955 1263 2172 &diffilssslli'sssliilfflnrssliy'lliiidiiilii.‘idei

129 2150 152 2187 „
194 2112 339 2205 cerdptes,
359 2112 409 2195 qui
429 2114 631 2176 eucharutiam
645 2113 815 2203 conficiunt,
834 2122 866 2171 et
882 2110 1054 2194 sanguinem
1065 2107 1190 2201 Domini
1205 2126 1264 2249 po·

130 2226 152 2262 „
193 2185 224 2249 lo
248 2189 457 2282 dptnbuunt“
486 2190 734 2284 ⁸Cbrysostomos
764 2192 813 2281 (m
836 2185 909 2249 Cor.
933 2206 996 2266 cep.
1011 2190 1042 2252 8·
1065 2182 1204 2249 bonrrl.1
1234 2185 1248 2261 )

49 2316 54 2325 .
131 2304 153 2340 „
183 2284 224 2325 on
248 2276 324 2327 nrut
346 2287 378 2327 rn
402 2279 496 2329 veteru
514 2266 597 2351 Lege
626 2264 881 2357 pertemandens
910 2262 1045 2324 sacerdos
1077 2260 1263 2352 comedebat,

130 2352 269 2443 ,portent
292 2360 364 2404 vero
388 2343 529 2425 populus:
552 2363 653 2404 rernm
677 2340 814 2403 omnibus
838 2360 945 2432 eorpus
968 2358 1060 2398 onum
1083 2349 1264 2428 proponrtnr

43 2458 46 2469 '
129 2416 984 2631 :tiltt‘tltt{tftnlt,tttptt'tlt‘ltt‘ltt
999 2433 1178 2573 iiiiii}
1196 2423 1264 2570 {ll}

132 2591 213 2630 ttmts
245 2590 305 2630 0018
339 2591 396 2631 ΕΗ
413 2594 455 2630 ur.

1252 2206 1261 2221 0

1252 2228 1262 2243 θ

207 2653 256 2710 49.
295 2646 355 2706 Sed
388 2648 458 2740 quid
488 2648 525 2707 de
552 2668 586 2708 re
614 2649 763 2708 notissima
794 2645 929 2725 disputo?
980 2646 1129 2726 Leguntur
1160 2661 1262 2702 omnes

132 2721 241 2782 Graeci
261 2734 292 2782 et
310 2723 406 2783 Latius
426 2724 596 2806 scriptores:
621 2725 724 2804 passim
747 2735 904 2784 occurrent
923 2722 1064 2782 eiusmodi
1085 2719 1262 2780 testimonia.

130 2799 177 2859 Ns
200 2817 237 2858 ne
256 2798 404 2861 obsolevit
424 2800 496 2861 baec
516 2801 708 2876 consuetudo,
729 2800 797 2860 dum
817 2800 911 2890 aliqua
932 2798 1107 2880 integritatis
1127 2806 1211 2886 gutta
1231 2796 1261 2853 io

47 2896 54 2917 ¹
130 2819 255 2936 ecclesia
274 2877 428 2957 superfuit
467 2877 690 2960 Gregorius,
710 2897 797 2957 quem
817 2876 949 2935 ultimum
961 2875 1071 2933 llomae
1091 2892 1192 2951 epuco
1215 2892 1262 2930 um

134 2948 223 3010 finisse
242 2952 306 3011 iore
326 2953 424 3013 dicere
445 2956 552 3046 possis,
573 2976 624 3015 sua
644 2966 739 3013 aetate
757 2963 897 3013 servatam
919 2951 1005 3011 luisse
1025 2950 1123 3009 docet
1163 2893 1261 3022 „dub

133 3027 192 3102 „sit
209 3029 327 3109 sangnis
347 3029 425 3110 agni,
445 3051 501 3089 ram
522 3052 582 3090 noo
603 3030 764 3103 audiendo,
783 3029 834 3089 sed
856 3028 984 3087 bibendo
1006 3026 1153 3085 didicistis.
1194 3023 1262 3082 Eius

131 3104 268 3191 ,panguis
294 3104 479 3166 infidelium
506 3127 557 3165 ora
586 3105 804 3199 profunditur.“
855 3106 918 3165 lmo
944 3102 1165 3183 quadringentis
1196 3110 1263 3179 post

132 3195 196 3237 eros
215 3191 342 3239 mortem
363 3184 455 3257 annis,
476 3204 565 3261 quum
584 3203 641 3242 ram
663 3184 759 3242 omnia
773 3182 1007 3263 degenerassent,
1027 3179 1121 3238 adhuc
1139 3175 1261 3235 durarit

132 3251 239 3332 Neque
258 3255 336 3314 enirn
356 3257 386 3316 id
407 3279 461 3338 pro
483 3278 566 3317 more
587 3259 733 3331 duntaxat,
751 3258 801 3318 sed
824 3278 877 3338 pro
889 3259 969 3338 Lege
989 3253 1151 3315 inviolabili
1172 3252 1262 3312 lrabe-

131 3327 228 3388 batur.
267 3331 395 3410 Vigebat
415 3335 491 3393 enim
511 3346 581 3394 tunc
601 3335 715 3394 divinae
733 3334 923 3394 institutionis
943 3332 1122 3404 reverentis,
1143 3350 1200 3390 nec
1219 3348 1262 3388 sa·

133 3404 284 3487 erilegium
296 3427 357 3468 esse
373 3410 554 3481 dubitabant,
574 3432 604 3471 se
627 3432 717 3485 arare,
731 3430 804 3489 quae
817 3422 913 3470 essent
925 3430 941 3469 a
951 3410 1082 3468 Domino
1094 3405 1261 3466 coniuncta.

132 3481 185 3542 Sic
210 3483 287 3541 enim
307 3485 438 3564 loquitur
457 3485 590 3548 Gelasius
607 3432 658 3565 lde
679 3506 794 3547 consec.
816 3488 881 3546 dist
897 3492 924 3550 2.
945 3505 1008 3564 cap.
1029 3483 1260 3562 Comperimus]:

133 3558 377 3637 „Comperimus,
409 3563 488 3640 quod
515 3564 630 3642 quidam
656 3576 770 3655 sumpta
788 3563 991 3622 tantummodo
1024 3559 1158 3638 corporis
1189 3557 1263 3618 socri

132 3637 294 3723 „portione
317 3656 334 3696 a
358 3637 447 3698 calice
472 3637 651 3700 abstineant:
684 3662 734 3730 qur
754 3639 857 3720 procul
878 3639 983 3712 dnbio,
1002 3641 1141 3717 quoniam
1160 3636 1262 3695 nescio

132 3733 211 3803 „qua
230 3714 439 3793 superstitione
457 3715 596 3777 videntur
615 3716 761 3791 adstricti,
793 3728 843 3776 sut
861 3715 974 3797 integra
994 3723 1175 3774 sacramenta
1196 3732 1262 3790 per·

130 3789 263 3868 „cipiunt
293 3801 343 3850 aut
366 3789 402 3850 sb
427 3791 549 3884 integris
574 3804 736 3854 arceantur.
785 3793 899 3853 Divisio
925 3793 1002 3851 enim
1026 3792 1108 3850 istius
1133 3787 1261 3870 mysterii

131 3864 215 3954 „sine
240 3867 343 3947 grandi
367 3867 520 3950 sacrilegio
548 3890 608 3929 noo
634 3869 827 3929 admittitur.“
874 3868 1076 3927 Audiebantur
1098 3864 1174 3924 illae
1199 3864 1262 3941 Cy·

154 3940 227 4001 rmni
246 3943 388 4018 rationes,
413 3965 488 4023 quae
507 3966 576 4005 sane
597 3946 791 4006 Christianam
811 3956 940 4004 mentem
960 3962 1132 4024 permovere
1151 3939 1263 4001 debent

149 4024 276 4083 serm-5·
290 4019 327 4079 de
346 4019 452 4100 lapsisl.
490 4021 690 4097 „Quomodo,
709 4022 820 4100 inquit,
841 4022 985 4082 docemus.
998 4033 1050 4080 eut
1069 4037 1262 4099 provocamus

129 4111 203 4168 „eos
222 4094 254 4152 io
273 4096 460 4157 consessione
481 4098 592 4159 Christi
610 4097 780 4181 sanguinem
801 4098 942 4173 sundere,
966 4098 990 4158 si
1009 4094 1174 4156 militaturis
1194 4115 1262 4154 san-

127 4170 268 4251 „guinem
288 4173 350 4234 eius
369 4173 564 4267 denegamus?
601 4174 662 4235 Aut
702 4174 830 4235 uomodo
856 4175 976 4235 lauimus
995 4173 1030 4234 ad
1055 4169 1188 4249 martyrii
1208 4189 1264 4251 po·

126 4243 247 4334 „polum
266 4245 408 4327 idoneos,
437 4272 462 4311 sr
481 4270 544 4311 noo
563 4270 615 4313 eos
640 4250 677 4312 ad
717 4249 856 4311 ibendum
875 4250 999 4312 Domini
1022 4248 1162 4331 poculum
1204 4250 1264 4308 rios

122 4340 180 4402 „tn
200 4321 323 4389 ecclesis
340 4325 404 4389 iure
422 4326 638 4392 communionis
656 4327 873 4393 malerinum
916 4327 1010 4405 Quod
1035 4336 1169 4387 anterus
1216 4344 1262 4386 ss-
