2700 4732
513 185 589 246 Llll.
609 187 665 247 lli.
706 186 795 249 CAP.
817 186 868 247 lv.
1210 186 1269 249 113

183 327 248 409 prle
266 338 400 409 spectare
419 329 641 391 satisfactiones.
693 330 781 407 Quae
801 334 869 404 ista,
889 328 969 388 boue
989 326 1084 401 Deus,
1104 328 1265 389 desultoria

133 404 245 466 evitas?
268 403 315 465 cul
338 424 372 465 ae
397 406 601 467 remissionem
627 428 706 467 nunc
731 409 885 490 gratuitam
912 417 1046 484 prostare
1073 406 1264 481 confitentur,

120 502 211 563 quam
230 425 369 561 precibus
394 494 425 544 et
452 482 600 564 lacrymis,
619 484 741 564 aliisque
771 503 860 544 omne
879 502 972 563 genus
992 482 1264 563 praeparationibus

120 558 251 619 emereri
274 557 400 619 subinde
423 560 543 620 docent.
587 561 699 620 Verum
725 560 818 621 adhuc
842 582 906 619 cum
933 558 986 617 ista
1013 558 1202 618 distinctione
1229 580 1264 619 ea

120 633 268 695 diametro
291 647 402 725 pugnat
443 639 489 696 uie
514 638 561 697 uid
589 637 625 697 dc
653 650 839 718 peccatorum
864 636 1037 697 remissione
1057 636 1087 694 in
1109 636 1262 715 Scriptura

120 710 211 771 nobis
230 711 363 771 tradetur.
414 658 512 787 duod
539 716 652 775 tametsi
681 716 749 775 satis
773 734 861 793 super
883 733 920 773 uc
941 713 1074 771 existimo
1100 713 1157 771 iam
1178 733 1193 771 a
1213 730 1262 771 me

118 786 344 861 confirmatum,
375 788 547 850 subnectam
572 803 670 850 tamen
692 792 832 871 quaedam
859 736 914 850 dia
938 787 1123 863 testimonia,
1153 786 1261 867 quibus

119 862 198 925 adeo
218 866 350 924 constrin
374 878 461 926 antur
479 870 606 927 tortuosi
627 869 674 928 isti
700 890 828 951 angues,
856 880 890 927 ut
917 885 955 925 ne
980 886 1121 925 strnsmam
1141 864 1261 945 quidem

118 939 242 1002 undem
262 884 438 1022 compiscare
458 945 581 1035 posthac
594 956 710 1024 queant.
749 945 837 1018 „lloc
849 957 892 1004 est
911 952 1117 1003 testamentum
1138 960 1259 1015 novum,

119 1016 223 1097 ,qnod
243 1016 324 1085 Deus
344 1021 374 1078 in
396 1019 515 1081 Clursto
540 1042 593 1080 suo
620 1022 775 1081 nobiscum
801 1021 929 1100 pepigit,
954 1018 1047 1093 Quod
1072 1018 1258 1169 iniguitatem

121 1104 309 1167 „nostrarum
334 1117 395 1155 non
428 1097 653 1157 recordabitur“
672 1099 794 1232 gerent.
813 1104 862 1165 31,
881 1104 929 1161 31.
951 1106 981 1154 et
999 1095 1071 1170 ta).
1145 1094 1194 1153 uid
1215 1093 1259 1153 ltl⁸

117 1168 337 1251 significaverit,
356 1172 492 1233 discimus
512 1194 546 1232 en
565 1173 658 1234 altero
698 1172 1187 1263 roplseta(ilaecb.¹18,⁴dd.et27.),
1205 1168 1257 1229 ubi

117 1244 283 1307 Dominus:
304 1248 358 1323 „si
379 1250 486 1324 iustus,
506 1251 617 1328 inquit,
639 1273 654 1309 a
676 1252 784 1310 iustitia
804 1271 854 1309 sua
875 1249 1041 1321 uellerent,
1060 1248 1190 1307 omnium
1211 1247 1257 1305 iu-

114 1320 284 1399 „stitiarum
305 1326 369 1384 eius
389 1346 449 1384 nnn
472 1327 666 1386 recordabor:
692 1331 715 1387 si
735 1328 840 1406 impius
860 1325 896 1385 ab
916 1325 1068 1402 impietate
1087 1344 1139 1383 sua
1159 1342 1257 1382 reces-

113 1397 225 1473 „aerit,
245 1400 375 1459 omnium
395 1401 582 1480 iniquitatum
603 1404 664 1463 eius
684 1424 746 1462 non
765 1402 978 1462 recorrlabor.“
1017 1399 1109 1474 Quod
1122 1419 1152 1459 se
1173 1398 1256 1458 iusti-

112 1474 222 1537 narum
242 1477 461 1537 recordaturum
483 1491 581 1559 negat,
601 1482 702 1560 utique
721 1480 779 1539 boe
799 1491 852 1552 est,
873 1477 980 1537 nullam
999 1496 1031 1535 se
1051 1492 1150 1536 earum
1171 1474 1257 1536 babi-

112 1562 215 1612 turum
228 1551 385 1628 rationem,
404 1564 437 1612 ut
456 1557 669 1617 remuneretur.
709 1557 790 1637 Ergo
812 1568 841 1613 et
882 1566 1051 1613 necatorum
1072 1574 1133 1613 non
1154 1571 1256 1611 recor·

112 1626 195 1701 dari,
223 1638 268 1687 est
287 1646 321 1688 ea
347 1651 409 1690 non
427 1631 578 1709 postulare
599 1634 635 1691 ad
656 1654 792 1712 poenam.
831 1634 845 1690 l
886 1635 980 1708 ipsum
1001 1629 1071 1689 alibi
1092 1628 1256 1706 assitunt),

133 1704 263 1765 roiieere
281 1718 350 1784 post
369 1718 500 1802 tergum,
525 1708 624 1767 delere
645 1711 736 1769 instar
756 1710 856 1780 uubis,
881 1710 1054 1842 demergere
1078 1706 1107 1763 in
1129 1705 1256 1785 prosun-

136 1800 187 1840 nm
207 1779 309 1855 maris,
340 1803 401 1842 non
421 1797 582 1864 amputare,
613 1797 782 1864 tectumque
798 1784 920 1845 babere.
1000 1781 1092 1841 alibus
1113 1778 1255 1860 loquendi
1318 1848 1321 1855 ¹

112 1854 252 1919 formulis
282 1878 344 1918 non
377 1859 504 1921 obscure
533 1882 650 1921 sensum
680 1884 763 1921 strum
798 1862 885 1919 nohis
916 1880 949 1917 ex
971 1859 1096 1919 licuerat
1124 1856 1255 1936 Spiritus

111 1944 242 2007 metm,
262 1933 286 1994 si
298 1935 409 1996 dociles
427 1958 510 1997 aures
531 1938 586 1997 illis
599 1939 895 1998 accommodaremus.
935 1934 1059 1997 (aertesi
1078 1935 1163 2012 punit
1171 1932 1256 1993 Dent

111 2022 251 2090 peccata,
277 2010 415 2091 imputat:
446 2014 471 2073 si
497 2015 637 2089 vindicat,
662 2015 849 2074 recordatur:
881 2014 905 2073 si
930 2012 966 2072 ad
992 2011 1132 2071 iudicium
1159 2018 1255 2084 vocat,

110 2096 193 2147 tetta
212 2106 272 2145 non
295 2086 399 2148 babet:
419 2091 443 2151 si
462 2091 615 2166 examinat,
635 2104 703 2170 post
712 2102 826 2169 tergum
843 2106 904 2155 non
923 2090 1063 2170 proiecit:
1082 2087 1107 2147 si
1127 2084 1255 2165 inspicit,

110 2182 176 2222 non
195 2162 365 2225 obliteravit
384 2166 476 2227 instar
496 2167 635 2227 nebulae:
656 2170 679 2228 si
699 2168 831 2241 ventilet,
850 2189 910 2227 non
954 2165 1057 2225 roiecit
1077 2164 1106 2221 iu
1128 2162 1254 2243 prosun-

111 2238 185 2297 dntn
194 2240 290 2300 maris.
311 2240 410 2322 Atque
423 2244 453 2301 in
466 2242 544 2303 bunc
564 2246 683 2303 modum
700 2245 911 2335 interpretatur
921 2188 1149 2325 dugustinus
1164 2238 1253 2299 'elaris

109 2315 210 2378 verbis
230 2315 275 2396 [in
298 2318 371 2378 Psal·
392 2326 429 2384 31
449 2320 539 2399 (32.1,
558 2321 617 2401 1.]:
650 2320 705 2396 „si
727 2332 797 2380 tesrt
822 2333 940 2399 peccata
959 2320 1059 2393 Deus,
1084 2316 1181 2377 noluit
1200 2314 1251 2375 ad-

109 2402 263 2469 „nert'ere2
289 2394 313 2453 si
333 2394 428 2455 noluit
448 2398 615 2471 advertere,
639 2397 736 2457 noluit
754 2398 998 2457 animaduertere:
1025 2396 1048 2454 si
1069 2394 1167 2453 noluit
1186 2392 1252 2451 ani-

108 2470 334 2546 „tnadvertere,
363 2472 459 2533 noluit
478 2474 599 2551 punire:
632 2474 729 2533 noluit
751 2494 929 2555 agnoscere,
960 2470 1061 2531 maluit
1086 2472 1250 2551 ignoscere.

109 2544 227 2621 „Tecta
248 2566 322 2623 ergo
347 2562 468 2629 peccata
485 2570 581 2629 'quare
601 2551 687 2610 dixit?
712 2562 825 2611 utnon
846 2550 1025 2609 viderentur.
1074 2547 1157 2620 Quid
1177 2556 1250 2619 erat,

132 2622 231 2682 Deum
250 2626 351 2684 videre
376 2639 513 2704 peccata,
545 2628 599 2685 nisi
626 2627 772 2707 punire?“
802 2628 974 2693 ¹Audiamus
995 2645 1065 2683 vero
1087 2636 1117 2684 et
1137 2622 1252 2682 exalia
1314 2658 1317 2665 ·

109 2664 281 2780 llropbetae
306 2700 390 2776 loco,
420 2704 524 2782 quibus
549 2705 662 2785 iegibus
687 2716 805 2783 peccata
840 2705 968 2762 remittat
992 2702 1148 2761 Dominus.
1189 2696 1251 2774 „Si

112 2774 243 2851 „luerint
263 2779 374 2857 (inquit
396 2777 449 2837 les.
470 2782 590 2856 1,13.),
612 2794 729 2860 peccata
750 2793 843 2840 vestra
864 2792 896 2838 ut
916 2783 1080 2850 coccinum,
1101 2777 1180 2854 quasi
1197 2775 1250 2845 ,nix

113 2850 296 2927 „albescentz
319 2867 348 2913 et
367 2857 390 2914 si
412 2856 568 2921 rubuerint
588 2872 620 2917 ut
640 2856 823 2923 vermiculus,
844 2854 1024 2945 eruntquasi
1037 2855 1135 2913 lana.“
1157 2851 1251 2943 Apud*

110 2928 265 2989 Ieremiam
285 2934 354 3005 (50,
374 2936 437 3009 ⁶20.)
462 2945 559 2991 autern
580 2935 621 2994 sic
641 2934 763 3029 legitur:
788 2934 845 3008 „ln
866 2932 916 2991 ille
937 2933 983 2989 dre
1002 2931 1169 3009 requiretur
1190 2928 1247 2987 rni-

110 3007 227 3085 „qnitas
247 3008 350 3079 Iacob,
371 3021 401 3067 et
421 3030 481 3066 non
504 3012 687 3069 invenietur:
710 3022 860 3089 peccatum
881 3007 1022 3079 Iehudab,
1043 3018 1074 3065 et
1094 3026 1154 3065 non
1177 3005 1247 3067 erit:

108 3083 201 3161 „quia
222 3085 407 3177 propitiabor
429 3086 567 3165 reliquiis,
588 3110 658 3167 quas
677 3090 863 3146 servavero.“
910 3086 960 3145 Vis
985 3084 1114 3142 breviter
1133 3094 1247 3157 tenere,

110 3160 178 3247 qnia
209 3172 248 3219 snt
281 3163 589 3222 verborumistorum
615 3164 734 3224 sensus?
781 3162 924 3243 Expende
954 3162 1024 3241 quid
1055 3179 1071 3217 e
1102 3178 1247 3219 converso

107 3235 166 3295 arbi
186 3235 277 3295 veiint
297 3238 486 3317 loquutiones
509 3241 586 3313 illac,
606 3241 765 3301 Dominum
786 3242 816 3299 in
837 3238 953 3299 sacculo
974 3237 1142 3315 iniquitates
1162 3234 1247 3297 colli-

129 3331 191 3383 are,
210 3311 241 3372 in
263 3314 429 3373 fasciculum
451 3316 592 3397 colligere
614 3328 643 3376 et
662 3317 841 3390 recondere,
860 3316 936 3397 stylo
959 3315 1056 3373 serreo
1076 3334 1195 3372 exarare
1215 3311 1250 3370 ln*

106 3331 208 3469 bpide
227 3389 414 3449 adamantino
426 3392 491 3467 ⁴⁴⁸).
532 3398 645 3472 Nempe
670 3394 694 3453 si
713 3394 871 3453 vindictam
897 3412 1053 3471 repensum
1079 3391 1115 3449 iri
1134 3388 1250 3473 signill-¹

107 3474 179 3527 eant
202 3465 299 3557 (quod
320 3480 396 3527 extra
418 3468 536 3526 dubium
559 3474 628 3545 est),
649 3489 744 3550 neque
765 3471 851 3529 etiam
876 3469 1068 3527 dubitandum
1094 3479 1148 3543 est,
1175 3466 1247 3547 quin

108 3545 264 3603 comunis
283 3544 435 3603 sententiis
455 3564 572 3604 omnem
593 3548 737 3606 vindictae
758 3548 962 3633 repensionem
982 3544 1248 3605 mundasse-‘re-

109 3618 227 3679 mittere
247 3619 382 3680 aifirmet.
421 3622 479 3681 llic
498 3621 568 3681 mihi
589 3624 756 3683 obtestandi
776 3632 845 3683 sunt
864 3622 1005 3695 lectores,
1026 3642 1087 3679 non
1108 3630 1143 3679 ut
1165 3621 1249 3701 glosa

106 3696 146 3755 sis
168 3696 240 3757 meis
259 3697 436 3757 auscultent:
468 3699 518 3758 sed
545 3711 657 3759 tantum
677 3712 710 3759 ut
729 3700 821 3761 verbo
842 3700 899 3758 Dei
919 3698 1017 3759 locum
1036 3697 1162 3776 aliquem
1183 3716 1245 3757 esse

104 3774 216 3833 sinant.
987 3780 993 3805 ‘
1148 3790 1152 3801 ·
1202 3788 1206 3801 ·
1237 3788 1244 3807 ’·
1295 3774 1299 3783 “

184 3854 232 3913 30.
274 3851 370 3925 Quid,
391 3866 516 3930 quaeso,
543 3853 627 3912 nobis
649 3854 840 3931 praestitisset
860 3852 1011 3926 Christus,
1030 3851 1054 3911 si
1073 3849 1167 3909 adlrue
1189 3848 1248 3939 pro

107 3926 236 4007 peccatis
263 3947 359 4007 poena
384 3930 567 4010 exigeretur?
617 3930 690 3989 Nam
717 3952 806 4010 quum
833 3930 970 4001 dicimus,
1003 3947 1069 3986 eum
1090 3925 1244 4009 pertulisse

107 4001 209 4063 omnia
228 4016 348 4084 peccata
367 4018 469 4065 nostra
488 4006 657 4086 incorpore
673 4028 727 4068 suo
738 4029 827 4088 super
846 4007 958 4089 lignum
977 4004 1017 4083 (l.
1029 4003 1110 4063 Pete.
1124 4008 1154 4078 2,
1165 4004 1242 4077 'll->e

1087 4162 1226 4172 ——.--·

150 4256 153 4261 ·
176 4255 206 4321 ι)
223 4255 269 4308 rs.
286 4256 328 4315 ss
345 4256 386 4309 17.
421 4240 486 4309 ura
503 4256 545 4315 aa.
563 4260 605 4310 aa.
640 4256 720 4310 mich.
739 4256 763 4318 a,
782 4257 822 4312 ts.
850 4258 896 4313 us.
913 4258 956 4319 aa,
973 4259 997 4311 a.

161 4324 203 4389 ”)
221 4325 279 4377 lob.
297 4325 394 4386 14,st
431 4322 493 4379 Hor.
511 4326 553 4385 1³.
570 4327 609 4381 12.
644 4326 692 4379 ler.
712 4326 753 4389 17,
769 4324 792 4377 1.
