2700 4732
515 168 593 227 Llll.
612 168 637 229 l.
677 169 768 231 CAP.
787 169 853 231 XV.
1012 200 1017 207 ·
1212 181 1268 247 131

113 310 296 387 substantia,
323 324 470 393 quatenus
488 310 601 389 scilieet
621 312 725 375 divinis
746 334 801 375 nos
827 312 945 373 dotibus
970 314 1096 377 ornavit.
1147 317 1266 383 Interea

113 388 275 460 creatoris
294 388 450 451 essentiam
470 388 610 464 lacerare,
639 400 673 449 ut
693 402 806 471 partem
827 390 950 471 quisque
975 392 1133 471 possideat,
1157 397 1266 459 nimiae

113 466 266 529 nesciae
285 478 339 527 est.
379 464 501 526 Animas
522 486 610 548 ergo,
629 466 760 547 quamvis
779 468 837 527 illis
857 468 1000 549 insculpta
1019 470 1058 529 sit
1077 470 1175 555 imago
1194 473 1265 551 llci,

112 554 230 605 erum
263 562 328 604 esse
358 563 420 603 non
450 542 546 603 minus
577 564 662 622 quam
694 544 832 625 angelos,
877 557 961 603 certo
990 548 1178 609 statuendum
1209 564 1264 612 est„

114 618 239 683 (irratio
258 632 359 681 autem
380 640 442 680 non
471 617 628 679 transfusio
659 632 720 691 est,
744 620 796 680 sed
816 620 960 681 esseutiae
981 642 1014 679 ex
1033 622 1126 685 nihilo
1147 627 1263 687 exordi-

108 718 176 757 u-
213 696 278 757 Nec
297 716 371 757 uero
390 696 415 757 si
435 718 451 757 a
470 696 540 755 Deo
560 696 679 775 spiritus
698 697 784 757 datus
808 712 863 769 est,
889 712 919 756 et
945 720 978 756 ex
999 720 1086 759 carne
1106 702 1261 784 migrando

113 772 154 835 ad
173 792 242 833 eunt
261 773 351 845 redit,
371 772 683 853 protinusudicendum
704 786 758 845 est,
778 795 811 833 es
832 774 893 833 eius
913 775 1074 835 substantia
1089 776 1261 861 decerptum

115 868 192 911 ωε.
228 848 329 941 Atque
350 848 404 911 lrac
425 869 546 931 quoque
565 850 595 909 in
616 862 700 929 parte
720 850 882 925 Osiander,
909 852 977 909 dum
998 851 1056 911 suis
1076 851 1260 917 illusionibus

116 924 258 1001 eliertnr,
282 924 376 1005 nnpio
396 946 500 987 errore
518 945 551 986 se
570 926 723 1016 implicuit,
752 926 909 1007 imaginem
928 927 987 987 Dei
1006 928 1036 985 iu
1058 928 1178 991 homine
1197 954 1259 993 nou

115 1020 280 1093 agnoscens
300 1002 365 1065 sine
403 1002 534 1063 ssentiali
555 1002 676 1077 iustitia,
708 1004 790 1083 qnasi
820 1024 874 1063 nos
896 1003 1102 1065 inaestimabili
1134 1002 1260 1087 Spiritus

114 1088 161 1138 a'nr
179 1078 289 1139 uirtute
308 1100 366 1139 con
381 1100 479 1140 ermes
498 1077 555 1139 sibi
574 1079 700 1138 reddere
720 1092 850 1159 nequeat
867 1080 967 1154 Deus,
993 1084 1062 1160 quin
1083 1082 1260 1147 substantia-

113 1152 186 1215 liter
204 1154 340 1217 Christus
360 1157 389 1215 in
411 1176 465 1215 nos
485 1176 517 1217 se
536 1156 731 1216 transfundat.
772 1156 901 1231 Quocnn
925 1178 962 1217 ne
982 1157 1084 1217 colore
1106 1158 1154 1219 luas
1174 1181 1260 1241 prae-

111 1230 216 1315 stigias
233 1230 334 1291 lucam
353 1246 502 1293 conentur
522 1232 670 1306 nonnulli,
699 1232 803 1293 oculos
822 1178 1082 1295 sanisleuoritus
1107 1257 1259 1317 nunquam

110 1305 153 1369 ita
184 1308 403 1391 perstringant,
440 1310 510 1389 quin
542 1310 659 1369 videant
687 1309 817 1389 resipere
847 1308 1087 1369 Manichaeorum
1112 1332 1257 1376 errorem.

109 1382 216 1463 Atque
246 1384 298 1445 ulti
327 1384 365 1443 de
397 1387 452 1445 ima
476 1386 529 1445 'nis
564 1386 778 1447 instauratione
815 1386 928 1446 disserit
964 1385 1072 1445 Patulus
1105 1388 1162 1467 (ll.
1183 1392 1257 1453 Cor.

110 1464 142 1533 3,
161 1462 237 1539 18),
262 1482 297 1519 ea
322 1462 384 1521 eius
403 1406 501 1523 seriis
521 1462 629 1523 elicere
650 1473 818 1541 promptum
838 1477 894 1537 est,
927 1482 988 1551 non
1008 1463 1189 1526 substantiae
1208 1468 1255 1528 in-

108 1536 210 1613 llnxu,
228 1538 281 1598 aed
302 1536 430 1618 Spiritus
471 1540 541 1599 ratia
562 1551 592 1599 et
611 1538 719 1599 virtute
745 1540 895 1598 hominem
916 1538 1004 1599 luisse
1030 1540 1098 1600 Deo
1131 1544 1255 1605 conlur-

109 1632 201 1673 nem.
237 1614 323 1673 Dicit
341 1615 418 1674 enim
440 1558 551 1677 derint
570 1615 894 1709 gloriamspeculando
913 1615 943 1674 in
962 1615 1086 1675 eandem
1098 1616 1255 1701 imaginem

109 1698 167 1751 nes
188 1688 403 1766 transformari,
423 1704 561 1772 tanquam
581 1715 596 1752 a
616 1692 740 1784 llomrnr
761 1692 891 1774 Spiritu:
923 1690 974 1773 qui
992 1704 1073 1753 certe
1104 1694 1135 1753 in
1167 1695 1256 1759 nobis

109 1766 983 1909 “²¹3⁰'attdttttttlttl¹':¹“ttt‘lltns
1013 1842 1136 1905 uum
1167 1858 1255 1925 nnc

108 1938 240 2059 Ιςιιόἰεειιιιι
261 1940 349 1981 nemo
370 1920 445 1999 iere,
466 1934 589 2003 excepto
610 1868 749 1997 Platisne,
768 1868 960 1982 scibstariliam
987 1920 1183 1983 immortalem
1202 1944 1253 1985 so·

150 2018 168 2057 e
187 1996 321 2057 asseruit
358 1998 431 2057 an
450 1998 571 2079 quidem
590 1998 640 2060 alii
659 2020 779 2079 quoque
798 1998 946 2058 Socratici
964 1998 1125 2079 attingunt,
1144 2000 1195 2060 sed
1213 2000 1252 2063 ita

77 2112 81 2117 -
108 2086 141 2135 nt
160 2094 253 2133 nemo
272 2084 374 2153 aperte
403 2076 526 2151 doceat,
557 2076 674 2157 dequo
707 2076 769 2156 ipse
793 2096 947 2155 persuasus
966 2096 1027 2135 non
1054 2074 1117 2134 suit
1176 2076 1252 2138 Inde

107 2162 209 2211 asten
225 2148 346 2211 Platoni
365 2150 477 2213 rectior
495 2153 652 2227 sententia,
673 2152 753 2232 quod
774 2152 932 2245 imaginem
948 2150 1008 2210 Ilei
1027 2152 1165 2213 inanima
1177 2174 1251 2214 con-

103 2226 226 2293 siderat.
265 2224 327 2287 Alii
346 2228 407 2287 eius
427 2228 574 2309 potentias
600 2250 634 2290 ac
661 2229 811 2289 facultates
838 2241 877 2289 tta
902 2228 1050 2309 praesenti
1082 2229 1159 2289 vitae
1186 2230 1252 2290 alli-

109 2314 195 2385 μί,
212 2314 246 2363 ut
265 2315 345 2363 extra
364 2326 472 2387 corpus
492 2303 565 2365 nihil
584 2306 729 2385 reliquum
756 2306 873 2365 saciant.
920 2304 1018 2365 Porro
1043 2324 1078 2365 es
1096 2306 1251 2387 Scriptura

107 2378 356 2455 soledocuimua,
376 2402 438 2441 esse
453 2382 646 2443 substantiam
665 2384 752 2441 incor
774 2402 888 2442 orcam:
912 2402 990 2440 nunc
1010 2382 1177 2443 addendum
1194 2396 1250 2459 est,
1267 2396 1274 2415 ’

130 2456 242 2517 naturis
261 2458 382 2547 proprie
400 2458 470 2519 loco
490 2480 552 2519 uon
571 2404 847 2539 comprehendatur,
870 2458 990 2539 corpori
1009 2470 1108 2518 tamen
1128 2460 1250 2522 inditam

141 2534 167 2593 ic
187 2555 269 2613 quasa
287 2534 319 2591 in
340 2534 490 2596 domicilio
510 2534 658 2596 habitare:
680 2558 739 2597 non
760 2548 873 2595 tanturn
896 2549 930 2594 ut
948 2555 1050 2595 omnes
1071 2537 1132 2597 eius
1151 2549 1249 2617 partes

103 2610 562 2747 animetetorpanareddatapta
573 2612 754 2673 etutiliasuis
762 2610 1087 2681 actionibus‚sedetiam
1099 2624 1132 2671 ut
1141 2613 1251 2692 prima-

108 2684 304 2769 tnrninregen
328 2688 478 2749 ahorninis
489 2700 549 2750 rita
560 2702 676 2749 teneat:
691 2689 950 2769 uecsolumquoad
960 2689 1247 2751 officiaterrenaevi-

109 2764 225 2837 tse‚sed
238 2777 271 2823 ut
282 2766 317 2824 ad
326 2766 421 2824 Deum
435 2766 593 2825 colendum
604 2766 688 2825 simul
697 2766 812 2824 excitet.
828 2768 893 2825 lloc
901 2768 1204 2845 postremumtametsi
1216 2769 1246 2825 in

113 2840 302 2921 surreptione
323 2840 434 2921 liquido
455 2864 516 2903 non
537 2846 679 2914 cernitur,
700 2842 761 2902 eius
782 2856 877 2901 tamen
900 2842 1042 2921 reliquiae
1063 2844 1092 2901 in
1114 2844 1182 2922 ipsis
1201 2845 1246 2903 vi-

115 2914 333 2997 tiisimpressae
352 2932 482 2979 manent.
523 2920 610 2979 Unde
646 2919 723 2979 crrirn
755 2930 834 2978 tanta
856 2919 950 2978 lamae
976 2940 1043 2978 cura
1065 2918 1247 2998 hominibus,

118 2990 171 3051 nisi
188 3012 222 3053 ex
238 2994 372 3075 pudore?
390 2995 469 3055 unde
488 3009 585 3056 autern
605 2996 713 3076 pudor,
733 2994 788 3055 nisi
809 3016 843 3053 ex
863 2993 980 3053 ltonesti
1011 2995 1167 3087 respectu?
1193 3018 1245 3057 cu-

120 3065 160 3129 i·
177 3070 266 3149 princi
288 3071 347 3131 ium
368 3084 399 3132 et
418 3093 503 3133 causa
523 3085 585 3147 est,
610 3072 690 3152 quod
712 3093 742 3132 se
763 3072 798 3132 ad
820 3072 974 3131 colendam
998 3070 1136 3151 iustitiam
1161 3084 1246 3133 natos

126 3160 180 3205 tate
195 3094 370 3230 intelligunt,
391 3150 421 3208 in
442 3171 503 3227 quo
523 3150 666 3209 inclusum
688 3161 732 3208 est
756 3148 908 3229 religionis
933 3169 1043 3208 semen.
1083 3149 1169 3209 Sicut
1194 3170 1246 3209 au-

128 3223 296 3305 tuamque
316 3228 517 3287 controversia
542 3227 579 3288 ad
604 3228 740 3287 coelestis
760 3228 836 3285 vitae
862 3226 1084 3285 meditationem
1111 3225 1247 3285 conditus

132 3292 284 3375 laitltomo,
304 3305 341 3361 ita
363 3303 423 3362 eius
443 3302 579 3363 notitiam
600 3303 712 3363 animae
733 3302 821 3363 luisse
842 3302 1017 3381 insculptam
1048 3314 1160 3362 certum
1194 3316 1245 3362 cst.

133 3366 235 3437 fiune
252 3380 411 3459 praecipuo
432 3378 644 3461 intelligentiae
666 3401 719 3441 usu
739 3391 854 3441 careret
874 3380 977 3457 homo,
1004 3379 1028 3437 si
1047 3400 1098 3439 sua
1118 3399 1183 3439 eum
1206 3380 1247 3439 la·

135 3454 335 3530 tessellum,
354 3454 435 3519 cuius
455 3458 600 3535 perfectio
621 3469 665 3517 est
684 3480 749 3516 cum
769 3456 836 3515 Deo
858 3455 1048 3533 coniunctum
1069 3476 1147 3517 csse:
1166 3456 1246 3515 uude

126 3532 163 3597 ,Ε
176 3530 310 3622 Fertipua
329 3534 443 3593 animae
463 3533 541 3592 actio
562 3546 606 3593 est
626 3546 659 3593 ut
677 3533 746 3593 illuc
764 3533 887 3611 aspiret,
907 3553 941 3591 ac
954 3532 1079 3611 proinde
1090 3554 1150 3610 quo
1165 3534 1244 3610 quis-

135 3620 273 3689 quemgu
293 3608 329 3669 ad
349 3610 447 3668 Deum
477 3610 618 3670 accedere
638 3611 751 3683 studet,
783 3632 820 3668 eo
847 3630 877 3668 se
905 3609 1013 3689 probat
1038 3610 1154 3667 ratione
1182 3626 1244 3665 esse

129 3680 277 3755 podium.
319 3686 382 3761 Qui
419 3686 497 3746 lurcs
517 3686 622 3747 uolunt
639 3708 702 3747 esse
721 3687 829 3747 animas
841 3687 869 3744 in
886 3684 1016 3759 homine,
1036 3685 1157 3756 lrocest,
1176 3702 1245 3741 sen·

127 3752 220 3819 lilim
238 3774 269 3823 et
287 3708 475 3836 rationalem,
495 3762 549 3823 etsi
567 3763 705 3823 videntur
723 3762 832 3843 aliquid
853 3762 962 3821 allerre
982 3760 1149 3848 probabile,
1176 3758 1244 3837 quia

126 3838 251 3899 tnesis
271 3859 376 3899 eornm
395 3838 559 3900 rationibus
579 3840 650 3900 nili!
672 3852 715 3901 est
733 3838 858 3913 firmum,
878 3838 1050 3917 repudiandi
1064 3836 1150 3893 nolin¹
1166 3848 1244 3909 sunt,

126 3907 211 3973 tisiin
230 3915 318 3975 rebus
337 3916 450 3975 lrirolis
470 3928 501 3975 et
525 3916 679 3976 inutililsus
704 3938 758 3975 nos
784 3926 923 3995 torquere
956 3914 1054 3971 libeat.
1105 3912 1243 3991 Magnam

126 3992 326 4072 “numantiam
353 4011 415 4051 esse
441 3993 542 4053 dicunt
573 3993 650 4070 (vid.
676 4015 739 4072 cap.
759 3998 787 4056 5.
807 4004 876 4051 sect
897 3992 945 4067 4.)
978 3991 1054 4047 inter
1086 3988 1244 4067 organicos

125 4077 205 4127 metm
229 4082 259 4128 et
287 4068 464 4129 rationalem
493 4070 608 4131 animae
638 4082 762 4150 partem.
814 4068 907 4141 Quasi
941 4088 1001 4124 non
1032 4064 1092 4144 ipsa
1123 4082 1244 4143 quoque

125 4141 297 4205 raliosecum
318 4144 466 4221 dissideat,
494 4160 525 4207 et
555 4150 616 4206 eins
650 4146 771 4207 consilia
804 4146 860 4205 alia
892 4164 956 4203 cum
983 4142 1044 4200 aliis
1073 4161 1134 4200 non
1159 4160 1244 4199 secus

125 4216 278 4282 ecltostiles
298 4223 442 4282 exercitus
461 4224 644 4305 confligant·
673 4223 735 4282 Sed
755 4242 843 4301 quum
865 4221 936 4280 hacc
977 4215 1141 4279 erturlsatio
1161 4216 1199 4275 sit
1210 4235 1245 4273 ex

125 4303 226 4358 mitrae
242 4298 464 4379 depravatione,
494 4320 649 4381 perperam
669 4298 740 4358 inde
760 4298 918 4380 colligitur,
948 4240 1020 4359 duat
1038 4312 1102 4355 esse
1123 4293 1246 4365 animas,

885 4374 937 4440 90
