2596 4726
118 228 178 291 m
510 216 587 289 tte,
606 216 660 279 tv.
699 216 791 281 cte.
810 216 881 279 xtt.

124 362 218 428 sortio
238 383 292 424 suo
311 360 468 425 amandare
482 360 646 423 Corlnthiis
670 362 857 443 praeciperet
875 360 916 441 (t.
938 378 986 441 ep.
1006 366 1039 437 b,
1057 360 1115 439 o).
1151 358 1251 437 „blndi-

126 463 208 517 cum,
238 440 351 520 inquit,
380 438 557 499 termentum
586 450 679 500 totam
705 458 827 499 massam
847 436 1047 573 corrumpit.“
1091 438 1140 497 Ae
1157 448 1251 497 unte·

129 518 178 579 bic
198 517 359 599 pericnlum
384 514 593 594 prospiciebat,
613 526 646 575 ut
664 514 712 576 vel
734 514 771 575 ab
792 513 874 575 omni
893 513 963 575 suda
975 514 1051 573 itate
1069 510 1252 575 interdiceret

128 594 184 672 „si
206 594 271 674 quis
290 593 348 671 (ait
366 592 438 651 ibid.
457 614 484 649 ιι.
503 592 567 726 tl?
590 590 683 653 irater
711 591 861 652 intervos
885 590 1059 651 nominatur
1082 588 1135 651 vel
1157 600 1252 651 morb-

129 684 213 750 „tor,
233 670 280 728 vel
299 690 410 741 avarus,
429 667 475 729 vel
494 668 545 727 ido
559 687 643 728 orum
662 666 775 741 cultor,
794 667 844 727 vel
864 666 1014 741 ebriosus,
1034 664 1084 727 uel
1104 666 1252 742 maledicus

129 770 219 822 „cum
237 745 404 805 huiusmodi
423 765 478 804 nec
498 743 594 803 cibum
614 764 729 805 sunrere
749 744 923 824 permitto.“
940 778 980 789 —
1010 744 1148 811 Tertius,
1167 754 1197 803 ut
1211 762 1251 803 eet

130 826 211 906 ipsos
240 823 357 902 pudore
380 822 518 882 contusos
542 839 611 880 suae
636 820 825 901 turpitudinis
856 818 1017 901 poenitere
1046 819 1182 901 incipiat.
1217 818 1253 879 lta

130 901 271 962 conducit
290 910 320 959 et
339 896 395 958 illis
414 918 494 957 suam
515 897 677 975 nequitiam
697 896 849 979 castigari,
874 915 934 987 quo
960 915 1053 977 exper
1074 894 1168 957 ebant
1183 914 1251 955 mnan

132 975 256 1047 serulae,
280 976 330 1055 qui
359 972 541 1055 indulgentia
567 972 774 1033 obstinatiores
796 973 885 1033 lutura
916 984 1012 1032 erant.
1052 914 1102 1035 hd
1127 972 1152 1033 si
1192 972 1251 1031 iicet

131 1051 293 1135 Apostolus
312 1071 400 1130 quum
421 1050 450 1108 in
472 1047 550 1109 bunc
568 1050 688 1109 modum
709 1048 841 1128 loquitur
860 1048 915 1125 (11.
935 1047 1042 1110 Tbess.
1060 1056 1095 1125 3,
1117 1054 1164 1115 1⁴.
1187 1044 1252 1121 τῃδὶ

51 1164 56 1175 -
132 1130 218 1209 „quis
238 1147 299 1190 non
318 1124 421 1185 obedit
432 1125 582 1186 doetrinae
594 1137 723 1200 nostrae,
742 1126 821 1185 bunc
833 1136 949 1185 notate:
969 1137 1002 1187 et
1021 1144 1061 1185 ne
1082 1126 1252 1187 committet·

132 1205 226 1283 „mini
246 1224 312 1264 eum
332 1200 400 1276 illo,
419 1213 453 1261 ut
472 1202 588 1280 pudore
607 1201 824 1262 auctoritateret
843 1202 918 1261 Item
940 1198 1028 1277 aliti,
1047 1223 1144 1282 quum
1162 1221 1191 1262 ae
1206 1210 1253 1259 tra·

133 1282 237 1343 didisse
267 1278 370 1339 scribit
402 1277 590 1340 Corinthium
619 1280 746 1339 Satanae
769 1279 809 1357 (Ι.
830 1278 903 1340 Cor.
921 1284 956 1353 5,
974 1280 1039 1356 5.),
1068 1288 1129 1369 „nt
1146 1276 1253 1359 Spiritu

128 1357 224 1421 salsus
243 1355 327 1415 fieret
346 1355 378 1414 in
399 1355 446 1414 die
463 1354 625 1415 Domini:“
645 1354 701 1415 boc
721 1367 766 1415 est
783 1354 833 1434 (ut
852 1374 908 1437 ego
929 1354 1050 1434 quidem
1071 1350 1253 1435 interpretor)

130 1432 306 1495 concessisse
326 1431 357 1494 in
372 1431 588 1491 damnationem
608 1443 840 1511 temporaneam,
859 1443 1056 1491 utaeternnm
1069 1430 1254 1503 saluusberet.

130 1511 204 1570 Ideo
228 1520 324 1569 autern
345 1508 471 1568 Satanae
495 1508 610 1567 tradere
631 1508 718 1577 dicit,
750 1508 817 1601 quia
844 1520 922 1567 extra
949 1506 1107 1568 eeclesiam
1126 1504 1253 1567 Diabolus

130 1598 190 1660 est,
219 1584 464 1665 quemadmodum
493 1584 523 1643 in
550 1582 672 1644 ecclesia
694 1584 836 1645 Christus.
886 1584 963 1643 Nam
990 1583 1075 1663 qnod
1096 1578 1253 1677 quidamad

132 1675 241 1724 certam
261 1662 355 1721 carnis
374 1662 555 1721 vexationem
576 1662 720 1733 referunt,
738 1660 809 1719 mibi
830 1660 948 1722 videtur
965 1659 1194 1721 incertissimum
1210 1656 1253 1739 [tt
1287 1668 1290 1713 t

130 1739 255 1822 August.
275 1739 312 1796 de
330 1736 411 1797 verb.
431 1736 534 1817 Apost.
554 1738 651 1796 Serm.
670 1736 744 1817 68.].
1288 1790 1290 1795 .

207 1822 235 1879 6.
275 1814 328 1873 llis
347 1813 452 1873 linibus
472 1814 649 1894 propositis,
677 1825 810 1893 superest
828 1813 929 1873 videre
949 1811 1078 1892 qualiter
1104 1812 1180 1874 baut:
1201 1828 1254 1893 pat·

131 1904 192 1954 tem
213 1891 396 1969 disciplinae,
422 1910 497 1968 quae
522 1892 553 1949 in
574 1889 773 1949 iurisdictione
793 1890 887 1970 posita
906 1900 964 1961 est,
984 1887 1110 1963 ecclesia
1130 1906 1252 1969 exsequa-
1287 1934 1290 1941 .

132 1982 189 2029 tur.
227 1967 378 2046 Principio
398 1969 574 2026 retineamus
589 1966 668 2025 illam
689 1967 877 2045 partitionem
890 1965 1024 2099 superius
1044 1966 1181 2046 positam,
1196 1984 1253 2045 pet·
1284 1956 1290 2061 ff

132 2058 264 2107 catorum
284 2042 339 2102 alia
360 2062 422 2102 esse
442 2042 568 2122 publica,
588 2042 643 2102 alia
663 2044 828 2122 privatavel
846 2063 917 2102 occu
933 2042 1018 2102 tiore.
1056 2040 1183 2103 Publica
1198 2048 1253 2103 suut

131 2143 206 2202 quae
227 2141 288 2180 non
308 2140 414 2193 unum,
439 2118 485 2177 vel
504 2118 628 2178 alterurn
647 2119 738 2179 modo
758 2130 862 2179 testem
883 2118 1009 2179 babent:
1029 2117 1082 2179 aed
1104 2118 1212 2201 palam,
1227 2126 1252 2175 et
1287 2144 1290 2203 ι

132 2220 198 2259 cum
218 2198 309 2257 totius
329 2194 469 2255 eeclesiae
493 2194 661 2254 ollensione
687 2195 884 2277 designantur.
934 2194 1062 2255 Occulta
1080 2214 1176 2272 voco,
1202 2210 1252 2255 noe

131 2294 206 2353 quae
226 2272 360 2331 homines
379 2292 498 2350 prorsus
525 2270 633 2345 latent,
663 2272 757 2352 qualia
781 2285 850 2332 sunt
875 2270 1098 2352 hypocritarum
1117 2274 1198 2351 (nam
1214 2268 1252 2329 itta

130 2349 184 2410 sub
205 2347 344 2405 ecclesiae
363 2347 501 2406 iudicium
522 2368 582 2406 rron
595 2347 715 2425 cadunt)
735 2349 786 2408 sed
806 2348 896 2407 medii
914 2348 1043 2430 generis,
1061 2368 1141 2427 quae
1156 2344 1253 2409 satiet

128 2424 253 2484 testibus
273 2435 461 2482 noncarent:
482 2444 578 2502 neque
597 2436 695 2483 tamen
715 2437 783 2484 sunt
803 2424 926 2504 publica.
964 2422 1054 2483 Prior
1073 2424 1187 2504 specie:
1202 2440 1251 2483 aet

131 2500 255 2592 requirit
274 2499 379 2577 gradus
400 2498 475 2571 illos,
496 2500 716 2577 qunstristus
737 2514 901 2561 enumerat:
921 2499 1120 2575 aedecclesia,
1141 2500 1190 2562 ubi
1206 2498 1252 2559 tale

133 2578 202 2657 qurd
228 2577 367 2655 emergit,
403 2574 499 2633 lacere
520 2575 649 2634 ol'ficium
674 2598 757 2635 suum
778 2578 867 2636 debet
891 2577 1075 2637 invocando
1102 2588 1251 2657 peccatore,

133 2667 163 2715 et
183 2652 360 2733 corrigendo
381 2672 436 2731 pro
456 2653 545 2711 modo
567 2652 683 2711 delicti:
716 2654 745 2711 in
771 2654 900 2713 secundo
926 2674 1036 2735 genere
1061 2674 1127 2713 non
1152 2655 1251 2713 renitor

132 2732 168 2791 ad
188 2729 341 2789 ecclesiam
362 2729 457 2789 donec
478 2731 631 2788 accesserit
651 2732 850 2802 contumacia,
871 2730 1029 2790 secundum
1054 2728 1135 2789 illam
1157 2728 1250 2791 Cbristi

131 2805 273 2890 regulam.
321 2805 382 2864 Ubi
406 2806 440 2865 ad
465 2806 665 2887 coguitionem
687 2820 805 2866 ventum
830 2820 888 2880 est,
920 2820 989 2865 tunc
1015 2805 1197 2867 observanda
1217 2818 1251 2865 ett

132 2885 223 2945 altera
245 2883 346 2941 divisio
373 2883 451 2942 inter
473 2883 582 2942 scelera
609 2898 639 2942 et
666 2884 780 2943 delicta.
828 2885 933 2963 Neque
954 2883 1031 2942 enirn
1056 2884 1087 2942 in
1110 2884 1249 2945 levioribus

131 2961 258 3041 peccatis
279 2958 443 3018 adhibenda
465 2972 507 3018 cst
527 2972 607 3019 tanta
629 2962 781 3034 severitas,
800 2961 850 3021 sed
871 2960 979 3020 sullicit
997 2959 1160 3020 verborum
1179 2958 1249 3021 easti-

131 3040 229 3117 gatio:
251 3056 342 3116 eaque
361 3036 433 3096 lenis
454 3047 483 3093 et
504 3049 638 3115 paterna,
659 3057 733 3114 quac
753 3058 814 3096 non
836 3051 984 3116 exasperet
1004 3048 1190 3115 peccatorem
1207 3054 1250 3095 nec

131 3112 304 3183 confundat,
323 3113 373 3171 sed
385 3112 504 3171 reducat
517 3113 553 3170 ad
572 3134 603 3172 se
624 3114 732 3191 ipsum:
753 3125 785 3172 ut
804 3116 894 3194 magis
907 3115 1033 3194 gaudeat
1045 3133 1077 3173 se
1090 3126 1250 3177 correctum.

132 3210 217 3265 quam
239 3188 378 3247 tristetur.
417 3189 440 3245 F
443 3188 540 3268 lagitia
560 3201 656 3247 aerteur
677 3191 790 3248 acriore
812 3192 942 3249 rcrrredio
957 3190 1090 3269 castigari
1112 3188 1250 3250 conuenit:

131 3284 229 3321 necue
250 3264 328 3320 enim
349 3264 416 3323 satis
430 3276 482 3338 est,
502 3266 524 3321 si
546 3265 567 3323 is
588 3265 637 3343 qui
651 3266 730 3325 edito
752 3266 953 3348 naaliexenrpli
974 3266 1118 3342 facinore,
1139 3266 1249 3349 grat-iter

132 3338 283 3399 eccesiam
303 3340 404 3412 laesit,
432 3340 528 3400 verbis
555 3353 666 3400 tantun:
687 3343 859 3423 castigetur:
891 3345 941 3402 sed
967 3344 1074 3422 privari
1096 3344 1132 3403 ad
1151 3357 1249 3422 tenpus

136 3414 257 3474 Coenae
277 3418 484 3475 cornnrnnione
497 3416 595 3492 debet,
615 3419 710 3478 donec
730 3420 946 3498 resipiscentiae
965 3420 1133 3479 suaefitem
1153 3416 1248 3479 iecerit

132 3491 238 3569 Neque
263 3493 339 3549 enirn
361 3492 468 3551 Paulus
492 3494 522 3551 in
544 3494 732 3554 Corinthium
757 3495 917 3555 verborum
941 3497 1031 3555 modo
1059 3497 1249 3579 obiurgatione

131 3568 241 3641 utitur,
261 3568 311 3625 sed
332 3568 368 3626 ab
390 3569 511 3629 ecclesia
532 3569 675 3644 eliminat,
700 3574 946 3662 reprehenditque
967 3572 1140 3633 Corinthios
1160 3574 1196 3651 (l.
1213 3590 1248 3650 ep.

133 3650 162 3717 5,
182 3648 225 3719 5.)
246 3644 324 3723 quocl
346 3646 455 3704 tanrrliu
476 3666 541 3705 eum
561 3648 705 3708 tulissent.
745 3650 830 3710 llanc
850 3661 995 3709 rationem
1016 3652 1114 3709 tenuit
1133 3664 1208 3711 vetus
1223 3666 1248 3707 at

59 3746 62 3751 ·
131 3719 239 3778 melior
259 3720 397 3796 ecclesia,
425 3744 513 3800 quum
533 3724 647 3804 vigeret
666 3725 793 3806 legitima
813 3725 997 3806 gubernatio.
1051 3727 1084 3785 Si
1104 3728 1166 3806 quis
1185 3726 1248 3784 enin

20 3816 26 3825 ·
132 3795 277 3874 flagitium
296 3796 414 3875 aliquod
434 3812 670 3877 perpetraverat,
695 3802 773 3861 unde
794 3814 923 3861 exortum
945 3814 1021 3863 esset
1040 3802 1249 3869 offendiculum,

129 3872 256 4004 ppimum
277 3894 293 3931 a
312 3895 409 3932 sacrae
430 3876 550 3936 Coenae
570 3879 791 3958 praeparatione
811 3879 968 3952 abstinere,
988 3880 1095 3938 deinde
1116 3892 1147 3939 et
1164 3894 1249 3939 corate

162 3968 198 4006 eo
218 3969 281 4007 sese
302 3950 463 4025 humiliare,
485 3964 514 4010 et
535 3975 632 4013 coram
654 3953 773 4045 ecclesia
793 3956 1006 4045 poenitentiam
1019 3959 1120 4016 testari
1141 3954 1249 4015 iubeba-

129 4033 185 4081 tur.
224 4024 316 4083 Erant
336 4039 433 4086 autenr
459 4030 606 4090 sollennes
631 4032 704 4090 ritus
724 4054 773 4109 qur
798 4032 912 4112 rrrtrrngi
938 4032 1023 4111 lapsis
1049 4034 1198 4103 solebant,
1223 4038 1248 4087 ut

128 4112 226 4159 essent
245 4102 444 4179 poenitentiae
464 4106 581 4165 indicia.
628 4107 688 4166 Ubi
708 4108 748 4166 sic
770 4108 924 4167 defunctus
945 4123 1008 4168 crat
1030 4123 1064 4167 nt
1084 4112 1248 4173 satisfactura

127 4176 268 4268 ecclesiae
298 4178 391 4252 foret,
421 4193 481 4239 tum
515 4204 569 4261 per
598 4204 733 4243 ruanuurn
766 4186 984 4264 impositionem
1010 4187 1205 4267 recipiebatur
1224 4182 1247 4241 in

125 4264 265 4333 gratiam:
285 4275 360 4333 quae
380 4257 510 4337 receptio
531 4260 642 4337 saepius
662 4281 678 4320 a
695 4261 845 4342 Cypriano
863 4284 931 4337 pax
949 4276 1082 4339 vocatur,
1101 4264 1152 4343 qui
1172 4262 1248 4326 etun
