2700 4732
470 202 543 263 tata.
564 202 620 261 Ill.
660 202 747 263 «ΛΡ.
768 201 851 263 ΧΙΙΙ.
1193 210 1230 271 31
1329 244 1334 251 -

105 356 191 425 „eius
211 350 366 411 testilieans
386 347 557 428 persuadeat
577 348 713 409 cordibus
739 348 856 424 nostris,
875 348 953 426 quod
974 348 1025 407 lilii
1046 349 1101 408 Dei
1121 371 1230 409 sumus.

105 427 307 499 „Persuadent
331 436 427 485 arrtem
452 424 587 485 vocando
614 436 644 483 et
667 424 848 499 laetificando
874 424 964 505 gratis
988 445 1041 502 per
1064 426 1167 486 sidem:
1200 430 1230 487 iu

105 504 236 583 „quibus
267 503 402 561 nimirum
430 500 509 559 velut
539 500 649 560 medius
675 502 789 580 quidam
815 501 949 559 transitus
976 511 1019 558 est
1048 500 1083 560 ab
1114 515 1232 563 aeterna

105 578 394 659 „praedestinatione
419 577 453 637 ad
481 578 605 636 loturam
630 578 784 659 gloriam.“
833 576 967 657 llresiter
986 580 1027 635 sie
1047 577 1232 657 colligamus:

106 656 258 735 Scriptura
279 676 338 713 nou
361 674 421 714 esse
441 654 602 712 firmasllei
623 654 829 733 promissiones
850 654 965 725 indicat,
986 654 1039 713 uisi
1059 667 1137 713 certa
1159 670 1232 713 eon-

105 733 244 793 scientiae
271 730 374 790 liducia
398 730 584 809 arripiantur:
618 730 784 808 ubieunque
809 742 853 789 est
873 729 1014 788 dubitatio
1039 740 1088 789 aut
1111 731 1231 789 incerti-

105 810 196 883 tudo,
226 810 321 867 irritas
351 806 412 865 lieri
444 806 630 885 pronuntiat:
668 827 779 865 rursum
812 804 882 864 nibil
914 827 998 885 quam
1028 802 1163 865 vacillare
1198 826 1232 865 ae

106 884 242 957 lluctuari
263 882 442 963 pronuntiat,
461 882 484 941 si
504 880 644 961 operibus
664 882 769 941 nostris
788 880 969 941 incumbunt.
1008 884 1088 1020 lquo
1101 894 1150 941 aut
1166 902 1232 962 per-

107 974 155 1021 eat
176 960 260 1027 uobis
288 960 391 1019 iustitia
418 980 535 1017 necesse
557 970 612 1029 est,
639 969 688 1016 aut
708 978 743 1016 ne
770 958 887 1016 veniant
913 958 940 1016 in
967 960 1048 1017 ronsi
1071 958 1233 1020 erationem

106 1057 209 1117 opera,
229 1038 278 1095 sed
299 1036 359 1095 sola
380 1037 450 1093 sides
472 1034 566 1093 locum
588 1035 703 1108 lrabeat,
722 1034 801 1092 euius
821 1034 930 1093 istlraec
950 1045 1052 1093 natura
1073 1046 1127 1110 est,
1148 1056 1231 1094 aures

106 1116 253 1193 arrigere,
273 1112 374 1171 oculos
395 1112 542 1171 claudere:
569 1111 625 1169 boe
646 1122 702 1183 est,
722 1110 772 1168 uni
792 1109 977 1189 promissioni
998 1112 1139 1171 iote'ntam
1161 1120 1231 1186 es'se,

106 1190 318 1271 cogitationem
346 1200 476 1247 avertere
499 1187 536 1245 ab
563 1188 643 1245 urrini
670 1186 793 1245 bominis
813 1188 857 1245 vel
885 1186 1025 1279 dignitate
1046 1187 1090 1246 vel
1115 1189 1231 1248 merito.

107 1266 153 1325 lta
180 1264 315 1345 impletur
343 1264 519 1345 praeclarum
540 1262 609 1321 illud
632 1261 787 1321 Zachariae
809 1262 975 1322 satiriu'rum
1001 1264 1049 1341 (3,
1065 1268 1127 1343 9.),
1153 1266 1230 1325 ‹uod

108 1344 190 1433 „prbi
205 1340 300 1405 deleta
322 1342 408 1400 snserit
427 1338 562 1419 iniquitas
582 1353 686 1409 terrae,
707 1337 822 1398 vocabit
834 1338 877 1396 vir
896 1339 1019 1397 amisum
1039 1348 1122 1401 suum
1132 1287 1234 1400 subter

108 1436 238 1491 oncant,
260 1430 289 1477 et
309 1418 409 1476 sulrter
427 1416 512 1475 ficum
533 1421 643 1473 suam.“
683 1414 741 1473 Ubi
761 1414 909 1495 Propheta
931 1414 1041 1489 innuit,
1067 1438 1127 1475 noo
1148 1416 1234 1477 aliter

108 1518 175 1555 vera
196 1508 267 1575 p'are
289 1494 345 1553 frui
365 1493 473 1565 lidcles,
494 1514 578 1571 quam
621 1503 666 1550 ost
686 1496 865 1569 impetratam
886 1506 1073 1571 pcccatorum
1088 1494 1233 1553 remissio·

107 1580 185 1647 nem,
209 1570 365 1629 ''Tenenda
385 1571 461 1628 eninr
483 1582 525 1627 est
545 1514 674 1649 analogia
693 1568 765 1626 baec
785 1566 991 1648 inl'ropbeti's,
1009 1568 1059 1627 ubi
1080 1568 1233 1631 derristi

108 1648 382 1731 reg‘no'disserunt',
403 1656 531 1703 externas
552 1644 607 1704 Dei
627 1645 848 1706 benedictiones
868 1646 947 1723 quasi
966 1644 1158 1727 spiritualium
1179 1646 1233 1705 bo·

108 1746 214 1785 norum
240 1724 345 1805 figuras
397 1742 551 1801 roponere.
605 1722 688 1781 Unde
717 1732 746 1778 et
766 1720 897 1779 Christos
917 1718 989 1779 Rex
1006 1724 1093 1795 pacr's
1118 1734 1144 1792 et
1166 1744 1233 1795 poa:

105 1816 207 1863 nostro
226 1814 345 1859 vocatur
365 1744 435 1876 (le's.
455 1804 483 1870 9,
503 1806 529 1860 6.
556 1798 662 1877 Epiros.
681 1804 711 1869 ⁸2,
732 1798 809 1873 ll.):
830 1800 895 1875 quia
916 1816 1017 1856 omues
1038 1796 1232 1857 eonscientiae

108 1878 282 1961 agitationes
303 1874 392 1934 sedat.
432 1875 536 1933 blodus
556 1876 579 1933 si
600 1874 759 1953 quaeritur,
778 1872 813 1932 ad
833 1872 1015 1947 sacrificium,
1034 1893 1093 1953 quo
1115 1886 1232 1953 pacatus

107 1970 153 2017 est
166 1956 255 2027 Deus,
275 1952 373 2013 venire
393 1963 587 2011 neeesseest:
608 1950 682 2030 qaia·
693 1948 840 2029 trepidare
861 1964 1006 2028 rrtrnquarn'
1019 1950 1142 2023 desinet,
1154 1952 1234 2042 quis·

107 2032 174 2113 quis
194 2046 253 2089 non
273 2041 381 2089 stataet
399 2028 459 2087 sola
485 2028 531 2085 illa
553 2027 715 2107 expiatione
756 2024 887 2103 ropitiari
908 2026 1012 2096 lle'um,
1033 2025 1233 2105 quaCbrrstbs

105 2111 182 2169 iram
202 2108 262 2165 eius
281 2106 424 2165 sustinuit.
463 2104 598 2182 llenlque
620 2124 678 2163 non
700 2048 768 2161 alibi
786 2122 870 2182 quam
889 2102 919 2161 in
932 2102 1232 2185 Cbristilledempt'o-

108 2188 150 2246 ris
170 2185 262 2243 nostri
284 2181 445 2241 terroribus
466 2202 517 2260 pas
538 2181 623 2239 nobis
644 2179 819 2261 quaerenda.
1124 2174 1130 2187 '

188 2266 216 2324 5.
256 2259 315 2318 Sed
336 2258 404 2337 quid
425 2256 594 2315 obscuriore
616 2256 782 2315 testimonio
803 2254 889 2315 utor?
918 2256 1013 2338 Negat
1031 2250 1141 2348 ubique
1156 2256 1232 2317 l‘au·

107 2339 153 2399 lus
175 2356 275 2417 pacem
296 2335 340 2392 vel
360 2333 546 2423 tranquillum
567 2333 702 2468 paudium
724 2330 850 2410 relinqui
869 2333 1068 2406 conscientiis,
1101 2336 1156 2393 ursi
1175 2347 1234 2395 sta·

108 2428 204 2474 tutum
221 2413 267 2471 'sit
290 2410 436 2469 iustifirarr
460 2430 513 2469 nos
541 2410 565 2466 lii
589 2454 604 2467 ..
655 2408 741 2467 linule
763 2419 861 2466 autem
889 2410 935 2469 illa
962 2410 1124 2484 certitudo,
1148 2408 1232 2471 simul

108 2488 253 2551 declarat:
274 2509 383 2566 „quum
404 2486 514 2545 scilieet
534 2508 616 2545 amor
630 2485 686 2543 Dei
706 2486 734 2544 in
756 2484 845 2544 corda
866 2500 964 2546 nostra
978 2485 1099 2545 ‹llllosus
1119 2499 1161 2546 est
1181 2506 1234 2567 per

108 2567 251 2647 Spiritum
273 2574 423 2623 sanctumu
443 2562 541 2636 (llam.
562 2571 590 2635 5,
606 2566 658 2639 5.),
679 2563 734 2621 acsi
756 2562 877 2633 diecret,
897 2584 956 2621 noo
978 2584 1063 2641 posse
1083 2562 1168 2622 aliter
1186 2584 1232 2624 se·

109 2644 171 2703 dari
202 2644 309 2701 animas
335 2652 461 2709 nostras,
492 2640 546 2697 uisi
567 2653 648 2697 eerto
674 2638 801 2717 persuasi
825 2638 912 2697 simo's
937 2636 1011 2698 ll'eo¹
1028 2642 1081 2698 u'os
1107 2636 1232 2719 placere.

108 2720 199 2779 Unde
228 2718 313 2777 etiam
351 2716 417 2774 alibi
445 2714 596 2773 ess-lamat'
615 2736 647 2772 cx
682 2716 793 2793 piorum
820 2716 950 2773 ornuium
978 2736 1101 2793 persona
1127 2716 1230 2792 (Rom.

107 2803 139 2871 8,
158 2798 236 2871 352)
263 2794 359 2867 „Quis
384 2812 437 2851 nos
457 2792 604 2871 separabit
623 2792 657 2849 ab
680 2810 778 2850 amore
800 2792 871 2861 Dei,
891 2792 940 2869 qui
962 2794 1053 2849 estin
1076 2791 1233 2851 lilrristo?“

110 2872 180 2951 quia
201 2870 235 2927 ad
256 2870 399 2928 nsinimam
422 2889 565 2947 quamque
597 2888 694 2925 auram
721 2866 942 2946 trepidalrimos,
973 2868 1067 2925 doner.
1086 2866 1234 2947 appuleri-

108 2971 176 3006 mus
196 2946 229 3004 ad
255 2958 372 3025 portum
399 2942 491 3003 illurn:
524 2947 746 3003 securi'autem
777 2944 881 3001 erimus
906 2943 935 3001 iu
969 2942 1090 3023 caligine
1122 2946 1234 3023 rueretis,

110 3022 247 3106 quamdiu
266 3044 296 3081 se
317 3022 401 3079 uobis
423 3034 567 3101 pastorem
586 3020 667 3079 Deus
687 3020 823 3080 ostendet
841 3020 902 3096 (ts.
916 3024 1029 3095 ⁶23,a.).
1070 3020 1147 3113 Ergo
1169 3022 1233 3103 qui-

109 3102 167 3159 ¹euu
192 3120 226 3158 ue
245 3100 376 3181 garriunt.
396 3119 448 3157 uos
469 3098 525 3155 fide
546 3096 706 3171 iustifi'rari,
732 3097 799 3177 quia
819 3096 962 3176 regeniti,
988 3096 1173 3176 spiritualiter
1192 3100 1234 3159 vi-

90 3218 93 3223 -
108 3120 206 3236 sendo
226 3177 291 3235 iusti
309 3196 416 3248 sumus,
436 3196 581 3251 nurrquana
596 3186 749 3255 gustarunt
760 3172 869 3253 gratiae
881 3172 1075 3245 dulcedinem,
1095 3188 1127 3234 ut
1137 3174 1233 3235 Deum

107 3252 165 3312 sibi
187 3252 345 3333 propitium
370 3251 434 3309 l'ore
455 3251 646 3309 considerent.
686 3250 774 3308 Unde
795 3251 880 3308 etiam
900 3250 1042 3327 sequitur,
1063 3252 1117 3310 rite
1131 3254 1233 3312 orandi

93 3330 229 3388 'modum
249 3328 340 3386 nibilo
361 3328 450 3409 magis
471 3348 520 3387 eos
541 3328 614 3385 scire
635 3328 840 3405 qoam'l'urcas
861 3338 890 3384 et
909 3326 1046 3406 profanas
1065 3328 1134 3388 alias
1150 3350 1235 3407 quas·

107 3406 182 3465 libet
202 3418 313 3487 gentes.
352 3406 455 3481 Neque
477 3404 568 3467 enirn.
589 3412 662 3461 teste
683 3404 789 3476 Paulo,
809 3424 876 3463 vera
899 3414 942 3461 est
962 3404 1049 3473 lides,
1070 3406 1124 3465 nisi
1145 3407 1235 3465 dictet

107 3494 138 3541 et
162 3493 305 3563 suggerat.
330 3480 524 3539 suavissimum
551 3478 620 3539 illud
648 3478 739 3539 Patris
765 3500 888 3551 nomen,
918 3480 976 3539 imo
1008 3480 1063 3539 nisi
1090 3504 1123 3541 os
1148 3482 1234 3542 nobis

107 3558 220 3651 aperiat
240 3558 420 3635 proler'eodo
440 3556 534 3616 libero
555 3556 689 3630 clamori,
708 3556 810 3632 Abba,
835 3556 928 3615 l'ater.
969 3558 1059 3631 Quod
1086 3558 1153 3618 alibi
1175 3558 1234 3619 cla-

108 3656 168 3695 raus
186 3634 328 3712 exprimit,
344 3634 383 3691 'ln
397 3632 515 3692 libristo
536 3654 589 3691 nos
610 3633 715 3691 babere
736 3633 881 3692 audaciam
904 3645 933 3691 et
952 3634 1059 3692 aditum
1081 3636 1110 3693 iu
1131 3634 1234 3700 fiducia

107 3732 162 3790 per
182 3710 267 3768 lidern
290 3711 348 3767 rius
369 3710 490 3789 (llpbes.
509 3716 544 3782 3,
564 3710 634 3784 1⁸2).
678 3710 744 3769 lloe
765 3720 844 3768 certe
866 3730 924 3768 noo
946 3711 1092 3794 contingit
1110 3732 1234 3793 regene-

106 3786 231 3846 rationis
259 3787 353 3845 douo:
390 3786 467 3865 quod
496 3798 527 3843 ut
556 3784 687 3843 mutilum
712 3804 827 3863 semper
853 3798 897 3845 est
922 3786 952 3844 in
979 3784 1032 3845 bac
1063 3808 1164 3862 carne,
1195 3791 1235 3853 ita

107 3862 298 3941 multiplicem
320 3862 471 3921 dubitandi
490 3863 638 3920 materiam
658 3862 688 3920 in
714 3882 744 3921 se
772 3863 912 3921 continet.
965 3864 1063 3935 Quare
1083 3865 1118 3923 ad
1140 3884 1234 3927 reme-

108 3941 189 3997 dium
211 3938 278 3996 illud
300 3940 399 3997 venire
426 3959 542 3997 necesse
569 3951 627 4010 est,
658 3951 689 3995 ut
720 3944 844 3997 statuant
876 3938 974 3997 fideles
1006 3960 1065 3998 oon
1087 3942 1143 4000 alio
1170 3944 1234 4005 iure

106 4040 120 4074 s
144 4016 276 4075 erandam
297 4016 352 4073 sibi
373 4034 434 4072 esse
455 4014 661 4073 haereditatem
682 4016 765 4096 regni
785 4014 930 4087 coelestis,
951 4016 1003 4075 nisi
1019 4019 1084 4096 quia
1105 4018 1183 4079 insiti
1204 4022 1232 4080 in

136 4092 218 4151 bristi
238 4113 354 4171 eorpus,
375 4092 439 4150 iusti
460 4092 548 4171 gratis
568 4104 749 4181 reputantur.
789 4091 863 4150 Nam
881 4093 977 4171 quoad
999 4093 1233 4157 iustificationem

104 4190 154 4229 res
175 4181 218 4229 est
238 4190 317 4226 mere
338 4169 446 4247 passiva
468 4167 553 4240 lides,
579 4167 649 4225 mlril
669 4169 794 4227 asserens
815 4182 945 4227 nostrum
967 4169 1001 4228 ad
1022 4171 1232 4232 conciliandam

105 4246 166 4303 Dei
186 4246 319 4325 gratiam,
340 4246 389 4305 sed
409 4268 426 4303 a
448 4243 565 4303 Christo
587 4244 730 4323 recipiens
752 4244 829 4323 quod
850 4244 937 4305 nobis
956 4247 1045 4306 deest.
