2700 4732
397 192 404 197 ·
497 198 573 260 uu.
592 198 634 258 ru
673 199 763 263 ear.
784 200 868 261 vsu.
1179 182 1239 275 mr

89 332 98 345 '
124 341 216 405 satiem
231 342 287 403 fiat.
325 340 457 403 Plurima
476 352 577 403 autem
595 354 665 404 sunt
684 342 830 404 furtorum
850 364 968 427 genera.
1017 348 1117 407 Unum
1142 361 1187 411 est
1205 350 1249 413 in'

123 418 382 557 violentia:Aqnum
406 419 435 479 vi
461 440 636 500 quacunque
660 431 691 480 et
710 422 892 500 praedatoria
913 423 1032 484 licentia
1051 426 1146 486 aliena
1167 428 1238 487 diri-

120 496 231 577 pinntnr.
306 508 403 555 terum
423 497 455 556 in
473 495 617 557 malitiosa
636 497 674 557 im
698 509 809 559 ostura:
839 499 892 559 ubi
916 500 1119 563 fraudulenter
1142 504 1238 565 inter-

89 572 256 711 stt:
294 570 391 710 llst
406 572 442 709 :¹
457 518 1237 733 restructis:recensetus·

89 742 91 765 ¹
117 737 218 807 guntur.
264 724 326 787 Sed
347 747 387 785 ne
405 726 436 787 in
456 727 615 809 generibus
634 728 820 788 recensendis
839 730 960 789 nimium
979 731 1160 806 insistamus,
1187 754 1236 795 ar·

89 830 91 843 ·
117 812 155 863 ter
169 822 275 877 omne,
292 802 401 894 quibus
420 803 619 883 proximorum
639 804 835 883 possessiones
856 817 886 866 et
927 806 1048 866 ecuniae
1068 808 1103 866 ad
1116 828 1170 869 nos
1182 810 1235 869 de·

116 878 241 953 matur,
255 878 308 939 'abr
327 899 344 937 a
363 880 534 940 sinceritate
558 879 724 942 dilectionis
748 881 783 939 ad
811 826 931 942 fallendi
950 894 1001 942 aut
1020 884 1122 963 quovis
1142 885 1234 948 modo

115 954 229 1015 menti
246 955 436 1035 cupiditatem
456 956 626 1036 obliquant,
657 978 712 1037 pro
738 956 821 1019 furtis
847 959 1014 1019 noverimus
1036 979 1098 1020 esse
1118 960 1234 1023 baben·
1260 952 1269 973 ⁰

115 1028 166 1090 das.
200 1030 234 1091 Io
252 1030 364 1092 lorensi
381 1032 541 1092 certamine
560 1033 716 1093 obtineant
735 1032 819 1109 licet,
850 1036 955 1096 allec
981 1047 1078 1095 tamen
1104 1059 1166 1097 non
1187 1058 1236 1097 se·

89 1130 91 1135 ·
113 1126 159 1167 tus
173 1108 363 1167 sestinradtur.
400 1110 516 1190 Nempe
534 1110 614 1170 uidet
632 1106 735 1190 longas
755 1110 921 1191 captiones,
950 1111 1066 1191 quibus·
1075 1112 1233 1194 simplicio·

115 1202 167 1243 ren
186 1182 273 1247 borno
295 1184 381 1245 valer
405 1187 533 1247 animum
552 1186 609 1247 inci
633 1187 657 1246 it
680 1187 815 1261 irretire,
844 1188 941 1247 donec
965 1188 995 1247 in
1021 1208 1086 1249 suas
1110 1191 1233 1250 tandem

114 1278 194 1321 nutas
210 1259 351 1323 attrabat:
379 1261 460 1323 ridet
474 1262 564 1329 duras
583 1208 812 1341 inbumamsque
828 1263 924 1345 leges,
954 1264 1059 1343 quibus
1079 1269 1234 1344 potentior

114 1344 216 1397 noem
342 1358 378 1398 ae
397 1340 585 1429 praecipitat:
603 1340 686 1399 ridet
709 1338 872 1415 illecebras,
896 1340 1001 1419 quibus
1021 1353 1159 1420 tanquam
1180 1343 1232 1402 ba-

114 1412 157 1473 1⁸
175 1413 270 1493 imprn
291 1424 391 1475 entem
415 1427 540 1475 astutror
561 1417 687 1476 inescat:
717 1436 790 1492 quae
823 1418 921 1477 omnia
950 1415 1044 1475 latent
1074 1416 1231 1479 humanum

111 1484 245 1569 fficium,
262 1510 322 1551 nec
338 1490 593 1575 incognitionem
611 1494 743 1554 veniunt.
782 1495 886 1573 Neque
908 1493 979 1552 haec
998 1493 1104 1553 iniuria
1125 1495 1155 1554 in
1176 1515 1231 1573 pe-

109 1566 184 1627 n‘a
199 1566 311 1643 modo,
330 1568 432 1627 autin
450 1569 610 1645 mercibus,
629 1581 680 1628 cut
698 1570 774 1706 apris
794 1569 891 1630 locum
912 1568 1016 1642 babet,
1044 1570 1095 1629 scd
1116 1572 1145 1629 in
1166 1574 1232 1631 iure

118 1646 250 1723 tuque:
268 1663 325 1705 suo
345 1643 425 1703 enirn
444 1644 527 1705 bono
546 1647 694 1725 proximos
727 1645 896 1719 raudamus,
921 1646 946 1705 si
965 1645 1041 1705 dene
1063 1666 1143 1706 amus
1163 1648 1232 1707 olli·

97 1716 157 1793 tob,
170 1718 357 1801 quibuserga
375 1738 428 1781 eos
447 1721 666 1804 obstringimur.
704 1724 737 1783 Si
758 1733 932 1802 procurator
951 1733 1002 1780 aut
1020 1665 1133 1781 viilicus
1150 1724 1231 1782 otio-

117 1810 154 1855 ΙΙ
170 1806 252 1855 vorat
274 1794 391 1856 domini
409 1797 617 1873 substantiam,
641 1817 697 1857 nec
716 1798 752 1858 ad
772 1800 814 1857 rei
837 1799 984 1857 familiaris
1010 1819 1110 1857 curam
1131 1799 1230 1858 inten-

118 1874 218 1931 δαῖε
248 1872 274 1931 si
292 1871 460 1933 commissas
480 1872 535 1933 sibi
555 1872 706 1935 facultates
725 1875 771 1934 vel
791 1874 898 1933 iniuria
918 1874 1052 1953 dissipat,
1081 1872 1127 1933 vel
1149 1875 1231 1933 lusu·

117 1941 178 2005 dost
190 1946 362 2029 profundit:
381 1948 407 2009 si
425 1970 523 2010 sernas
543 1951 645 2010 herum
663 1950 794 2010 ludibrio
815 1950 919 2023 habet,
938 1949 961 2009 si
982 1952 1043 2010 eius
1062 1972 1165 2011 arcena
1184 1951 1231 2010 di·

117 2018 203 2105 telget,
228 2022 336 2085 sitrllo
354 2025 446 2085 modo
464 2037 526 2086 turn
544 2027 644 2102 vitam,
670 2040 733 2088 tutu
754 2027 831 2087 bona
853 2027 913 2087 eius
940 2027 1055 2105 prodit:
1085 2028 1109 2087 si
1135 2028 1231 2087 domi-

118 2114 282 2162 ·ntrontn
302 2100 440 2161 familiam
455 2094 624 2163 immaniter
644 2116 745 2163 uerat:
776 2103 847 2163 furti
878 2104 956 2183 apud
980 2102 1077 2162 Deum
1101 2115 1230 2163 tenetur.

118 2168 232 2249 blima-
250 2178 332 2237 enim
352 2190 383 2237 et
401 2180 511 2239 retinet
529 2192 559 2240 et
577 2181 749 2261 praevertit,
768 2180 818 2260 qui
838 2200 900 2240 non
920 2179 1086 2259 exsequitur
1105 2180 1184 2260 quod
1196 2201 1230 2240 ex

120 2268 171 2311 nt
184 2253 345 2315 vocationis
362 2276 486 2316 munere
506 2255 568 2317 aliis
588 2255 688 2318 debet.

176 2334 219 2395 fl·
255 2330 327 2391 tttce
345 2350 418 2413 ergo
437 2332 480 2393 sic
499 2332 663 2413 parebimus
686 2332 840 2405 mandato,
871 2331 895 2391 si
918 2343 1021 2392 nostra
1045 2344 1129 2392 sorte
1155 2352 1229 2393 con-

123 2402 187 2489 ῌί,
199 2404 310 2465 nnllam
331 2407 386 2471 nisi
406 2408 560 2470 honestum
580 2421 611 2469 et
630 2407 790 2491 legitimum
812 2408 924 2466 lucrum
939 2408 1034 2468 secere
1045 2408 1228 2470 studeamus:

110 2494 203 2566 ,ψη
219 2495 390 2563 appetamus
410 2507 476 2544 curn
495 2486 601 2545 iniuria
621 2486 780 2558 ditescere,
800 2505 854 2545 nec
875 2483 1001 2545 inmunis
1021 2485 1138 2545 diruere
1157 2507 1230 2565 pro·

124 2560 390 2635 *molismum
422 2582 481 2640 quo
501 2583 549 2622 res
568 2561 654 2623 nobis
674 2574 833 2623 accrescat:
865 2559 889 2620 si
909 2582 970 2620 non
992 2560 1125 2622 crudeles
1145 2583 1230 2644 opes,

126 2636 188 2691 Uet
203 2634 328 2695 aliorum
350 2639 492 2717 sanguine
518 2659 663 2718 expressas
687 2637 835 2698 cumulare
859 2637 1085 2699 contendamus:
1117 2638 1141 2698 si
1167 2661 1230 2699 non

128 2700 326 2789 'qunter
344 2713 541 2794 undecunque
582 2735 613 2773 er
633 2715 675 2774 las
695 2727 725 2774 et
755 2714 835 2773 nefas
862 2714 1066 2787 corradamus,
1100 2737 1159 2794 quo
1180 2715 1227 2775 vel

131 2778 245 2859 fltltttur
259 2801 365 2850 nostra
384 2792 512 2865 avaritia,
531 2737 579 2851 vei
596 2791 801 2873 prodigentiae
820 2790 949 2850 satisfiat.
989 2792 1099 2849 Verum
1119 2812 1135 2849 e
1154 2813 1228 2851 con-

129 2872 207 2933 ΝΜ,
228 2864 262 2925 sit
278 2867 371 2926 nobis
389 2881 547 2946 perpetuus
566 2868 614 2927 bic
633 2890 755 2959 scopus,
775 2887 876 2927 omnes
897 2866 993 2946 quoad
1015 2867 1084 2925 licet
1103 2868 1228 2928 consilio

129 2940 193 3013 thut
207 2958 259 3021 ope
277 2942 407 3003 fideliter
425 2944 457 3002 in
477 2943 637 3004 retinendis
656 2967 713 3006 surs
733 2946 845 3003 iuvare:
886 2944 990 3022 quodsi
1017 2964 1083 3002 curn
1110 2944 1229 3022 perfidis

127 3024 151 3069 tr
164 3010 298 3079 bllacibns
319 3020 472 3101 negotium
491 3022 594 3095 luerit,
621 3040 654 3078 ex
678 3032 782 3080 nostro
803 3020 900 3098 potius
920 3019 1029 3099 aliquid
1049 3018 1156 3079 cedere
1174 3041 1229 3101 pa·

126 3087 267 3166 talisirnus,
287 3117 374 3175 quarn
397 3108 429 3153 ut
448 3096 658 3157 contendamus
679 3118 743 3157 cum
764 3096 830 3157 illis.
869 3096 973 3176 Neque
993 3096 1023 3154 id
1044 3096 1149 3155 modo:
1174 3095 1227 3157 sed

125 3178 177 3241 pot
191 3190 284 3230 rerum
305 3172 477 3232 difficultate
497 3173 651 3233 viderimus
671 3174 775 3254 premi,
795 3193 897 3233 eorum
912 3172 1132 3233 necessitatibus
1144 3194 1229 3234 eom-

121 3244 273 3307 holcemus
293 3269 328 3308 ac
348 3261 447 3309 nostra
467 3251 551 3330 copia
570 3248 755 3310 sublevemus
779 3271 881 3309 eorum
907 3250 1046 3330 inopiam.
1104 3251 1228 3311 Postre-

119 3328 155 3377 Ιο
170 3325 301 3403 respiciat
321 3348 396 3385 unus
418 3326 531 3406 uisque,
550 3338 692 3403 quatenus
713 3345 746 3384 ex
765 3325 866 3386 olsrcio
887 3326 948 3385 aliis
968 3326 1173 3407 sitobligatus,
1193 3348 1228 3388 ac

117 3396 178 3468 not
196 3400 285 3461 debet
304 3400 383 3461 bona
397 3348 459 3461 bete
480 3403 635 3481 persolvat.
684 3404 747 3462 Hac
767 3404 881 3462 ratione
901 3403 1028 3481 populus
1049 3423 1151 3463 omnes
1170 3404 1228 3464 sibi

129 3472 261 3537 :selectos
279 3478 311 3536 in
332 3478 447 3539 bonore
469 3479 589 3551 babeat,
619 3499 722 3539 eorum
748 3479 979 3538 dominationem
1005 3500 1100 3559 aequo
1126 3481 1226 3540 animo

122 3562 186 3625 erat,
212 3551 330 3635 legibus
350 3566 381 3613 et
398 3556 482 3615 iussis
498 3566 618 3647 pareat,
651 3556 722 3615 nihil
743 3556 887 3615 detrectet
906 3557 985 3634 quod
1004 3556 1136 3635 propitio
1156 3557 1227 3616 Deo

110 3614 176 3687 fure
192 3630 295 3710 possit.
351 3631 477 3691 Rursum
497 3632 539 3691 slli
557 3630 651 3710 plebis
670 3653 738 3693 suae
759 3653 858 3692 curam
877 3633 1048 3706 sustineant,
1079 3631 1228 3722 publicem

108 3710 195 3773 luem
213 3720 401 3785 conservent,
420 3707 505 3769 bonis
517 3708 740 3787 sintpraesidio‚
759 3708 851 3767 malos
872 3720 1045 3769 coerceant:
1062 3730 1105 3768 src
1125 3709 1229 3768 omnia

105 3776 310 3857 ministrent,
329 3785 409 3862 quasi
432 3804 569 3863 supremo
590 3786 677 3845 iudici
696 3787 764 3845 Deo
790 3785 948 3845 functionis
979 3803 1048 3844 suae
1080 3785 1227 3845 rationem

105 3856 245 3919 'odditnri-
302 3860 499 3921 Ecclesiarum
522 3861 647 3921 ministri
672 3861 796 3920 fideliter
820 3862 904 3919 verbi
928 3861 1091 3920 ministerio
1111 3862 1227 3920 incum-

102 3916 177 4009 bant,
195 3956 251 3996 nec
270 3935 371 3997 salutIs
390 3938 552 3998 doctrinam
571 3937 752 3997 adulterent:
772 3938 823 3997 sed
844 3958 945 4017 puram
965 3950 996 3996 et
1009 3937 1152 3997 sinceram
1171 3956 1228 4017 po·

103 4006 167 4077 tulo
183 4012 243 4072 Ilei
261 4012 387 4072 tradant.
443 4014 508 4074 Nee
536 4013 669 4074 doctrina
690 4015 800 4087 solum,
822 4013 874 4074 sed
893 4017 969 4075 vitae
990 4034 1070 4073 exem
1093 4011 1122 4072 lo
1142 4012 1228 4077 insti·

101 4084 193 4173 ipant:
213 4091 342 4170 praesint
360 4090 500 4169 denique,
521 4091 644 4149 utboni
665 4103 795 4165 pastores
814 4090 926 4151 ovibus.
983 4034 1117 4183 Populus
1135 4088 1227 4150 vicis-

102 4172 153 4219 sm
169 4182 218 4225 eos
236 4187 294 4247 pro
312 4167 422 4226 nuntiis
442 4178 473 4226 et
491 4168 640 4245 Apostolis
660 4168 717 4227 Dei
741 4167 895 4247 suscipiet.
926 4187 993 4226 eum
1016 4166 1051 4226 irs
1079 4166 1228 4241 bonorem

105 4236 208 4315 leddat,
225 4264 286 4333 quo
304 4264 434 4305 summus
453 4243 594 4326 blagister
614 4241 671 4304 eos'
686 4244 821 4381 diqnatus
841 4254 900 4303 est:
921 4264 996 4323 quae
1021 4262 1125 4303 eorum
1148 4242 1229 4305 vitae

107 4322 256 4383 'leem
274 4332 343 4381 sunt
363 4319 511 4401 praebent.
568 4320 709 4382 Parentes
741 4320 853 4397 iberos,
884 4331 918 4382 ut
944 4320 999 4382 sibi
1018 4341 1034 4381 n
1053 4319 1123 4381 Deo
1141 4336 1229 4387 com·
1272 4338 1279 4351 ‘
