2700 4732
108 246 169 311 11⁶
421 236 426 243 ⁸
480 240 557 304 tte.
577 240 634 301 tit.
674 240 765 304 CAP.
784 240 848 303 XX.

113 382 261 466 unigeniti
280 382 348 445 Filii
366 382 443 460 Del,
466 396 501 446 ut
523 384 575 448 filii
595 386 652 447 Dei
677 387 733 467 ipsi
752 406 873 467 qnoque
897 384 968 447 fiant
986 383 1111 521 qloann.
1130 390 1163 459 t,
1179 386 1246 463 itt

112 461 220 541 ltaque
239 472 270 521 et
288 459 406 521 Patrem
424 481 458 523 se
477 475 610 523 nostrum
630 462 773 545 appellat,
798 476 829 522 et
848 464 889 523 sic
909 482 925 522 a
946 481 986 522 no
1010 462 1034 523 is
1052 462 1156 523 vocari
1172 460 1247 523 vult:

112 538 169 599 bac
188 548 270 599 tauta
289 538 417 598 nominis
442 539 583 601 suavitate
607 541 688 600 omni
708 562 763 600 nos
784 537 945 599 diffidentia
965 540 1112 613 eximens,
1131 538 1256 619 quaudo.

114 614 212 675 nullus
231 614 301 674 alibi
321 615 415 674 maior
439 617 546 677 amoris
567 616 708 689 allectus,
728 636 813 696 quam
839 617 868 675 in
895 628 977 695 patre
1003 614 1132 697 reperiri
1152 618 1246 697 possit.

112 690 219 771 Itaque
241 689 323 750 nullo
344 692 471 752 certiore
491 693 671 753 documento
691 695 861 753 immensam
881 714 960 750 suani
979 711 1050 773 erga
1069 712 1127 755 iios
1147 695 1247 753 mitis

113 779 175 839 tem
194 768 342 828 testificari
362 772 477 847 potnit,
507 790 594 848 quain
619 789 654 828 cs
678 769 815 847 eoquod
839 768 890 827 lilii
911 767 970 827 Dei
995 767 1195 829 nominamur.
1212 804 1248 819 ··-

8 862 19 887 '·
113 843 209 925 Ipsius
231 864 301 905 vero
321 845 424 904 caritas
443 857 528 905 tanto
549 866 618 928 erga
639 866 693 906 nos
713 847 808 905 maior
826 845 1083 925 praestantiorque
1104 856 1152 905 est
1169 842 1246 905 omui

112 932 464 1056 parentumbnqstrorum
490 922 708 1056 raritated(les.
727 929 782 994 63,
808 925 886 1033 iti),
917 933 1027 1012 quanto
1057 920 1132 1012 ipse·
1148 940 1246 997 omues

112 1008 827 1164 ..tenterstuperes:tices
844 1009 926 1133 nt
946 1008 1248 1164 sisenem

112 1150 176 1231 ipse
196 1149 282 1210 nobis
302 1169 453 1229 uunquam
474 1150 625 1211 defuturus
645 1151 682 1212 sit
701 1151 764 1231 (l's.
776 1157 825 1223 27,
845 1152 921 1240 10.)3
942 1170 1080 1229 quoniam
1101 1169 1135 1211 se
1154 1150 1247 1231 ipsum

111 1244 222 1320 negare
242 1246 303 1285 nou
322 1237 429 1305 potest.
467 1226 618 1287 Habemus
638 1228 716 1287 euim
736 1228 798 1287 eius
817 1225 1247 1307 promissum(blattb.7,1l.)t

111 1303 167 1379 „Si
186 1322 249 1375 vos,
268 1323 358 1382 quum
378 1302 445 1362 mali
455 1303 527 1378 sitis,
546 1304 638 1364 nostis
658 1304 737 1364 bona
749 1302 819 1364 daie
839 1301 904 1361 filiis
918 1302 1032 1362 vestris:
1052 1314 1168 1438 quanto
1188 1322 1248 1362 ma-

12 1436 18 1446 ,
135 1379 158 1441 is
178 1379 266 1439 Pater
285 1390 396 1453 vester,
422 1380 472 1459 qui
492 1379 522 1439 iii
544 1380 635 1440 coelis
654 1380 742 1441 est?“
780 1379 855 1438 lteiu
880 1378 956 1469 apud⁸
976 1378 1056 1458 Prop
1079 1392 1160 1439 etam
1180 1378 1249 1459 (les.

132 1458 247 1531 9‚15.):
267 1456 431 1530 „Potestne
449 1469 545 1515 mater
563 1456 695 1516 oblivisci
715 1454 863 1515 liliorum?
882 1454 921 1513 bt
932 1477 956 1514 si
968 1453 1174 1529 obliviscatur,
1193 1474 1248 1549 ego

111 1543 212 1592 tamen
233 1551 294 1592 non
314 1532 473 1592 obliviscar
491 1532 569 1592 tui.“
616 1533 733 1608 Quodsi
756 1532 808 1591 filii
834 1532 896 1591 eius
920 1552 1034 1605 sumus,
1066 1544 1103 1592 ut
1122 1530 1201 1593 lilius
1219 1549 1249 1593 ιιι

113 1607 201 1669 fidem
221 1608 350 1669 extranei
368 1608 514 1688 alienique
534 1608 659 1669 bominis
678 1629 710 1669 se
728 1609 867 1669 conferre
879 1629 939 1667 nou
960 1618 1069 1688 potest,
1089 1610 1147 1669 nisi
1165 1604 1249 1671 simul

114 1684 152 1745 de
172 1686 262 1778 patris
280 1684 327 1744 vel
346 1684 521 1746 saevitiavel
541 1685 643 1765 iuopia
656 1697 808 1765 queratur:
828 1685 868 1743 ita
887 1684 1004 1744 aliunde
1022 1684 1154 1746 subsidia
1164 1706 1248 1767 qua·

113 1761 150 1823 ab
171 1786 179 1821 i
201 1782 234 1821 so
255 1780 396 1841 quaerere
416 1782 478 1821 non
505 1782 672 1841 possumus,
697 1762 752 1821 nisi
776 1761 952 1841 exprobrata
977 1759 1021 1820 illi
1045 1773 1196 1843 egestate,
1217 1782 1250 1825 at

111 1782 281 1905 facultatum
302 1837 413 1918 inopia,
432 1837 477 1897 vel
496 1838 613 1898 saevitia
634 1837 780 1917 nimiaque
799 1837 977 1897 austeritate.

135 1932 138 1937 ·
188 1920 238 1979 37.
278 1915 340 1973 Nec
355 1934 517 1988 causemur,
536 1935 591 1975 nos
611 1918 717 1974 merito
736 1914 854 1974 timidos
873 1913 957 1973 reddi
977 1922 1171 1993 peccatorum
1180 1934 1248 1977 cou-

111 1991 248 2065 scientia,
273 2010 349 2070 quae
374 1991 491 2050 Patrem
517 1991 647 2083 quamvis
672 1990 848 2051 clementem
872 2011 905 2050 ac
924 2001 1126 2066 mansuetum,
1152 2002 1249 2053 tanea

112 2067 201 2128 uobis
220 2067 368 2127 ostensum
389 2067 522 2146 quotidie
542 2068 677 2128 reddant.
729 2068 804 2126 Nam
830 2068 855 2127 si
879 2068 958 2125 inter
982 2066 1136 2143 liomiues,
1168 2068 1248 2129 uullo

111 2145 237 2204 meliore
268 2156 396 2221 patrono
429 2164 543 2203 causam
573 2165 654 2205 suam
679 2143 756 2224 apud
784 2155 895 2223 patrem
914 2143 995 2204 -bliiis
1019 2164 1110 2224 agere
1138 2156 1248 2236 potest,

111 2219 195 2280 nullo
215 2220 527 2310 melioreinterprete
551 2222 695 2302 perditam
721 2220 782 2280 eius
807 2221 931 2302 gratiam
956 2219 1012 2279 sibi
1036 2219 1202 2281 conciliare
1217 2242 1247 2283 ac

58 2330 65 2337 ·
110 2296 303 2379 recolligere,
328 2318 458 2376 quamsi
481 2297 543 2376 ipse
567 2297 688 2378 supplex
708 2319 741 2357 ac
760 2297 914 2370 demissus,
939 2296 1053 2376 culpam
1074 2316 1248 2379 agnoscent,

134 2372 202 2433 atris
222 2372 453 2433 misericordiam
477 2373 618 2453 imploret
641 2377 717 2452 (non
744 2373 823 2433 enim
848 2385 910 2433 tum
934 2393 965 2434 se
991 2384 1114 2453 paterna
1139 2375 1247 2437 viscera

110 2393 290 2510 dissimulare
310 2470 417 2529 possim
462 2450 534 2528 quin
554 2451 589 2508 ad
610 2450 681 2509 tales
702 2470 803 2529 preces
823 2450 1091 2526 commoveantur),
1111 2451 1188 2530 quid
1203 2450 1247 2513 ills

111 2525 223 2602 „Pater
232 2526 507 2599 misericordiarum,
527 2537 557 2584 et
570 2526 651 2586 Deus
664 2525 1247 2605 totiusconsolationis“(ILCor.1,3.)?

112 2622 257 2739 ttttt
259 2601 1247 2762 ⁰3:151?ltittttttt‘dtt‘ttt'tlttttttttttt‘tl:

133 2757 231 2817 uaeris
251 2682 376 2815 aliorum
396 2755 577 2835 patrocinia?
600 2755 636 2814 ad
658 2776 784 2835 quorum
803 2755 961 2815 subsidium
981 2755 1049 2815 ideo
1072 2723 1174 2836 pavidi
1189 2758 1246 2821 sui·
1289 2762 1291 2771 '

110 2776 244 2915 lugiunt,
276 2853 337 2893 nou
357 2834 420 2893 siue
439 2832 533 2910 aliqua
554 2831 767 2909 desperationis
786 2834 901 2911 specie,
934 2832 1063 2911 quiade
1089 2835 1185 2913 patris
1206 2834 1246 2897 η’
1289 2898 1291 2909 ,

110 2909 334 2970 mansuetudine
358 2930 392 2969 ac
416 2908 571 2969 clementia
595 2908 740 2969 diffidunt.
765 2947 802 2957 -
841 2910 926 2968 llanc
950 2896 1246 2988 pateruaeduniiiie·

109 2985 219 3046 tudinis
230 2984 447 3046 exuberantiam
467 2984 554 3044 nobis
574 2987 603 3045 in
625 2985 764 3065 parabola
784 2987 879 3068 pingit
895 3005 929 3045 ac
947 2997 1154 3065 repraesentat
1165 2986 1245 3069 [Luc.

109 3060 518 3151 15,2t).cf.Calv.C0mm.]:
540 3061 590 3121 ubi
611 3061 805 3142 paterfilium,
826 3064 876 3141 qui
895 3061 930 3121 ab
953 3081 989 3121 eo
1008 3082 1040 3122 se
1060 3060 1246 3141 alienarent,

111 3139 161 3218 qui
181 3137 371 3200 substantiam
392 3138 453 3198 eius
471 3137 610 3198 dissolute
629 3139 816 3228 prodegerat,
858 3140 885 3196 ui
905 3138 1001 3199 modis
1021 3137 1165 3201 omuibus
1183 3162 1246 3225 gra·

109 3216 186 3274 viter
209 3214 240 3273 iii
265 3233 332 3274 eum
357 3214 537 3293 deliquerat,
568 3215 660 3275 obviis
685 3215 759 3273 ulnis
784 3161 982 3295 amplectitur:
1014 3234 1071 3274 nec
1101 3229 1247 3299 exspectat

110 3290 207 3352 douec
226 3289 324 3351 verbis
343 3291 458 3352 veniam
499 3288 616 3365 ostulet,
634 3291 685 3350 sed
706 3292 769 3423 ipse
789 3292 962 3364 antevertit,
981 3291 1162 3355 redeuntem
1180 3296 1246 3355 emi·

109 3387 165 3426 nus
185 3366 334 3447 agnoscit,
358 3366 437 3427 ultro
459 3312 499 3426 illl
519 3368 663 3440 occurrit,
682 3388 715 3427 so
729 3380 809 3442 atur,
830 3368 859 3427 iii
880 3369 1003 3450 gratiam
1022 3368 1144 3448 recipit.
1184 3372 1246 3433 lloe

84 3438 189 3501 'enim
208 3453 308 3503 tautae
328 3444 558 3504 mausuetudinis
578 3443 740 3523 exemplum
766 3445 796 3502 iii
824 3443 943 3504 bomine
962 3446 1162 3523 spectandum
1180 3469 1247 3531 pro-

109 3538 240 3599 ponens,
274 3520 380 3579 docere
405 3540 461 3581 nos
479 3519 573 3580 voluit
597 3540 682 3599 quam
704 3519 872 3579 effusiorem
893 3532 1061 3600 exspectare
1088 3521 1247 3587 debeamus

109 3615 128 3655 a
146 3615 188 3670 se,
208 3616 269 3655 non
290 3594 380 3655 modo
400 3595 499 3670 Patre,
519 3596 569 3655 scd
589 3609 702 3676 patrum
723 3600 854 3656 omnium
877 3597 966 3677 longe
986 3599 1113 3676 optimo,
1134 3620 1171 3662 ac
1190 3602 1247 3663 cle·

109 3672 306 3732 meutissimo:
328 3672 458 3765 quamvis
477 3673 594 3754 ingrati,
613 3672 739 3732 rebelles
752 3694 786 3732 ac
800 3673 927 3752 improbi
947 3672 1015 3746 filii,
1034 3675 1131 3735 modo
1151 3690 1247 3739 uiuet

108 3746 140 3806 iu
167 3750 228 3808 eius
251 3748 480 3810 misericordiam
508 3771 563 3809 uos
583 3749 781 3809 coniiciamus.
824 3751 869 3810 Ac
910 3770 948 3809 uo
973 3751 1136 3812 certiorem
1162 3755 1246 3815 fite·

108 3823 229 3896 laceret,
247 3844 279 3885 se
299 3824 464 3885 huiusmodi
489 3836 602 3917 patrem
622 3825 708 3885 uobis
728 3845 806 3901 esse,
824 3827 848 3886 si
869 3772 1026 3886 Clitistiani
1045 3849 1168 3906 sumus,
1187 3850 1246 3891 noa

18 3900 40 3921 ²
108 3900 334 3976 modoPater,
353 3902 404 3960 sed
416 3902 587 3961 nominatim
609 3913 736 3961 noster
756 3902 930 3963 dicivoluit:
951 3904 1008 3963 acsi
1029 3904 1061 3963 iu
1081 3903 1166 3968 bunc
1185 3928 1247 3969 mo·

108 3973 254 4036 dumcum
275 3997 312 4037 eo
331 3995 497 4059 ageremus:
518 3978 685 4068 Pater,·qiii
705 3989 784 4038 tanta
803 3979 833 4038 iii
853 3978 929 4039 fillos
949 3981 1058 4059 pietate
1079 3998 1111 4041 es
1132 3984 1247 4063 praedi·

107 4060 165 4124 tiis,
184 4063 265 4112 tanta
284 4053 320 4113 ad
340 4054 552 4134 ignoscendum
572 4053 721 4128 facilitate,
742 4076 795 4113 nos
815 4055 867 4113 filii
888 4057 930 4115 tui
950 4067 981 4115 te
1001 4054 1197 4137 appellamus,
1214 4080 1246 4121 ac

106 4128 271 4262 poscimus,
295 4129 391 4190 securi
416 4150 450 4189 ac
475 4129 561 4209 plane
586 4131 714 4221 persuasi
733 4150 800 4221 'non
821 4131 887 4221 alio.
901 4144 929 4192 te
950 4151 1012 4191 esse
1033 4151 1104 4215 erga
1127 4156 1187 4198 uos
1205 4136 1247 4229 af·

105 4207 827 4345 tttittittt:‘ttttttttttmtttttsstt
839 4207 1245 4352 ‘ilsld'itssl‘mmnll'

104 4372 167 4415 nou
186 4356 276 4420 modo
295 4358 462 4439 adoptionis
482 4358 589 4442 pignus
609 4371 640 4420 et
658 4305 850 4423 arrbapnobis
863 4362 996 4424 Christus
1016 4374 1075 4441 est,
1092 4384 1128 4426 se
1170 4310 1245 4431 erili3
