2596 4726
102 226 165 295 m
382 178 385 189 '
522 220 845 289 mmmm.

106 382 205 433 umen
229 368 413 431 nativitatem
442 386 551 452 magno
579 367 715 447 redimit,
745 366 814 429 dum
834 367 927 430 Sarae
954 368 1073 450 probris
1091 369 1242 455 fatigatur,

106 446 231 530 perinde
256 447 314 507 acsi
338 444 460 507 ancillae
485 445 698 513 contumaciam
718 445 865 523 lureudo,
890 445 1067 509 domesticae
1086 451 1241 528 perturba·

106 524 199 586 tionis
218 523 281 604 ipse
300 543 385 583 causa
405 533 489 583 esset
527 524 664 583 Nascitur
678 522 794 582 demum
814 523 905 596 Isaac,
924 522 974 584 sed
995 545 1030 586 ea
1049 527 1187 587 mercede
1206 539 1241 589 ut

107 599 280 662 exturbetur
303 599 515 681 primogenitus
533 599 656 674 ismael,
679 618 715 660 ae
739 620 794 679 pro
815 600 958 661 derelicto
978 622 1072 682 paene
1096 601 1243 665 hostiliter

129 677 289 739 roiiciator.
329 675 388 735 Ubi
410 675 489 735 solus
508 675 626 736 relictus
646 672 790 750 eselsaac,
810 676 841 736 in
862 697 922 757 quo
942 677 1106 757 acquiescat
1125 678 1239 742 deleme

129 754 182 814 bui
201 752 255 813 viri
274 763 420 827 senectus,
440 752 526 833 paulo
546 764 614 832 post
634 765 761 813 mactare
779 755 872 833 ipsum
892 753 1012 813 iubetur
1031 752 1240 848 (Gen.22,2).

109 830 191 908 Quid
212 827 406 890 calamitosius
426 829 575 911 eucogitet
593 828 718 889 humana
737 850 835 904 mens,
862 850 947 910 quam
967 842 1081 910 patrem
1100 831 1166 892 heri
1185 830 1238 892 filei

107 905 294 970 carnificem?
331 904 366 965 Si
384 904 492 965 morb'o
505 905 673 984 absumptus
693 905 783 981 iuret,
803 907 867 986 quis
885 927 947 966 non
967 918 1098 986 putasset
1110 907 1241 969 miserri-

106 1004 189 1046 mum
208 1002 271 1043 esse
290 999 401 1056 senem,
420 983 467 1041 cui
486 982 516 1041 in
537 981 695 1043 ludibrium
715 982 798 1043 datus
818 995 895 1043 esset
913 982 999 1057 filius,
1018 983 1060 1045 ob
1080 1005 1169 1065 quem
1189 1004 1240 1045 or-

106 1059 208 1122 bitatis
227 1057 315 1120 dolor
333 1059 361 1118 ei
384 1058 601 1141 geminaretur?
650 1058 683 1118 st
707 1058 743 1119 ab
769 1071 908 1121 extermeo
933 1060 1031 1140 aliquo
1055 1059 1241 1136 interiectus,

106 1136 284 1231 indignitate
302 1134 427 1194 multum
447 1147 523 1195 esset
540 1146 625 1226 aucta
644 1134 801 1196 calamitas.
828 1134 927 1228 ‘Istpd
946 1157 1017 1228 vero
1043 1138 1144 1229 omnia
1163 1136 1240 1198 cala·
1286 1162 1288 1181 ³

106 1210 1240 1380 tfflttrttttltttttttltlttt²ttfi¹⁰tlt'·,d'tlstttttttt

107 1364 255 1446 exemplar
285 1364 469 1427 calamitosae
487 1366 567 1425 vitae
592 1364 752 1446 depingere
776 1365 862 1440 velit,
892 1364 964 1424 nibil
993 1366 1122 1445 reperiat
1145 1386 1192 1425 ma
1215 1366 1239 1427 'a

84 1507 87 1512 Δ
106 1440 814 1580 imnum]&iiiiii-³⁰³⁸qiipiffiqiim
834 1462 895 1503 nou
916 1441 1003 1503 luisse
1004 1464 1142 1579 tprquam
1161 1385 1239 1503 ing-

105 1539 207 1658 a'dme'lti’
226 1538 296 1654 libb
316 1537 400 1654 ebini
414 1536 763 1685 hea'labilii’itarhinddcerd
783 1538 1239 1677 iqpmqpropipeerlqm'quprpeepriep:

105 1672 203 1735 finitas
221 1669 408 1731 difficultates
426 1672 463 1732 ad
478 1671 605 1752 longum
623 1682 750 1751 spatium
768 1671 917 1732 laboriose
930 1671 1092 1732 elucteturr
1112 1674 1164 1733 sed
1177 1671 1240 1755 qui,

105 1749 170 1812 aitte
187 1747 332 1809 malorum
350 1766 438 1809 seusu
457 1746 658 1827 praesentibus
677 1746 763 1809 bonis
798 1747 895 1808 lacide
915 1749 1036 1808 lruatur.

183 1830 230 1890 12
268 1824 364 1899 Isaac,
384 1825 447 1904 -qui
463 1822 632 1884 minoribus
655 1822 737 1883 malis
761 1769 931 1901 addicatur,
963 1827 1008 1884 vix
1031 1837 1133 1884 tamen
1151 1825 1240 1887 mini·

104 1922 187 1963 mum
205 1901 355 1962 suavitatis
370 1912 490 2038 gustum
515 1899 648 2036 percipit
669 1900 746 1992 'Eas
767 1901 834 1993 ipse
854 1921 973 1982 quoque
996 1902 1163 1992 uexationes
1189 1922 1239 1963 ex·

392 1990 490 2038 eatum
509 1996 572 2036 esse
618 1996 797 2037 ominem-m
817 1989 894 2037 terra
915 1998 975 2037 nou
994 1989 1100 2038 amant
1148 1977 1236 2039 Illum

104 1989 587 2137 widrgildum-canaan:
611 2074 685 2112 uxor
704 2073 721 2113 e
739 2054 804 2114 sinu
824 2053 865 2114 illi
885 2053 1021 2136 eripiturr
1047 2054 1135 2115 vieini
1154 2054 1237 2116 illum

104 2130 232 2213 subinde
252 2130 414 2213 exagitant,
445 2152 478 2190 ac
498 2129 592 2223 modis
611 2129 749 2222 omnihus
769 2143 922 2212 premunt,
947 2142 981 2190 ut
999 2130 1037 2190 de
1056 2152 1130 2225 aqua
1150 2132 1237 2193 etiam

103 2207 628 2363 biliii'aiiil‘l'iihiiilgiili
641 2206 1166 2371 tatllbltlttsstl‘ttttt
1180 2231 1237 2347 ii}

143 2381 160 2419 r
179 2360 310 2423 exsilium
330 2360 392 2421 eius
406 2361 457 2421 eui
478 2358 778 2439 benedixerat-(Gen.
790 2366 930 2440 cappudti.
946 2372 978 2420 et
993 2361 1066 2436 n).
1103 2363 1145 2421 Aa
1164 2382 1236 2427 reru

103 2380 197 2501 licut
217 2437 289 2498 uihil
309 2449 550 2528 quamextremss
568 2436 750 2497 infelicitatis
769 2436 884 2518 insigne
903 2448 948 2497 est
966 2437 1121 2516 exemplar.
1158 2438 1238 2499 Pne-

104 2514 201 2576 ritiam
221 2512 300 2574 domi
320 2514 530 2606 inquietissima
556 2513 692 2597 transigit
708 2516 794 2572 inter
812 2513 910 2574 fratris
931 2514 1122 2595 primogeniti
1142 2514 1236 2575 minas

104 2612 139 2653 ae
156 2602 299 2666 terrores,
317 2590 422 2670 qurbur
442 2590 558 2649 demum
578 2589 683 2649 cedere
703 2591 821 2671 cogitur
839 2588 933 2668 (Gen.
953 2612 1035 2670 capp.
1047 2597 1094 2656 Ἠ.
1115 2603 1146 2651 et
1164 2593 1236 2670 28).

104 2667 242 2749 Prolugo
261 2689 277 2728 a
297 2667 468 2745 parentibus
480 2688 528 2726 ·ae
551 2665 640 2726 natali
665 2666 749 2741 solo,
773 2679 977 2759 praeterquam
997 2667 1078 2746 quod
1098 2670 1236 2731 acerbum

103 2756 152 2806 eat
169 2743 308 2818 exsulare,
327 2744 404 2824 apud
422 2743 523 2803 habau
542 2741 715 2804 avunculum
736 2743 829 2803 nihilo
849 2744 945 2803 mitrus
964 2765 998 2804 ac
1018 2744 1170 2805 humanius
1187 2766 1238 2807 au·

103 2820 215 2903 cipitur
230 2820 325 2899 (Gen.
336 2842 400 2901 cap.
412 2822 484 2897 tet).
522 2820 629 2880 Parum
649 2831 694 2879 est
712 2821 892 2881 durissimam
910 2832 997 2899 atque
1016 2822 1238 2883 austerissimam

101 2910 218 2990 reptem
237 2897 448 2988 annia-servire·
466 2896 651 2987 servitutem,
670 2896 815 2988 nisindolo
834 2896 912 2988 malo
931 2896 969 2987 iu¹
982 2918 1072 2957 uxore
1092 2896 1237 2993 eludatur:

101 2973 1150 3140 didi3⁰22}attttt'tltlttff‘tsll‘ttelligit„‘gt
1163 2974 1238 3113 :lt

101 3127 228 3211 frigore,
247 3126 493 3207 quemadmodum
512 3146 575 3206 rpse
594 3126 788 3207 conqueritur
807 3126 900 3204 (Gen.
913 3131 962 3202 31,
977 3134 1026 3191 lli·
1042 3128 1114 3203 lh).
1153 3127 1236 3190 Tan·

101 3216 163 3266 tm
182 3204 259 3264 vitae
277 3205 463 3294 asperitatem
483 3202 550 3261 dum
577 3205 792 3285 annosviginti
821 3203 959 3278 sustinet,
989 3205 1122 3283 quotidie
1150 3206 1237 3267 notia

101 3281 199 3342 soceri
219 3281 333 3340 iniurirs
353 3280 501 3361 affligitur.
538 3280 601 3338 Nec
622 3281 702 3339 domi
726 3301 795 3340 suae
820 3282 936 3359 quietus
960 3292 1019 3355 est,
1043 3301 1129 3358 quam
1154 3283 1236 3344 vitet

101 3379 226 3419 urorum
247 3357 337 3433 odiis,
362 3358 480 3437 iurgiis,
499 3355 741 3416 aemulationibus
762 3357 926 3417 distractam
947 3377 980 3416 ae
1001 3377 1094 3436 paene
1112 3358 1236 3440 dissipa·

100 3445 173 3495 tant
224 3434 285 3494 Ubi
310 3435 340 3493 in
361 3434 481 3525 patr-iarn
500 3432 620 3492 iubetur
638 3454 670 3493 se
690 3433 831 3513 recipere,
849 3432 961 3493 abitum
979 3446 1097 3512 captare
1115 3435 1160 3494 illi
1180 3457 1235 3495 ne-

101 3532 182 3575 eesse
194 3522 239 3571 est
257 3511 470 3594 ignominiosae
490 3510 576 3589 lugae
594 3509 731 3569 similem:
753 3531 808 3571 nec
826 3522 923 3570 tamen
935 3512 1030 3570 soceri
1050 3511 1235 3589 iniquitatem

99 3589 142 3649 ita
167 3600 266 3668 potest
290 3588 442 3669 ellugere,
472 3585 544 3665 quin
575 3586 642 3646 eius'
667 3585 784 3665 probris
812 3608 845 3647 ac
871 3587 1054 3647 coutumeliis
1078 3588 1109 3647 in
1134 3588 1234 3649 medio

99 3666 361 3817 statuuat
376 3662 472 3817 <33¹3
490 3666 545 3803 a:
562 3663 801 3815 taddei
821 3684 890 3798 ur
912 3663 1096 3799 :stult
1110 3664 1236 3819 :sete

98 3829 148 3880 tot
166 3829 277 3877 mortes
298 3815 385 3875 hahet
403 3816 434 3873 in
454 3827 625 3893 conspeetu,
645 3827 719 3896 quot
737 3799 774 3876 ab
795 3817 914 3876 humine
933 3816 1043 3875 crudeli
1061 3829 1093 3876 et
1111 3817 1234 3881 inimico

122 3897 196 3955 arari
217 3903 335 3973 queant.
372 3890 453 3950 Diris
473 3909 544 3969 ergo
564 3893 727 3953 terroribus
746 3915 832 3973 supra
851 3892 971 3952 modum
990 3893 1182 3954 discrucietur
1199 3914 1235 3957 ae

99 3916 292 4050 discerpitur,
316 3966 454 4046 quamdiu
473 3969 628 4028 adventurn
649 3970 712 4029 eius
732 3981 897 4049 exspectat:
919 3970 969 4029 ubi
990 3970 1020 4028 in
1041 3983 1234 4048 conspectum

99 4047 162 4106 eius
181 4045 291 4125 prodit,
310 4055 448 4122 tanquam
467 4044 673 4106 semimortuus
691 4047 727 4107 ad
748 4049 837 4126 pedes
857 4046 1035 4126 procumbit,
1055 4047 1151 4106 donec
1171 4044 1235 4126 pla·

99 4123 242 4183 catiorem
261 4120 352 4181 sentit
370 4140 455 4199 quam
475 4140 593 4200 sperare
613 4144 696 4182 ausus
717 4124 821 4183 luerat.
860 4124 979 4183 Adhaec
1001 4122 1094 4199 (Gen.
1110 4124 1234 4203 35,19.)

97 4197 245 4273 Rachele,
276 4197 363 4256 unice
383 4196 489 4255 dilecta
512 4199 657 4279 coniuge,
690 4200 786 4278 primo
815 4212 912 4260 terrae
936 4203 1069 4282 ingressu
1093 4201 1233 4279 privatur.

97 4275 205 4337 Postea
226 4294 314 4354 quem
334 4272 371 4334 ab
391 4292 425 4332 ea
445 4271 536 4332 hlium
556 4275 725 4349 sustulerat,
757 4294 853 4355 eoque
880 4296 950 4356 prae
975 4278 1037 4337 aliis
1056 4277 1186 4351 amabat,
1215 4296 1233 4336 a

97 4352 160 4413 lera
178 4352 339 4413 laceratum
356 4349 441 4411 audit
452 4346 547 4427 (Gen.
558 4352 698 4430 37,33.):
718 4353 800 4414 euius
816 4373 853 4415 u
872 4364 969 4414 morte
988 4364 1129 4434 quantum
1148 4368 1233 4414 moe·
