2700 4732
514 191 591 250 hlll.
613 192 667 265 ttf.
709 192 798 253 cnr.
818 192 875 252 111.
1087 202 1089 207 ’
1206 199 1266 259 ata

121 333 217 395 stolos
237 335 332 395 lucem
352 336 453 395 mucidi
472 326 609 396 ertatem
629 347 726 397 terrae
744 336 879 417 nominat
895 335 1015 415 (Matth.
1034 342 1065 410 5,
1083 342 1131 402 13.
1142 345 1173 396 et
1187 340 1260 413 14).

121 413 187 473 Nee
206 410 388 491 splendidius
409 415 507 471 ornari
527 425 646 491 poterat
665 414 722 474 hoc
742 414 873 474 osticium
886 433 974 493 quam
989 434 1078 492 quum
1091 410 1257 492 dixit(buc.

120 490 267 565 10,16.):
288 488 373 563 „Qui
393 510 444 547 ros
464 489 555 573 aqdit,
577 512 623 549 rue
643 492 739 550 audit:
760 492 824 570 quis
835 514 885 551 vos
904 493 1028 568 spernit,
1046 510 1095 549 rue
1113 491 1257 569 spernit.“

121 564 186 625 Sed
206 564 303 625 nullus
323 579 367 623 est
385 564 526 624 illustrior
552 565 633 626 locus
655 590 742 646 quarn
766 568 844 646 apud
864 566 989 626 Paulum
1014 568 1045 626 in
1068 567 1196 627 secunda
1218 565 1256 627 ad

122 639 298 703 Corinthios
310 644 389 720 (cap.
400 644 562 721 aes-qq),
583 643 634 703 uhi
653 644 728 704 lianc
748 644 948 723 quaestionem
967 642 1051 703 velut
1069 665 1103 702 ex
1121 642 1256 722 professo

119 730 236 778 tractat.
276 718 441 779 Contendit
460 739 532 799 ergo
552 719 625 779 nibil
644 720 799 802 Evangelii
817 719 980 795 ministerio
1001 722 1032 779 in
1051 720 1174 795 ecclesia
1193 740 1256 797 rna-

119 796 167 875 gis
186 794 368 873 praeclarum
389 807 439 854 aut
457 796 619 876 gloriosum
639 817 711 872 esse,
732 819 821 877 quum
840 798 878 871 sit
896 782 1108 871 administratio
1128 794 1255 875 Spiritus

120 882 153 931 et
171 871 297 931 iustitiae
318 886 348 930 et
367 872 442 932 vitae
461 885 608 941 aeternae.
645 875 728 935 llaec
748 886 778 933 et
795 873 947 939 similiaco
968 875 1127 953 pertinent,
1147 893 1185 937 ne
1205 870 1255 932 illa

116 946 330 1029 gubernandae
350 969 383 1009 ac
404 949 575 1009 retinendae
597 972 648 1029 per
666 952 817 1012 ministros
829 950 1069 1024 eeclesiaeratio,
1088 971 1175 1028 quam
1186 948 1253 1009 llo-

117 1024 218 1083 minus
237 1025 267 1083 in
288 1037 461 1104 perpetuum
480 1028 619 1101 sancivit,
649 1028 725 1108 apud
756 1050 812 1089 nos
835 1030 955 1089 vilescat
979 1047 1014 1103 ae
1044 1025 1254 1106 ipso.tandem

118 1112 294 1179 contemptu
313 1101 489 1163 obsolescat.
533 1106 578 1163 Ac
598 1104 659 1165 eius
680 1104 977 1184 quidem-necessitas¹
1012 1115 1098 1177 nanta
1116 1103 1169 1177 sit,
1184 1122 1253 1175 nnn

115 1174 217 1239 verbis
246 1178 354 1252 modo,
384 1180 435 1239 sed
468 1180 606 1257 exemplis
630 1202 749 1260 quoque
780 1181 947 1251 declaravit.
990 1125 1136 1242 bornelio
1162 1197 1252 1258 qqum

117 1252 234 1333 plenius
254 1253 397 1391 affulgere
418 1256 505 1315 vellet
525 1258 654 1317 veritatis
673 1278 742 1317 suae
761 1257 842 1331 luce,
861 1257 997 1339 angelum
1018 1278 1035 1315 e
1054 1256 1141 1331 coelo
1160 1255 1251 1331 misit,

117 1328 171 1409 qui
190 1330 226 1389 ad
246 1351 312 1390 eum
360 1344 455 1391 etrum
480 1334 649 1394 amandaret
669 1336 750 1411 (Act.
771 1341 824 1409 10,
842 1338 896 1413 3..)
947 1333 1070 1393 Paulum
1096 1354 1190 1412 quum.
1207 1330 1249 1403 ,ad

115 1406 254 1467 notitiam
274 1409 318 1466 sui
338 1429 443 1467 vocare
462 1430 497 1467 ac
516 1411 547 1469 in
569 1412 719 1475 eeclesiam
738 1412 869 1471 inserere
887 1410 990 1485 vellet,
1008 1434 1070 1469 nnn
1089 1406 1262 1487 suaipsius'

115 1503 193 1543 voce
213 1483 381 1562 alloquitur,
400 1486 451 1544 sed
471 1486 506 1544 ad
529 1486 677 1546 bominem
698 1488 831 1561 remittit,
848 1510 867 1548 a
888 1508 948 1567 quo
968 1499 999 1546 et
1016 1486 1117 1547 salutis
1138 1485 1249 1547 doctri-

117 1580 186 1619 nam
206 1572 237 1618 et
255 1560 395 1640 baptismi
419 1563 681 1622 sanctificationem
704 1610 707 1615 .
736 1565 858 1645 ercipiat
880 1566 963 1642 (Act
981 1573 1017 1639 9,
1037 1566 1176 1639 6-20.).
1205 1560 1250 1619 Si

115 1656 181 1695 nou
200 1650 312 1695 temere
331 1642 364 1697 lit
384 1638 463 1717 quod
484 1641 619 1720 angelus,
639 1640 689 1719 qni
709 1586 767 1701 bei
788 1654 832 1701 est
850 1643 1009 1720 interpres,
1029 1642 1067 1699 ab
1088 1634 1251 1711 enarranda

114 1712 178 1773 Dei
197 1714 347 1774 voluntate
367 1717 427 1793 ipsc
448 1716 589 1789 abstinet,
610 1718 758 1777 hominem
781 1738 852 1778 vero
872 1718 956 1777 iubet
973 1717 1096 1790 arcessi,
1114 1715 1165 1793 qui
1184 1734 1250 1777 eam

113 1802 246 1849 enarret:
268 1793 347 1871 quod
362 1793 496 1851 ljlrristus
510 1795 612 1853 urricus
629 1794 757 1854 bdelium
770 1794 916 1875 magister,
931 1793 1061 1853 bominis
1080 1789 1250 1871 nragisterlo

56 1930 64 1937 ,
110 1866 240 1927 Paulum
260 1870 432 1943 committit,
458 1882 488 1929 et
507 1870 629 1929 l'anlum
650 1871 746 1946 illum,
772 1893 858 1950 quem
878 1872 910 1930 in
929 1871 1047 1931 tertium
1067 1868 1185 1929 eoelum
1203 1887 1251 1925 ra-

110 1964 189 2025 pere
218 1958 248 2004 et
277 1946 399 2006 mirifica
431 1968 526 2005 rernm
561 1947 757 2007 ineffabilium
787 1948 967 2009 revelatione
992 1947 1108 2027 dignari
1138 1942 1249 2017 consti·

110 2032 214 2081 tuerat
232 2021 287 2104 (11.
309 2022 380 2083 Cor.
401 2030 453 2097 12,
472 2026 530 2097 2.):
552 2025 617 2101 quis
637 2047 715 2084 nunc
735 2038 928 2084 contemnere
949 2023 1143 2085 ministerium
1175 2016 1248 2081 illud

55 2146 57 2151 .
111 2098 236 2171 audeat,
261 2100 306 2159 vel
326 2101 408 2177 quasi
427 2122 636 2180 supervacuum
656 2102 831 2181 praeterire,
857 2102 938 2162 euius
957 2122 1040 2160 usum
1066 2099 1173 2161 talibus
1193 2096 1249 2158 do-

112 2179 260 2236 cumentis
280 2189 414 2235 testatum
435 2178 533 2236 lacere
553 2177 634 2237 lleus
654 2178 764 2239 voluit?
1075 2196 1080 2206 '
1233 2192 1238 2205 “

192 2259 221 2315 d.
266 2254 328 2326 Qui
359 2255 499 2313 ccclesiae
528 2255 664 2329 regimini
694 2256 854 2316 secundum
885 2254 996 2315 Christi
1030 2251 1250 2317 institutionem

110 2340 272 2411 praesunt,
303 2330 492 2389 nominantur
521 2330 650 2391 aPaulo
683 2331 916 2410 (pr.d,11.)
948 2333 1072 2410 primurn
1097 2326 1248 2404 Apostoli,

111 2405 224 2467 deinde
241 2403 416 2481 Prophetae,
442 2409 532 2467 tertio
552 2407 771 2483 Encrngelistne,
791 2421 896 2487 quartu
916 2408 1069 2481 Praetores,
1096 2420 1246 2486 postremo

109 2482 268 2544 Doctores.
318 2485 361 2542 Ex
385 2484 489 2563 quihus
514 2484 573 2545 dcto
602 2498 716 2545 tantum
739 2486 833 2545 ultimi
858 2485 1038 2545 ordinarium
1068 2485 1100 2542 in
1124 2481 1249 2543 ecclesia

56 2634 59 2639 Ι
110 2581 222 2621 munus
244 2560 365 2619 habent:
398 2561 470 2620 alios
494 2574 553 2621 tres
579 2562 663 2621 initio
691 2562 776 2643 regui
802 2563 846 2623 sui
864 2563 1012 2623 Dominus
1036 2560 1183 2619 excitavit:
1217 2569 1248 2617 et

109 2639 235 2698 suscitat
247 2638 334 2695 etiam
346 2638 503 2712 interdum,
523 2651 613 2717 prout
631 2651 798 2718 temporum
817 2641 973 2698 necessitas
992 2637 1128 2717 postulat.
1160 2636 1248 2708 Quae

55 2772 57 2787 ,
109 2715 153 2773 sit
172 2712 342 2790 Apostolica
363 2714 492 2787 iunctio,
512 2716 649 2775 mandato
670 2718 726 2774 isto
747 2716 1142 2791 constat,(nlarc.tn,115.):
1168 2712 1248 2784 „lte,

135 2791 280 2849 raedicate
291 2791 479 2871 Evangelinrn
493 2792 573 2851 ornni
593 2799 772 2851 creaturae.“
811 2793 880 2850 b'on
899 2791 1098 2849 attribuuntur
1109 2789 1163 2849 illis
1175 2788 1249 2847 certi

55 2872 60 2882 '
109 2812 203 2925 lines:
223 2866 273 2925 sed
293 2880 371 2927 totus
393 2868 472 2927 orbis
492 2869 653 2948 assignatur
674 2868 849 2948 redigendus
868 2867 1108 2926 inobedientiam
1122 2866 1246 2925 Christi:

110 2957 149 3003 ut
175 2944 366 3024 Evangeliunr
392 2945 559 3021 ubicunque
582 2944 713 3024 gentium
739 2955 881 3024 poterunt
909 2943 1093 3022 spargendo,
1122 2962 1248 3021 regnum

86 3022 176 3080 ·eius
198 3020 307 3097 ubique
327 3024 449 3100 erigant.
489 3021 621 3081 Proinde
641 3021 747 3081 Paulus
768 3021 869 3099 (Rom.
880 3027 927 3093 15,
947 3028 993 3083 tn.
1014 3032 1044 3078 et
1062 3020 1136 3095 ab),
1157 3039 1247 3097 quum

57 3162 61 3167 ,
107 3118 197 3157 strunt
217 3099 423 3175 Apostolatum
444 3099 609 3177 approbare
628 3097 734 3170 vellet,
759 3120 790 3157 se
811 3118 872 3157 non
893 3094 1123 3175 unamaliquam
1143 3094 1247 3155 urbem

55 3182 60 3257 J
110 3176 235 3235 Christo
267 3174 467 3253 acquisivisse,
498 3175 548 3234 sed
577 3176 667 3256 longe
697 3174 814 3264 lateque
846 3194 1023 3253 propagasse
1054 3172 1248 3252 Evangeliurn

55 3262 57 3269 '
109 3264 340 3310 commemorat:
362 3274 409 3310 nec
422 3274 457 3310 ne
478 3252 578 3312 alienis
598 3252 793 3311 l'undamentrs
812 3251 981 3329 apposuisse
991 3272 1104 3320 manus,
1123 3251 1174 3309 sed
1195 3249 1248 3309 ubi

56 3342 62 3399 '.
109 3327 276 3386 inauditum
298 3327 392 3386 ferierat
442 3330 532 3387 ornini
554 3350 677 3402 nornen,
698 3327 831 3386 eeclesias
857 3327 1013 3406 plantasse.
1067 3326 1146 3386 llissi
1171 3347 1245 3407 ergo

55 3412 61 3426 '
109 3414 185 3465 sunt
203 3404 350 3483 Apostoli,
370 3405 420 3483 qui
441 3406 543 3464 orbem
569 3428 585 3464 a
612 3405 780 3464 ‹lesectinne
800 3405 829 3462 in
851 3424 947 3469 veram
965 3404 1024 3463 Dei
1046 3403 1246 3463 obedientiam

56 3500 59 3505 '
108 3478 301 3552 reducerent,
319 3503 503 3560 regnumque
522 3483 582 3542 eius
602 3483 711 3561 ubique
724 3481 876 3560 Evangelii
905 3481 1112 3541 rraedicatione
1134 3480 1267 3540 consti-·

55 3572 59 3579 ’
107 3569 248 3617 tuerent:
269 3556 326 3629 vel,
345 3563 369 3617 si
389 3563 488 3629 mavis,
508 3561 557 3637 qni
579 3573 716 3637 tanquam
736 3561 822 3637 primi
843 3561 982 3618 ecciesiae
1001 3558 1164 3632 architecti,
1184 3557 1247 3617 eius·

56 3704 60 3711 Ι
109 3633 303 3693 fundamenta
323 3636 353 3692 in
374 3646 439 3694 tntu
461 3637 570 3696 mundo
591 3638 730 3696 iacerent
768 3632 930 3709 Prophetas
948 3646 1048 3707 vocat,
1073 3656 1134 3692 non
1156 3654 1246 3711 quos.-

109 3710 189 3769 libet
207 3710 322 3769 divinae
343 3712 501 3771 voluntatis
526 3714 715 3793 interpretes,
746 3714 796 3773 sed
823 3713 872 3790 qui
903 3710 1042 3792 singulari
1066 3710 1248 3770 revelatione

108 3784 312 3868 excellebant:
345 3789 444 3885 quales
470 3812 548 3849 nune
586 3792 631 3849 vel
652 3789 722 3848 nulli
749 3802 874 3862 exstant,
905 3789 951 3848 vel
970 3787 1065 3847 minus
1084 3803 1152 3849 sunt
1172 3808 1246 3847 com
1297 3798 1301 3805 '

105 3864 216 3942 spicni.
256 3864 316 3923 Per
335 3866 537 3940 berengelistns
560 3889 610 3927 eos
632 3866 786 3946 intelligo,
807 3867 856 3945 qui
876 3887 967 3943 quum
986 3863 1130 3943 dignitate
1149 3876 1247 3925 essent

107 3940 267 4019 Apostolis
299 3944 444 4016 minores,
480 3945 579 4003 allicio
604 3957 702 4004 tamen
730 3943 854 4021 proximi
884 3954 983 4015 erant,
1012 3941 1146 4019 adeoque
1169 3942 1248 4003 vices

109 4040 217 4078 eorum
239 4019 392 4097 gerebam.
433 4022 543 4094 Quales
564 4023 694 4093 luerunt,
712 4021 815 4093 Lucas,
835 4019 1020 4091 Timotheus,
1039 4017 1136 4089 Titus,
1156 4031 1186 4077 et
1200 4037 1247 4077 re·

111 4094 189 4172 liqui
207 4095 331 4155 similes:
352 4120 385 4157 ae
405 4097 534 4158 fortassis
555 4099 641 4158 etiam
661 4096 846 4178 septuaginta
858 4095 1003 4173 discipuli,
1023 4115 1097 4173 quos
1117 4094 1248 4155 seeundo

112 4175 152 4231 ab
180 4174 333 4250 Apostolis
359 4175 427 4234 luco
455 4176 587 4236 Christus·
612 4176 776 4250 designavit
800 4174 1030 4251 (Lue.10,1.).
1080 4172 1250 4233 Secundum

115 4251 193 4308 lianc
224 4253 501 4330 interpretationem
533 4256 624 4332 (quae
647 4252 719 4312 rnilti
748 4262 779 4309 et
802 4249 898 4309 verbis
922 4261 953 4309 et
978 4249 1142 4309 sententiae
1166 4247 1252 4308 Pauli

116 4340 321 4388 consentanea
340 4330 470 4409 videtur)
503 4343 562 4391 tres
587 4330 654 4390 illae
676 4329 845 4391 sanctones
869 4348 933 4389 nou
954 4325 1023 4389 ideo
1047 4325 1204 4386 institutae
1220 4324 1261 4383 'tu
