2700 4732
210 333 322 393 Μή..
336 331 463 387 'libains
483 329 516 387 ns
532 327 576 385 ne
589 329 620 397 ¹,
632 330 661 389 ⁸0
682 350 730 385 Μ·

191 422 300 461 .strane
316 414 552 525 apuffiopaesp
573 400 653 524 ἒίἑω
664 418 731 523 ppp-

209 492 314 527 mercae
344 492 357 524 r
689 489 732 523 tc

211 542 345 595 Meritum.

177 607 367 666 Promissiones
389 625 479 661 omnes
501 603 529 658 iss
547 601 650 659 Cbristo
673 605 731 658 iun·

212 680 325 737 dentur.
351 674 411 728 bine
435 694 489 727 non
517 674 591 727 siiter
617 675 731 727 Naaman

212 747 307 819 Syrus,
325 742 461 797 Cornelius
479 741 603 795 Centurio
621 757 665 795 ant
680 742 732 794 Eu·

214 816 317 868 euebus
339 814 372 864 ad
397 811 446 865 Dei
465 810 636 877 corrisiones·
655 828 733 879 pene·

214 894 316 937 trerunt
337 881 378 933 lIl.
395 880 422 931 2
437 878 482 936 33.
500 893 524 932 st
540 878 571 931 ll.
588 877 613 931 3.
630 878 656 930 b.
673 898 734 948 pro·

214 950 305 1004 enicem
322 949 428 1013 gratuita
448 946 509 1001 fidei
525 964 564 1000 est
580 949 733 1000 fundamen·

143 1068 149 1085 ,
215 1033 274 1072 tum
299 1016 341 1071 111.
367 1016 393 1070 2
417 1013 461 1072 39.
488 1013 516 1068 in
542 1015 671 1081 Dcealopo
691 1035 735 1067 eas

216 1087 289 1140 Deus
306 1085 445 1165 praeceptis
466 1083 616 1145 subiunxit,
639 1099 668 1137 ut
684 1102 733 1136 nos

216 1175 250 1209 eo
277 1152 368 1207 maiori
396 1150 506 1205 sortitiae
525 1171 612 1205 amore
634 1151 735 1204 indam·

215 1236 317 1277 marene
337 1220 369 1275 ll.
390 1218 415 1274 8.
433 1218 458 1271 4.
475 1235 500 1272 et
517 1221 677 1274 sss-liberum
694 1240 735 1271 sr-

216 1291 322 1345 bitrisrm
344 1288 474 1349 evincent.
497 1306 634 1358 carumque
655 1289 733 1342 simui

216 1378 278 1411 osus
301 1357 334 1414 11.
355 1355 441 1409 o.1⁰‚
464 1358 580 1425 quamvis
602 1357 734 1410 conditio·

216 1426 303 1489 ecles,
326 1444 379 1478 non
402 1439 487 1478 tamen
504 1428 597 1477 frustra
614 1426 688 1477 datae
703 1425 733 1478 11.

187 1534 196 1555 .
217 1494 243 1548 7.
260 1495 285 1547 4.
307 1494 443 1564 quomodo
463 1493 644 1561 promissiones
662 1493 734 1557 begis

141 1590 146 1597 ·
217 1577 245 1617 et
254 1562 384 1626 Essurctii
394 1561 556 1614 consentient
566 1560 607 1614 111.
620 1560 662 1615 17.
670 1561 697 1615 3,
707 1561 734 1615 3.

216 1631 357 1700 promissio
375 1630 424 1683 Dei
441 1631 506 1682 iacta
519 1630 646 1692 Patribus,
662 1629 735 1710 quod

217 1715 283 1753 esset
310 1719 398 1753 eorum
421 1698 504 1763 Deus,
534 1700 646 1750 suturam
673 1698 734 1762 spsis

217 1767 434 1825 immortalitatem
451 1770 610 1820 monstrabat
625 1765 734 1824 lt.10.9.

219 1837 363 1905 explicatur.
382 1835 518 1905 promissio
544 1835 671 1904 praecepti
695 1855 735 1886 se·

218 1906 297 1958 cundi
321 1906 354 1956 de
375 1904 540 1973 propaganda
566 1904 614 1955 Dei
637 1902 736 1955 miseri-

218 1973 307 2026 cordia
331 1972 357 2024 in
379 1971 449 2024 miiie
471 1972 644 2035 scnerstiones
661 1970 692 2023 ll.
708 1969 735 2025 8.

217 2040 262 2095 31.
292 2041 319 2095 in
350 2039 412 2094 sniis
439 2040 523 2093 eiectis
550 2039 734 2104 promissiones

218 2108 270 2163 Dei
287 2122 348 2162 sent
362 2109 474 2162 eibcaces
508 2108 556 2162 Ι111.
572 2107 617 2162 34.
634 2106 676 2171 lb,
693 2106 736 2161 17.

184 2177 330 2249 Prophetae
346 2178 392 2247 qui
408 2176 451 2232 lv.
467 2175 494 2232 3.
510 2175 536 2230 4.
555 2176 615 2240 legis
631 2179 736 2229 fuerunt

218 2246 377 2316 interpretes,
395 2263 535 2314 eorumque
544 2257 657 2313 potestas
671 2263 737 2313 quo·

218 2335 301 2385 usque
316 2336 345 2368 se
360 2313 503 2368 extenderit
522 2313 543 2367 1·
564 2312 600 2433 δὲ
607 2312 686 2447 bae}³
693 2311 737 2433 nd:

183 2446 353 2503 Proverbinm
369 2448 463 2501 iaisnsn
482 2448 515 2505 11.
530 2445 557 2506 8.
573 2448 618 2505 54.
633 2468 739 2571 prover·

218 2517 291 2569 bium
309 2516 471 2571 Milesiorum
572 2516 617 2573 lv.
651 2515 678 2572 3.
694 2514 737 2573 lb.

183 2584 364 2641 Providentiae
379 2583 475 2649 agnitio
496 2601 555 2639 vere
570 2585 627 2655 pios
645 2605 660 2638 a
676 2603 736 2654 pro·

217 2655 283 2708 smis
307 2654 441 2715 discernit,
467 2651 512 2723 qui
537 2651 652 2724 quamvis
674 2672 736 2705 eon·

217 2724 278 2776 suso
304 2743 381 2775 sensu
406 2723 492 2774 Deum
513 2724 639 2774 intrantur
668 2741 737 2774 cres·

218 2805 309 2852 torem,
325 2792 359 2843 ed
375 2789 527 2855 singularem
544 2803 628 2843 tamen
644 2788 736 2842 mnndi

217 2859 429 2925 gubernationem
443 2873 497 2910 non
513 2859 655 2919 advertunt,
672 2877 737 2926 quae

218 2928 338 2981 asseritur
364 2941 419 2979 tum
442 2948 471 2980 cx
494 2926 585 2978 mundi
611 2927 738 2988 machine,

218 3010 274 3049 tum
304 2995 450 3064 scripturae
478 2993 631 3048 testimoniis
661 2996 681 3049 1.
708 2994 735 3046 ὅ.

218 3063 362 3127 1-7,10.
380 3079 405 3116 ct
421 3064 441 3117 I.
459 3062 501 3118 16.
519 3063 543 3117 1.
568 3063 635 3115 Hinc
654 3065 740 3115 iusto·

216 3151 267 3185 nae
284 3133 371 3184 nuilus
389 3132 470 3192 iocus,
488 3150 551 3200 quae
565 3129 735 3199 buicspcciali

217 3199 389 3252 moderationi
410 3200 437 3252 in
462 3200 511 3250 Dei
529 3203 607 3252 rerbo
625 3199 736 3266 opponi·

217 3282 261 3320 tur
276 3268 301 3322 Ἃ
320 3267 380 3337 quin
397 3268 452 3336 ipsa
470 3269 594 3322 naturaiia
611 3283 636 3320 et
653 3266 736 3319 inani·

217 3350 306 3417 mata,⁸
315 3336 361 3388 etsi
380 3335 483 3391 insitam
499 3335 609 3389 babeant
621 3354 736 3404 quaeque

217 3419 407 3473 proprietatem,
423 3425 478 3457 eam
496 3418 580 3457 tamen
597 3403 650 3455 nisi
664 3423 736 3473 prac-

216 3473 283 3527 ecnti
301 3472 348 3524 Dei
366 3492 444 3525 manu
457 3486 527 3525 mots
541 3493 594 3525 non
608 3484 737 3537 esseruntp

216 3541 267 3593 Dei
285 3540 354 3594 enim
371 3540 570 3607 omnipotentia,
586 3560 650 3609 quse
668 3540 734 3592 circa

215 3609 260 3663 ius
278 3625 467 3671 versatummn
487 3609 577 3673 otiosa,
594 3609 735 3661 redcfficax

218 3679 345 3732 credenda
367 3691 406 3730 ese
425 3678 456 3740 2.
476 3676 503 3730 3.
542 3678 612 3732 Haec
629 3677 674 3747 qui
691 3695 734 3728 oc·

216 3760 285 3812 pant,
302 3747 386 3798 Deum
403 3747 523 3798 fraudant
540 3764 587 3798 suu
600 3747 697 3798 bonore
710 3760 736 3797 ct

216 3835 244 3867 sc
252 3817 321 3884 ipsos
330 3815 440 3879 egregias
448 3812 630 3867 consolationis
644 3815 737 3875 fructu,

102 3926 105 3931 .
216 3883 280 3935 ibid·
308 3883 342 3935 ita
368 3896 397 3934 ut
421 3901 475 3934 nun
499 3883 625 3951 speculari
650 3881 736 3935 solum

216 3950 401 4018 concipiendus
417 3952 451 4002 sit
469 3951 554 4011 Deus,
578 3970 643 4019 quse
659 3951 735 4009 irunt,

215 4020 261 4073 scd
280 4032 383 4071 eventus
407 4018 476 4087 ipsos
497 4018 640 4071 moderari:
665 4019 735 4070 uode

217 4086 338 4140 evertitur
360 4089 507 4151 figmentum
529 4088 648 4139 denuda
665 4105 735 4154 prae·

217 4156 335 4217 trientis,
358 4156 418 4206 item
437 4176 531 4208 errores
549 4154 734 4224 Epicureorum

218 4238 249 4273 ee
261 4224 369 4277 aliorum
387 4225 555 4294 profanorum
573 4236 602 4274 ut
618 4237 645 4276 et
660 4241 734 4287 genc-

215 4290 275 4344 ralis
288 4304 385 4345 tantum
395 4291 565 4362 providentia:
580 4311 634 4361 quo
642 4305 729 4345 tameo

676 184 814 249 umus

788 351 867 387 senso
882 330 928 385 illa
945 329 1034 402 possit
1051 329 1160 385 admitti
1176 330 1205 386 ⁴.
1236 331 1310 400 Quare

788 420 844 453 non
860 415 949 453 motus
971 414 1079 453 tantum
1103 399 1262 483 principium
1276 420 1310 468 pe·

788 490 835 523 nes
852 468 937 523 Deum
956 483 1011 532 ert.
1035 470 1082 523 scd
1106 489 1216 540 quaerre
1231 469 1311 535 specis·

788 538 826 591 ies
851 539 1048 591 benedictiones
1071 552 1099 590 ct
1127 537 1309 591 maledictioses

790 606 823 661 'ad
840 606 926 676 ipsum
947 607 1103 659 rcfmcndac
1120 606 1151 660 5.
1186 606 1310 674 Praecipec

789 693 850 728 vcro
877 676 903 727 ie
929 693 1023 743 genere
1048 676 1191 735 bernano,
1220 691 1310 744 prepter

790 744 862 813 qnod
879 759 977 796 caetera
994 743 1086 795 emnia
1104 744 1233 801 condita.
1259 742 1309 793 baec

790 812 942 878 gubernatio
969 811 1139 880 conspicitur
1164 810 1198 872 6,
1218 810 1243 864 1.
1265 830 1309 861 ose
1344 866 1346 879 Ι

791 893 877 932 tamen
895 880 946 932 boe
962 881 1048 932 modo
1065 881 1167 944 dogma
1179 878 1307 932 seim

791 948 926 1001 amerinus
948 947 973 1000 8.
998 966 1055 1015 que
1078 968 1163 1001 ursan
1184 946 1308 1013 sutem.

791 1032 872 1071 mea
887 1031 943 1080 cte..
960 1034 1039 1069 reees
1057 1017 1151 1069 iocum
1169 1015 1277 1068 babeant
1288 1030 1308 1065 e

792 1103 845 1155 quo
869 1104 940 1149 none
966 1097 994 1143 et
1026 1103 1061 1137 arr
1084 1085 1220 1138 vocabule
1237 1081 1307 1148 [stin
1344 1120 1346 1127 -

787 1158 888 1221 sorren
903 1167 951 1208 cte.
974 1150 1133 1205 Christiano
1152 1171 1273 1220 usurpare
1285 1151 1309 1200 li-

791 1219 887 1285 ceetfl,
905 1219 930 1275 9.
967 1216 1118 1273 Doctrinae
1142 1220 1223 1272 boios
1238 1218 1307 1271 censi·

791 1289 891 1342 derceio
914 1289 1025 1358 practica
1046 1301 1074 1339 ct
1097 1287 1230 1359 quemi·
1246 1290 1308 1340 fisse

791 1356 826 1410 sit
841 1359 980 1418 referenda.
996 1371 1028 1408 ut
1043 1357 1101 1409 eius
1124 1358 1208 1411 nobis
1224 1370 1310 1409 constet

791 1426 902 1488 ntiiitss.
927 1444 1024 1494 nempe
1049 1444 1085 1476 ne
1111 1425 1176 1478 Deo
1199 1425 1309 1493 obloqua-

791 1512 865 1556 mor,
886 1493 931 1545 ubi
956 1497 1078 1546 fortunae
1095 1512 1182 1546 cacco
1199 1508 1269 1545 mete
1283 1490 1310 1541 si·

791 1562 887 1615 dentur
903 1575 993 1614 cuncta
1010 1558 1094 1613 rotari
1118 1563 1141 1614 1.
1168 1560 1210 1616 17.
1226 1561 1250 1613 l·
1265 1560 1310 1611 rin-

790 1629 893 1683 dicstur
909 1645 999 1682 contra
1017 1649 1097 1682 canes
1117 1631 1260 1699 quosdam,
1275 1646 1309 1695 qu

791 1717 848 1752 earn
875 1701 924 1752 rub
951 1697 1097 1751 modestiae
1122 1712 1254 1767 praetextu
1275 1716 1311 1746 nr·

792 1781 852 1832 rent
872 1766 898 1821 2.
922 1782 950 1819 nt
971 1763 1152 1819 nibilominus
1176 1787 1234 1845 non
1253 1783 1311 1817 ever·

791 1855 1308 1968 ³

791 1970 933 2040 impietaten
944 1985 1096 2042 perpetrant
1107 1972 1136 2023 b.
1147 1968 1220 2038 (etl.
1231 1964 1307 2028 181)

792 2055 880 2093 sancta
901 2060 961 2091 sero
981 2040 1170 2108 providentiae
1191 2036 1307 2091 meditatio

793 2108 905 2178 primum
922 2109 1028 2171 edocet,
1044 2108 1113 2161 nibil
1131 2109 1240 2161 tonsio
1254 2124 1306 2156 oos-

788 2177 896 2242 tingerc.
911 2189 966 2227 tum
983 2195 1043 2228 eam
1057 2176 1206 2245 specialiter
1214 2170 1304 2243 prusn'c

794 2248 917 2298 excubare
933 2258 1097 2314 conansque
1114 2247 1169 2296 sub
1181 2257 1302 2317 sostenen

793 2333 884 2397 manu,
900 2327 930 2365 ut
947 2332 1043 2394 nocere
1060 2312 1130 2364 nibil
1143 2313 1298 2394 peperissent·

794 2400 856 2503 iii.
875 2394 1303 2523 1¹:⁸'32'ss‘0‘5'3str22'52350'32

795 2531 890 2571 vertere
905 2514 931 2579 6,
947 2516 973 2571 7.
989 2517 1017 2570 in
1036 2517 1159 2570 adversis
1178 2514 1303 2584 coppim

828 2585 954 2647 tiendum,
974 2584 1034 2654 qnia
1053 2584 1081 2638 in
1102 2582 1264 2649 θεῶμαι
1278 2579 1303 2658 {¹¹

793 2605 910 2707 birmines
920 2654 1071 2723 respicimur
1086 2651 1114 2706 8.
1135 2648 1238 2722 Quodsi
1248 2646 1303 2716 qud

793 2722 961 2791 receperimus
973 2724 1006 2773 ab
1017 2722 1110 2790 aliquo
1121 2719 1244 2780 bencbeii,
1256 2735 1302 2767 non

795 2791 888 2844 erimm
904 2790 1005 2854 ingrati:
1030 2789 1121 2858 siquid
1142 2788 1242 2849 damni,
1259 2784 1302 2837 cul·

793 2879 853 2928 pam
870 2859 1019 2911 fatebimur:
1039 2859 1067 2910 in
1086 2861 1169 2912 rebus
1186 2855 1300 2909 antemio·

794 2926 857 2979 toris
874 2924 988 2996 quamvis
1006 2945 1062 2977 non
1082 2929 1199 2979 feremur
1214 2922 1302 2999 propri?

794 3015 884 3056 sensu.
907 2996 1007 3046 extcr'oa
1032 2995 1153 3046 subsidia
1171 3015 1225 3047 non
1241 2991 1301 3054 nepb

793 3082 880 3128 pensus
891 3061 915 3116 9.
940 3063 1004 3114 Inde
1013 3062 1176 3115 describitur
1185 3064 1241 3130 piae
1248 3078 1302 3111 mer

793 3133 825 3184 tis
848 3131 895 3183 bac
919 3129 947 3182 in
969 3146 1055 3197 parte,
1081 3132 1148 3182 dum
1170 3132 1198 3182 in
1217 3128 1303 3180 Deire·

793 3199 892 3251 cumbit
902 3199 1100 3267 providentiam,
1122 3200 1242 3258 seiieitas,
1258 3213 1301 3246 esu

793 3268 847 3331 ilii,
872 3269 917 3336 qui
940 3267 1008 3319 bane
1030 3282 1128 3330 negant
1150 3268 1241 3319 misera
1256 3283 1302 3316 ese·

792 3336 880 3399 stringi
909 3337 1035 3388 ansietate
1063 3355 1204 3388 necessum
1230 3336 1259 3386 sit
1277 3331 1301 3377 ab

792 3402 906 3456 infinitas
921 3403 1050 3456 bumanac
1067 3404 1136 3457 ritae
1154 3405 1265 3456 miserias
1274 3398 1301 3455 lb
1328 3414 1331 3419 '

795 3471 837 3527 11.
875 3472 1032 3525 Deteoditur
1053 3472 1119 3523 baec
1142 3468 1300 3524 doetrinsab

793 3539 992 3593 obiectionibus.
1009 3539 1093 3608 Quod
1105 3535 1170 3593 Deo
1181 3536 1301 3607 :tiqrab
1328 3548 1332 3591 Ξ

791 3608 964 3678 poenitentia,
990 3607 1136 3677 aliquando
1161 3610 1300 3661 demum
1329 3604 1332 3615 '

792 3676 944 3730 adscribitur
960 3677 1104 3741 abrogatio,
1120 3683 1150 3729 et
1167 3696 1221 3745 qno
1238 3673 1301 3727 ides
1328 3684 1331 3709 ¹

791 3765 868 3800 sensu
884 3742 1035 3810 121³,st
1063 3740 1301 3820 Nervaosdtop·
1334 3764 1340 3825 Ι

792 3827 891 3867 tantum
920 3833 947 3867 se
974 3814 1091 3867 extendit
1121 3814 1176 3866 Dei
1202 3815 1301 3864 eirene»

792 3882 838 3935 sed
864 3895 891 3934 ct
910 3881 992 3944 maia,
1018 3881 1100 3950 idque
1117 3902 1176 3934 non
1193 3879 1300 3950 permitat
1324 3834 1341 3977 1

793 3949 880 4018 (quod
898 3951 1018 4031 putidum
1035 3964 1139 4001 tantum
1151 3944 1299 4011 esteiiup‘ufl
1322 3994 1338 4023 μ

792 4019 920 4072 mendscsi
936 4018 1082 4086 patrocinio
1100 4019 1154 4072 Dei
1170 4018 1300 4071 institisset
1323 4024 1339 4133 n

792 4085 895 4140 sinistra
911 4102 972 4139 nota
989 4087 1146 4148 asserens),
1164 4089 1210 4142 scd
1227 4086 1300 4137 reiut·
1325 4136 1338 4157 ,1

791 4169 858 4219 tatc;
882 4154 1027 4208 ostenditur
1051 4156 1137 4218 enim,
1162 4155 1229 4208 nibil
1244 4153 1299 4205 sstr
1323 4166 1337 4173 ··

791 4242 853 4276 nam
871 4239 914 4276 sut
931 4227 1059 4291 reprobos
1069 4224 1166 4286 moliri.
1181 4222 1230 4275 nisi
1245 4215 1298 4288 qood
1316 4232 1330 4291 s,

791 4291 846 4345 iam
856 4307 917 4348 ante
929 4291 1002 4347 Deus
1013 4311 1164 4349 amanam
1176 4290 1299 4344 enemo:
1316 4295 1340 4357 ξς
