2700 4732
18 196 23 201 ·
88 200 144 264 ,ω
484 186 559 255 oto.
579 184 637 249 ιιι.
676 186 765 251 err.
785 160 881 249 xtu.

35 326 41 339 ⁸
105 350 153 402 ne
165 334 350 401 sanctissimis
369 332 488 414 quidem
507 332 565 393 Dei
583 334 672 394 servia
692 333 852 413 competit,
878 332 930 412 qui
947 334 1054 416 procul
1074 352 1183 397 omnes
1200 332 1255 395 ab·

108 427 180 479 sunt
198 436 215 476 a
233 413 320 497 Legis
340 410 572 491 complemento,
591 409 690 471 multis
708 416 780 469 reto
800 409 1084 491 transgressionibus
1102 422 1178 471 sunt
1196 412 1255 473 cir·

110 490 252 555 cumdati.
305 488 367 547 Sed
387 487 455 546 dum
475 487 686 568 promissiones
704 487 899 567 Evangelicae
918 488 1158 561 substituuntur,
1179 507 1254 569 quse

111 568 267 652 gratuitam
286 575 476 645 peccatorum
495 563 697 624 remissionem
718 563 903 638 denuntiant,
924 586 984 623 non
1005 566 1142 625 efficiunt
1161 564 1254 626 morlo

111 657 147 707 ut
172 638 226 737 ipsi
244 644 312 702 Deo
333 641 446 721 accepti
469 642 573 715 simus,
592 640 643 700 sed
664 652 697 700 ut
716 640 856 719 operibus
876 661 995 719 quoqne
1016 642 1124 701 nostris
1145 642 1186 703 sit
1202 660 1254 701 sna

135 734 221 783 rutra:
240 737 338 800 neque
359 718 562 793 hortantum,
581 728 616 776 ut
635 718 830 777 eallominus
851 729 932 798 grata
953 718 1068 793 habeat,
1088 717 1141 778 sed
1162 718 1255 780 bene·

111 741 297 859 §ictionibus
319 794 421 870 etiam,
446 794 520 873 qirae
546 813 580 853 ex
598 805 687 875 pactu
714 793 898 853 debebantur
917 795 1004 875 Legis
1023 815 1094 855 suae
1113 794 1256 856 observa·

112 875 201 947 tioni,
220 882 423 953 prosequatur.
476 871 586 930 Fateor
611 891 683 952 ergo
707 870 838 928 fidelium
858 871 997 951 operibus
1016 871 1158 951 rependi,
1178 890 1254 961 quse

116 951 246 1013 iustitiae
271 961 301 1009 et
323 946 484 1009 sanctitatis
515 946 678 1008 cultoribus
710 947 741 1005 in
761 947 804 1005 Le
827 966 843 1005 e
866 969 917 1007 sna
937 948 1084 1007 Dominus
1102 950 1255 1027 promisit:

113 1048 217 1091 verum
236 1026 268 1085 in
293 1025 347 1086 bac
374 1022 589 1100 retributione,
619 1022 792 1085 consideran
815 1045 831 1083 a
851 1043 966 1115 semper
990 1036 1033 1083 est
1053 1044 1156 1100 cansa,
1180 1043 1256 1105 quae

91 1146 95 1153 ,
139 1105 242 1164 ratium
262 1098 401 1181 operibus
421 1099 569 1160 conciliet.
618 1100 692 1161 Earn
724 1120 816 1179 porro
842 1101 988 1180 triplicem
1015 1120 1077 1160 esse
1096 1101 1254 1162 cernimus.

115 1124 220 1242 {rima
240 1191 286 1239 est
304 1176 386 1257 quod
404 1176 486 1236 Deus
505 1197 608 1236 averso
629 1196 816 1257 enervorum
835 1198 955 1237 suorum
975 1176 1115 1257 operibus
1136 1178 1254 1253 intuitu,

140 1277 195 1317 uae
218 1254 363 1336 probrum
388 1248 476 1334 niagis
497 1273 582 1331 quarn
614 1253 729 1313 laudern
755 1265 900 1333 perpetuo
925 1266 1092 1329 merentur,
1123 1254 1206 1334 ipsus
1223 1256 1252 1314 in

117 1280 240 1395 borisen
260 1329 481 1411 complectitur,
499 1351 534 1389 ac
553 1329 616 1391 sola
635 1330 692 1388 lide
712 1330 930 1405 intercedente,
950 1330 1020 1391 citra
1040 1350 1168 1410 operum
1186 1330 1254 1391 sub·

117 1409 224 1473 sidium
244 1406 414 1467 reconciliat
432 1400 496 1467 'sint
544 1406 645 1467 Altera
665 1405 744 1485 quud
767 1426 874 1486 opera,
900 1428 961 1466 non
981 1408 1133 1467 aestimata
1153 1426 1253 1469 eorum

118 1486 273 1568 dignitate,
292 1494 414 1563 paterna
432 1483 502 1542 beni
526 1486 616 1543 nitate
633 1496 721 1562 atque
740 1483 820 1542 indul
845 1483 933 1557 entia,
953 1484 1009 1543 huc
1028 1483 1154 1544 honoris
1167 1484 1253 1544 attol-

116 1562 206 1624 litut
224 1560 344 1620 alicuius
364 1560 451 1640 pretii
471 1501 585 1621 lrabeat.
624 1561 737 1634 Tertia,
756 1504 842 1640 quoti
858 1580 892 1620 ea
911 1560 973 1639 ipsa
984 1582 1048 1620 cum
1060 1561 1147 1619 venia
1166 1558 1253 1621 susei-

117 1640 178 1721 pit,
208 1658 269 1699 non
294 1637 432 1717 imputata
460 1635 702 1718 imperfectione,
734 1658 791 1727 qua
811 1638 908 1699 omnia
928 1638 1095 1717 inquinata,
1127 1636 1253 1717 peccetis

118 1714 212 1797 magis
231 1734 317 1795 quam
335 1713 491 1775 virtutibus
512 1713 692 1775 accensenda
712 1713 821 1793 alioqui
843 1715 950 1773 forent.
994 1714 1094 1792 Atque
1114 1712 1186 1775 binc
1205 1732 1252 1807 ap·

117 1804 215 1874 paret,
236 1802 420 1870 quantopere
432 1790 524 1851 delusi
543 1793 602 1851 sint
614 1789 782 1870 Sophistac,
802 1791 851 1870 qni
872 1789 991 1850 bcllese
1010 1789 1136 1850 absurda
1157 1810 1252 1852 omnm

118 1869 242 1930 evasisse
263 1877 419 1947 putarunt,
440 1889 529 1947 quum
550 1868 698 1941 dicerent,
723 1888 784 1927 non
805 1867 963 1927 intrinseca
982 1887 1032 1927 sua
1052 1865 1190 1927 bonitate
1206 1888 1251 1929 rs·

118 1944 183 2004 lere
204 1963 294 2023 opera
312 1943 347 2002 ad
367 1942 488 2003 salutem
501 1943 717 2017 demerendam,
735 1945 787 2004 sed
807 1965 841 2004 ex
881 1945 938 2004 acti
957 1945 1086 2003 ratione:
1108 1942 1250 2023 quiallu·

119 2021 217 2081 minus
241 2019 418 2079 liberalitate
446 2043 498 2081 sua
522 2020 595 2081 tanti
627 2021 796 2081 aestimavit.
853 1966 945 2101 isqui
970 2042 1031 2081 non
1059 2019 1252 2082 observabant

119 2097 254 2168 interim,
274 2115 349 2174 quae
373 2096 524 2157 meritoria
546 2116 638 2177 opera
659 2116 721 2157 esse
740 2097 894 2174 volebant,
919 2109 1060 2176 quantum
1085 2098 1251 2159 abessents

118 2174 349 2255 promissionum
368 2173 557 2249 conditione,
589 2174 645 2233 nisi
664 2185 695 2232 et
714 2174 878 2236 iustificatIo
903 2175 966 2235 sola
987 2174 1044 2233 lide
1063 2173 1203 2251 subnixa,
1224 2186 1252 2235 et

119 2262 309 2330 peccatorum
329 2249 479 2323 remissio,
499 2271 553 2331 per
573 2272 659 2329 quam
679 2270 696 2310 a
715 2251 833 2312 maculis
854 2252 933 2312 botta
953 2270 1072 2331 quoque
1093 2271 1185 2331 opera
1203 2250 1251 2313 ab

119 2327 211 2407 stergi
232 2344 350 2385 necesse
370 2324 500 2401 babent,
520 2328 719 2407 praecederet.
758 2328 861 2408 Itaque
881 2328 1026 2388 extribus
1046 2327 1164 2389 divinae
1183 2327 1252 2389 libe-

119 2402 245 2463 talitatis
258 2402 360 2475 causis,
380 2403 485 2481 qulbus
504 2405 538 2463 fit
557 2415 590 2463 ut
609 2415 729 2497 accepta
742 2405 802 2465 sint
820 2405 947 2465 fidelium
960 2424 1062 2483 opera,
1081 2424 1172 2465 unam
1192 2418 1252 2467 tsn-

120 2489 185 2539 tum
205 2477 402 2538 annotabant:
424 2480 503 2553 duas,
523 2493 553 2540 et
573 2500 620 2539 eas
641 2481 760 2559 quidem
780 2485 948 2562 praecipuas
967 2481 1203 2573 supprimebant.

199 2563 227 2618 4.
268 2554 369 2614 Citant
388 2555 470 2615 Petri
496 2558 671 2617 sententiam
691 2579 776 2649 quam
797 2559 890 2619 Lucas
916 2559 945 2617 in
967 2559 1048 2618 Actis
1069 2557 1176 2619 recitat
1195 2562 1253 2640 (lo,

120 2638 169 2699 34.
190 2643 220 2691 et
238 2633 314 2706 35.):
344 2631 403 2707 „In
422 2633 546 2694 veritate
571 2654 722 2713 comperio
744 2636 823 2715 qnod
851 2635 968 2695 nonsit
995 2654 1190 2714 personarum
1209 2656 1254 2697 ac·

122 2722 229 2801 ceptor
248 2709 348 2781 Deus,
376 2710 477 2769 sedin
498 2712 579 2771 omni
601 2724 705 2791 gente,
732 2715 782 2790 qui
802 2712 874 2772 lacit
897 2712 1036 2771 iustitiam
1055 2725 1197 2790 acceptus
1214 2724 1255 2774 est

119 2784 195 2846 illr.“
233 2786 273 2844 At
297 2804 332 2843 uo
353 2784 430 2861 binc,
450 2788 531 2866 quod
550 2788 670 2847 minime
691 2789 809 2848 dubium
829 2790 897 2868 ipsis
916 2789 1041 2863 videtur,
1061 2784 1258 2882 colligunosi

120 2863 210 2924 rectis
229 2806 331 2922 stultis
351 2863 488 2923 conciliat
506 2864 561 2925 sibi
582 2864 670 2925 horno
690 2865 798 2939 Deum,
818 2887 879 2925 nun
900 2864 990 2926 solius
1010 2866 1144 2927 essene·
1165 2867 1255 2927 bene·

120 2940 219 3000 ficium
240 2938 320 3018 quud
345 2939 467 3001 salutem
495 2943 695 3020 consequitur.
746 2943 811 3002 lmo
835 2944 877 3002 sic
904 2962 957 3021 pro
983 2963 1034 3001 sua
1060 2942 1257 3005 misericordis

120 3014 221 3075 Deum
242 3017 392 3095 peccatori
411 3038 597 3092 succurrere,
623 3030 656 3077 ut
675 3018 816 3097 operibus
840 3020 876 3077 ad
902 3018 1132 3078 misericordiam
1158 3020 1258 3081 flecta·

120 3103 180 3152 tur.
219 3094 329 3151 Verum
342 3092 507 3172 Scripturas
528 3095 610 3155 nullo
631 3096 719 3155 modo
734 3095 893 3155 conciliare
913 3096 1016 3176 possis,
1036 3095 1091 3154 nisi
1114 3096 1258 3176 duplicem

122 3168 251 3230 bominis
271 3169 348 3248 apud
368 3170 466 3229 Deum
492 3170 694 3251 acceptionem
722 3172 871 3231 observes.
923 3170 1026 3246 Qualis
1043 3172 1130 3249 ,enirn
1156 3186 1259 3235 natura

122 3257 168 3307 est
188 3246 295 3319 bomo,
315 3246 389 3304 nihil
408 3250 438 3305 in
459 3267 496 3305 eo
517 3247 728 3339 reperitlleus,
749 3270 807 3328 qno
828 3250 864 3307 ud
885 3248 1115 3309 misericordiam
1135 3250 1260 3311 incline-

121 3332 182 3395 tur,
200 3334 320 3401 praeter
337 3324 452 3381 unicam
464 3325 617 3383 misenam.
655 3325 772 3383 Nudum
785 3345 857 3407 ergo
876 3338 906 3385 et
922 3346 1048 3407 egenum
1060 3330 1157 3386 omnis
1179 3328 1260 3401 boni,

123 3400 205 3458 omni
226 3410 330 3459 contra
355 3400 499 3458 malorum
529 3420 639 3481 genere
668 3403 807 3461 refertum
830 3414 860 3461 et
885 3415 1039 3462 oneratum
1064 3402 1260 3465 hominemsi

122 3487 239 3535 constat
257 3494 330 3549 esse,
349 3476 401 3535 ubi
421 3476 547 3555 primum
560 3477 652 3537 aDco
663 3480 831 3557 suscipitur:
851 3501 938 3557 quam
959 3479 998 3538 ob
1016 3480 1128 3555 dotem,
1140 3500 1262 3561 quaeso,

123 3551 245 3633 dignum
270 3550 352 3610 illurn
378 3552 499 3612 coelesti
525 3556 681 3613 vocatione
706 3554 850 3615 dicemus?
901 3558 1037 3615 Facessat
1063 3576 1137 3639 ergo
1167 3558 1261 3619 inanis

15 3664 21 3677 .
121 3628 297 3688 meritorum
317 3628 500 3709 imaginatio,
520 3630 570 3690 ubi
591 3632 744 3711 gratuitam
765 3632 949 3691 clementiam
962 3633 1041 3692 Deus
1061 3646 1121 3693 taur
1141 3635 1263 3695 eviden-

120 3714 169 3762 ter
188 3704 382 3764 commendat.
420 3706 497 3764 Nam
517 3710 597 3785 quod
617 3707 728 3767 ibidem
749 3708 894 3769 Cornelio
920 3710 1017 3790 angeli
1042 3718 1118 3771 voce
1144 3710 1263 3785 dicitnr,

123 3781 273 3840 orationes
294 3781 355 3841 eius
375 3792 406 3840 et
425 3781 625 3866 eleemosynas
645 3785 808 3845 ascendisse
827 3787 857 3844 in
878 3786 936 3845 Dei
956 3799 1164 3867 conspectum:
1218 3807 1263 3849 es·

122 3854 195 3917 sime
216 3856 412 3936 detorquetur
431 3857 468 3918 ab
488 3860 540 3934 iis,
567 3881 637 3940 prae
660 3863 734 3921 arari
760 3861 910 3921 hominem
930 3862 965 3921 ad
985 3862 1184 3944 recipiendam
1234 3864 1263 3923 ei

146 3933 248 3991 ratium
268 3933 418 3993 bonorum
438 3955 562 4015 operum
582 3881 689 3997 studio.
729 3938 790 3998 Iam
812 3939 889 3998 enim
911 3939 1023 4018 Spiritu
1043 3942 1207 4020 sapientiae
1225 3940 1263 4001 il·

18 4020 25 4029 ·
120 3950 295 4068 inminutum
314 4010 402 4069 luisse
423 4011 597 4072 Cornelium
617 4015 768 4094 oportuit,
799 4020 849 4106 qui
875 4037 943 4076 vera
967 4019 1126 4096 sapientia,
1153 4018 1264 4079 timore

120 4084 235 4147 scilicet
253 4085 322 4161 Dei,
341 4088 488 4166 praeditus
509 4102 586 4149 crat:
607 4092 713 4151 eodem
733 4092 846 4170 Spiritu
866 4092 1087 4168 sanctificatum,
1108 4094 1160 4173 qui
1179 4094 1264 4155 iusti·

120 4162 182 4221 tiae
202 4161 299 4221 cultor
318 4173 398 4223 erut:
429 4186 516 4245 quam
547 4167 624 4227 illius
649 4171 840 4229 certissimum
863 4189 925 4228 esse
951 4171 1078 4230 fructum
1097 4170 1264 4253 Apostolus

121 4234 214 4298 docet
232 4236 356 4316 (Galo,
372 4241 426 4318 5.).
463 4242 506 4304 Ea
524 4242 622 4324 itaque
632 4247 741 4323 omnia,
761 4265 836 4326 quae
854 4245 923 4307 Deo
943 4245 1085 4327 placuisse
1104 4247 1138 4307 in
1157 4267 1197 4311 eo
1216 4267 1266 4308 re-

118 4300 273 4395 lsruntur,
302 4315 430 4383 babebat
447 4318 485 4383 ab
505 4320 582 4384 illius
601 4323 709 4405 gratia:
743 4334 858 4387 tantum
886 4324 969 4388 abest
992 4335 1027 4386 nt
1045 4323 1083 4386 ad
1101 4342 1169 4389 eam
1187 4324 1264 4389 reci·
