2596 4726
382 217 458 280 um.
477 217 531 280 m.
569 216 658 282 cnr.
676 190 728 279 n'
1058 224 1118 291 ns
1184 242 1187 249 ·

58 362 83 438 i,
102 360 182 442 quod
202 360 249 423 bic
266 382 323 443 pro
341 360 426 423 unica
445 361 545 457 regula
564 362 651 424 nobis
670 381 733 424 esse
752 360 857 439 debet,
874 361 1014 425 maiorem
1034 376 1115 427 certe

59 440 227 499 lerationem
253 439 433 518 praescribit.
476 441 509 499 bi
533 440 627 499 uidem
648 459 777 518 eousque
795 439 1006 500 intendendum
1026 440 1115 504 docet
1151 501 1152 504 ,

59 514 169 595 iplinae·
192 515 336 596 rigorem,
367 536 405 574 nc
429 461 621 576 absorbeatur
645 536 662 576 a
686 517 801 606 tristitia
820 516 857 590 is,
887 516 934 606 cui
957 519 1115 598 praecipue

59 591 157 652 mltum
178 603 297 672 oportet
315 591 371 672 (ll.
392 591 463 652 Cor.
482 597 511 668 2,
531 596 589 671 7.):
609 603 643 653 ut
663 591 858 673 susrus‘supra
876 592 1068 654 disseruimus.

384 927 639 1000 CAPUT
686 929 729 999 11.

146 1118 378 1198 Comparatio
407 1121 525 1183 l'alsae
552 1119 734 1183 ecclesiae
763 1141 838 1181 cum
868 1139 962 1183 vera.

59 1296 146 1348 Partes
164 1295 273 1364 Capitis:
303 1297 334 1364 1)
351 1296 442 1351 Falsas
459 1252 582 1351 coelestii
595 1297 742 1368 descriptio,
758 1300 956 1352 accommodata
972 1299 1006 1350 ad
1021 1297 1111 1368 Papia-

59 1404 73 1441 ι,
88 1380 247 1433 successione
262 1382 391 1449 personali
408 1396 557 1444 tumentem,
574 1383 645 1435 cuius
661 1383 781 1435 refutatio
796 1382 936 1445 subiicitur,
951 1396 1011 1436 sect.
1027 1383 1113 1438 1-4.

59 1464 73 1532 )
92 1464 132 1514 Ad
150 1463 339 1516 criminationes
349 1464 511 1534 Papistarnm
529 1467 562 1517 de
578 1464 713 1517 schismate
724 1479 759 1518 ·et
775 1465 880 1519 haeresi.
898 1465 1111 1520 Ortbddoxaium

59 1548 157 1599 siarum
175 1547 281 1599 nomine
297 1548 445 1617 responsio,
468 1563 492 1600 et
509 1549 595 1617 quales
614 1548 694 1601 bodie
709 1549 845 1603 habendas
859 1549 910 1602 siut
925 1551 1047 1604 eeclesiae
1060 1552 1111 1605 stab
1161 1609 1164 1613 ,

59 1646 91 1684 ltu
109 1633 234 1696 degentes,
251 1650 264 1683 a
283 1632 372 1700 quinta
388 1646 447 1684 sect.
464 1634 497 1683 ad
514 1632 558 1683 tin.
576 1653 632 1702 cap.

65 1805 94 1864 1.
133 1797 245 1873 Quanti
263 1796 339 1878 apud
362 1818 416 1858 nos
434 1796 531 1858 valere
549 1797 632 1858 verbi
656 1809 686 1858 et
707 1809 954 1860 sacramentorum
978 1798 1122 1860 ministe··

59 1897 81 1949 ι,
113 1887 144 1934 et
163 1895 313 1954 quousque
333 1874 494 1955 procedere
513 1874 575 1935 eius
594 1876 756 1936 reverentia
777 1874 896 1950 debeat,
914 1886 948 1957 qt
966 1875 1004 1936 sit
1023 1875 1110 1938 nobis

59 1961 132 2011 setua
158 1963 264 2011 tessera
290 1950 503 2033 dignoscendae
536 1950 687 2028 ecclesiae,
718 1972 750 2011 ex
772 1951 888 2012 licatum
914 1962 973 2012 est:
1004 1970 1110 2031 nempe
1142 1956 1145 1961 “

59 2046 157 2118 unque
180 2028 324 2106 integrum
350 2039 439 2086 exstet
464 2039 496 2086 et
526 2027 687 2102 illibatum,
716 1972 801 2088 nullis
831 2047 944 2088 morum
964 2027 1040 2089 vitiis
1059 2039 1111 2089 aut

59 2102 99 2163 bis
110 2103 253 2194 impediri,
272 2104 424 2183 quominus
437 2102 574 2174 ecclesiae
586 2123 694 2163 nomen
705 2103 853 2164 sustineat
892 2103 1018 2176 Deinde,
1038 2103 1111 2165 illud

59 2200 83 2237 m
103 2178 265 2239 leviusculis
291 2180 438 2239 erroribus
458 2199 518 2239 non
538 2179 650 2253 vitiari,
669 2181 823 2258 quominus
842 2179 1003 2261 legitimum
1021 2179 1111 2241 aesti-

59 2276 94 2314 rr.
132 2256 227 2315 Porro
240 2276 365 2331 errores,
383 2255 486 2334 quibus
505 2255 569 2315 talis
589 2255 831 2331 debeaturvenir,
850 2276 901 2316 eos
917 2275 979 2316 esse
998 2256 1111 2317 iudica·

72 2342 126 2406 est,
145 2330 248 2410 quibus
269 2333 420 2411 praecipua
441 2332 493 2390 reli
516 2331 590 2391 ionis
611 2331 743 2392 doctrina
764 2354 824 2391 nou
845 2332 985 2407 laedatur,
1004 2331 1109 2411 quibue

70 2408 272 2487 opprimantur
291 2429 363 2487 qnae
389 2409 466 2466 inter
488 2351 588 2469 ideles
608 2428 709 2467 omnes
733 2408 889 2469 convenire
909 2407 1019 2468 debent
1038 2407 1109 2468 reli·

62 2483 86 2542 is
105 2485 212 2563 capita:
244 2484 274 2541 in
293 2484 476 2544 sacramentis
494 2504 584 2559 vero,
604 2486 653 2563 qui
673 2483 828 2566 legitimam
848 2484 973 2545 auctoris
993 2485 1110 2546 institu-

59 2581 99 2619 em
120 2581 180 2620 non
201 2558 349 2634 aboleant,
368 2581 422 2619 nec
441 2561 626 2621 labefactent.
652 2560 745 2640 Atqui
758 2560 875 2622 simulac
893 2561 924 2620 in
944 2580 1041 2622 arcem
1060 2580 1110 2621 re·

59 2635 106 2696 uis
126 2636 307 2695 mendacium
330 2637 449 2716 irrupit,
479 2657 589 2697 summa
618 2639 794 2698 necessariae
820 2636 971 2696 doctrinae
995 2636 1109 2713 inversa

76 2723 320 2772 sacramentorum
339 2735 405 2772 usus
425 2715 550 2773 corruit:
582 2727 662 2772 certe
682 2713 820 2773 ecclesiae
845 2713 979 2772 interitus
1003 2731 1109 2772 conse-

59 2809 103 2861 ur,
128 2790 247 2867 perinde
266 2800 351 2865 atque
372 2788 408 2847 de
427 2790 482 2849 vita
502 2789 625 2848 bominis
645 2800 740 2848 actum
760 2799 818 2862 est,
841 2786 941 2869 iugulo
962 2788 1109 2864 transfixo,

59 2864 231 2943 praecordiis
251 2864 376 2923 letaliter
394 2866 534 2925 sauciatis.
564 2865 662 2942 Atque
683 2865 711 2922 id
733 2884 766 2923 ex
781 2862 864 2922 Pauli
882 2862 975 2923 verbis
996 2862 1107 2942 liquido

59 2940 146 3013 citur,
177 2962 264 3020 quum
290 2941 377 2999 docet
408 2939 554 3001 ecclesiam
578 2941 726 2999 fundatam
751 2958 813 2999 esse
838 2959 925 3019 super
945 2939 1107 2999 doctrinam

59 3016 199 3076 stolorum
221 3027 250 3076 et
269 3015 491 3095 Prophetarum,
510 3017 573 3096 ipso
591 3014 709 3076 Christo
727 3035 840 3075 summo
861 3014 991 3097 angulari
1011 3014 1108 3095 lapide

59 3114 79 3156 r.
91 3096 203 3169 2,‘.’0·).
228 3092 273 3151 'Si
295 3091 431 3152 ecclesiae
451 3092 669 3151 fundamentum
690 3102 735 3151 est
752 3090 965 3170 Prophetarum
985 3101 1015 3150 et
1024 3094 1108 3172 Apo·

59 3190 133 3228 rrum
159 3170 306 3239 doctrina,
337 3189 392 3247 qua
422 3166 541 3227 salutem
571 3187 651 3227 snam
679 3167 710 3227 in
734 3187 794 3227 uno
816 3166 935 3229 Christo
961 3186 1108 3261 reponere

59 3264 89 3305 es
107 3245 255 3318 iubentur,
274 3246 350 3304 illam
363 3245 523 3304 doctrinam
543 3243 625 3319 tolle,
645 3243 794 3323 quomodo
807 3241 928 3322 amplius
945 3244 1108 3305 aedilicium

60 3321 151 3382 tabit?
191 3321 319 3381 Corruut
348 3341 419 3402 ergo
452 3321 571 3380 ecclesia
597 3340 715 3382 necesse
734 3331 793 3393 ast,
822 3319 873 3380 ubi
892 3318 1039 3381 intercidit
1057 3321 1108 3383 itta

59 3397 278 3474 jonismumma,
295 3398 371 3477 ‘quae
390 3396 452 3457 sola
471 3397 612 3456 sustinere
632 3416 694 3456 eam
715 3406 821 3476 potest.
860 3396 976 3456 Deinde
994 3397 1018 3458 si
1036 3415 1106 3457 vera

59 3475 109 3535 ssia
128 3474 262 3534 columna
281 3487 325 3534 est
344 3495 376 3533 ac
395 3473 605 3533 firmamentum
623 3473 806 3549 veritatis(l.
819 3473 898 3533 Tim.
911 3474 1023 3564 Mb),
1042 3488 1107 3533 cer·
1181 3480 1192 3503 '¹

67 3562 191 3610 estnon
213 3570 273 3610 esse
293 3551 457 3625 ecclesiam,
486 3549 545 3610 ubi·
562 3569 683 3631 regnum
703 3549 856 3629 occupavit
873 3548 1056 3611 mendacrum
1076 3558 1108 3615 et

59 3649 105 3687 aas.
1065 3666 1069 3674 -

61 3710 92 3768 2.
132 3702 167 3760 ln
188 3723 253 3761 eum
273 3702 392 3762 modum
412 3723 500 3779 quum
520 3721 566 3760 ree
586 3699 693 3761 babeat
710 3699 921 3793 subPapismo,
939 3698 1106 3781 intelligere

75 3778 145 3858 quid
166 3779 302 3838 ecclesiae
321 3777 380 3836 illic
398 3777 521 3857 supersit
531 3778 574 3854 l).
613 3778 672 3837 l’ro
692 3776 772 3836 verbi
791 3775 951 3837 ministerio
971 3794 1107 3854 perversa

59 3854 192 3915 rendaciis
212 3855 336 3914 conllata
359 3853 418 3913 illic
440 3875 469 3912 re
493 3865 543 3913 nat
565 3853 754 3935 gubernatio,
771 3864 860 3933 'quse
905 3871 985 3910 uram
1010 3851 1105 3912 lucem

59 3932 92 3990 lm
108 3929 274 4011 exstinguit,
294 3929 397 4009 partim
417 3874 553 3990 susbcat.
592 3930 628 3988 ln
648 3928 744 3990 locum
758 3929 877 3991 Coeuae
920 3927 1021 4002 omini,
1039 3926 1105 3988 loe·

59 4028 132 4067 mum
152 4006 330 4086 sacrilegium
350 4004 450 4065 subiit:
472 4005 630 4066 cultusDei
643 4006 718 4066 varia
738 4016 768 4065 et
787 4026 848 4066 non
867 4002 986 4064 ferenda
1004 4021 1107 4084 auper-

59 4255 230 4378 'pilleiqquap
249 4258 271 4310 1.
287 4274 306 4307 s.
315 4252 355 4308 10.
372 4267 397 4306 et
412 4254 469 4306 inlr.
486 4275 504 4309 s.
515 4255 555 4309 10.
572 4267 597 4308 tt
613 4254 702 4324 cap.8·
717 4272 737 4307 t·
754 4255 794 4310 12
814 4250 1020 4367 ’Deniqus'cap
1030 4250 1106 4306 buius
1187 4244 1191 4251 ’
