2700 4732
482 194 558 255 tta.
580 197 617 253 ll.
661 198 748 256 tiae.
774 198 854 255 t‘lfl.
1172 208 1229 265 ata

66 392 73 409 .
166 348 191 409 9.
227 342 322 417 Quod
342 360 423 401 nune
441 340 624 405 subobscure
650 341 820 477 attinpitur,
845 341 923 401 inter
947 345 1120 421 exponenda
1138 364 1222 422 prae-

107 430 174 511 cepta
189 417 383 481 clarissimum
408 419 469 497 ipsa
491 416 700 485 exercitatione
747 429 784 476 et
838 417 940 489 Quare
957 419 1064 479 sufficit
1082 420 1223 500 attigisse,

61 564 65 569 ¹
108 518 148 556 aar
163 496 238 577 quod
258 506 444 573 postremum
464 494 627 553 membrum
649 495 744 574 (quod
761 493 810 552 rel
829 493 939 573 alioqui
959 515 1020 555 nou
1041 495 1222 578 intelligere·

107 586 155 645 tur,
169 571 212 633 rel
231 569 434 644 intellectum,
454 570 551 631 forsan
572 571 714 631 absonum
734 571 820 631 initio
840 570 932 630 videri
950 574 1061 651 posset)
1080 593 1131 633 sua
1150 594 1221 654 pro-

106 648 203 710 batione
226 648 358 710 breviter
384 646 617 707 confirmandum
643 648 708 705 erit.
747 646 932 706 l'robatione
959 647 1033 707 illud
1057 670 1118 709 non
1144 663 1222 729 eget,

108 724 160 787 drrn
176 726 286 787 bonum
305 724 444 799 iubetur,
469 724 564 783 vetari
590 724 670 803 quod
695 744 761 782 cum
787 742 824 781 eo
844 736 957 804 pugnat
980 724 1101 785 malum:
1133 746 1222 785 nemo

108 814 141 863 est
160 802 232 863 enirn
257 802 308 880 qui
334 820 398 859 non
422 800 576 863 concedat
626 800 770 879 Imperari
798 820 917 879 quoqne
944 802 1092 861 contraria
1112 800 1221 879 osbcia,

109 878 162 939 dnm
182 876 252 939 nrala
272 888 426 949 vetantur,
457 896 519 935 non
549 877 711 957 aegerrime
744 876 867 956 recipiet
892 898 1050 936 commune
1075 876 1221 937 indicium.

111 954 220 1015 Virtutes
237 954 354 1033 uiridem
375 954 590 1024 commendari,
622 955 691 1012 dum
712 953 829 1011 adversa
854 954 924 1013 vitia
945 954 1134 1027 damnantur,
1158 953 1222 1015 vul-

111 1051 166 1107 gare
182 1044 232 1095 est.
268 1030 330 1089 Sed
348 1050 406 1091 nos
428 1031 492 1109 plus
511 1030 620 1107 aliquid
642 1029 830 1107 postulamus,
847 1050 934 1107 quam
946 1031 1034 1110 vulgo
1055 1030 1223 1109 significent

110 1105 331 1167 metuendae.
372 1106 559 1167 contrariam
580 1106 659 1165 enirn
678 1106 752 1165 vitio
773 1106 926 1181 virtutem,
944 1106 1007 1168 lere
1026 1106 1223 1186 interpretan-

61 1220 63 1229 ·
111 1196 146 1243 tur
160 1184 214 1243 sitii
233 1184 322 1257 ipsius
342 1180 564 1243 abstinentiam:
590 1203 645 1243 uos
665 1176 824 1243 eam'ultra
843 1182 1008 1261 procedere
1028 1183 1166 1255 dicimus,
1185 1185 1222 1242 ad

61 1236 65 1305 l
109 1258 185 1319 dicia
199 1260 319 1339 seilicet
333 1258 469 1348 laetaque
488 1259 646 1319 contraris.
696 1259 740 1318 Ita

763 1278 798 1318 ue
818 1260 850 1317 in
871 1258 928 1319 boe
952 1270 1131 1338 praecepto,
1150 1260 1223 1319 Non

109 1334 212 1413 merle,
234 1344 338 1397 sensus
357 1334 510 1395 bominum
535 1336 700 1395 communis
720 1280 793 1393 ndril
811 1334 892 1394 aliud
916 1335 1116 1395 considerabit
1134 1357 1221 1416 quarn

108 1410 222 1473 donni
242 1410 389 1471 maleficio
408 1432 441 1471 ac
461 1412 666 1471 malefaciendi
686 1411 810 1471 libidine
828 1410 1033 1473 abstinendum
1044 1433 1115 1472 esse.
1152 1412 1221 1494 Ego
1240 1420 1246 1431 '

108 1504 235 1565 praeterea
254 1488 406 1549 contineri
427 1488 511 1561 dico,
538 1500 568 1547 ut
589 1488 713 1567 proximi
734 1490 821 1547 ritam
841 1487 946 1567 quibus
966 1490 1109 1568 possimus
1127 1487 1222 1549 subsi-

109 1564 336 1626 li'uadiuremus.
387 1565 431 1624 Ac
451 1586 489 1623 ne
508 1565 571 1623 sine
591 1564 706 1623 ratione
727 1565 846 1643 loquar,
876 1563 915 1623 ita
936 1564 1091 1631 confirmo.
1140 1563 1222 1625 Deus

108 1654 168 1702 reus
184 1643 291 1703 iniuria
311 1642 432 1701 l'rntrem
453 1640 527 1701 laedi
548 1652 599 1700 aut
618 1640 736 1715 uiolari,
761 1642 829 1719 quia
849 1641 935 1700 uitam
963 1641 1025 1700 eius
1050 1661 1146 1701 caram
1167 1661 1222 1699 uo-

109 1714 210 1779 l'uesse
227 1720 292 1779 uult
310 1740 345 1778 ac
366 1718 537 1797 pretiosam:
557 1717 642 1777 simul
664 1736 736 1795 ergo
757 1716 898 1795 postulat,
910 1737 983 1795 quae
1003 1718 1039 1775 ad
1059 1716 1222 1777 illiuscon-

109 1794 424 1857 terrationemronlerri
444 1794 671 1873 posenntolficia
692 1795 828 1853 caritatis.
868 1792 968 1869 Atque
986 1793 1028 1853 ita
1047 1793 1147 1851 videre
1164 1802 1222 1866 est,

72 1880 75 1885 '
109 1880 250 1959 ptsemper
275 1870 363 1931 nobis
389 1870 454 1931 finis
478 1871 629 1949 praecepti
656 1882 785 1943 reseret,
805 1869 944 1950 quicquid
963 1866 1024 1931 illic
1050 1869 1147 1929 lacere
1172 1880 1222 1931 aut
1284 1914 1287 1919 .

108 1944 216 2007 &aar
234 1962 287 2007 aut
306 1960 448 2006 vetamur.
1189 1990 1193 1995 .

163 2030 205 2088 lb.
243 2024 308 2084 Cur
327 2036 424 2083 autem
438 2024 517 2083 llens
537 2021 585 2093 ita,
606 2022 685 2081 velut
705 2022 829 2083 dimidiis
849 2021 1024 2101 praeceptis,
1043 2042 1098 2101 per
1116 2042 1218 2102 synec-

110 2096 192 2163 ΜΒ
207 2102 382 2190 significarit
406 2102 498 2179 uragis
519 2100 588 2177 qnid
609 2100 698 2158 vellet
717 2120 805 2178 quam
825 2100 1015 2176 expresserit,
1035 2120 1125 2177 qurum
1144 2098 1220 2156 aliae

78 2206 83 2219 ·
111 2195 203 2255 qusque
219 2190 350 2237 nusrnes
371 2176 453 2235 reddi
474 2175 604 2245 soleant,
635 2177 705 2235 baec
737 2175 807 2235 mibi
840 2175 981 2255 imprimis
1005 2176 1118 2253 placet:
1152 2174 1221 2253 quia

76 2322 79 2327 ¹
113 2264 269 2327 ptmtorom
290 2253 461 2312 foeditatem
480 2251 550 2329 (uisi
571 2252 621 2310 ubi
644 2252 795 2332 palpabilis
816 2256 873 2325 est)
886 2251 1011 2327 ddum
1031 2263 1062 2341 et
1080 2249 1219 2331 speciosis

114 2330 278 2401 menibus
297 2327 439 2389 inducere
457 2349 573 2406 suuper
592 2350 661 2387 caro
683 2328 819 2404 molitur,
846 2329 927 2406 qarod
948 2340 1011 2401 erat
1030 2350 1061 2387 ur
1082 2348 1219 2406 unoquo-

115 2420 158 2491 ῃ
170 2406 399 2489 transgressionis
419 2423 529 2486 genere
550 2404 789 2463 deterrimum.et
808 2404 1054 2477 scelestissimum,
1074 2400 1220 2482 exempli·
1285 2440 1292 2451 ι

115 2478 212 2542 tuloeo
230 2482 396 2562 proposuit,
416 2482 498 2541 cuius
518 2480 553 2539 ad
574 2482 708 2540 anditum
728 2502 828 2541 sensus
850 2499 968 2559 quoqne
989 2479 1219 2554 exhorresceret,

114 2558 302 2633 tltnaiorem
330 2559 444 2637 peccati
463 2556 620 2617 cuiuslibet
645 2558 868 2617 detestationem
896 2557 1000 2627 arrianis
1028 2558 1137 2616 nostris
1163 2556 1218 2617 im·

112 2631 232 2709 utheret.
268 2636 338 2694 lloc
359 2636 445 2694 nobis
464 2635 592 2713 imponit
610 2635 725 2712 saepius
746 2635 775 2704 ir)
796 2634 982 2693 aestimandis
1001 2634 1091 2693 vitiis:
1114 2632 1218 2712 quodsi

112 2708 209 2770 bellora
224 2723 302 2785 sunt,
324 2712 478 2770 elevamus.
517 2711 577 2769 llas
602 2711 779 2788 praestigias
795 2710 942 2767 llomiuus
966 2710 1100 2784 discutit,
1129 2730 1217 2787 quum

71 2846 74 2851 .
114 2802 152 2843 nos
165 2787 308 2848 assuefacit
327 2789 490 2847 universam
511 2787 648 2845 vitiorum
669 2788 887 2847 multitudinem
908 2788 942 2843 ad
965 2786 1034 2845 baec
1055 2787 1150 2862 capita
1171 2806 1217 2844 re·

70 2896 74 2903 ·
114 2854 179 2949 ltus,
194 2886 264 2943 qnae
283 2868 397 2943 optime
417 2876 557 2955 quantum
577 2863 616 2921 sit
635 2865 664 2921 in
686 2884 867 2941 ursoquoqne
890 2882 1000 2942 genere
1019 2860 1218 2921 abominatio-

115 2952 376 3019 urepraesentant.
414 2940 546 3017 buerrrpli
565 2941 674 3020 gratia,
704 2946 746 2999 ira
766 2952 797 2998 ct
821 2940 921 2997 odium
942 2959 1002 2997 non
1025 2938 1116 3016 usque
1140 2926 1215 2997 adeo

118 3019 254 3077 usmeta
286 3029 426 3096 putantur
450 3016 539 3090 mala,
566 3038 654 3094 quum
684 3017 742 3075 suis
769 3015 938 3074 nominibus
958 3013 1167 3104 appellantium,
1184 3026 1218 3079 ‚at

119 3104 181 3163 tu
195 3094 408 3154 interdicuntur
426 3094 513 3152 nobis
531 3093 585 3151 sub
609 3092 758 3151 bomicidii
780 3098 915 3164 nomine,
943 3095 1046 3150 rrrelrns
1074 3087 1216 3172 intelligi-

120 3180 270 3247 luqnsota
288 3173 350 3230 sint
368 3171 399 3230 in
419 3169 640 3229 abominatione
665 3170 743 3247 apud
763 3168 877 3241 Deum,
904 3170 985 3227 cuius
1006 3168 1137 3235 roceio
1159 3180 1215 3229 tam

122 3232 223 3307 ltttttdi
239 3247 345 3328 flagitii
365 3246 499 3307 ordinem
519 3246 705 3305 reiiciuntur:
739 3258 826 3324 atque
847 3246 917 3324 ipsi,
932 3245 1045 3304 'indicio
1067 3245 1133 3311 eice.
1147 3266 1216 3323 per-

122 3318 180 3393 Ιθῑί,
192 3322 369 3393 delictorum,
390 3342 465 3404 quae
484 3323 564 3403 prius
585 3321 658 3383 levia
678 3321 870 3397 videbantur,
886 3322 1059 3402 grauitatem
1079 3316 1216 3401 appuescl-

123 3400 262 3461 nudus
284 3412 433 3490 reputare.
1140 3444 1143 3449 .

70 3498 74 3508 ·
120 3540 127 3555 ,
174 3482 209 3537 ll.
238 3480 348 3537 Tertio
373 3474 442 3535 loco
463 3496 544 3543 conss

117 3546 198 3609 ttduas
212 3553 326 3615 tabulas
345 3553 481 3634 partitio:
501 3574 622 3629 spirarum
644 3572 705 3609 non
726 3551 777 3611 abs
798 3558 1036 3611 renen-temere
1052 3552 1216 3627 subinnuens

72 3642 79 3651 ·
115 3626 260 3701 uncturam
282 3629 439 3710 aliquoties
465 3629 569 3691 lactum
598 3649 660 3685 esse
681 3647 788 3687 omnes
810 3628 873 3686 sani
892 3627 1073 3689 iudicabunt.
1122 3628 1164 3697 ¹lit
1185 3628 1213 3683 in

111 3716 314 3829 prmpturausa
335 3718 388 3778 est,
400 3726 475 3784 quae
488 3704 643 3783 arrrbiguos
663 3724 718 3762 nos
738 3704 775 3773 de
796 3702 848 3762 bac
868 3725 900 3775 re
920 3724 1038 3762 manere
1058 3724 1120 3761 non
1140 3702 1216 3766 sinit.

122 3780 205 3842 tduas
221 3785 302 3841 cuim
323 3794 438 3862 partes,
458 3781 563 3860 quibus
586 3793 645 3839 tota
667 3779 838 3837 criminetur
858 3780 981 3853 institia,
1005 3780 1117 3915 Lepem
1134 3800 1216 3839 suam

549 3474 721 3541 urrunnu,
742 3454 811 3551 uu·
831 3440 1217 3555 iur'ii'iri'mnae'cega

109 3850 233 3919 riedirisit
252 3860 347 3931 Deus,
367 3871 398 3917 ut
419 3858 548 3938 priorem
569 3858 721 3936 religionis
741 3856 859 3933 ofliciis,
879 3878 953 3935 quae
973 3875 1047 3934 pecu
1061 3855 1162 3913 iaritec
1181 3856 1216 3929 ad

108 3932 205 4017 ”fuluis
222 3939 267 3997 sui
287 3936 398 3995 cultum
418 3934 580 4024 pertinent,
600 3935 721 4021 alteram
738 3932 1089 4023 officiis·e:rr·itatis„qrrae
1110 3931 1148 4005 in,
1162 3928 1217 4001 bo-

106 4014 356 4093 murespicinnt,
376 4024 572 4089 assignaverit.
612 4011 742 4075 l’raorurn
760 4030 829 4068 sane
849 4022 977 4068 institiae
993 4011 1215 4082 tundamentum

69 4132 73 4139 -
106 4086 200 4147 “illel
219 4090 330 4150 cultus:
349 4110 410 4169 quo
430 4108 551 4159 eversa,
570 4087 681 4164 reliqua
703 4088 800 4144 trrrrnia
819 4086 946 4145 institiae
967 4087 1116 4161 membra„
1137 4082 1211 4143 vietur

61 4186 65 4211 ¹
106 4156 185 4249 Ιί’.ώί
204 4166 387 4246 collapsique
406 4164 531 4225 aedilicii
552 4176 658 4241 partes,
680 4163 774 4221 lacera
795 4176 825 4220 et
841 4164 976 4241 alissipnta
995 4176 1089 4231 snut.¹
1112 4152 1215 4234 (Qualis

107 4254 162 4299 ‘ltu
176 4241 305 4303 iustitiae
325 4262 388 4302 esse
399 4242 488 4314 dices,
509 4242 589 4319 spraud
610 4240 742 4305 bondnes
763 4262 825 4299 uon
841 4259 921 4303 vexas
942 4238 1025 4297 luatis
1044 4262 1078 4313 ae
1093 4238 1217 4321 ¹papiriis,

109 4328 185 4395 ttper
207 4319 383 4381 sceleratum
416 4316 599 4399 sacrilegium
633 4316 749 4375 interim
772 4317 828 4374 trei
851 4315 1030 4374 nraiestatem
1051 4338 1101 4375 sua
1122 4313 1216 4397 gloria
