2700 4732
108 212 168 279 πω
488 202 564 265 Llo.
584 202 625 264 ll.
665 203 753 265 CAP.
774 202 859 303 vll.

112 364 191 428 rent,
210 348 257 415 rel
275 348 377 412 utrem
397 368 484 430 quem
504 368 628 430 operum
646 368 767 410 snorum
786 346 973 408 meditationi
991 346 1198 427 peculiariter=

111 440 194 506 rent,
209 439 245 487 ut
262 427 317 489 hac
335 427 588 488 recordationead
605 426 742 507 pietatem
753 436 979 488 exercerentur..
1007 423 1126 499 Tertio,
1144 446 1198 499 ser

113 519 144 567 ct
162 505 197 567 iis
210 506 259 585 qui
279 504 333 565 sub
353 503 476 564 aliorum
491 504 633 639 degerent
652 503 789 637 imperio,
807 503 914 582 qnietis
935 500 1012 561 diem
1020 500 1196 584 aindulgend

112 582 237 657 censuit,
256 580 336 715 qpod
355 581 480 659 aliquam
499 580 535 640 ha
559 591 643 641 erent
662 600 678 639 a

709 579 800 637 abore
821 578 1029 638 remissionem.

290 656 356 735 llam
376 669 474 717 tamen
498 655 652 736 spiritualis
692 656 776 714 arietis
801 655 1054 714 adumbrationem
1076 653 1197 734 primati

112 737 145 797 in
164 735 286 795 sabbato
306 733 404 794 locum
424 732 568 808 tenuisse,
592 677 779 791 nrultilariam
800 731 995 808 docemur*).
1045 730 1164 792 Nullius
1183 731 1198 791 l

110 815 134 873 si
159 813 254 871 uidem
279 811 430 892 praecepti
455 809 654 869 obedientiam
678 808 805 867 severius
828 808 974 866 Dominus
1000 808 1097 901 exigit.
1144 808 1196 883 Qu

110 835 277 952 subversam
297 907 414 948 ornnem
434 887 609 969 religionem
628 885 691 945 vult
710 885 786 966 apud
799 883 963 963 Prophetas
981 886 1160 966 significare,
1178 907 1198 964 p

111 966 184 1041 luta,
202 964 319 1040 violata,
339 984 400 1023 non
420 964 578 1036 custodita,
597 982 658 1022 nou
678 960 852 1020 sanctificata
873 980 922 1020 sna
942 960 1065 1020 sabbata
1084 982 1198 1041 conqnt

109 1056 173 1104 tur:
205 1043 302 1122 quasi,
331 1039 438 1100 omisso
466 1038 524 1098 hoc
550 1037 710 1117 obsequio,
744 1036 816 1095 nihil
846 1036 967 1116 amplius
987 1048 1112 1096 restaret
1131 1038 1198 1119 inq

109 1130 212 1201 posset
231 1115 379 1177 bonorari.
422 1115 492 1176 Eius
512 1106 724 1175 observantiam
745 1112 854 1172 eximiis
875 1114 1014 1174 encomiis
1038 1113 1198 1195 prosequio

111 1195 241 1256 undeet
262 1192 380 1265 fideles,
410 1192 489 1251 inter
512 1191 565 1251 alia
589 1189 722 1262 oracula,
752 1189 865 1249 sabbati
891 1190 1097 1251 revelationem
1123 1190 1198 1251 mirll

110 1270 312 1332 aestimabant.
351 1268 401 1329 Sic
421 1268 500 1327 enim
521 1269 684 1347 loquuntur
700 1267 820 1326 Levitae
840 1266 916 1345 apud
936 1264 1114 1341 lh'ehemiab,
1135 1268 1198 1329 int

111 1346 193 1409 leoni
212 1345 459 1429 congregatione:
489 1344 675 1420 „ostendisti
699 1343 831 1422 patribus
857 1344 967 1403 nostris
985 1343 1142 1411 sabbatum
1161 1354 1198 1405 tu¹

110 1434 274 1502 ‚punctum
291 1421 425 1481 nrandata
446 1431 476 1479 et
495 1420 677 1481 ceremonias
696 1433 726 1479 et
739 1420 849 1501 Legem
870 1420 976 1480 dedisti
993 1420 1036 1480 eis
1054 1439 1109 1500 per
1129 1442 1196 1481 man

110 1499 255 1578 „hlosis.“
293 1498 384 1557 Vides
409 1508 443 1557 ut
465 1496 605 1578 singulari
633 1497 802 1590 dignatione
828 1495 969 1556 habeatur
990 1496 1070 1555 inter
1088 1516 1196 1577 praece

95 1577 210 1638 'omnia
229 1574 326 1655 Legis.
370 1574 457 1647 Quae
481 1573 577 1635 omnia
625 1585 754 1633 ertment
772 1574 806 1632 ad
828 1572 1086 1633 commendandam
1114 1584 1198 1654 mystt

111 1653 296 1753 dignitatem,
316 1650 395 1731 qnod
415 1671 430 1710 a
449 1651 533 1710 Mose
554 1660 584 1709 et
602 1594 758 1710 haechiele
777 1648 954 1741 prrlcerrime
973 1648 1154 1729 exprimitur.
1194 1658 1198 1707 t

113 1730 201 1791 hanes
228 1729 260 1787 iu
291 1726 394 1787 Exodo
424 1728 698 1805 (31,13.-17.):
740 1725 870 1798 „hidete
899 1738 932 1785 ut
964 1724 1117 1786 sabbatum
1146 1746 1198 1786 met

111 1803 319 1883 „custodiatis,
347 1803 412 1883 quia
432 1804 545 1885 signum
566 1813 610 1862 est
636 1803 778 1862 interme
799 1815 829 1861 et
849 1822 915 1876 vos,
945 1802 976 1860 in
1000 1800 1198 1883 generationil

54 1914 61 1926 =
110 1882 248 1959 „testrisz
280 1891 314 1940 nt
344 1879 439 1940 sciatis
465 1879 545 1960 quod
570 1897 627 1961 ego
652 1878 902 1951 sum-Dominus,
928 1879 979 1959 qui
1005 1880 1159 1941 sanctifico
1184 1900 1198 1939 s

109 1957 290 2037 „Custodite
318 1957 485 2017 sabbatum:
517 1968 648 2015 sanctum
677 1967 720 2015 est
749 1955 939 2015 enimvobis.
983 1955 1167 2016 custodiant
1192 1964 1198 2015 l

110 2035 223 2114 „lsrael
241 2032 405 2107 sabbatum,
425 2045 455 2092 et
474 2031 625 2092 celebrent
646 2032 716 2092 illud
736 2032 766 2091 in
779 2030 1020 2114 generationibus
1031 2032 1107 2092 auis:
1127 2044 1198 2115 pach

124 2124 179 2185 ,est
197 2110 408 2203 sempiternum
428 2110 506 2168 inter
524 2128 572 2167 me
593 2121 623 2169 et
641 2109 716 2169 lilios
730 2106 830 2181 lsrael,
850 2109 1024 2191 signumque
1036 2122 1198 2189 perpetuam

137 2188 214 2249 usius
234 2200 391 2247 etiamnum
405 2184 541 2244 Ezechiel
558 2187 709 2263 (20,12.):
730 2185 811 2245 cuius
831 2197 928 2245 tamen
948 2206 1060 2246 summa
1079 2186 1139 2247 huc
1157 2206 1198 2247 ret

111 2285 174 2325 esse
192 2264 224 2322 in
242 2264 375 2345 signum,
394 2282 453 2342 quo
474 2260 564 2320 Israel
584 2272 793 2343 cognosceret,
811 2260 908 2321 Deum
929 2280 991 2322 esse
1009 2282 1093 2321 suum
1115 2274 1198 2324 sanet

110 2353 250 2403 satorem.
289 2339 322 2398 Si
340 2337 533 2399 sanctificatio
558 2350 658 2400 nostra
682 2339 819 2417 propriae
838 2337 995 2399 voluntatis
1014 2338 1198 2401 mortificatio

110 2427 240 2490 constat,
271 2414 329 2475 iam
348 2435 380 2476 se
408 2413 523 2493 profert
546 2414 692 2492 aptissima
715 2416 790 2495 signi
810 2417 921 2474 externi
941 2436 1005 2475 cum
1031 2434 1065 2474 re
1084 2416 1147 2497 ipsa
1165 2416 1198 2477 itt

109 2494 182 2553 riori
202 2491 349 2573 analogia.
389 2491 610 2566 Quiescendum
631 2492 753 2551 omnino
774 2503 834 2562 est,
858 2503 890 2550 ut
909 2490 990 2550 Deus
1010 2492 1042 2549 in
1062 2494 1198 2573 nobisaot

109 2581 206 2640 retur:
238 2567 401 2628 cedendum
420 2567 572 2626 voluntate
591 2579 705 2639 nostra,
735 2568 792 2627 resi
816 2566 943 2626 nandum
964 2588 1033 2641 cor,
1063 2567 1198 2629 abdicant

110 2657 232 2707 cunctae
262 2645 356 2704 carnis
389 2644 570 2723 cupiditates.
621 2643 760 2723 Denique
791 2587 951 2703 lhriandum
977 2655 1021 2702 est
1047 2643 1082 2703 ab
1104 2644 1198 2705 omoil

108 2722 223 2815 proprii
242 2720 354 2804 ingenii
374 2721 495 2794 muniis,
516 2731 548 2779 ut
565 2719 662 2779 Deum
683 2719 822 2780 habentes
843 2720 871 2779 iu
893 2720 979 2779 nobis
999 2732 1192 2800 operantem,

105 2820 172 2879 apso
193 2798 425 2878 acquiescamus,
450 2796 695 2876 quemadmodum
715 2796 876 2876 Apostolus
900 2816 1020 2877 quoque
1040 2796 1132 2859 docet
1148 2798 1198 2877 (lh

108 2882 142 2951 3,
176 2882 254 3017 {of
273 2874 448 3030 l'erpbtuam
461 2948 544 3009 burn
558 2949 749 3011 cessationem
763 2948 880 3009 ludaeis
898 2948 1137 3028 repraesentabat
1155 2972 1195 3012 un

109 3028 178 3088 diei.
193 3047 229 3087 cx
250 3026 379 3107 septenis
399 3027 581 3087 observatio:
614 3046 689 3105 quae
719 3036 767 3111 ut,
782 3025 885 3084 maiori
911 3026 1057 3106 religione
1082 3026 1198 3090 coleret

108 3124 171 3165 earn
192 3103 324 3182 exemplo
344 3122 398 3163 auo
418 3103 562 3163 Dominus
583 3101 805 3175 commendavit
855 3102 923 3162 Non
951 3104 1029 3161 enim
1054 3103 1091 3163 ad
1111 3104 1198 3165 exeita

108 3180 177 3239 dum
197 3179 324 3239 hominis
342 3178 469 3238 studium
490 3179 678 3240 mediocriter
697 3179 790 3253 valet,
810 3189 843 3236 ut
861 3198 893 3237 se
913 3178 947 3237 ad
969 3179 1121 3242 Crantoris
1143 3182 1198 3243 imit

107 3257 220 3317 tionem
242 3254 367 3315 tendere
390 3255 514 3315 noverit.
559 3255 591 3314 Si
615 3256 680 3333 quis
704 3275 837 3315 arcanam
863 3253 899 3313 ali
923 3276 987 3313 uam
1017 3257 1050 3313 in
1072 3258 1198 3337 septeoat

107 3350 233 3391 numero
251 3329 494 3412 significationem
506 3331 646 3410 requirat,
666 3332 782 3410 quando
796 3330 843 3391 hie
863 3275 1060 3411 inbcriptura
1078 3332 1198 3411 perlecti

107 3408 153 3468 nit
172 3416 217 3467 est
235 3425 389 3479 numerus,
414 3426 473 3465 non
494 3407 557 3467 sine
577 3426 658 3466 causa
678 3404 807 3466 delectus
827 3418 871 3467 est
889 3407 925 3467 ad
952 3408 1113 3470 notandam
1132 3430 1198 3491 perp

106 3483 251 3544 tuitatem.
291 3482 348 3541 Cui
366 3494 397 3541 et
415 3482 486 3541 illud
505 3482 692 3564 suffragatur,
712 3483 791 3562 quod
807 3482 904 3542 hloses
922 3482 953 3542 in
974 3482 1039 3557 die,
1059 3506 1120 3565 qno
1139 3504 1198 3547 nart

107 3558 284 3639 requievisse
302 3558 463 3618 Dominum
483 3559 518 3620 ab
540 3560 679 3640 operibus
698 3561 766 3634 suis,
785 3558 873 3618 finem
895 3559 1108 3623 describendae
1126 3562 1198 3623 diest

106 3657 140 3696 ac
159 3635 290 3695 noctium
310 3635 502 3697 successionis
521 3636 600 3697 lacit.
650 3637 754 3696 Potest
778 3648 808 3695 et
834 3634 924 3697 altera
951 3637 1115 3717 probabilia
1137 3638 1198 3700 aflet

107 3712 221 3771 numeri
241 3712 370 3773 notatio:
391 3712 470 3791 quod
490 3713 603 3773 scilicet
622 3712 780 3794 designarit
798 3712 956 3787 Dominus,
981 3735 1041 3772 nun
1065 3736 1131 3776 uam
1150 3714 1198 3777 aba

105 3787 200 3848 lutum
221 3787 286 3849 iore
305 3786 469 3862 sabbatum,
488 3789 585 3849 donec
605 3800 723 3848 rentum
743 3788 778 3847 ad
798 3789 933 3848 ultimum
953 3788 1030 3849 diem
1044 3736 1152 3853 luerit.
1172 3792 1198 3851 lh

105 3876 195 3926 stram
216 3865 294 3924 euim
319 3865 351 3923 in
376 3864 428 3925 illo
453 3865 568 3924 beatam
588 3865 716 3944 quietem
737 3864 785 3923 hic
807 3864 987 3937 inchoamus,
1018 3866 1050 3925 in
1076 3888 1111 3928 ea
1142 3888 1198 3929 nott

106 3941 240 4021 qnotidie
259 3960 429 4022 progressus
449 3940 583 4002 facimus:
602 3941 653 4001 sed
666 3941 734 4020 quia
753 3940 865 4003 assidua
884 3953 930 4002 est
948 3942 1043 4003 adhuc
1063 3967 1129 4006 cum
1149 3962 1198 4005 ean

105 4016 224 4094 militia,
252 4038 314 4080 non
343 4018 425 4097 prius
450 4016 716 4094 consummabitur,
736 4038 821 4097 quam
840 4018 1012 4098 implebitur
1034 4019 1107 4081 illud
1126 4016 1198 4081 luat.

172 4272 187 4303 ⁴
216 4264 397 4331 hamtona
418 4264 511 4319 Erech.
527 4267 570 4332 20,
587 4268 626 4325 12
644 4267 727 4331 «2122,
743 4266 767 4322 8.
785 4270 868 4332 et23‚
884 4270 926 4325 ³8.
952 4270 1002 4324 ler.
1018 4272 1061 4335 tt,
1077 4270 1120 4327 ot.
1134 4264 1198 4324 Μ

8 4346 22 4361 ·
103 4328 151 4387 lea.
199 4334 246 4399 ‚2
272 4334 478 4401 helmstat
