<?xml version="1.0" encoding="UTF-8"?>
<!DOCTYPE html PUBLIC "-//W3C//DTD XHTML 1.0 Transitional//EN"
    "http://www.w3.org/TR/xhtml1/DTD/xhtml1-transitional.dtd">
<html xmlns="http://www.w3.org/1999/xhtml" xml:lang="en" lang="en">
 <head>
  <title>
</title>
<meta http-equiv="Content-Type" content="text/html;charset=utf-8" />
  <meta name='ocr-system' content='tesseract 3.04.00' />
  <meta name='ocr-capabilities' content='ocr_page ocr_carea ocr_par ocr_line ocrx_word'/>
</head>
<body>
  <div class='ocr_page' id='page_1' title='image "./ioanniscalvinii02tholgoog/ioanniscalvinii02tholgoog_0073.png"; bbox 0 0 2596 4726; ppageno 0'>
   <div class='ocr_carea' id='block_1_1' title="bbox 126 208 860 277">
    <p class='ocr_par' dir='ltr' id='par_1_1' title="bbox 126 208 860 277">
     <span class='ocr_line' id='line_1_1' title="bbox 126 208 860 277; baseline -0.004 0"><span class='ocrx_word' id='word_1_1' title='bbox 126 214 168 277; x_wconf 71' lang='lat' dir='ltr'>dl)</span> <span class='ocrx_word' id='word_1_2' title='bbox 521 208 599 275; x_wconf 79' lang='lat' dir='ltr'>tut.</span> <span class='ocrx_word' id='word_1_3' title='bbox 617 210 644 273; x_wconf 90' lang='lat'>1.</span> <span class='ocrx_word' id='word_1_4' title='bbox 682 210 771 275; x_wconf 79' lang='lat' dir='ltr'><strong>CAP.</strong></span> <span class='ocrx_word' id='word_1_5' title='bbox 789 210 860 274; x_wconf 83' lang='lat' dir='ltr'>vn.</span> 
     </span>
    </p>
   </div>
   <div class='ocr_carea' id='block_1_2' title="bbox 15 352 1297 4336">
    <p class='ocr_par' dir='ltr' id='par_1_2' title="bbox 126 352 1260 492">
     <span class='ocr_line' id='line_1_2' title="bbox 126 352 1260 491; baseline 0.004 -78"><span class='ocrx_word' id='word_1_6' title='bbox 126 352 272 491; x_wconf 70' lang='lat' dir='ltr'>pplqione</span> <span class='ocrx_word' id='word_1_7' title='bbox 301 354 545 439; x_wconf 80' lang='lat' dir='ltr'>acquiescendum</span> <span class='ocrx_word' id='word_1_8' title='bbox 575 375 657 434; x_wconf 84' lang='lat' dir='ltr'>esse,</span> <span class='ocrx_word' id='word_1_9' title='bbox 685 356 738 420; x_wconf 85' lang='lat' dir='ltr'>red</span> <span class='ocrx_word' id='word_1_10' title='bbox 768 368 850 420; x_wconf 85' lang='lat' dir='ltr'>certa</span> <span class='ocrx_word' id='word_1_11' title='bbox 878 366 909 419; x_wconf 88' lang='lat' dir='ltr'>et</span> <span class='ocrx_word' id='word_1_12' title='bbox 938 354 1033 419; x_wconf 86' lang='lat' dir='ltr'>rolida</span> <span class='ocrx_word' id='word_1_13' title='bbox 1060 352 1186 419; x_wconf 80' lang='lat' dir='ltr'>reritrte</span> <span class='ocrx_word' id='word_1_14' title='bbox 1213 354 1260 417; x_wconf 83' lang='lat' dir='ltr'>ui·</span> 
     </span>
     <span class='ocr_line' id='line_1_3' title="bbox 161 452 262 492; baseline 0.01 -1"><span class='ocrx_word' id='word_1_15' title='bbox 161 452 179 491; x_wconf 90' lang='lat' dir='ltr'>u</span> <span class='ocrx_word' id='word_1_16' title='bbox 203 454 262 492; x_wconf 87' lang='lat' dir='ltr'>um.</span> 
     </span>
    </p>

    <p class='ocr_par' dir='ltr' id='par_1_3' title="bbox 27 507 1260 1179">
     <span class='ocr_line' id='line_1_4' title="bbox 202 507 1259 591; baseline 0.001 -20"><span class='ocrx_word' id='word_1_17' title='bbox 202 515 231 571; x_wconf 82' lang='lat' dir='ltr'>d.</span> <span class='ocrx_word' id='word_1_18' title='bbox 269 508 446 571; x_wconf 79' lang='lat' dir='ltr'><strong>Tenendum</strong></span> <span class='ocrx_word' id='word_1_19' title='bbox 466 509 544 591; x_wconf 91' lang='lat' dir='ltr'>quod</span> <span class='ocrx_word' id='word_1_20' title='bbox 563 530 659 589; x_wconf 80' lang='lat' dir='ltr'>nuper</span> <span class='ocrx_word' id='word_1_21' title='bbox 678 509 753 585; x_wconf 83' lang='lat' dir='ltr'>diri,</span> <span class='ocrx_word' id='word_1_22' title='bbox 782 530 845 571; x_wconf 87' lang='lat' dir='ltr'>nou</span> <span class='ocrx_word' id='word_1_23' title='bbox 869 521 940 572; x_wconf 87' lang='lat' dir='ltr'>aute</span> <span class='ocrx_word' id='word_1_24' title='bbox 962 507 1086 572; x_wconf 85' lang='lat' dir='ltr'>stabiliri</span> <span class='ocrx_word' id='word_1_25' title='bbox 1104 508 1259 571; x_wconf 86' lang='lat' dir='ltr'>doctrinae</span> 
     </span>
     <span class='ocr_line' id='line_1_5' title="bbox 126 582 1260 667; baseline 0.005 -26"><span class='ocrx_word' id='word_1_26' title='bbox 126 582 233 659; x_wconf 84' lang='lat' dir='ltr'>fidem,</span> <span class='ocrx_word' id='word_1_27' title='bbox 286 608 349 647; x_wconf 85' lang='lat' dir='ltr'>uam</span> <span class='ocrx_word' id='word_1_28' title='bbox 381 586 469 648; x_wconf 86' lang='lat' dir='ltr'>uubis</span> <span class='ocrx_word' id='word_1_29' title='bbox 499 586 621 647; x_wconf 79' lang='lat' dir='ltr'>indubie</span> <span class='ocrx_word' id='word_1_30' title='bbox 654 606 820 667; x_wconf 85' lang='lat' dir='ltr'>persuasum</span> <span class='ocrx_word' id='word_1_31' title='bbox 851 587 889 649; x_wconf 85' lang='lat' dir='ltr'>eit</span> <span class='ocrx_word' id='word_1_32' title='bbox 922 598 1074 648; x_wconf 78' lang='lat' dir='ltr'>auctorem</span> <span class='ocrx_word' id='word_1_33' title='bbox 1103 586 1167 647; x_wconf 78' lang='lat' dir='ltr'>eius</span> <span class='ocrx_word' id='word_1_34' title='bbox 1195 604 1260 647; x_wconf 78' lang='lat' dir='ltr'>este</span> 
     </span>
     <span class='ocr_line' id='line_1_6' title="bbox 126 608 1259 745; baseline 0.004 -24"><span class='ocrx_word' id='word_1_35' title='bbox 126 659 236 721; x_wconf 84' lang='lat' dir='ltr'>Deum.</span> <span class='ocrx_word' id='word_1_36' title='bbox 264 608 378 743; x_wconf 71' lang='lat' dir='ltr'>ltaque</span> <span class='ocrx_word' id='word_1_37' title='bbox 396 684 513 727; x_wconf 83' lang='lat' dir='ltr'>tumma·</span> <span class='ocrx_word' id='word_1_38' title='bbox 525 662 697 743; x_wconf 86' lang='lat' dir='ltr'>Scripturae</span> <span class='ocrx_word' id='word_1_39' title='bbox 716 663 853 743; x_wconf 87' lang='lat' dir='ltr'>probatio</span> <span class='ocrx_word' id='word_1_40' title='bbox 872 667 976 745; x_wconf 83' lang='lat' dir='ltr'>passim</span> <span class='ocrx_word' id='word_1_41' title='bbox 996 683 1012 724; x_wconf 88' lang='lat' dir='ltr'>a</span> <span class='ocrx_word' id='word_1_42' title='bbox 1032 662 1091 723; x_wconf 86' lang='lat' dir='ltr'>Dei</span> <span class='ocrx_word' id='word_1_43' title='bbox 1109 662 1259 743; x_wconf 85' lang='lat' dir='ltr'>loquentia</span> 
     </span>
     <span class='ocr_line' id='line_1_7' title="bbox 124 736 1259 832; baseline 0.002 -35"><span class='ocrx_word' id='word_1_44' title='bbox 124 756 254 817; x_wconf 85' lang='lat' dir='ltr'>persona</span> <span class='ocrx_word' id='word_1_45' title='bbox 269 744 402 805; x_wconf 79' lang='lat' dir='ltr'>sumitur.</span> <span class='ocrx_word' id='word_1_46' title='bbox 443 740 514 799; x_wconf 87' lang='lat' dir='ltr'>Non</span> <span class='ocrx_word' id='word_1_47' title='bbox 538 741 648 799; x_wconf 86' lang='lat' dir='ltr'>iactant</span> <span class='ocrx_word' id='word_1_48' title='bbox 666 739 836 819; x_wconf 77' lang='lat' dir='ltr'>Prophetae</span> <span class='ocrx_word' id='word_1_49' title='bbox 862 752 892 799; x_wconf 90' lang='lat' dir='ltr'>et</span> <span class='ocrx_word' id='word_1_50' title='bbox 910 738 1049 832; x_wconf 76' lang='lat' dir='ltr'>Apostoll</span> <span class='ocrx_word' id='word_1_51' title='bbox 1066 736 1117 799; x_wconf 82' lang='lat' dir='ltr'>rel</span> <span class='ocrx_word' id='word_1_52' title='bbox 1135 756 1259 815; x_wconf 71' lang='lat' dir='ltr'>amuco</span> 
     </span>
     <span class='ocr_line' id='line_1_8' title="bbox 124 813 1259 895; baseline 0.002 -22"><span class='ocrx_word' id='word_1_53' title='bbox 124 832 229 892; x_wconf 79' lang='lat' dir='ltr'>suum,</span> <span class='ocrx_word' id='word_1_54' title='bbox 258 814 305 877; x_wconf 82' lang='lat' dir='ltr'>vel</span> <span class='ocrx_word' id='word_1_55' title='bbox 351 835 463 877; x_wconf 83' lang='lat' dir='ltr'>uascuu</span> <span class='ocrx_word' id='word_1_56' title='bbox 487 834 524 875; x_wconf 92' lang='lat' dir='ltr'>ue</span> <span class='ocrx_word' id='word_1_57' title='bbox 543 815 630 876; x_wconf 87' lang='lat' dir='ltr'>tidem</span> <span class='ocrx_word' id='word_1_58' title='bbox 654 813 842 895; x_wconf 74' lang='lat' dir='ltr'>loquentibus</span> <span class='ocrx_word' id='word_1_59' title='bbox 867 815 1040 891; x_wconf 70' lang='lat' dir='ltr'>curculione,</span> <span class='ocrx_word' id='word_1_60' title='bbox 1069 834 1169 895; x_wconf 85' lang='lat' dir='ltr'>neque</span> <span class='ocrx_word' id='word_1_61' title='bbox 1186 814 1259 875; x_wconf 82' lang='lat' dir='ltr'>iuti-</span> 
     </span>
     <span class='ocr_line' id='line_1_9' title="bbox 124 836 1258 972; baseline 0.004 -24"><span class='ocrx_word' id='word_1_62' title='bbox 124 900 208 951; x_wconf 82' lang='lat' dir='ltr'>rtunt</span> <span class='ocrx_word' id='word_1_63' title='bbox 227 836 403 955; x_wconf 77' lang='lat' dir='ltr'>rationibus:</span> <span class='ocrx_word' id='word_1_64' title='bbox 427 836 484 953; x_wconf 75' lang='lat' dir='ltr'>scri</span> <span class='ocrx_word' id='word_1_65' title='bbox 498 913 612 953; x_wconf 83' lang='lat' dir='ltr'>sacrum</span> <span class='ocrx_word' id='word_1_66' title='bbox 630 891 688 951; x_wconf 90' lang='lat' dir='ltr'>Dei</span> <span class='ocrx_word' id='word_1_67' title='bbox 709 913 817 954; x_wconf 89' lang='lat' dir='ltr'>numen</span> <span class='ocrx_word' id='word_1_68' title='bbox 837 894 1011 972; x_wconf 75' lang='lat' dir='ltr'>proferunt,</span> <span class='ocrx_word' id='word_1_69' title='bbox 1029 910 1091 972; x_wconf 90' lang='lat' dir='ltr'>quo</span> <span class='ocrx_word' id='word_1_70' title='bbox 1110 890 1149 952; x_wconf 92' lang='lat' dir='ltr'>ad</span> <span class='ocrx_word' id='word_1_71' title='bbox 1169 888 1258 953; x_wconf 73' lang='lat' dir='ltr'>obte-</span> 
     </span>
     <span class='ocr_line' id='line_1_10' title="bbox 125 966 1257 1049; baseline 0.002 -24"><span class='ocrx_word' id='word_1_72' title='bbox 125 966 228 1045; x_wconf 88' lang='lat' dir='ltr'>quium</span> <span class='ocrx_word' id='word_1_73' title='bbox 248 979 372 1049; x_wconf 75' lang='lat' dir='ltr'>cogatur</span> <span class='ocrx_word' id='word_1_74' title='bbox 389 979 469 1028; x_wconf 88' lang='lat' dir='ltr'>totus</span> <span class='ocrx_word' id='word_1_75' title='bbox 488 968 624 1029; x_wconf 86' lang='lat' dir='ltr'>mundus.</span> <span class='ocrx_word' id='word_1_76' title='bbox 662 968 916 1030; x_wconf 84' lang='lat' dir='ltr'>Nuncridendum</span> <span class='ocrx_word' id='word_1_77' title='bbox 936 967 1088 1049; x_wconf 85' lang='lat' dir='ltr'>quomodo</span> <span class='ocrx_word' id='word_1_78' title='bbox 1107 988 1172 1028; x_wconf 78' lang='lat' dir='ltr'>uon</span> <span class='ocrx_word' id='word_1_79' title='bbox 1191 966 1257 1047; x_wconf 84' lang='lat' dir='ltr'>opi-</span> 
     </span>
     <span class='ocr_line' id='line_1_11' title="bbox 27 1041 1258 1179; baseline -0.002 -74"><span class='ocrx_word' id='word_1_80' title='bbox 27 1054 33 1061; x_wconf 92' lang='lat'>&#39;</span> <span class='ocrx_word' id='word_1_81' title='bbox 79 1122 85 1141; x_wconf 38' lang='lat'>⁸</span> <span class='ocrx_word' id='word_1_82' title='bbox 123 1041 219 1105; x_wconf 80' lang='lat' dir='ltr'>trione</span> <span class='ocrx_word' id='word_1_83' title='bbox 239 1055 352 1135; x_wconf 64' lang='lat' dir='ltr'>tanqum</span> <span class='ocrx_word' id='word_1_84' title='bbox 372 1043 550 1179; x_wconf 56' lang='lat' dir='ltr'>probabili,</span> <span class='ocrx_word' id='word_1_85' title='bbox 568 1043 619 1103; x_wconf 87' lang='lat' dir='ltr'>sed</span> <span class='ocrx_word' id='word_1_86' title='bbox 639 1043 750 1125; x_wconf 88' lang='lat' dir='ltr'>liquida</span> <span class='ocrx_word' id='word_1_87' title='bbox 769 1046 891 1136; x_wconf 74' lang='lat' dir='ltr'>veritate</span> <span class='ocrx_word' id='word_1_88' title='bbox 911 1055 1025 1138; x_wconf 69' lang='lat' dir='ltr'>pateat,</span> <span class='ocrx_word' id='word_1_89' title='bbox 1049 1064 1113 1136; x_wconf 72' lang='lat' dir='ltr'>nou</span> <span class='ocrx_word' id='word_1_90' title='bbox 1132 1054 1258 1119; x_wconf 81' lang='lat' dir='ltr'>temere,</span> 
     </span>
    </p>

    <p class='ocr_par' dir='ltr' id='par_1_4' title="bbox 15 1118 1259 1957">
     <span class='ocr_line' id='line_1_12' title="bbox 122 1118 1258 1287; baseline 0 -34"><span class='ocrx_word' id='word_1_91' title='bbox 122 1118 1258 1287; x_wconf 55' lang='lat' dir='ltr'>titullttltt,,⁸²3¹l&#39;httth‘„¹¹n,¹tt¹¹„:¹,tzitttltz’tltttttss</span> 
     </span>
     <span class='ocr_line' id='line_1_13' title="bbox 124 1267 1256 1367; baseline -0.003 -36"><span class='ocrx_word' id='word_1_92' title='bbox 124 1282 177 1331; x_wconf 90' lang='lat' dir='ltr'>aut</span> <span class='ocrx_word' id='word_1_93' title='bbox 195 1271 349 1347; x_wconf 85' lang='lat' dir='ltr'>vacillent,</span> <span class='ocrx_word' id='word_1_94' title='bbox 375 1292 414 1330; x_wconf 92' lang='lat' dir='ltr'>ne</span> <span class='ocrx_word' id='word_1_95' title='bbox 438 1274 525 1332; x_wconf 87' lang='lat' dir='ltr'>etiam</span> <span class='ocrx_word' id='word_1_96' title='bbox 550 1271 694 1332; x_wconf 78' lang='lat' dir='ltr'>haesitent</span> <span class='ocrx_word' id='word_1_97' title='bbox 720 1273 755 1331; x_wconf 90' lang='lat' dir='ltr'>ad</span> <span class='ocrx_word' id='word_1_98' title='bbox 780 1273 918 1331; x_wconf 76' lang='lat' dir='ltr'>minimos</span> <span class='ocrx_word' id='word_1_99' title='bbox 938 1291 1071 1367; x_wconf 84' lang='lat' dir='ltr'>quosque</span> <span class='ocrx_word' id='word_1_100' title='bbox 1088 1267 1256 1351; x_wconf 80' lang='lat' dir='ltr'>scrupulos,</span> 
     </span>
     <span class='ocr_line' id='line_1_14' title="bbox 124 1344 1256 1427; baseline 0.002 -22"><span class='ocrx_word' id='word_1_101' title='bbox 124 1344 212 1407; x_wconf 86' lang='lat' dir='ltr'>altius</span> <span class='ocrx_word' id='word_1_102' title='bbox 223 1370 309 1427; x_wconf 84' lang='lat' dir='ltr'>quant</span> <span class='ocrx_word' id='word_1_103' title='bbox 329 1348 366 1408; x_wconf 87' lang='lat' dir='ltr'>ab</span> <span class='ocrx_word' id='word_1_104' title='bbox 387 1348 520 1408; x_wconf 83' lang='lat' dir='ltr'>humanis</span> <span class='ocrx_word' id='word_1_105' title='bbox 539 1345 588 1405; x_wconf 82' lang='lat' dir='ltr'>vel</span> <span class='ocrx_word' id='word_1_106' title='bbox 608 1347 781 1421; x_wconf 84' lang='lat' dir='ltr'>rationibus,</span> <span class='ocrx_word' id='word_1_107' title='bbox 801 1347 847 1407; x_wconf 80' lang='lat' dir='ltr'>uel</span> <span class='ocrx_word' id='word_1_108' title='bbox 866 1348 991 1421; x_wconf 79' lang='lat' dir='ltr'>iudiciis,</span> <span class='ocrx_word' id='word_1_109' title='bbox 1010 1346 1056 1407; x_wconf 83' lang='lat' dir='ltr'>vel</span> <span class='ocrx_word' id='word_1_110' title='bbox 1077 1344 1256 1408; x_wconf 66' lang='lat' dir='ltr'>coniecturis</span> 
     </span>
     <span class='ocr_line' id='line_1_15' title="bbox 146 1422 1256 1517; baseline 0 -34"><span class='ocrx_word' id='word_1_111' title='bbox 146 1426 253 1493; x_wconf 74' lang='lat' dir='ltr'>cienda</span> <span class='ocrx_word' id='word_1_112' title='bbox 274 1436 317 1484; x_wconf 90' lang='lat' dir='ltr'>est</span> <span class='ocrx_word' id='word_1_113' title='bbox 336 1424 408 1484; x_wconf 90' lang='lat' dir='ltr'>baec</span> <span class='ocrx_word' id='word_1_114' title='bbox 427 1425 595 1505; x_wconf 76' lang='lat' dir='ltr'>persuasio,</span> <span class='ocrx_word' id='word_1_115' title='bbox 623 1443 729 1505; x_wconf 85' lang='lat' dir='ltr'>nempe</span> <span class='ocrx_word' id='word_1_116' title='bbox 749 1425 785 1483; x_wconf 85' lang='lat' dir='ltr'>ab</span> <span class='ocrx_word' id='word_1_117' title='bbox 804 1446 912 1485; x_wconf 87' lang='lat' dir='ltr'>arcano</span> <span class='ocrx_word' id='word_1_118' title='bbox 929 1424 1101 1485; x_wconf 86' lang='lat' dir='ltr'>testimonio</span> <span class='ocrx_word' id='word_1_119' title='bbox 1119 1422 1256 1517; x_wconf 73' lang='lat' dir='ltr'>Spiritus.</span> 
     </span>
     <span class='ocr_line' id='line_1_16' title="bbox 122 1442 1258 1583; baseline 0.004 -28"><span class='ocrx_word' id='word_1_120' title='bbox 122 1442 236 1563; x_wconf 49' lang='lat' dir='ltr'>baum</span> <span class='ocrx_word' id='word_1_121' title='bbox 248 1501 367 1580; x_wconf 88' lang='lat' dir='ltr'>quidem</span> <span class='ocrx_word' id='word_1_122' title='bbox 387 1512 442 1577; x_wconf 85' lang='lat' dir='ltr'>est,</span> <span class='ocrx_word' id='word_1_123' title='bbox 460 1501 484 1560; x_wconf 86' lang='lat' dir='ltr'>si</span> <span class='ocrx_word' id='word_1_124' title='bbox 503 1503 682 1581; x_wconf 77' lang='lat' dir='ltr'>argumentis</span> <span class='ocrx_word' id='word_1_125' title='bbox 700 1520 787 1583; x_wconf 80' lang='lat' dir='ltr'>agere</span> <span class='ocrx_word' id='word_1_126' title='bbox 807 1501 908 1575; x_wconf 87' lang='lat' dir='ltr'>libeat,</span> <span class='ocrx_word' id='word_1_127' title='bbox 926 1500 1016 1560; x_wconf 91' lang='lat' dir='ltr'>multa</span> <span class='ocrx_word' id='word_1_128' title='bbox 1056 1518 1122 1561; x_wconf 86' lang='lat' dir='ltr'>osae</span> <span class='ocrx_word' id='word_1_129' title='bbox 1141 1518 1173 1560; x_wconf 81' lang='grc' dir='ltr'>ιιι</span> <span class='ocrx_word' id='word_1_130' title='bbox 1192 1516 1258 1559; x_wconf 77' lang='lat' dir='ltr'>ute-</span> 
     </span>
     <span class='ocr_line' id='line_1_17' title="bbox 123 1522 1257 1658; baseline 0 -23"><span class='ocrx_word' id='word_1_131' title='bbox 123 1575 204 1637; x_wconf 87' lang='lat' dir='ltr'>dium</span> <span class='ocrx_word' id='word_1_132' title='bbox 225 1577 353 1658; x_wconf 75' lang='lat' dir='ltr'>proferri</span> <span class='ocrx_word' id='word_1_133' title='bbox 373 1596 447 1655; x_wconf 90' lang='lat' dir='ltr'>quae</span> <span class='ocrx_word' id='word_1_134' title='bbox 467 1574 553 1636; x_wconf 86' lang='lat' dir='ltr'>lacilc</span> <span class='ocrx_word' id='word_1_135' title='bbox 573 1578 723 1651; x_wconf 85' lang='lat' dir='ltr'>evincant,</span> <span class='ocrx_word' id='word_1_136' title='bbox 741 1578 764 1636; x_wconf 89' lang='lat' dir='ltr'>si</span> <span class='ocrx_word' id='word_1_137' title='bbox 785 1578 849 1657; x_wconf 86' lang='lat' dir='ltr'>quis</span> <span class='ocrx_word' id='word_1_138' title='bbox 869 1588 914 1637; x_wconf 84' lang='lat' dir='ltr'>est</span> <span class='ocrx_word' id='word_1_139' title='bbox 931 1577 961 1637; x_wconf 89' lang='lat' dir='ltr'>iu</span> <span class='ocrx_word' id='word_1_140' title='bbox 981 1522 1067 1638; x_wconf 84' lang='lat' dir='ltr'>cuelb</span> <span class='ocrx_word' id='word_1_141' title='bbox 1087 1576 1180 1651; x_wconf 85' lang='lat' dir='ltr'>Deus,</span> <span class='ocrx_word' id='word_1_142' title='bbox 1197 1574 1257 1635; x_wconf 82' lang='lat' dir='ltr'>Le·</span> 
     </span>
     <span class='ocr_line' id='line_1_18' title="bbox 145 1650 1257 1733; baseline -0.002 -20"><span class='ocrx_word' id='word_1_143' title='bbox 145 1674 203 1728; x_wconf 88' lang='lat' dir='ltr'>ero,</span> <span class='ocrx_word' id='word_1_144' title='bbox 222 1666 253 1714; x_wconf 93' lang='lat' dir='ltr'>et</span> <span class='ocrx_word' id='word_1_145' title='bbox 271 1653 461 1732; x_wconf 88' lang='lat' dir='ltr'>Prophetias,</span> <span class='ocrx_word' id='word_1_146' title='bbox 481 1664 512 1711; x_wconf 91' lang='lat' dir='ltr'>et</span> <span class='ocrx_word' id='word_1_147' title='bbox 531 1653 721 1733; x_wconf 78' lang='lat' dir='ltr'>Evangelium</span> <span class='ocrx_word' id='word_1_148' title='bbox 741 1652 778 1712; x_wconf 91' lang='lat' dir='ltr'>ab</span> <span class='ocrx_word' id='word_1_149' title='bbox 799 1674 835 1713; x_wconf 93' lang='lat' dir='ltr'>eo</span> <span class='ocrx_word' id='word_1_150' title='bbox 855 1673 994 1713; x_wconf 83' lang='lat' dir='ltr'>manasse.</span> <span class='ocrx_word' id='word_1_151' title='bbox 1038 1654 1104 1713; x_wconf 90' lang='lat' dir='ltr'>lmo</span> <span class='ocrx_word' id='word_1_152' title='bbox 1124 1650 1257 1733; x_wconf 80' lang='lat' dir='ltr'>quantit</span> 
     </span>
     <span class='ocr_line' id='line_1_19' title="bbox 122 1672 1259 1809; baseline -0.005 -15"><span class='ocrx_word' id='word_1_153' title='bbox 122 1672 206 1795; x_wconf 66' lang='lat' dir='ltr'>docti</span> <span class='ocrx_word' id='word_1_154' title='bbox 233 1729 368 1790; x_wconf 83' lang='lat' dir='ltr'>homiues</span> <span class='ocrx_word' id='word_1_155' title='bbox 397 1742 428 1790; x_wconf 90' lang='lat' dir='ltr'>ct</span> <span class='ocrx_word' id='word_1_156' title='bbox 454 1750 569 1789; x_wconf 87' lang='lat' dir='ltr'>summo</span> <span class='ocrx_word' id='word_1_157' title='bbox 599 1727 707 1789; x_wconf 90' lang='lat' dir='ltr'>iudicio</span> <span class='ocrx_word' id='word_1_158' title='bbox 738 1729 862 1809; x_wconf 86' lang='lat' dir='ltr'>praediti</span> <span class='ocrx_word' id='word_1_159' title='bbox 892 1742 996 1791; x_wconf 88' lang='lat' dir='ltr'>contra</span> <span class='ocrx_word' id='word_1_160' title='bbox 1025 1728 1107 1790; x_wconf 88' lang='lat' dir='ltr'>iusur</span> <span class='ocrx_word' id='word_1_161' title='bbox 1129 1738 1196 1803; x_wconf 90' lang='lat' dir='ltr'>aut,</span> <span class='ocrx_word' id='word_1_162' title='bbox 1224 1736 1259 1787; x_wconf 81' lang='lat' dir='ltr'>ct</span> 
     </span>
     <span class='ocr_line' id='line_1_20' title="bbox 121 1804 1257 1888; baseline -0.004 -19"><span class='ocrx_word' id='word_1_163' title='bbox 121 1826 228 1870; x_wconf 84' lang='lat' dir='ltr'>omnes</span> <span class='ocrx_word' id='word_1_164' title='bbox 252 1806 363 1888; x_wconf 85' lang='lat' dir='ltr'>ingenii</span> <span class='ocrx_word' id='word_1_165' title='bbox 387 1806 463 1865; x_wconf 82' lang='lat' dir='ltr'>vires</span> <span class='ocrx_word' id='word_1_166' title='bbox 492 1804 650 1865; x_wconf 83' lang='lat' dir='ltr'>conferant</span> <span class='ocrx_word' id='word_1_167' title='bbox 673 1817 760 1885; x_wconf 89' lang='lat' dir='ltr'>atque</span> <span class='ocrx_word' id='word_1_168' title='bbox 786 1817 938 1866; x_wconf 87' lang='lat' dir='ltr'>ostentent</span> <span class='ocrx_word' id='word_1_169' title='bbox 967 1808 998 1865; x_wconf 90' lang='lat' dir='ltr'>in</span> <span class='ocrx_word' id='word_1_170' title='bbox 1028 1806 1083 1868; x_wconf 91' lang='lat' dir='ltr'>bac</span> <span class='ocrx_word' id='word_1_171' title='bbox 1129 1805 1257 1885; x_wconf 85' lang='lat' dir='ltr'>itcepta·</span> 
     </span>
     <span class='ocr_line' id='line_1_21' title="bbox 15 1880 1258 1957; baseline 0 -16"><span class='ocrx_word' id='word_1_172' title='bbox 15 1924 23 1941; x_wconf 79' lang='grc'><strong><em>,</em></strong></span> <span class='ocrx_word' id='word_1_173' title='bbox 120 1886 221 1947; x_wconf 89' lang='lat' dir='ltr'>tione:</span> <span class='ocrx_word' id='word_1_174' title='bbox 253 1886 310 1943; x_wconf 84' lang='lat' dir='ltr'>uisi</span> <span class='ocrx_word' id='word_1_175' title='bbox 334 1894 434 1945; x_wconf 83' lang='lat' dir='ltr'>tamen</span> <span class='ocrx_word' id='word_1_176' title='bbox 460 1880 497 1942; x_wconf 91' lang='lat' dir='ltr'>ad</span> <span class='ocrx_word' id='word_1_177' title='bbox 544 1883 665 1942; x_wconf 81' lang='lat' dir='ltr'>erditem</span> <span class='ocrx_word' id='word_1_178' title='bbox 690 1882 728 1941; x_wconf 88' lang='lat' dir='ltr'>im</span> <span class='ocrx_word' id='word_1_179' title='bbox 753 1882 901 1942; x_wconf 85' lang='lat' dir='ltr'>udentiant</span> <span class='ocrx_word' id='word_1_180' title='bbox 925 1882 1136 1957; x_wconf 87' lang='lat' dir='ltr'>obduruerint,</span> <span class='ocrx_word' id='word_1_181' title='bbox 1157 1892 1258 1941; x_wconf 73' lang='lat' dir='ltr'>utor·</span> 
     </span>
    </p>

    <p class='ocr_par' dir='ltr' id='par_1_5' title="bbox 116 1902 1297 4336">
     <span class='ocr_line' id='line_1_22' title="bbox 121 1902 1256 2049; baseline -0.004 -26"><span class='ocrx_word' id='word_1_182' title='bbox 121 1961 263 2045; x_wconf 88' lang='lat' dir='ltr'>quebitur</span> <span class='ocrx_word' id='word_1_183' title='bbox 282 1959 343 2049; x_wconf 46' lang='lat' dir='ltr'>illis·</span> <span class='ocrx_word' id='word_1_184' title='bbox 363 1958 436 2019; x_wconf 90' lang='lat' dir='ltr'>baec</span> <span class='ocrx_word' id='word_1_185' title='bbox 454 1902 618 2032; x_wconf 65' lang='lat' dir='ltr'>cunlbssio,</span> <span class='ocrx_word' id='word_1_186' title='bbox 649 1902 800 2019; x_wconf 69' lang='lat' dir='ltr'>manillsta</span> <span class='ocrx_word' id='word_1_187' title='bbox 824 1959 907 2039; x_wconf 81' lang='lat' dir='ltr'>signa</span> <span class='ocrx_word' id='word_1_188' title='bbox 933 1957 1081 2039; x_wconf 84' lang='lat' dir='ltr'>loquentis</span> <span class='ocrx_word' id='word_1_189' title='bbox 1099 1958 1159 2019; x_wconf 80' lang='lat' dir='ltr'>nst</span> <span class='ocrx_word' id='word_1_190' title='bbox 1181 1974 1256 2049; x_wconf 55' lang='lat' dir='ltr'>ton·-</span> 
     </span>
     <span class='ocr_line' id='line_1_23' title="bbox 120 2032 1257 2125; baseline -0.005 -24"><span class='ocrx_word' id='word_1_191' title='bbox 120 2038 196 2120; x_wconf 83' lang='lat' dir='ltr'>tpiei</span> <span class='ocrx_word' id='word_1_192' title='bbox 220 2037 250 2096; x_wconf 89' lang='lat' dir='ltr'>iu</span> <span class='ocrx_word' id='word_1_193' title='bbox 276 2036 446 2115; x_wconf 78' lang='lat' dir='ltr'>Scriptura,</span> <span class='ocrx_word' id='word_1_194' title='bbox 477 2056 536 2125; x_wconf 44' lang='lat' dir='ltr'>ex·</span> <span class='ocrx_word' id='word_1_195' title='bbox 558 2036 641 2095; x_wconf 89' lang='lat' dir='ltr'>uibus</span> <span class='ocrx_word' id='word_1_196' title='bbox 666 2048 763 2115; x_wconf 89' lang='lat' dir='ltr'>pateat</span> <span class='ocrx_word' id='word_1_197' title='bbox 786 2035 944 2095; x_wconf 82' lang='lat' dir='ltr'>coelestem</span> <span class='ocrx_word' id='word_1_198' title='bbox 969 2055 1031 2095; x_wconf 85' lang='lat' dir='ltr'>esse</span> <span class='ocrx_word' id='word_1_199' title='bbox 1057 2035 1119 2097; x_wconf 82' lang='lat' dir='ltr'>eius</span> <span class='ocrx_word' id='word_1_200' title='bbox 1143 2032 1257 2095; x_wconf 73' lang='lat' dir='ltr'>douln·</span> 
     </span>
     <span class='ocr_line' id='line_1_24' title="bbox 121 2058 1257 2192; baseline -0.004 -16"><span class='ocrx_word' id='word_1_201' title='bbox 121 2136 206 2176; x_wconf 84' lang='lat' dir='ltr'>nam:</span> <span class='ocrx_word' id='word_1_202' title='bbox 238 2134 272 2173; x_wconf 89' lang='lat' dir='ltr'>ac</span> <span class='ocrx_word' id='word_1_203' title='bbox 302 2112 390 2192; x_wconf 90' lang='lat' dir='ltr'>paulu</span> <span class='ocrx_word' id='word_1_204' title='bbox 416 2122 483 2190; x_wconf 90' lang='lat' dir='ltr'>post</span> <span class='ocrx_word' id='word_1_205' title='bbox 510 2058 690 2185; x_wconf 74' lang='lat' dir='ltr'>vrilcbimus,</span> <span class='ocrx_word' id='word_1_206' title='bbox 720 2132 822 2173; x_wconf 89' lang='lat' dir='ltr'>omnes</span> <span class='ocrx_word' id='word_1_207' title='bbox 842 2112 1013 2191; x_wconf 86' lang='lat' dir='ltr'>Scripturae</span> <span class='ocrx_word' id='word_1_208' title='bbox 1037 2129 1137 2172; x_wconf 87' lang='lat' dir='ltr'>sacrae</span> <span class='ocrx_word' id='word_1_209' title='bbox 1161 2108 1257 2171; x_wconf 79' lang='lat' dir='ltr'>libror</span> 
     </span>
     <span class='ocr_line' id='line_1_25' title="bbox 121 2185 1258 2271; baseline -0.004 -19"><span class='ocrx_word' id='word_1_210' title='bbox 121 2190 287 2271; x_wconf 76' lang='lat' dir='ltr'>quibusque</span> <span class='ocrx_word' id='word_1_211' title='bbox 306 2186 367 2247; x_wconf 89' lang='lat' dir='ltr'>aliis</span> <span class='ocrx_word' id='word_1_212' title='bbox 387 2189 503 2265; x_wconf 85' lang='lat' dir='ltr'>scriptis</span> <span class='ocrx_word' id='word_1_213' title='bbox 521 2185 691 2266; x_wconf 77' lang='lat' dir='ltr'>longissime</span> <span class='ocrx_word' id='word_1_214' title='bbox 710 2188 898 2268; x_wconf 87' lang='lat' dir='ltr'>praecellere.</span> <span class='ocrx_word' id='word_1_215' title='bbox 944 2188 1008 2249; x_wconf 78' lang='lat' dir='ltr'>imo</span> <span class='ocrx_word' id='word_1_216' title='bbox 1028 2190 1052 2248; x_wconf 89' lang='lat' dir='ltr'>si</span> <span class='ocrx_word' id='word_1_217' title='bbox 1072 2207 1163 2267; x_wconf 76' lang='lat' dir='ltr'>puros</span> <span class='ocrx_word' id='word_1_218' title='bbox 1182 2206 1258 2247; x_wconf 79' lang='lat' dir='ltr'>octa·</span> 
     </span>
     <span class='ocr_line' id='line_1_26' title="bbox 120 2262 1258 2347; baseline -0.004 -22"><span class='ocrx_word' id='word_1_219' title='bbox 120 2268 185 2341; x_wconf 86' lang='lat' dir='ltr'>los,</span> <span class='ocrx_word' id='word_1_220' title='bbox 209 2277 241 2325; x_wconf 88' lang='lat' dir='ltr'>ct</span> <span class='ocrx_word' id='word_1_221' title='bbox 257 2265 391 2347; x_wconf 86' lang='lat' dir='ltr'>integros</span> <span class='ocrx_word' id='word_1_222' title='bbox 414 2282 515 2323; x_wconf 88' lang='lat' dir='ltr'>sensus</span> <span class='ocrx_word' id='word_1_223' title='bbox 534 2263 605 2322; x_wconf 93' lang='lat' dir='ltr'>illuc</span> <span class='ocrx_word' id='word_1_224' title='bbox 621 2264 790 2337; x_wconf 79' lang='lat' dir='ltr'>asserimus,</span> <span class='ocrx_word' id='word_1_225' title='bbox 813 2265 911 2324; x_wconf 85' lang='lat' dir='ltr'>statim</span> <span class='ocrx_word' id='word_1_226' title='bbox 931 2275 1068 2325; x_wconf 85' lang='lat' dir='ltr'>occurret</span> <span class='ocrx_word' id='word_1_227' title='bbox 1086 2264 1145 2329; x_wconf 83' lang='lat' dir='ltr'>Dei</span> <span class='ocrx_word' id='word_1_228' title='bbox 1162 2262 1258 2323; x_wconf 84' lang='lat' dir='ltr'>maie·</span> 
     </span>
     <span class='ocr_line' id='line_1_27' title="bbox 120 2338 1260 2421; baseline 0 -16"><span class='ocrx_word' id='word_1_229' title='bbox 120 2355 197 2417; x_wconf 77' lang='lat' dir='ltr'>atat,</span> <span class='ocrx_word' id='word_1_230' title='bbox 228 2361 305 2421; x_wconf 89' lang='lat' dir='ltr'>quae</span> <span class='ocrx_word' id='word_1_231' title='bbox 335 2339 456 2400; x_wconf 88' lang='lat' dir='ltr'>subacta</span> <span class='ocrx_word' id='word_1_232' title='bbox 486 2338 663 2399; x_wconf 89' lang='lat' dir='ltr'>reclamandi</span> <span class='ocrx_word' id='word_1_233' title='bbox 693 2340 826 2417; x_wconf 79' lang='lat' dir='ltr'>autlacia,</span> <span class='ocrx_word' id='word_1_234' title='bbox 861 2362 917 2401; x_wconf 87' lang='lat' dir='ltr'>nos</span> <span class='ocrx_word' id='word_1_235' title='bbox 943 2340 1000 2401; x_wconf 85' lang='lat' dir='ltr'>ribi</span> <span class='ocrx_word' id='word_1_236' title='bbox 1023 2360 1129 2421; x_wconf 86' lang='lat' dir='ltr'>parere</span> <span class='ocrx_word' id='word_1_237' title='bbox 1156 2358 1195 2401; x_wconf 85' lang='lat' dir='ltr'>co</span> <span class='ocrx_word' id='word_1_238' title='bbox 1232 2348 1260 2405; x_wconf 60' lang='lat' dir='ltr'>lt</span> 
     </span>
     <span class='ocr_line' id='line_1_28' title="bbox 119 2414 1256 2499; baseline -0.005 -18"><span class='ocrx_word' id='word_1_239' title='bbox 119 2420 318 2498; x_wconf 86' lang='lat' dir='ltr'>Praepostcre</span> <span class='ocrx_word' id='word_1_240' title='bbox 348 2428 448 2475; x_wconf 89' lang='lat' dir='ltr'>tamen</span> <span class='ocrx_word' id='word_1_241' title='bbox 483 2414 596 2476; x_wconf 83' lang='lat' dir='ltr'>iaciunt</span> <span class='ocrx_word' id='word_1_242' title='bbox 626 2417 677 2494; x_wconf 92' lang='lat' dir='ltr'>qui</span> <span class='ocrx_word' id='word_1_243' title='bbox 709 2416 884 2499; x_wconf 86' lang='lat' dir='ltr'>disputando</span> <span class='ocrx_word' id='word_1_244' title='bbox 916 2418 1102 2479; x_wconf 84' lang='lat' dir='ltr'>contendunt</span> <span class='ocrx_word' id='word_1_245' title='bbox 1129 2416 1187 2477; x_wconf 82' lang='lat' dir='ltr'>toli</span> <span class='ocrx_word' id='word_1_246' title='bbox 1207 2436 1256 2475; x_wconf 85' lang='lat' dir='ltr'>atu</span> 
     </span>
     <span class='ocr_line' id='line_1_29' title="bbox 120 2492 1256 2575; baseline -0.004 -17"><span class='ocrx_word' id='word_1_247' title='bbox 120 2496 295 2575; x_wconf 78' lang='lat' dir='ltr'>scripturae</span> <span class='ocrx_word' id='word_1_248' title='bbox 319 2493 407 2552; x_wconf 84' lang='lat' dir='ltr'>iidem</span> <span class='ocrx_word' id='word_1_249' title='bbox 432 2502 571 2552; x_wconf 88' lang='lat' dir='ltr'>astruere.</span> <span class='ocrx_word' id='word_1_250' title='bbox 613 2492 758 2572; x_wconf 79' lang='lat' dir='ltr'>Equidem</span> <span class='ocrx_word' id='word_1_251' title='bbox 783 2493 898 2553; x_wconf 87' lang='lat' dir='ltr'>tametsi</span> <span class='ocrx_word' id='word_1_252' title='bbox 923 2514 978 2553; x_wconf 85' lang='lat' dir='ltr'>nec</span> <span class='ocrx_word' id='word_1_253' title='bbox 997 2513 1108 2554; x_wconf 87' lang='lat' dir='ltr'>summa</span> <span class='ocrx_word' id='word_1_254' title='bbox 1127 2492 1256 2555; x_wconf 77' lang='lat' dir='ltr'>dexteri·</span> 
     </span>
     <span class='ocr_line' id='line_1_30' title="bbox 118 2567 1257 2644; baseline -0.002 -11"><span class='ocrx_word' id='word_1_255' title='bbox 118 2585 199 2644; x_wconf 89' lang='lat' dir='ltr'>tate,</span> <span class='ocrx_word' id='word_1_256' title='bbox 228 2590 284 2630; x_wconf 90' lang='lat' dir='ltr'>nec</span> <span class='ocrx_word' id='word_1_257' title='bbox 303 2568 439 2629; x_wconf 78' lang='lat' dir='ltr'>facundia</span> <span class='ocrx_word' id='word_1_258' title='bbox 481 2567 576 2628; x_wconf 90' lang='lat' dir='ltr'>olleo:</span> <span class='ocrx_word' id='word_1_259' title='bbox 601 2570 625 2629; x_wconf 86' lang='lat' dir='ltr'>si</span> <span class='ocrx_word' id='word_1_260' title='bbox 644 2582 742 2629; x_wconf 88' lang='lat' dir='ltr'>tamen</span> <span class='ocrx_word' id='word_1_261' title='bbox 763 2570 834 2629; x_wconf 91' lang='lat' dir='ltr'>mibi</span> <span class='ocrx_word' id='word_1_262' title='bbox 854 2582 1002 2630; x_wconf 85' lang='lat' dir='ltr'>certamen</span> <span class='ocrx_word' id='word_1_263' title='bbox 1023 2582 1099 2630; x_wconf 84' lang='lat' dir='ltr'>esset</span> <span class='ocrx_word' id='word_1_264' title='bbox 1119 2588 1257 2631; x_wconf 73' lang='lat' dir='ltr'>cumn·</span> 
     </span>
     <span class='ocr_line' id='line_1_31' title="bbox 120 2589 1255 2726; baseline -0.003 -16"><span class='ocrx_word' id='word_1_265' title='bbox 120 2648 248 2710; x_wconf 77' lang='lat' dir='ltr'>serrimis</span> <span class='ocrx_word' id='word_1_266' title='bbox 290 2646 433 2725; x_wconf 88' lang='lat' dir='ltr'>uibusquc</span> <span class='ocrx_word' id='word_1_267' title='bbox 451 2589 509 2704; x_wconf 75' lang='lat' dir='ltr'>liei</span> <span class='ocrx_word' id='word_1_268' title='bbox 528 2646 799 2726; x_wconf 87' lang='lat' dir='ltr'>contemptoribus,</span> <span class='ocrx_word' id='word_1_269' title='bbox 823 2646 872 2726; x_wconf 87' lang='lat' dir='ltr'>qui</span> <span class='ocrx_word' id='word_1_270' title='bbox 897 2647 927 2706; x_wconf 91' lang='lat' dir='ltr'>in</span> <span class='ocrx_word' id='word_1_271' title='bbox 952 2645 1155 2707; x_wconf 74' lang='lat' dir='ltr'>labefactanda</span> <span class='ocrx_word' id='word_1_272' title='bbox 1173 2644 1255 2707; x_wconf 85' lang='lat' dir='ltr'>Scri·</span> 
     </span>
     <span class='ocr_line' id='line_1_32' title="bbox 120 2668 1256 2863; baseline -0.004 0"><span class='ocrx_word' id='word_1_273' title='bbox 120 2668 362 2863; x_wconf 60' lang='lat' dir='ltr'>sistus</span> <span class='ocrx_word' id='word_1_274' title='bbox 382 2721 1256 2861; x_wconf 52' lang='lat' dir='ltr'>attractatusttzswttt,suffitur</span> 
     </span>
     <span class='ocr_line' id='line_1_33' title="bbox 119 2820 1254 2971; baseline -0.003 -33"><span class='ocrx_word' id='word_1_275' title='bbox 119 2878 217 2939; x_wconf 89' lang='lat' dir='ltr'>lendis</span> <span class='ocrx_word' id='word_1_276' title='bbox 236 2896 338 2936; x_wconf 86' lang='lat' dir='ltr'>eorum</span> <span class='ocrx_word' id='word_1_277' title='bbox 359 2820 466 2935; x_wconf 63' lang='lat' dir='ltr'>darillis</span> <span class='ocrx_word' id='word_1_278' title='bbox 486 2886 563 2935; x_wconf 86' lang='lat' dir='ltr'>esset</span> <span class='ocrx_word' id='word_1_279' title='bbox 580 2874 675 2949; x_wconf 87' lang='lat' dir='ltr'>labor,</span> <span class='ocrx_word' id='word_1_280' title='bbox 694 2822 820 2937; x_wconf 68' lang='lat' dir='ltr'>nonpma</span> <span class='ocrx_word' id='word_1_281' title='bbox 843 2843 1037 2971; x_wconf 60' lang='lat' dir='ltr'>no‘neqstm,</span> <span class='ocrx_word' id='word_1_282' title='bbox 1056 2896 1128 2956; x_wconf 86' lang='lat' dir='ltr'>quar</span> <span class='ocrx_word' id='word_1_283' title='bbox 1147 2874 1179 2935; x_wconf 89' lang='lat' dir='ltr'>iu</span> <span class='ocrx_word' id='word_1_284' title='bbox 1199 2894 1254 2936; x_wconf 88' lang='lat' dir='ltr'>att-</span> 
     </span>
     <span class='ocr_line' id='line_1_34' title="bbox 119 2950 1257 3037; baseline -0.002 -22"><span class='ocrx_word' id='word_1_285' title='bbox 119 2953 196 3037; x_wconf 75' lang='lat' dir='ltr'>gulis</span> <span class='ocrx_word' id='word_1_286' title='bbox 215 2952 365 3013; x_wconf 74' lang='lat' dir='ltr'>iactantiae</span> <span class='ocrx_word' id='word_1_287' title='bbox 383 2952 553 3026; x_wconf 88' lang='lat' dir='ltr'>mussitant,</span> <span class='ocrx_word' id='word_1_288' title='bbox 572 2950 758 3012; x_wconf 85' lang='lat' dir='ltr'>discuterem.</span> <span class='ocrx_word' id='word_1_289' title='bbox 832 2972 913 3011; x_wconf 87' lang='lat' dir='ltr'>erum</span> <span class='ocrx_word' id='word_1_290' title='bbox 933 2976 957 3014; x_wconf 84' lang='grc' dir='ltr'>ιι</span> <span class='ocrx_word' id='word_1_291' title='bbox 978 2953 1041 3034; x_wconf 88' lang='lat' dir='ltr'>quis</span> <span class='ocrx_word' id='word_1_292' title='bbox 1060 2974 1175 3013; x_wconf 84' lang='lat' dir='ltr'>sacrum</span> <span class='ocrx_word' id='word_1_293' title='bbox 1193 2950 1257 3013; x_wconf 81' lang='lat' dir='ltr'>net</span> 
     </span>
     <span class='ocr_line' id='line_1_35' title="bbox 120 3027 1297 3115; baseline 0.001 -25"><span class='ocrx_word' id='word_1_294' title='bbox 120 3031 242 3091; x_wconf 85' lang='lat' dir='ltr'>verbum</span> <span class='ocrx_word' id='word_1_295' title='bbox 262 3039 371 3089; x_wconf 87' lang='lat' dir='ltr'>asserat</span> <span class='ocrx_word' id='word_1_296' title='bbox 390 3028 426 3087; x_wconf 87' lang='lat' dir='ltr'>ab</span> <span class='ocrx_word' id='word_1_297' title='bbox 447 3027 599 3088; x_wconf 89' lang='lat' dir='ltr'>bominum</span> <span class='ocrx_word' id='word_1_298' title='bbox 618 3029 789 3103; x_wconf 87' lang='lat' dir='ltr'>maledictis,</span> <span class='ocrx_word' id='word_1_299' title='bbox 808 3050 871 3089; x_wconf 91' lang='lat' dir='ltr'>non</span> <span class='ocrx_word' id='word_1_300' title='bbox 890 3029 1025 3109; x_wconf 85' lang='lat' dir='ltr'>protinus</span> <span class='ocrx_word' id='word_1_301' title='bbox 1044 3042 1144 3089; x_wconf 87' lang='lat' dir='ltr'>tameo</span> <span class='ocrx_word' id='word_1_302' title='bbox 1163 3048 1254 3115; x_wconf 76' lang='lat' dir='ltr'>quan</span> <span class='ocrx_word' id='word_1_303' title='bbox 1294 3106 1297 3111; x_wconf 28' lang='grc' dir='ltr'>Ι</span> 
     </span>
     <span class='ocr_line' id='line_1_36' title="bbox 119 3105 1254 3187; baseline -0.002 -20"><span class='ocrx_word' id='word_1_304' title='bbox 119 3108 245 3187; x_wconf 88' lang='lat' dir='ltr'>requirit</span> <span class='ocrx_word' id='word_1_305' title='bbox 268 3109 359 3186; x_wconf 86' lang='lat' dir='ltr'>pietas</span> <span class='ocrx_word' id='word_1_306' title='bbox 379 3105 586 3164; x_wconf 86' lang='lat' dir='ltr'>certitudinem</span> <span class='ocrx_word' id='word_1_307' title='bbox 611 3106 749 3166; x_wconf 89' lang='lat' dir='ltr'>cordibus</span> <span class='ocrx_word' id='word_1_308' title='bbox 775 3106 888 3183; x_wconf 77' lang='lat' dir='ltr'>infiget.</span> <span class='ocrx_word' id='word_1_309' title='bbox 929 3107 1006 3181; x_wconf 84' lang='lat' dir='ltr'>Quia</span> <span class='ocrx_word' id='word_1_310' title='bbox 1026 3106 1169 3185; x_wconf 87' lang='lat' dir='ltr'>opinione</span> <span class='ocrx_word' id='word_1_311' title='bbox 1187 3116 1254 3173; x_wconf 80' lang='lat' dir='ltr'>tau-</span> 
     </span>
     <span class='ocr_line' id='line_1_37' title="bbox 118 3178 1253 3263; baseline -0.002 -17"><span class='ocrx_word' id='word_1_312' title='bbox 118 3195 183 3245; x_wconf 84' lang='lat' dir='ltr'>tum</span> <span class='ocrx_word' id='word_1_313' title='bbox 207 3193 284 3243; x_wconf 86' lang='lat' dir='ltr'>stare</span> <span class='ocrx_word' id='word_1_314' title='bbox 303 3180 418 3241; x_wconf 89' lang='lat' dir='ltr'>videtur</span> <span class='ocrx_word' id='word_1_315' title='bbox 441 3178 547 3261; x_wconf 84' lang='lat' dir='ltr'>religio</span> <span class='ocrx_word' id='word_1_316' title='bbox 573 3181 705 3261; x_wconf 77' lang='lat' dir='ltr'>profanis</span> <span class='ocrx_word' id='word_1_317' title='bbox 725 3183 908 3258; x_wconf 88' lang='lat' dir='ltr'>huminibus,</span> <span class='ocrx_word' id='word_1_318' title='bbox 939 3184 1068 3263; x_wconf 87' lang='lat' dir='ltr'>nequid</span> <span class='ocrx_word' id='word_1_319' title='bbox 1093 3183 1186 3243; x_wconf 79' lang='lat' dir='ltr'>stulte</span> <span class='ocrx_word' id='word_1_320' title='bbox 1201 3192 1253 3245; x_wconf 85' lang='lat' dir='ltr'>aut</span> 
     </span>
     <span class='ocr_line' id='line_1_38' title="bbox 118 3258 1253 3340; baseline 0 -20"><span class='ocrx_word' id='word_1_321' title='bbox 118 3260 226 3320; x_wconf 83' lang='lat' dir='ltr'>leviter</span> <span class='ocrx_word' id='word_1_322' title='bbox 246 3258 382 3327; x_wconf 90' lang='lat' dir='ltr'>credaut,</span> <span class='ocrx_word' id='word_1_323' title='bbox 412 3258 526 3317; x_wconf 90' lang='lat' dir='ltr'>ratione</span> <span class='ocrx_word' id='word_1_324' title='bbox 547 3258 667 3337; x_wconf 87' lang='lat' dir='ltr'>probari</span> <span class='ocrx_word' id='word_1_325' title='bbox 686 3259 742 3319; x_wconf 83' lang='lat' dir='ltr'>sibi</span> <span class='ocrx_word' id='word_1_326' title='bbox 763 3260 899 3337; x_wconf 89' lang='lat' dir='ltr'>cupiunt,</span> <span class='ocrx_word' id='word_1_327' title='bbox 924 3280 958 3317; x_wconf 90' lang='lat' dir='ltr'>ac</span> <span class='ocrx_word' id='word_1_328' title='bbox 977 3259 1128 3340; x_wconf 80' lang='lat' dir='ltr'>postulant</span> <span class='ocrx_word' id='word_1_329' title='bbox 1146 3260 1253 3320; x_wconf 84' lang='lat' dir='ltr'>bloaeu</span> 
     </span>
     <span class='ocr_line' id='line_1_39' title="bbox 119 3332 1253 3417; baseline 0.001 -21"><span class='ocrx_word' id='word_1_330' title='bbox 119 3349 152 3396; x_wconf 82' lang='lat' dir='ltr'>et</span> <span class='ocrx_word' id='word_1_331' title='bbox 170 3334 334 3415; x_wconf 81' lang='lat' dir='ltr'>Prophetas</span> <span class='ocrx_word' id='word_1_332' title='bbox 353 3332 491 3393; x_wconf 80' lang='lat' dir='ltr'>divinitus</span> <span class='ocrx_word' id='word_1_333' title='bbox 510 3332 650 3414; x_wconf 87' lang='lat' dir='ltr'>loquutus</span> <span class='ocrx_word' id='word_1_334' title='bbox 673 3354 745 3396; x_wconf 87' lang='lat' dir='ltr'>esse.</span> <span class='ocrx_word' id='word_1_335' title='bbox 790 3337 880 3416; x_wconf 76' lang='lat' dir='ltr'>Atqui</span> <span class='ocrx_word' id='word_1_336' title='bbox 905 3337 1104 3396; x_wconf 88' lang='lat' dir='ltr'>testimonium</span> <span class='ocrx_word' id='word_1_337' title='bbox 1124 3336 1253 3417; x_wconf 76' lang='lat' dir='ltr'>Spiritus</span> 
     </span>
     <span class='ocr_line' id='line_1_40' title="bbox 119 3410 1253 3551; baseline 0.001 -80"><span class='ocrx_word' id='word_1_338' title='bbox 119 3412 208 3547; x_wconf 66' lang='lat' dir='ltr'>dmi</span> <span class='ocrx_word' id='word_1_339' title='bbox 228 3410 564 3547; x_wconf 48' lang='lat' dir='ltr'>fgffoge3122eigiisluz</span> <span class='ocrx_word' id='word_1_340' title='bbox 573 3430 635 3471; x_wconf 90' lang='lat' dir='ltr'>esse</span> <span class='ocrx_word' id='word_1_341' title='bbox 654 3411 853 3549; x_wconf 51' lang='lat' dir='ltr'>respondeo21</span> <span class='ocrx_word' id='word_1_342' title='bbox 873 3413 949 3547; x_wconf 61' lang='lat' dir='ltr'>Nequi</span> <span class='ocrx_word' id='word_1_343' title='bbox 968 3413 1054 3473; x_wconf 85' lang='lat' dir='ltr'>sicuti</span> <span class='ocrx_word' id='word_1_344' title='bbox 1071 3412 1154 3550; x_wconf 77' lang='lat' dir='ltr'>Depre</span> <span class='ocrx_word' id='word_1_345' title='bbox 1163 3412 1253 3551; x_wconf 61' lang='lat' dir='ltr'>¹ppplut</span> 
     </span>
     <span class='ocr_line' id='line_1_41' title="bbox 142 3509 1252 3550; baseline 0.001 -2"><span class='ocrx_word' id='word_1_346' title='bbox 142 3509 190 3548; x_wconf 88' lang='lat' dir='ltr'>es</span> <span class='ocrx_word' id='word_1_347' title='bbox 227 3511 237 3547; x_wconf 90' lang='lat' dir='ltr'>t</span> <span class='ocrx_word' id='word_1_348' title='bbox 282 3510 337 3545; x_wconf 92' lang='lat' dir='ltr'>nu</span> <span class='ocrx_word' id='word_1_349' title='bbox 492 3510 499 3543; x_wconf 94' lang='grc' dir='ltr'>ι</span> <span class='ocrx_word' id='word_1_350' title='bbox 535 3510 543 3545; x_wconf 93' lang='grc' dir='ltr'>ι</span> <span class='ocrx_word' id='word_1_351' title='bbox 585 3509 871 3550; x_wconf 79' lang='lat' dir='ltr'>suosertuonetre</span> <span class='ocrx_word' id='word_1_352' title='bbox 923 3509 1145 3549; x_wconf 84' lang='lat' dir='ltr'>ramnonaue</span> <span class='ocrx_word' id='word_1_353' title='bbox 1206 3510 1252 3549; x_wconf 86' lang='lat' dir='ltr'>eru</span> 
     </span>
     <span class='ocr_line' id='line_1_42' title="bbox 118 3562 1254 3646; baseline 0.001 -20"><span class='ocrx_word' id='word_1_354' title='bbox 118 3565 250 3646; x_wconf 87' lang='lat' dir='ltr'>reperiet</span> <span class='ocrx_word' id='word_1_355' title='bbox 268 3582 365 3624; x_wconf 88' lang='lat' dir='ltr'>sermo</span> <span class='ocrx_word' id='word_1_356' title='bbox 385 3564 417 3622; x_wconf 89' lang='lat' dir='ltr'>in</span> <span class='ocrx_word' id='word_1_357' title='bbox 436 3562 588 3622; x_wconf 88' lang='lat' dir='ltr'>bominum</span> <span class='ocrx_word' id='word_1_358' title='bbox 609 3565 746 3624; x_wconf 87' lang='lat' dir='ltr'>cordibus</span> <span class='ocrx_word' id='word_1_359' title='bbox 767 3587 852 3646; x_wconf 84' lang='lat' dir='ltr'>quatu</span> <span class='ocrx_word' id='word_1_360' title='bbox 871 3565 1013 3626; x_wconf 87' lang='lat' dir='ltr'>interiore</span> <span class='ocrx_word' id='word_1_361' title='bbox 1024 3565 1153 3644; x_wconf 88' lang='lat' dir='ltr'>Spiritus</span> <span class='ocrx_word' id='word_1_362' title='bbox 1171 3566 1254 3627; x_wconf 89' lang='lat' dir='ltr'>testi·</span> 
     </span>
     <span class='ocr_line' id='line_1_43' title="bbox 120 3637 1254 3723; baseline 0.003 -20"><span class='ocrx_word' id='word_1_363' title='bbox 120 3641 223 3704; x_wconf 84' lang='lat' dir='ltr'>munio</span> <span class='ocrx_word' id='word_1_364' title='bbox 242 3640 426 3721; x_wconf 83' lang='lat' dir='ltr'>obsignetur.</span> <span class='ocrx_word' id='word_1_365' title='bbox 470 3637 552 3699; x_wconf 89' lang='lat' dir='ltr'>Idem</span> <span class='ocrx_word' id='word_1_366' title='bbox 573 3660 646 3722; x_wconf 85' lang='lat' dir='ltr'>ergo</span> <span class='ocrx_word' id='word_1_367' title='bbox 666 3642 810 3721; x_wconf 86' lang='lat' dir='ltr'>Spiritus,</span> <span class='ocrx_word' id='word_1_368' title='bbox 834 3642 884 3721; x_wconf 91' lang='lat' dir='ltr'>qui</span> <span class='ocrx_word' id='word_1_369' title='bbox 911 3660 1016 3723; x_wconf 88' lang='lat' dir='ltr'>perus</span> <span class='ocrx_word' id='word_1_370' title='bbox 1035 3642 1254 3723; x_wconf 78' lang='lat' dir='ltr'>Prophetarum</span> 
     </span>
     <span class='ocr_line' id='line_1_44' title="bbox 120 3714 1255 3801; baseline 0.003 -23"><span class='ocrx_word' id='word_1_371' title='bbox 120 3719 260 3799; x_wconf 86' lang='lat' dir='ltr'>loquutus</span> <span class='ocrx_word' id='word_1_372' title='bbox 279 3728 339 3789; x_wconf 89' lang='lat' dir='ltr'>est,</span> <span class='ocrx_word' id='word_1_373' title='bbox 370 3714 401 3775; x_wconf 87' lang='lat' dir='ltr'>iu</span> <span class='ocrx_word' id='word_1_374' title='bbox 422 3715 511 3775; x_wconf 90' lang='lat' dir='ltr'>corda</span> <span class='ocrx_word' id='word_1_375' title='bbox 537 3728 637 3777; x_wconf 89' lang='lat' dir='ltr'>nostra</span> <span class='ocrx_word' id='word_1_376' title='bbox 657 3730 794 3798; x_wconf 88' lang='lat' dir='ltr'>penetret</span> <span class='ocrx_word' id='word_1_377' title='bbox 812 3738 929 3778; x_wconf 87' lang='lat' dir='ltr'>necesse</span> <span class='ocrx_word' id='word_1_378' title='bbox 949 3730 1009 3791; x_wconf 86' lang='lat' dir='ltr'>est,</span> <span class='ocrx_word' id='word_1_379' title='bbox 1027 3731 1062 3779; x_wconf 93' lang='lat' dir='ltr'>ut</span> <span class='ocrx_word' id='word_1_380' title='bbox 1081 3720 1255 3801; x_wconf 82' lang='lat' dir='ltr'>persuadeat</span> 
     </span>
     <span class='ocr_line' id='line_1_45' title="bbox 119 3790 1254 3875; baseline 0.001 -19"><span class='ocrx_word' id='word_1_381' title='bbox 119 3794 246 3856; x_wconf 78' lang='lat' dir='ltr'>fideliter</span> <span class='ocrx_word' id='word_1_382' title='bbox 265 3790 421 3873; x_wconf 85' lang='lat' dir='ltr'>protulisse</span> <span class='ocrx_word' id='word_1_383' title='bbox 432 3792 512 3869; x_wconf 90' lang='lat' dir='ltr'>quod</span> <span class='ocrx_word' id='word_1_384' title='bbox 525 3792 663 3853; x_wconf 85' lang='lat' dir='ltr'>divinitus</span> <span class='ocrx_word' id='word_1_385' title='bbox 683 3807 747 3853; x_wconf 86' lang='lat' dir='ltr'>erat</span> <span class='ocrx_word' id='word_1_386' title='bbox 764 3795 938 3854; x_wconf 86' lang='lat' dir='ltr'>mandatum.</span> <span class='ocrx_word' id='word_1_387' title='bbox 977 3798 1076 3875; x_wconf 81' lang='lat' dir='ltr'>Atque</span> <span class='ocrx_word' id='word_1_388' title='bbox 1097 3796 1169 3856; x_wconf 91' lang='lat' dir='ltr'>baec</span> <span class='ocrx_word' id='word_1_389' title='bbox 1181 3816 1254 3857; x_wconf 87' lang='lat' dir='ltr'>cou-</span> 
     </span>
     <span class='ocr_line' id='line_1_46' title="bbox 120 3867 1254 3953; baseline 0.003 -23"><span class='ocrx_word' id='word_1_390' title='bbox 120 3871 207 3935; x_wconf 79' lang='lat' dir='ltr'>ncrio</span> <span class='ocrx_word' id='word_1_391' title='bbox 227 3868 374 3951; x_wconf 83' lang='lat' dir='ltr'>aptissime</span> <span class='ocrx_word' id='word_1_392' title='bbox 393 3867 429 3929; x_wconf 87' lang='lat' dir='ltr'>ab</span> <span class='ocrx_word' id='word_1_393' title='bbox 449 3867 542 3929; x_wconf 86' lang='lat' dir='ltr'>lesaia</span> <span class='ocrx_word' id='word_1_394' title='bbox 561 3871 629 3947; x_wconf 83' lang='lat'>(59,</span> <span class='ocrx_word' id='word_1_395' title='bbox 647 3871 711 3947; x_wconf 73' lang='lat'><strong>⁴21.)</strong></span> <span class='ocrx_word' id='word_1_396' title='bbox 737 3872 860 3951; x_wconf 87' lang='lat' dir='ltr'>ponitur</span> <span class='ocrx_word' id='word_1_397' title='bbox 878 3870 910 3930; x_wconf 89' lang='lat' dir='ltr'>iu</span> <span class='ocrx_word' id='word_1_398' title='bbox 930 3871 973 3933; x_wconf 85' lang='lat' dir='ltr'>bis</span> <span class='ocrx_word' id='word_1_399' title='bbox 993 3872 1106 3934; x_wconf 82' lang='lat' dir='ltr'>verbis:</span> <span class='ocrx_word' id='word_1_400' title='bbox 1131 3872 1254 3953; x_wconf 82' lang='lat' dir='ltr'>„Spiri-</span> 
     </span>
     <span class='ocr_line' id='line_1_47' title="bbox 119 3944 1255 4026; baseline 0.004 -19"><span class='ocrx_word' id='word_1_401' title='bbox 119 3961 194 4021; x_wconf 82' lang='lat' dir='ltr'>„tus</span> <span class='ocrx_word' id='word_1_402' title='bbox 213 3967 294 4007; x_wconf 84' lang='lat' dir='ltr'>meus</span> <span class='ocrx_word' id='word_1_403' title='bbox 314 3944 416 4025; x_wconf 84' lang='lat' dir='ltr'>quiin</span> <span class='ocrx_word' id='word_1_404' title='bbox 433 3954 466 4002; x_wconf 81' lang='lat' dir='ltr'>te</span> <span class='ocrx_word' id='word_1_405' title='bbox 484 3957 544 4020; x_wconf 82' lang='lat' dir='ltr'>est,</span> <span class='ocrx_word' id='word_1_406' title='bbox 563 3957 594 4005; x_wconf 88' lang='lat' dir='ltr'>ct</span> <span class='ocrx_word' id='word_1_407' title='bbox 612 3946 701 4007; x_wconf 85' lang='lat' dir='ltr'>verba</span> <span class='ocrx_word' id='word_1_408' title='bbox 722 3966 796 4026; x_wconf 86' lang='lat' dir='ltr'>quae</span> <span class='ocrx_word' id='word_1_409' title='bbox 838 3946 901 4007; x_wconf 86' lang='lat' dir='ltr'>osui</span> <span class='ocrx_word' id='word_1_410' title='bbox 920 3947 950 4007; x_wconf 90' lang='lat' dir='ltr'>iu</span> <span class='ocrx_word' id='word_1_411' title='bbox 971 3968 1024 4010; x_wconf 88' lang='lat' dir='ltr'>ore</span> <span class='ocrx_word' id='word_1_412' title='bbox 1044 3960 1097 4009; x_wconf 89' lang='lat' dir='ltr'>tuo</span> <span class='ocrx_word' id='word_1_413' title='bbox 1117 3961 1149 4009; x_wconf 82' lang='lat' dir='ltr'>et</span> <span class='ocrx_word' id='word_1_414' title='bbox 1166 3950 1255 4011; x_wconf 66' lang='lat' dir='ltr'>semi-s</span> 
     </span>
     <span class='ocr_line' id='line_1_48' title="bbox 148 4022 1253 4111; baseline 0.001 -27"><span class='ocrx_word' id='word_1_415' title='bbox 148 4024 191 4087; x_wconf 86' lang='lat' dir='ltr'>nit</span> <span class='ocrx_word' id='word_1_416' title='bbox 208 4024 265 4098; x_wconf 91' lang='lat' dir='ltr'>tui,</span> <span class='ocrx_word' id='word_1_417' title='bbox 283 4023 313 4082; x_wconf 91' lang='lat' dir='ltr'>in</span> <span class='ocrx_word' id='word_1_418' title='bbox 355 4031 509 4111; x_wconf 78' lang='lat' dir='ltr'>erpetuum</span> <span class='ocrx_word' id='word_1_419' title='bbox 528 4042 591 4082; x_wconf 92' lang='lat' dir='ltr'>non</span> <span class='ocrx_word' id='word_1_420' title='bbox 611 4022 783 4085; x_wconf 81' lang='lat' dir='ltr'>deficient.“</span> <span class='ocrx_word' id='word_1_421' title='bbox 848 4044 923 4084; x_wconf 88' lang='lat' dir='ltr'>onus</span> <span class='ocrx_word' id='word_1_422' title='bbox 943 4024 1084 4104; x_wconf 86' lang='lat' dir='ltr'>quosdam</span> <span class='ocrx_word' id='word_1_423' title='bbox 1103 4024 1181 4087; x_wconf 83' lang='lat' dir='ltr'>male</span> <span class='ocrx_word' id='word_1_424' title='bbox 1201 4026 1253 4085; x_wconf 89' lang='lat' dir='ltr'>ha·</span> 
     </span>
     <span class='ocr_line' id='line_1_49' title="bbox 119 4042 1254 4250; baseline -0.002 -88"><span class='ocrx_word' id='word_1_425' title='bbox 119 4069 191 4175; x_wconf 79' lang='lat' dir='ltr'>liet,</span> <span class='ocrx_word' id='word_1_426' title='bbox 217 4042 397 4235; x_wconf 45' lang='lat' dir='ltr'>qduognfp:</span> <span class='ocrx_word' id='word_1_427' title='bbox 415 4098 804 4235; x_wconf 44' lang='lat' dir='ltr'>qqpuptqtobppprmurqnq·</span> <span class='ocrx_word' id='word_1_428' title='bbox 819 4100 1024 4250; x_wconf 60' lang='grc' dir='ltr'>ἰιιιρῐὸοοιιιιι</span> <span class='ocrx_word' id='word_1_429' title='bbox 1042 4102 1101 4162; x_wconf 87' lang='lat' dir='ltr'>Dei</span> <span class='ocrx_word' id='word_1_430' title='bbox 1120 4100 1254 4237; x_wconf 72' lang='lat' dir='ltr'>verbqn,</span> 
     </span>
     <span class='ocr_line' id='line_1_50' title="bbox 116 4194 1255 4336; baseline -0.001 -20"><span class='ocrx_word' id='word_1_431' title='bbox 116 4197 244 4316; x_wconf 58' lang='lat' dir='ltr'>igituir</span> <span class='ocrx_word' id='word_1_432' title='bbox 266 4250 395 4331; x_wconf 82' lang='lat' dir='ltr'>Spiritus</span> <span class='ocrx_word' id='word_1_433' title='bbox 426 4194 625 4335; x_wconf 58' lang='lat' dir='ltr'>etpligilluncr,</span> <span class='ocrx_word' id='word_1_434' title='bbox 650 4196 853 4315; x_wconf 44' lang='lat' dir='ltr'>:etpiirbaama’d</span> <span class='ocrx_word' id='word_1_435' title='bbox 880 4196 1255 4336; x_wconf 59' lang='lat' dir='ltr'>coilinbblinlwito&#39;mii</span> 
     </span>
    </p>
   </div>
   <div class='ocr_carea' id='block_1_3' title="bbox 0 0 1302 4726">
    <p class='ocr_par' dir='ltr' id='par_1_6' title="bbox 0 0 1302 4726">
     <span class='ocr_line' id='line_1_51' title="bbox 0 0 1302 4726; baseline 0 1"><span class='ocrx_word' id='word_1_436' title='bbox 0 0 1302 4726; x_wconf 95' lang='lat' dir='ltr'> </span> 
     </span>
    </p>
   </div>
  </div>
 </body>
</html>
