2700 4732
474 181 550 241 LlB.
571 183 622 240 lV.
664 181 760 254 Chl‘.⁸
772 181 868 240 xvtt.
974 273 977 279 ι
1177 186 1234 279 l‘fr'

107 327 298 403 ciusvlrtnte,
317 330 350 386 'ut
368 347 433 386 cum
455 343 543 386 carne
564 337 594 384 et
613 325 753 406 sauguine
766 324 875 385 Christi
887 323 1144 384 communicemus.
1168 318 1235 384 lino

107 406 132 462 si
151 403 195 463 ris
215 403 357 482 mysterii,
376 401 466 481 qualis
485 423 501 461 a
522 401 607 461 nohis
626 401 750 461 traditur
770 412 800 460 et
818 400 937 482 cognita
958 400 1013 459 luit
1032 400 1122 460 veteri
1141 398 1236 460 eccle·

107 481 166 540 siae
186 480 222 539 ah
243 479 325 539 annis
346 479 466 557 quadrin
490 480 580 550 entis,
626 499 657 537 ro
679 477 819 560 dignitate
840 495 962 555 expensa
983 487 1074 550 esset,
1099 481 1166 536 satis
1183 494 1235 536 su-

107 575 161 634 per
184 574 219 613 ue
233 567 307 629 erat,
324 555 403 613 unde
421 499 510 614 noSis
529 499 697 614 satisheret:
718 552 814 613 clausa
836 553 937 612 luisset
956 552 1054 612 multis
1075 552 1168 612 foedis
1187 571 1234 612 er·

106 576 223 691 rorihus
243 632 338 705 ianua,
358 631 507 710 exquibus
526 650 664 690 accensae
682 642 751 690 sunt
770 628 935 689 horrendae
946 628 1150 701 dissensiones,
1169 630 1235 708 qui·

109 706 164 766 hus
184 719 245 766 turn
266 706 354 777 olim,
375 720 435 766 tum
456 719 555 767 nostra
577 707 664 765 etiam
685 717 780 766 aetate
799 704 921 764 ecclesia
940 705 1045 769 misere
1065 716 1163 764 serata
1183 717 1237 781 est,

108 783 177 841 dnm
209 783 226 842 h
249 783 431 863 perholieum
464 783 645 863 praesentiae
675 782 794 842 modum
819 783 938 863 erigunt
962 781 1067 840 curiosi
1094 781 1237 856 homines,

106 879 195 938 quem
216 806 365 940 Scriptura
396 881 543 938 nunquam
575 859 712 918 ostendit
764 857 806 917 the
832 857 868 916 de
899 876 932 916 re
955 857 1043 916 stulte
1070 868 1100 916 et
1123 861 1236 918 temere

108 949 250 1016 concepta
278 936 400 1016 perinde
432 935 658 1014 tumultnantur,
696 934 753 993 acsi
784 933 908 993 inclusio
934 932 1043 993 Christi
1074 931 1128 992 suh
1160 953 1237 1012 pane

108 1033 198 1092 prora
218 1025 248 1072 et
268 1013 371 1091 puppis
391 1017 439 1088 (ut
458 1013 554 1088 aiunt)
579 1011 692 1089 pietatis
718 1021 801 1069 esset
852 1009 1015 1084 Quomodo
1037 1008 1146 1069 Christi
1171 1030 1237 1069 cor·

109 1109 173 1167 pus,
194 1100 226 1148 ut
244 1089 334 1147 semel
354 1110 408 1168 pro
430 1088 517 1148 nohis
536 1086 674 1145 traditum
688 1097 741 1158 est,
761 1098 893 1146 nostrum
914 1087 978 1158 fiat,
1000 1086 1151 1164 quomodo
1171 1107 1237 1145 san·

109 1165 204 1244 guinis
225 1164 311 1223 ellusi
333 1165 487 1244 participes
514 1164 629 1238 fiamus,
660 1163 734 1221 scire
759 1161 899 1241 imprimis
926 1161 1088 1237 relerehat,
1121 1163 1188 1240 quia
1207 1161 1236 1220 id

110 1251 154 1298 est
172 1251 267 1298 totum
289 1240 436 1300 Christum
457 1239 622 1299 crucifixum
647 1238 812 1317 possidere,
844 1250 877 1296 ut
902 1237 988 1298 honis
1014 1239 1076 1297 eius
1102 1236 1238 1298 omnihus

110 1315 248 1374 fruamur.
292 1317 378 1375 Nunc
397 1316 441 1374 his
462 1315 589 1388 omissis,
620 1313 726 1392 quihus
744 1325 856 1372 tantum
877 1315 971 1373 inerat
990 1314 1149 1386 momenti,
1177 1314 1237 1374 imo

110 1390 253 1470 neglectis
274 1404 304 1450 et
343 1411 416 1450 aene
435 1390 572 1470 sepultis,
596 1388 668 1449 haec
688 1411 745 1449 una
769 1392 886 1470 spinosa
905 1391 1037 1469 quaestio
1058 1389 1114 1449 illis
1133 1389 1240 1469 placet,
1274 1435 1278 1440 -

132 1466 260 1525 uomodo
285 1413 341 1526 suh
366 1487 440 1546 pane
473 1465 518 1524 rel
550 1465 604 1526 suh
632 1466 730 1545 specie
761 1468 845 1544 panis
873 1466 963 1526 lateat
988 1467 1099 1526 Christi
1123 1487 1238 1546 corpus.

108 1487 196 1601 Salso
216 1545 341 1615 iactant,
363 1542 499 1622 quicquid
520 1542 658 1601 docemus
679 1541 746 1602 dcs
768 1541 875 1602 irituali
895 1542 1136 1616 manducatione,
1155 1561 1240 1604 verae

110 1628 141 1676 et
161 1619 232 1676 reali
251 1622 299 1694 (ut
317 1618 493 1707 loquuntur)
519 1617 646 1697 opponi,
665 1561 782 1697 quanhh
804 1619 900 1677 uidem
927 1617 1044 1677 nonnisi
1062 1617 1100 1676 ad
1120 1618 1240 1678 modum

109 1694 295 1772 respicimus,
320 1716 369 1773 qur
396 1695 472 1773 apud
493 1714 543 1753 eos
564 1693 685 1753 carnalis
707 1705 766 1767 est,
785 1639 854 1754 lum
877 1694 1028 1756 Christum
1048 1713 1123 1772 pane
1144 1694 1238 1754 inclu-

110 1768 200 1843 dunt,
211 1766 305 1828 ¹nohis
325 1769 491 1849 spiritualis,
511 1770 577 1849 quia
590 1771 630 1828 vis
649 1791 752 1829 arcana
763 1771 889 1850 Spiritus
910 1782 1027 1830 nostrae
1040 1791 1105 1828 cnm
1121 1769 1239 1831 Christo
1251 1822 1262 1832 ,

111 1846 330 1905 coniunctionis
350 1845 496 1905 vinculum
517 1857 570 1904 est.
608 1845 708 1905 Nihilo
728 1849 828 1907 verior
847 1860 891 1908 est
910 1845 999 1906 altera
1020 1845 1165 1919 obiectio,
1186 1867 1240 1906 nos

111 1921 238 1980 fructum
258 1922 304 1980 vel
324 1920 462 1981 ellectum
484 1923 631 1995 duntaxat,
651 1941 737 2012 quem
755 1943 790 1982 ex
808 1942 858 1982 esu
878 1923 972 1983 carnis
993 1920 1102 1984 Christi
1123 1923 1242 2002 capiunt

111 1997 227 2070 fideles,
261 1998 414 2078 attingere.
463 1999 595 2057 Diximus
615 2017 693 2057 enim
714 2010 814 2074 antea,
834 1997 983 2059 Christum
1002 1997 1096 2078 ipsum
1119 1998 1241 2060 Coenae

112 2092 175 2132 esse
194 2074 361 2148 materiam,
377 2074 460 2137 ,inde
484 2094 554 2134 vero
578 2075 660 2152 sequi
682 2074 836 2149 ellectum,
867 2075 947 2154 quod
971 2074 1113 2136 sacrificio
1138 2075 1241 2135 mortis

112 2149 173 2209 eius
194 2150 340 2229 expiamur
360 2170 375 2209 a
395 2151 529 2230 peccatis,
548 2149 690 2230 sanguine
703 2150 858 2225 abluimur,
878 2153 1092 2211 resurrectione
1103 2150 1241 2233 erigimur

112 2226 143 2284 in
163 2230 243 2305 spem
264 2225 399 2286 coelestis
418 2226 501 2289 vitae.
547 2226 608 2285 Sed
631 2224 719 2286 stulta
739 2227 926 2310 imaginatio,
952 2227 1032 2288 cuius
1056 2240 1160 2287 auctor
1185 2226 1241 2288 luit

110 2301 352 2374 Lomhardus,
383 2304 525 2382 pervertit
544 2322 646 2362 eorum
666 2315 795 2378 mentes,
827 2304 896 2362 dum
917 2323 997 2363 esum
1017 2303 1111 2364 carnis
1132 2301 1241 2365 Christi

111 2378 333 2438 Sacramentum
354 2398 416 2439 esse
436 2390 546 2457 putant.
585 2378 635 2439 Sic
655 2379 734 2437 enim
753 2379 803 2439 ille
829 2379 895 2459 (lih.
910 2385 937 2444 d.
958 2380 1096 2455 dist.8.):
1116 2380 1242 2454 „Sacra-

110 2467 265 2531 „mcntum
293 2466 323 2512 et
349 2476 408 2514 non
434 2454 481 2515 res
504 2467 573 2515 snut
591 2455 702 2534 species
722 2457 804 2535 panis
824 2456 945 2519 etvini:
970 2455 1192 2517 Sacramentum
1213 2467 1243 2516 et

111 2552 196 2607 „res,
225 2551 292 2590 caro
314 2543 343 2590 et
361 2531 477 2612 sanguis
497 2531 620 2593 Christi:
653 2551 698 2592 res
719 2545 750 2592 et
768 2553 829 2592 non
851 2533 1088 2609 Sacramentum,
1120 2533 1242 2613 mystica

110 2608 193 2685 „eius
219 2612 318 2666 earo.“
366 2609 440 2666 Item
462 2609 553 2698 paulo
578 2619 660 2685 post:
691 2609 770 2682 „Res
794 2609 954 2690 significata
979 2622 1009 2668 et
1033 2620 1174 2669 contenta
1199 2620 1243 2668 est

111 2684 250 2761 „propria
271 2704 339 2742 caro
361 2682 485 2744 Christi:
509 2685 668 2767 significata
690 2699 720 2744 et
739 2706 799 2745 non
820 2697 974 2758 contenta,
995 2708 1030 2744 m
1052 2686 1153 2744 sticum
1175 2705 1242 2744 cor-

111 2764 216 2837 „pus.“
257 2757 347 2831 Quod
367 2762 444 2817 inter
463 2781 578 2819 carnem
600 2761 709 2821 Christi
730 2762 882 2841 distinguit
907 2773 937 2820 et
955 2706 1051 2820 alendi
1073 2760 1242 2835 efficaciam,

113 2856 170 2913 qua
192 2835 319 2923 praedita
339 2845 398 2907 est,
422 2836 580 2911 assentior,
603 2836 683 2914 quod
709 2848 805 2895 autem
826 2839 1046 2897 Sacramentum
1071 2856 1133 2895 esse
1159 2837 1243 2918 fingit

113 2909 272 2988 etquidem
292 2908 344 2968 suh
366 2930 441 3000 pane
453 2923 634 2984 contentum,
655 2931 739 2970 error
749 2924 792 2971 est
811 2934 872 2973 non
893 2913 1039 2973 serendus.
1077 2913 1155 2972 Hinc
1176 2923 1243 2973 nata

114 2998 158 3045 est
176 2985 390 3046 sacramentalis
415 2987 646 3047 manducationis
671 2987 740 3047 salsa
765 2987 986 3069 interpretatio,
1006 2990 1072 3069 qnia
1092 2999 1243 3079 putarunt,

113 3062 220 3143 impios
260 3082 358 3154 noque
378 3071 408 3120 et
426 3061 580 3123 sceleratos
601 3063 688 3122 edere
709 3063 818 3125 Christi
842 3087 964 3145 corpus,
999 3064 1161 3146 quamlrhet
1184 3065 1246 3128 sint.

114 3140 149 3198 ab
172 3159 209 3198 eo
229 3083 323 3197 aliens.
373 3138 472 3217 Atque
500 3140 561 3218 ipsa
582 3139 691 3200 Christi
716 3156 789 3201 card
809 3143 839 3201 in
869 3143 1012 3219 mysterio
1034 3141 1155 3203 Coenae
1180 3162 1242 3205 non

113 3217 208 3275 minus
218 3214 374 3295 spiritualis
394 3235 439 3275 res
453 3227 507 3289 est,
519 3235 603 3293 qnam
622 3228 741 3276 aeterna
760 3217 843 3278 salus.
884 3218 971 3279 Unde
987 3216 1054 3279 colll
1066 3220 1160 3291 trous,
1180 3212 1245 3297 qui-

113 3312 230 3372 cunque
260 3293 341 3351 vacui
366 3304 435 3352 sunt
460 3291 570 3352 Christi
592 3293 612 3351 S
637 3293 722 3368 iritu,
752 3314 869 3355 carnem
896 3292 1007 3355 Christi
1037 3317 1066 3354 nr
1090 3294 1129 3354 ilo
1154 3293 1244 3376 magis

113 3388 200 3447 posse
221 3369 324 3443 edere,
354 3388 440 3446 quam
460 3370 558 3428 vinum
579 3313 698 3459 hihere,
729 3370 775 3429 cui
801 3391 861 3431 non
887 3371 923 3431 sit
948 3370 1122 3432 coniunctus
1145 3392 1174 3431 sa
1198 3392 1243 3430 or.

115 3445 206 3504 Certe
226 3445 309 3504 nimis
329 3445 389 3504 indi
412 3466 448 3504 ne
469 3444 611 3504 laceratur
623 3444 764 3520 Christus,
785 3467 873 3526 quum
885 3447 1069 3527 prostituitur
1087 3392 1245 3506 increalulis

114 3518 279 3580 emortuum
301 3533 331 3580 et
358 3466 463 3582 nullius
484 3522 590 3614 vigoris
611 3520 671 3580 eius
692 3542 810 3601 corpus,
830 3535 861 3583 et
879 3536 1045 3604 repugnant
1063 3544 1078 3583 a
1102 3535 1162 3583 crta
1183 3521 1245 3583 eius

115 3597 204 3655 verba
224 3597 283 3673 (lo.
295 3603 324 3668 6,
334 3601 410 3675 56.):
437 3598 600 3678 „Quisquis
621 3598 715 3657 ederit
740 3620 854 3659 carnem
879 3620 972 3659 meam
1000 3611 1031 3659 et
1050 3545 1159 3660 hiherit
1178 3620 1245 3659 san-

115 3673 233 3754 guinem
254 3695 366 3748 meum,
388 3675 417 3733 in
437 3695 485 3733 me
504 3685 603 3734 manet
629 3687 659 3734 et
679 3693 735 3755 ego
756 3677 785 3734 in
806 3680 873 3735 eo.“
911 3676 1083 3757 Excipiunt,
1103 3675 1162 3735 illic
1183 3682 1259 3734 non‘

115 3750 162 3829 agi
183 3750 218 3806 de
238 3750 437 3809 sacramentali
463 3771 525 3811 esu:
557 3750 636 3831 quod
657 3771 714 3832 ego
740 3752 851 3827 fateor,
879 3754 969 3814 modo
994 3773 1032 3813 ne
1057 3753 1093 3812 ad
1119 3751 1244 3812 eundem

115 3825 266 3904 scopulum
292 3826 415 3885 subinde
441 3828 618 3919 impingant,
649 3828 765 3887 comedi
789 3847 907 3889 carnem
930 3830 1022 3909 ipsam
1044 3830 1155 3909 ah‘sqne
1183 3827 1244 3886 ullo

115 3902 223 3961 fructu.
262 3902 346 3960 Scire
372 3915 469 3962 autem
489 3925 523 3963 es
543 3905 611 3984 spsis
631 3904 728 3979 celim,
749 3904 886 3996 quamdiu
906 3925 969 3965 eam
989 3907 1173 3979 contineant,
1193 3903 1245 3963 uhi

88 3979 335 4055 manducarunt.
384 3979 458 4053 Hic,
487 3979 698 4054 meoiudicio,
724 3994 829 4040 eastum
850 4001 910 4041 non
931 3982 1144 4061 reperient.-
1184 3979 1245 4039 Sed

118 4053 276 4126 obiiciunt,
303 4075 362 4113 non
407 4077 471 4116 osse
492 4056 641 4116 hominum
661 4059 688 4115 in
714 4057 870 4116 reatitudine
890 4059 1045 4137 quicquam
1062 4056 1177 4117 detrahi
1200 4054 1247 4116 vel

115 4131 294 4191 intercidere
314 4131 350 4189 de
376 4078 433 4191 lde
453 4134 678 4212 promissionum
691 4077 765 4193 laci.
815 4134 925 4193 Pateor
953 4154 1021 4194 sane
1049 4146 1079 4194 et
1101 4133 1159 4194 vim
1183 4152 1247 4210 my·

116 4209 197 4267 sterii
215 4209 358 4288 integram
379 4229 498 4269 manere
518 4210 600 4285 dico,
629 4209 811 4290 quantumvis
830 4206 913 4290 impii
933 4230 1013 4285 eant,
1044 4211 1141 4290 quoad
1165 4211 1247 4267 inse

118 4294 172 4370 est,
191 4284 335 4350 exinanire
345 4286 490 4346 studeant.
529 4283 616 4346 atiud
636 4297 734 4346 tamen
754 4285 923 4364 estollerri,
942 4286 1019 4347 aliud
1040 4285 1140 4368 recipi.
1179 4284 1249 4367 Spi-
