2700 4732
78 194 117 257 m
397 162 823 245 'mmmmm.

24 340 35 361 ⁸
81 329 205 393 luderet.
244 328 345 402 Quum
358 326 435 387 enim
454 326 599 406 perfectio
620 325 700 407 nulle
713 325 869 406 obtingere
890 322 976 383 nobis
995 323 1213 403 possit,qnsns·

85 404 209 467 diubac
222 424 310 467 cerne
329 402 423 463 induti
442 426 551 483 turnus,
569 404 630 463 Lex
648 414 743 463 autern
763 414 888 461 mortem
908 422 942 459 ac
962 400 1099 459 iudicium
1113 398 1212 459 omni·

85 481 141 543 bus
160 481 323 555 denuntiet,
343 478 393 558 qui
413 499 475 539 non
494 478 637 561 integram
657 478 792 539 iustitiam
812 497 903 556 opere
924 476 1134 555 praestiterint:
1161 474 1213 533 bs·

86 556 171 618 bebtt
188 577 304 647 semper
322 576 382 645 quo
403 576 456 615 uos
475 568 592 616 accuset
611 576 735 633 reosque
754 566 831 633 egat,
851 553 906 611 nisi
926 565 1028 612 contra
1041 562 1214 612 occurreret

86 633 144 694 Dei
164 630 370 705 misericordia,
389 652 463 710 quae
483 632 594 691 assidua
614 644 800 710 peccatorum
815 628 984 689 remissione
1006 648 1061 686 nes
1086 626 1214 697 subinde

86 706 260 769 absolveret.
306 707 406 782 Quare
426 706 456 766 id
477 728 592 785 semper
612 718 726 767 eotastat
745 706 823 783 quod
865 704 937 762 rinei
959 704 988 763 io
1008 702 1146 776 diximus,
1177 702 1228 787 Si·

86 783 142 875 ipsi
162 804 195 843 ex
215 794 314 844 nostra
334 782 475 863 dignitate
493 782 693 853 aestimemur,
717 726 862 861 quicquid
878 800 924 839 me
947 793 1054 839 stemur
1076 790 1130 839 aut
1147 798 1213 839 me-

87 860 203 935 lremur,
221 880 276 920 nos
294 871 391 919 tamen
411 878 477 918 cum
497 858 634 919 omnibus
652 857 760 918 nostris
773 856 925 917 conatibus
946 868 976 915 et
994 856 1096 917 studiis
1115 866 1213 917 morte

89 948 120 997 et
138 934 259 996 interitu
281 934 309 993 di
332 954 385 994 nos
405 954 475 995 esse.

163 1018 210 1078 11.
247 954 373 1071 Duobus
392 1008 435 1071 his
453 1008 572 1069 fortiter
589 1008 790 1084 insistendum,
809 1007 920 1067 nullum
936 1028 1061 1087 unquam
1074 1004 1215 1067 exstitisse

89 1085 132 1167 pii
156 1084 283 1147 bemluis
303 1108 322 1146 o
345 1108 392 1161 us,
432 1084 508 1160 uod,
526 1088 550 1145 si
569 1105 671 1146 seuero
690 1084 748 1143 Dei
766 1084 881 1145 iudicio*
896 1084 1120 1160 examinaretur,
1152 1104 1214 1143 neu

88 1173 166 1223 esset
187 1108 359 1223 damnabil.
407 1106 528 1221 ddbaec
555 1162 578 1221 si
607 1160 666 1221 tale
697 1161 817 1240 aliquod
843 1160 928 1219 detur
956 1159 1050 1239 (quod
1072 1158 1214 1240 possibile

89 1237 202 1301 bomini
221 1258 283 1298 uon
304 1239 361 1312 est)
380 1238 507 1315 peccatis
525 1250 640 1310 tamen,
664 1236 769 1315 quibus
796 1234 928 1296 laborare
948 1245 1097 1295 auctorem
1116 1234 1215 1315 ipsum

90 1326 203 1374 certum
223 1325 281 1387 est,
311 1312 442 1373 vitiatum
466 1334 500 1373 ae
525 1313 708 1391 inquinatum
740 1311 862 1393 gratiam
894 1312 1028 1391 perdere:
1058 1324 1149 1389 atque
1168 1309 1216 1369 liic

88 1390 263 1480 praecipuus
283 1399 326 1449 est
345 1402 463 1449 nostrae
483 1388 684 1469 disputationis
704 1390 802 1447 cardo.
854 1388 927 1446 Nam
949 1388 985 1445 de
1004 1386 1151 1467 principio
1171 1386 1217 1447 iu-

89 1462 271 1525 stificationis
290 1464 362 1524 nihil
381 1466 460 1525 inter
478 1486 532 1525 uos
553 1478 583 1523 et
601 1467 730 1524 saniores
742 1461 927 1523 scholasticos
941 1482 1055 1597 pugnae
1069 1474 1122 1535 est,
1138 1460 1217 1595 guin

89 1554 228 1619 peccator
246 1542 407 1622 gratuitos
428 1540 614 1601 damnatione
634 1538 772 1600 liberatus
797 1540 932 1598 iustitiam
959 1559 977 1598 o
1002 1537 1106 1610 tinent,
1125 1536 1136 1597 i
1159 1556 1218 1617 que

89 1636 144 1696 per
163 1615 361 1678 remissionem
381 1628 583 1696 peccatorum,
608 1615 663 1675 nisi
683 1616 763 1694 quod
782 1614 822 1673 illi
842 1612 895 1674 sub
915 1613 1058 1673 vocabulo
1077 1613 1218 1673 iustifica-

88 1692 180 1752 tionis
200 1694 419 1751 renovationem
441 1691 710 1769 comprebeuduut,
735 1710 790 1769 qua
811 1690 1022 1769 perspiritum
1043 1688 1101 1748 Dei
1120 1688 1219 1750 reler-

88 1789 201 1828 mamur
225 1769 255 1826 in
274 1767 360 1847 Legis
386 1766 597 1827 obedientiam:
629 1766 766 1826 iustitiam
787 1788 856 1826 vero
891 1764 1016 1825 bominis
1047 1764 1217 1846 regenerati

88 1844 131 1905 sie
150 1842 336 1917 describunt,
361 1843 441 1922 qued
461 1840 549 1903 borno
572 1863 625 1922 per
644 1842 754 1904 Christi
775 1842 861 1901 linem
882 1842 948 1901 Deo
969 1841 1058 1901 semel
1079 1842 1215 1903 reconci-

90 1918 186 1992 liatus,
205 1918 293 1979 bonis
313 1918 451 1999 operibus
473 1917 562 1978 iustus
582 1930 735 1979 censeatur
753 1919 829 1997 apud
850 1917 963 1989 Deum,
983 1930 1012 1976 et
1032 1938 1136 1977 eorum
1156 1937 1217 1979 rue-

89 1996 149 2059 rito
173 1996 212 2055 sit
235 2007 379 2074 acceptus.
431 1994 538 2054 Verum
558 1993 703 2055 Dominus
728 2006 849 2070 contra,
879 2015 911 2055 se
942 1992 1027 2053 fidem
1059 1992 1217 2073 imputasse

89 2070 226 2132 Abrahae
246 2074 276 2129 in
296 2071 431 2131 iustitiam
451 2073 623 2150 pronuntiat
642 2070 741 2147 (Rom.
755 2076 846 2145 t‚3.),
866 2092 927 2129 non
948 2091 984 2129 eo
1004 2084 1216 2151 temporeque

89 2147 176 2209 idelis
195 2146 289 2207 adbuc
308 2147 466 2219 serviebat,
494 2147 544 2206 sed
566 2168 652 2225 quum
674 2145 770 2206 multis
790 2148 843 2206 iam
865 2147 947 2206 antris
968 2149 1042 2206 vitae
1060 2146 1216 2207 sanctitate

90 2222 280 2286 excelluisset.
317 2222 376 2280 Diu
396 2241 469 2303 ergo
489 2220 622 2282 coluerat
639 2221 784 2283 Abrabam
799 2223 896 2282 Deum
917 2242 949 2280 ex
970 2242 1043 2303 puro
1063 2220 1167 2297 corde,
1187 2231 1218 2282 et

91 2320 154 2360 eam
171 2298 259 2379 Legis
278 2296 475 2359 obedientiam
496 2298 689 2379 praestiterat,
709 2320 781 2379 quae
800 2298 836 2358 ab
858 2298 975 2358 bomine
994 2297 1113 2358 mortali
1155 2318 1218 2359 rae·

90 2376 159 2437 stari
180 2386 290 2465 potest:
311 2372 399 2434 babet
417 2387 513 2434 tamen
526 2375 618 2436 adbuc
639 2376 793 2455 repositam
814 2376 845 2434 in
866 2375 923 2434 fide
942 2374 1089 2435 iustitiam.
1160 2373 1218 2435 nde

91 2451 265 2533 colligimus,
284 2450 442 2511 seeundum
462 2450 546 2510 Pauli
566 2451 835 2525 ratiocinationem,
854 2472 913 2509 nen
931 2473 971 2510 eac
990 2449 1131 2525 operibus.
1172 2450 1219 2511 si·

89 2526 199 2587 militer
218 2548 306 2606 quum
326 2526 402 2607 apud
415 2526 592 2607 Prophetam
614 2528 728 2601 dicitur,
747 2528 842 2588 Iustus
862 2548 897 2585 ex
918 2528 972 2587 lide
992 2528 1068 2586 vivet
1088 2526 1217 2605 (Haliac-

89 2606 200 2681 Zd.):
226 2603 343 2663 nonde
368 2603 462 2684 impiis
487 2616 517 2662 et
563 2603 671 2664 nolanis
696 2603 819 2664 habetur
842 2624 953 2678 sermo,
979 2624 1051 2683 qeins
1071 2602 1217 2665 Dominus

89 2680 126 2741 ad
145 2680 231 2740 fidem
252 2679 450 2740 correertendo
477 2625 626 2739 iustiicet:
658 2683 708 2740 sed
729 2681 822 2741 oratio
843 2682 877 2739 acl
899 2679 997 2739 fideles
1017 2680 1170 2759 dirigitur,
1188 2689 1219 2740 et

90 2756 126 2818 iis
150 2758 206 2817 rita
236 2756 418 2836 promittitur
449 2756 573 2835 enfide.
624 2757 729 2817 Paulus
755 2778 872 2836 quoque
905 2777 1021 2817 omnem
1049 2757 1218 2835 scrupulum

90 2832 179 2895 solvit
197 2831 299 2911 (Rem.
311 2840 340 2906 d,
354 2834 408 2909 7.),
428 2856 516 2913 quum
537 2854 592 2913 pro
614 2834 835 2894 confirmatione
855 2834 930 2892 illius
948 2832 1111 2891 sententiae
1131 2834 1219 2893 istum

89 2909 209 2971 Davidis
234 2908 405 2969 versiculum
434 2910 538 2985 sumit,
568 2910 651 2969 Beati
682 2931 804 2990 quorum
831 2911 963 2969 remissae
987 2920 1054 2967 sunt
1077 2908 1218 2988 iniquita-

89 2999 133 3047 tes
157 2986 362 3063 (Ps.32,1.).
409 2985 530 3047 Certum
556 2998 600 3046 cst
624 3008 694 3046 rere
719 2987 857 3046 Davidem
884 3007 943 3045 saon
970 2984 1006 3043 de
1032 2984 1144 3063 impiis,
1167 2982 1217 3045 sed

91 3062 128 3123 de
144 3060 279 3121 fidelibus
299 3060 392 3140 loqui,
433 3063 503 3121 uelis
523 3063 585 3141 ipse
607 3075 681 3121 erat:
702 3064 767 3141 quia
780 3084 811 3121 en
828 3061 1023 3122 conscientiae
1042 3081 1111 3120 suae
1131 3081 1219 3121 sensu

90 3138 274 3217 loquebatur.
313 3139 393 3218 Ergo
412 3084 492 3197 banc
514 3138 722 3197 beatitudinem
745 3159 803 3196 non
824 3138 913 3197 semel
935 3136 1056 3210 habere,
1081 3137 1133 3196 sed
1154 3148 1217 3196 tota

91 3216 150 3273 vita
174 3226 276 3272 tenere
301 3234 353 3273 nos
381 3226 509 3293 oportet.
555 3212 709 3273 Postremo
734 3213 911 3296 legationem
937 3213 973 3271 de
1000 3215 1123 3294 gratuita
1152 3234 1219 3273 cum

92 3290 158 3349 Deo
185 3287 422 3349 reconciliatione
448 3311 508 3348 non
541 3290 570 3349 iu
597 3312 685 3349 unum
712 3302 762 3349 aut
786 3290 906 3349 alterum
928 3289 1003 3347 diem
1029 3288 1221 3369 promulgari,

91 3366 142 3426 sed
162 3378 333 3444 perpetuam
359 3365 390 3424 in
415 3364 533 3425 ecclesia
565 3386 626 3426 esse
658 3379 779 3427 testatur
799 3367 853 3443 (ll.
875 3366 946 3426 Cor.
972 3372 1005 3439 5,
1029 3370 1077 3429 18.
1098 3378 1128 3424 et
1150 3366 1220 3445 19.)-

92 3443 223 3501 Proinde
243 3462 303 3499 non
330 3442 413 3499 aliam
435 3442 571 3500 iustitiam
598 3443 739 3502 adfinem
764 3464 853 3521 usque
880 3446 952 3501 ritae
973 3440 1083 3501 habent
1106 3442 1220 3515 fideles,

93 3539 177 3597 quam
198 3516 351 3596 quaeillic
371 3517 553 3577 describitur.
592 3519 692 3578 illanet
712 3521 787 3577 enim
808 3532 952 3597 perpetuo
973 3518 1121 3579 Mediator
1132 3516 1221 3579 Chri-

93 3608 161 3667 stus,
181 3596 230 3673 qui
251 3594 366 3653 Patrem
386 3594 472 3653 nobis
492 3594 679 3653 reconciliet:
699 3617 731 3653 ac
752 3608 891 3673 perpetua
912 3607 955 3652 est
974 3596 1074 3654 mortis
1095 3594 1158 3654 eius
1177 3594 1226 3653 el'·

94 3670 200 3742 ficaria,
213 3690 317 3749 nempe
328 3669 900 3750 ablutio,satisiaetio,expiatio,perlecta
908 3670 1032 3749 denique
1040 3670 1223 3745 obedientia,

93 3766 149 3839 qua
169 3746 336 3838 iniquitates
357 3766 458 3806 omnes
479 3758 596 3807 nostrae
616 3760 820 3828 conteguntur.
860 3746 921 3806 Nec
941 3746 1047 3806 Paulus
1067 3747 1103 3806 ad
1120 3747 1221 3828 Ephe-

92 3842 151 3884 sios
172 3822 242 3883 dien
260 3843 314 3882 nos
335 3821 449 3882 initium
467 3823 565 3883 salutis
585 3822 692 3883 babere
713 3845 745 3882 ex
765 3823 867 3903 gratia,
886 3824 936 3882 sed
978 3844 1010 3881 er
1022 3826 1145 3904 gratiam
1164 3822 1221 3885 sel-

93 3910 174 3959 rstos
194 3919 266 3969 esse,
286 3918 345 3957 uon
367 3919 400 3957 ex
420 3900 572 3977 operibus:
594 3920 631 3958 ne
652 3900 715 3979 quis
735 3898 877 3981 glorietur
896 3846 984 3979 (Epll.
1004 3906 1033 3973 ⁶2,
1054 3904 1082 3964 8.
1099 3912 1129 3959 et
1147 3900 1201 3975 9.).

168 3982 214 4039 12.
254 3974 340 4048 Quae
360 3975 395 4033 ad
413 3975 591 4035 evadendum
611 3975 793 4057 subterfugia
814 3989 958 4054 quaerunt
978 3976 1023 4035 hic
1036 3976 1223 4051 scholastici,

93 4071 145 4112 ees
164 4072 223 4110 non
237 4050 400 4129 expediunt.
438 4050 532 4111 Aiunt
552 4073 612 4111 non
632 4053 704 4111 tanti
726 4073 787 4111 esse
808 4052 963 4111 intrinseca
981 4052 1122 4132 (lignitate
1142 4053 1224 4113 bona

93 4146 195 4206 opera,
215 4140 248 4185 ut
267 4127 301 4185 ad
321 4127 459 4188 iustitiam
472 4129 695 4208 comparandam
715 4128 875 4187 sufficiant:
897 4128 946 4187 sed
968 4130 1023 4187 boc
1043 4131 1224 4209 acceptantis

92 4220 155 4263 esse
173 4202 298 4295 gratiae,
325 4203 405 4282 quod
430 4215 543 4264 teritum
564 4204 669 4264 raleot.
714 4204 847 4277 Deinde,
874 4205 940 4283 quia
966 4206 1050 4263 lateri
1075 4218 1225 4287 coguntur

91 4278 228 4341 iustitiam
256 4298 379 4361 operum
410 4278 456 4341 liic
486 4302 603 4363 semper
634 4301 695 4342 esse
721 4282 937 4360 imperfectam,
969 4283 1137 4344 corscedunt
1156 4304 1225 4359 uos,
