2700 4732
10 968 13 973 ·
112 938 160 1001 lta
183 959 259 1021 puer
276 937 337 1013 ille,
355 938 414 998 fide
432 961 483 1000 sua
503 962 595 1021 appro

109 405 175 483 Qui
193 424 267 487 ergo
285 402 438 485 Baptismo
461 408 567 469 iuitirti
587 418 672 467 erunt
696 405 840 479 intentui,
862 403 940 489 *quia
964 400 1044 463 fidei
1068 400 1259 463 confessione

107 480 186 577 ,apud
211 479 363 543 eeclesiam
381 492 455 573 tuuc
474 483 605 558 deiuneti
629 504 690 545 nou
710 492 823 575 erent,
837 480 892 543 iub
917 479 1013 541 linem
1039 477 1197 569 pueritiae
1214 489 1259 538 aet

105 553 1258 715 :ttttttitlttttitt'ht‘ttth'tbtt‘hnttttntstill-'2:⁸-tl

109 710 379 785 hebebantcertam
395 731 637 774 accommunem.
676 712 747 847 ffuo
767 722 864 771 autem
885 708 958 769 baec
975 710 1077 777 actio,
1097 706 1257 787 queealio-

701 785 817 860 ebebat,
836 785 901 865 plus
920 783 1120 844 reverentiae
1140 783 1256 843 baberet

187 862 329 945 ignitatii,
346 864 514 929 ceremonia
534 886 594 945 quo
616 884 654 925 ue
672 863 866 924 adhibebatur
886 880 1028 921 manuum
1049 858 1255 941 impositionis

596 886 676 1015 bata,
694 962 761 1001 cum
779 938 906 1007 sollenni
927 936 1157 997 benedictione
1166 936 1255 997 dimit·

65 1058 70 1077 .-
111 1014 241 1077 tebatur.
285 1013 380 1076 Huius
411 1017 502 1078 moris
530 1036 619 1097 coepe
650 1016 832 1077 mentionem
864 1012 979 1075 sidunt
1011 1014 1153 1073 veterer'.
1191 1012 1253 1085 heo

111 1090 368 1172 perrumpunt:
387 1092 527 1171 „Siquis
546 1094 583 1156 ab
604 1092 757 1154 haereticis
775 1092 862 1165 redit,
880 1109 919 1149 ne
937 1089 1052 1149 iterum
1073 1088 1252 1170 baptizetur:

31 1238 35 1245 ¹
113 1170 187 1245 „sed
207 1167 287 1248 quod
306 1167 366 1228 illic
385 1170 412 1227 ei
433 1168 543 1244 deluit,
565 1189 620 1250 per
644 1167 839 1250 episcopalem
864 1186 1004 1229 maurium
1032 1166 1253 1245 impositione·

112 1243 225 1321 „virtus
245 1242 371 1324 Spiritui
390 1247 420 1304 ei
443 1245 642 1307 conseratur.“
687 1244 867 1308 Clamabunt
887 1243 934 1303 hic
964 1243 1066 1302 nostri
1091 1241 1254 1315 adversarii,

113 1320 335 1411 Sacramentum
354 1322 418 1413 iure
432 1321 546 1412 uocari,
565 1323 595 1381 in
616 1342 675 1402 quo
686 1321 814 1414 §pinitus
829 1330 947 1413 nanctus
966 1317 1166 1411 conferatur.
1202 1317 1253 1409 Ve-

111 1395 862 1569 Lupini·pp„duppe:etpiticpppppppzptpsxphg‘i‘t‚inpffip'
882 1392 1254 1562 gduilibbldptidldlnm

113 1546 264 1628 „Spiritui
282 1549 376 1611 sancti
398 1550 587 1619 invocetione
614 1572 668 1630 pei·
692 1570 829 1609 mannum
854 1558 1080 1626 impositionem
1101 1546 1255 1608 confirme-

107 786 164 867 qni
217 786 276 849 Ιώ
294 782 452 866 nutuque
470 791 577 850 merito
597 809 661 851 etse

111 882 149 925 ae

129 1635 203 1699 ‚tuti
236 1625 365 1703 quiarssa
387 1627 464 1685 tismi
492 1638 606 1689 tantum
630 1627 754 1688 sormam
773 1625 837 1685 siue
855 1621 1098 1684 sanctificatione
1119 1623 1255 1705 aceepit“

114 1660 254 1761 ldeniiuit
282 1712 313 1762 et
341 1644 540 1783 Hieronymus
570 1716 674 1765 eontra
696 1700 910 1763 Luciferianoi.
950 1698 1142 1781 Quanquam
1168 1712 1254 1761 auten

115 1796 180 1849 nou
200 1776 330 1852 inficioi,
357 1778 389 1839 in
408 1799 446 1840 eo
471 1779 606 1841 nonnihil
626 1776 799 1840 hallucinari
817 1776 1053 1865 Hieronymum,
1096 1776 1163 1836 uod
1182 1776 1255 1857 Apo

116 1852 250 1944 stolicam
274 1873 338 1915 esse
357 1853 594 1946 observationem
620 1855 708 1946 dicits
724 1852 911 1947 ,longissime
939 1862 1044 1940 umen
1070 1873 1087 1911 a
1139 1852 1254 1916 istum

115 1929 368 2068 ttttttbth
387 1932 533 2069 ,bill
553 1934 804 2068 {tt'httsstt
823 1949 913 2065 tt?
920 1926 1255 2078 itltzssttht

118 2103 206 2161 quem
227 2102 261 2143 ex
279 2084 367 2165 Legis
391 2029 573 2147 dicessitate.
622 2024 826 2164 Tateu’ergii
844 2100 992 2141 manuum
1024 2081 1255 2160 impositione·¹

119 2178 196 2238 qnae
221 2160 397 2240 simpliciter
413 2160 483 2224 loco
503 2159 719 2221 benedictionis
738 2159 802 2235 hat,
821 2156 909 2218 laudo
930 2167 962 2216 et
980 2156 1157 2219 restitutum
1177 2156 1254 2219 hodie

9 2318 11 2323 1
117 2234 150 2296 in
169 2256 274 2315 purum
296 2234 496 2298 nsnm'velim.

193 2318 223 2377 5.
261 2313 415 2373 Posterior
433 2327 530 2376 eutem
541 2328 630 2392 aetas,
650 2335 683 2375 re
701 2333 795 2395 prope
814 2310 983 2385 obliterari,
1001 2310 1146 2385 fictitiam
1163 2311 1263 2375 iectu

118 2406 206 2467 ¹quani
226 2388 481 2451 confirmationem
502 2412 557 2472 pro
577 2393 635 2452 Dei
655 2394 847 2452 Sacrameuto
866 2388 974 2470 posuit.
1013 2387 1254 2450 Gouumaitoiii

119 2463 257 2537 virtutem
278 2466 515 2542 sustinerunt,
535 2469 678 2548 Spiritum
698 2478 829 2528 sanctum
840 2464 978 2525 conferre
997 2465 1038 2524 ad
1060 2466 1175 2547 gratiae
1188 2481 1251 2544 ιιι·

32 2566 35 2571 ·
119 2551 276 2614 mentum„
288 2542 338 2620 qui
358 2542 387 2601 in
407 2543 558 2634 Baptismo
578 2543 701 2605 collatus
720 2544 757 2605 sit
776 2543 813 2603 ad
833 2542 1052 2601 innocentiam:
1086 2540 1252 2601 confirmare

122 2634 175 2677 eos
195 2617 231 2677 ad
252 2637 390 2699 pugnaui,
410 2641 460 2699 qur
486 2621 515 2680 in
536 2621 687 2701 Baptismo
713 2619 876 2701 regenerati
896 2618 954 2677 siut
973 2618 1008 2677 ad
1032 2619 1135 2678 vitem.
1169 2616 1253 2675 Pere-

122 2693 203 2784 gitnr
223 2692 293 2753 haec
313 2697 497 2757 confirmatio
525 2700 674 2759 unctione·
690 2709 720 2757 et
740 2697 791 2756 hac
810 2695 966 2754 verborum
988 2692 1137 2753 formula:
1156 2692 1252 2765 „Cou-

121 2788 209 2863 stgno
229 2783 259 2829 te
282 2771 369 2853 signo
389 2786 505 2833 sanctae
530 2775 623 2835 crucis
643 2786 673 2834 et
692 2772 835 2835 confirmo
856 2770 1009 2830 chrismate
1030 2770 1136 2831 salutis
1155 2771 1185 2830 in
1204 2790 1253 2829 uu·

120 2866 202 2905 mine
220 2846 316 2908 Patris
337 2860 367 2908 et
386 2849 409 2908 F
412 2850 452 2909 ilii
472 2863 502 2911 et
522 2851 647 2931 Spiritus
666 2849 789 2911 sancti.“
830 2848 936 2907 Pulcre
957 2848 1060 2907 omnia
1081 2858 1113 2907 et
1134 2857 1254 2908 venuste.
1288 2868 1294 2915 ε

104 2920 190 2983 ,Sed
210 2923 260 2984 uhi
279 2925 340 2984 Dei
358 2926 496 3000 verbum,
515 2928 595 3006 quod
616 2927 743 3006 Spiritus
761 2925 856 2986 sancti
884 2925 1080 3002 praesentiam
1112 2924 1167 2985 bic.
1193 2943 1253 3004 pro·
1290 2978 1293 2983 .

121 2999 235 3059 mittat?
272 3002 319 3060 Ne
339 3001 399 3063 iota
418 3004 535 3083 quidem
556 3003 720 3063 obtendere
745 3012 877 3082 possunt.
919 3000 1043 3060 Undee
1083 3020 1253 3061 onoscer·
1288 3022 1291 3027 ·

121 3074 214 3135 tiores
239 3075 365 3154 sacient,
399 3079 521 3155 chrisma
546 3102 629 3140 suurn
661 3099 722 3140 esse
747 3099 798 3138 vas
819 3076 944 3158 Spiritus
963 3079 1074 3137 sancti.
1120 3077 1253 3136 Videmus

124 3149 234 3224 oleum,
253 3174 379 3215 crassum
392 3156 504 3216 scilicet
523 3168 553 3215 et
572 3157 710 3237 pinguem
730 3154 885 3233 liquorem,
906 3164 1059 3233 praeterea
1079 3153 1166 3212 nihil.
1185 3153 1253 3227 „Ac-

125 3226 241 3300 cedat,“
260 3231 554 3314 inquithugustinus,
572 3234 714 3306 „verbum
726 3233 761 3292 ad
774 3231 960 3300 elementum,
980 3243 1009 3289 et
1019 3229 1074 3289 liet
1088 3231 1254 3289 Sacramen-

90 3358 93 3363 ,
124 3309 218 3392 tum.“
256 3306 339 3382 Hoc,
367 3308 503 3400 inquam,
527 3311 649 3370 verbum
669 3309 837 3390 proferant,
857 3308 880 3367 si
899 3308 1056 3387 quicquam
1078 3327 1136 3366 uos
1158 3307 1254 3367 intueri
1297 3356 1299 3361 .

124 3400 157 3438 in
178 3379 245 3441 oleo
256 3383 361 3443 volunt
381 3385 470 3461 aliud,
489 3407 574 3466 quani
595 3386 703 3446 oleum.
743 3384 859 3459 Quodsi
879 3382 1142 3443 sacramentorum
1162 3403 1194 3444 se
1212 3385 1254 3444 rui·
1297 3386 1299 3393 '

125 3456 251 3530 nistros,
283 3470 317 3519 ut
339 3482 392 3539 par
411 3474 470 3533 est,
500 3473 712 3545 agnoscerent,
743 3483 803 3521 non
828 3461 935 3520 diutius
961 3461 1157 3539 pugnandum
1181 3473 1254 3520 esset.

126 3531 209 3593 Haec
230 3535 322 3618 prima
338 3538 468 3599 ministri
493 3538 538 3598 lex
558 3551 616 3615 est,
647 3539 775 3618 nequid
799 3538 863 3598 eine
887 3539 1027 3596 mandato
1048 3537 1153 3596 obeat.
1191 3537 1254 3620 Age,

125 3608 296 3670 mandatum
316 3613 402 3673 huius
421 3614 576 3677 ministerii
596 3616 713 3694 aliquod
733 3617 915 3706 producant,
935 3624 965 3672 ct
983 3613 1109 3671 verbum
1130 3633 1195 3672 nou
1213 3617 1253 3673 ad·
1297 3672 1299 3683 ,

126 3684 202 3744 dam.
243 3688 275 3748 Si
294 3690 432 3751 mandato
452 3691 642 3766 deliniuntur,
671 3691 841 3772 sacrilegam
865 3692 1010 3750 audacium
1035 3708 1180 3749 excusare
1202 3710 1254 3750 nou

126 3776 260 3894 possunt.
309 3766 373 3827 Hac
400 3769 515 3827 ratione
540 3770 711 3829 Pharisaeos
729 3769 875 3827 Dominus
897 3769 1012 3828 interro
1052 3765 1118 3840 bat,
1152 3780 1255 3829 essetne
1297 3814 1299 3821 .

155 3841 293 3917 aptismus
312 3842 433 3904 loannis
463 3846 591 3905 ecoelo
623 3867 659 3905 an
685 3865 718 3904 ex
738 3843 905 3904 horninibus
925 3844 1017 3919 (Matt
1037 3848 1194 3921 .‘21,‘25.).
1228 3842 1255 3901 si
1296 3838 1299 3849 '

126 3918 361 3995 respondissent,
381 3939 414 3979 ex
434 3918 822 4003 hominibuszstbtinehat,
853 3920 989 3979 irirolum
1009 3940 1077 3988 esse⁸
1095 3932 1126 3978 et
1144 3940 1254 3980 ranem:

129 4008 145 4062 t
166 3991 267 4067 coelo,
289 3995 450 4056 doctrinam
471 3998 593 4059 Ioannis
612 3993 773 4080 agno‘scere
794 3997 988 4078 cogebantur.
1035 3997 1082 4055 lta
1106 4016 1142 4056 ue
1164 4018 1201 4057 ne
1218 4014 1255 4055 ei·

127 4080 194 4131 sent
213 4070 334 4160 nimium
355 4074 385 4131 in
406 4073 550 4134 loannem
571 4075 792 4147 contumeliosi,
819 4096 880 4133 non
901 4075 962 4132 ausi
986 4085 1057 4134 suut
1083 4017 1185 4145 interi,
1203 4090 1256 4132 este

128 4166 162 4202 ex
189 4145 365 4209 hominibus.
415 4149 448 4209 Si
471 4150 571 4231 itaque
595 4171 629 4211 ex
655 4152 821 4212 hominihus
848 4161 892 4210 est
915 4150 1119 4227 confirmatio,
1144 4172 1216 4213 vana
1231 4159 1257 4208 et

103 192 163 259 U
287 268 293 279 υ
488 184 568 251 121¹.
586 186 643 249 tv,
680 184 771 249 GAP.
791 183 872 247 m

106 330 167 395 tati
184 336 325 411 poteram
342 326 412 389 fidei
430 280 647 393 toulessionen
665 346 767 392 curan
786 328 930 409 episcopo
950 345 987 387 ac
1015 322 1144 408 populo
1156 321 1258 385 edere·

4 4268 7 4273 -
128 4220 233 4283 frivola
252 4244 316 4284 esse
336 4226 537 4288 convinciturr
556 4229 581 4288 si
602 4249 619 4288 e
639 4227 726 4289 coelo
745 4227 923 4308 persuadere
942 4226 1057 4303 volunt,
1067 4228 1216 4307 probent.

200 4303 229 4363 o
268 4299 405 4365 Tuentur
423 4323 456 4365 ie
475 4304 592 4386 quidem
610 4302 825 4387 Apostolorum
845 4304 998 4386 exemplo,
1031 4324 1110 4385 qnos
1129 4303 1202 4367 nihil
1216 4315 1256 4362 te·
