2700 4732
103 214 177 279 m.
484 170 933 287 mumm'

107 366 141 419 et
156 351 320 416 incolumes
338 368 486 425 amorem,
504 369 609 411 eorum
634 368 751 411 earnem
771 349 939 411 induendo:
970 349 1066 412 hrevis
1084 351 1241 431 responsio

101 444 167 509 est,
186 452 276 510 quum
294 426 469 511 pronuntiet
486 426 630 508 Spiritus,
650 438 771 487 aeterno
791 427 849 487 Dei
870 428 990 489 decreto
1010 428 1168 488 coniundta
1196 428 1241 489 si-

109 508 170 570 mul
189 507 262 568 haec
277 506 336 565 duo
357 504 462 577 luisse,
482 515 514 563 ut
533 503 618 563 heret
636 502 721 564 nohis
740 502 924 584 Redemptor
942 502 1087 576 Christus,
1111 515 1142 563 et
1162 504 1242 565 eius-

110 586 176 645 dem
196 595 318 644 naturae
337 582 492 673 particeps,
512 579 554 639 las
574 600 634 639 non
655 599 717 638 esse
738 579 853 660 longius
867 580 1025 658 inquirere.
1065 582 1139 639 Nam
1151 600 1241 658 quem

109 660 210 721 titillat
229 657 293 739 plus
313 656 421 736 aliquid
445 655 557 716 sciendi
582 655 740 735 cupiditas,
770 655 944 715 immutabili
969 656 1027 716 Dei
1051 657 1244 719 ordinatione

110 757 173 798 non
192 745 366 806 contentus,
384 732 515 792 ostendit
533 731 622 791 etiam
641 752 679 791 ne
700 731 756 791 hoc
776 733 894 811 quidem
915 732 1052 809 Christo,
1104 732 1133 792 ui
1153 732 1243 793 nohis

109 808 518 961 :assuendus
537 808 744 963 tusus
764 820 1039 947 sudsere:
1057 755 1147 947 ..la
1168 829 1243 947 :a

111 967 148 1026 ad
167 963 291 1025 sublime
309 906 582 1055 praedestinatiinis
603 906 1014 1041 inysteriurirqconscendens,
1045 928 1163 1023 omoeni
1186 960 1245 1021 hu-

110 1044 188 1104 maui
207 1038 318 1122 ingenit
337 1037 479 1097 lasciviam
500 1048 530 1097 et
551 1037 694 1117 pruritum
718 1050 889 1129 opportune
914 1039 1083 1118 compescit.
1121 1037 1245 1119 „Elegit

112 1138 188 1195 „nos
218 1116 249 1175 in
281 1113 400 1177 Christo
428 1114 517 1172 Pater
547 1124 616 1174 ante
645 1113 745 1172 munds
765 1115 955 1188 creationem,
986 1128 1019 1175 ut
1037 1115 1093 1174 ado
1117 1115 1243 1176 taretin

111 1190 387 1329 eleseu:
406 1136 1245 1348 ravennium‘sunctum

111 1313 171 1407 'tlte
189 1356 271 1406 certe
296 1308 359 1403 nain
384 1342 633 1423 praesupponitur
657 1341 740 1401 noae
764 1341 871 1423 lapsus,
898 1343 978 1424 quasi
998 1356 1134 1425 tempore
1153 1366 1187 1405 en
1210 1363 1246 1402 e·

112 1423 188 1485 rior:
207 1420 258 1481 sed
278 1418 347 1499 quid
367 1431 436 1478 ante
454 1418 565 1479 saecula
584 1419 717 1478 statuerit
728 1419 808 1478 Deus
828 1420 1003 1494 ostenditur,
1023 1442 1112 1501 quum
1131 1365 1246 1481 medici

112 1499 202 1562 vellet
216 1495 339 1563 humani
379 1495 473 1555 eneris
500 1493 639 1554 miseriae.
698 1495 730 1556 Si
759 1516 872 1555 rursum
904 1495 1028 1556 ohiiciat
1051 1497 1247 1570 adversarius,

114 1573 268 1637 consilium
288 1514 415 1632 hoeltei
435 1571 608 1651 pependisse
627 1590 659 1628 ea
682 1570 806 1631 hominis
825 1572 918 1647 ruina,
961 1594 1023 1633 uam
1041 1573 1243 1653 praevidebat:

113 1650 184 1712 mihi
201 1650 269 1711 satis
287 1668 434 1729 superque
454 1659 508 1721 est,
533 1646 622 1726 impia
641 1648 760 1708 audacia
780 1647 816 1707 ad
836 1594 1005 1730 lingendum
1026 1671 1134 1709 novum
1155 1649 1245 1711 Chri·

113 1740 190 1790 stum
209 1745 416 1807 prorumpere,
448 1724 617 1803 quicunque
643 1723 698 1783 sihi
724 1723 759 1783 de
780 1723 899 1784 Christo
921 1726 984 1804 plus
1003 1725 1152 1805 inquirere
1172 1746 1245 1805 pro·

115 1808 236 1864 mittunt
254 1801 300 1861 rel
318 1802 394 1862 scire
414 1811 566 1880 appetunt,
607 1821 672 1858 uam
691 1800 773 1860 Deus
793 1821 901 1862 arcano
924 1823 978 1862 suo
1006 1803 1125 1864 decreto
1156 1821 1244 1883 prae-

116 1879 284 1941 destinavit.
343 1878 388 1937 Ac
407 1877 513 1936 merito
532 1822 639 1935 Paullus
658 1876 749 1956 (Eph.
770 1882 800 1949 3,
818 1882 866 1940 16.
887 1879 961 1958 sq),
991 1879 1043 1938 uhi
1062 1880 1098 1938 de
1111 1879 1245 1960 ‚proprio

115 1957 225 2019 Christi
244 1954 342 2015 officio
363 1955 403 2013 ita
423 1953 574 2026 disseruit,
603 1965 739 2033 precatur
764 1953 895 2032 Ephesiis
919 1955 1054 2045 spiritum
1074 1955 1245 2036 intelligen-

115 2035 183 2107 tiae,
203 2046 237 2094 ut
255 2030 507 2112 comprehendant
525 2048 599 2109 quae
618 2029 656 2089 sit
674 2027 846 2110 longitudo,
869 2030 1053 2106 sublimitas,
1069 2032 1192 2092 latitudo
1212 2044 1245 2091 et

115 2106 313 2191 profunditas:
340 2126 446 2187 nempe
466 2105 567 2165 caritas
580 2106 700 2179 Christi,
720 2126 794 2184 quae
821 2127 938 2167 omnem
955 2108 1113 2175 ,scientiam
1139 2127 1244 2188 super-

116 2185 242 2246 eminet:
261 2184 317 2245 acsi
338 2184 401 2242 data
420 2202 511 2263 opera
523 2181 670 2243 cancellos
689 2182 835 2243 mentibus
856 2185 963 2244 nostris
983 2185 1186 2259 circumdaret,
1205 2204 1245 2245 ne

115 2284 130 2322 a
151 2262 242 2342 gratia
252 2258 498 2320 reconciliationis
517 2257 662 2317 tantillum
674 2259 834 2333 declinent,
853 2262 968 2340 quoties
988 2260 1140 2322 litChiisti
1160 2281 1245 2321 men·

114 2339 167 2398 tio.
225 2338 326 2410 Quare
357 2356 446 2414 quum
476 2333 568 2394 fidelis
598 2333 644 2395 hic
669 2355 765 2395 sermo
790 2336 843 2410 sit,
875 2348 951 2397 teste
980 2339 1075 2399 Paulo
1104 2339 1144 2416 (Ι.
1164 2339 1243 2398 Tim.

115 2421 145 2488 1,
163 2414 247 2490 dd),
278 2412 426 2473 Christum
451 2413 563 2470 venisse
589 2422 622 2470 ut
642 2425 810 2488 peccatores
829 2412 923 2473 salvos
943 2414 1067 2474 laceret:
1098 2417 1127 2473 in
1149 2435 1186 2475 co
1207 2413 1244 2473 li-

115 2491 221 2550 henter
239 2489 402 2567 acquiesco.
440 2488 480 2546 Et
498 2508 588 2566 quum
607 2487 677 2546 alihi
697 2488 800 2548 doceat
820 2490 896 2549 idem
915 2490 1075 2580 Apostolus
1094 2490 1150 2568 (ΙΙ.
1163 2491 1244 2550 Tim.

113 2574 143 2639 1,
162 2568 223 2643 9.),
243 2564 376 2656 gratiam,
419 2584 472 2654 uae
491 2585 570 2623 ιιιιιιο
589 2585 643 2653 per
661 2563 850 2646 Evangelium
872 2567 1052 2654 manifestate
1072 2579 1125 2640 est,
1144 2567 1242 2625 datam

116 2642 202 2703 nobis
221 2640 309 2701 fuisse
328 2662 359 2698 ιιι
380 2586 498 2702 Chresto
519 2650 586 2700 ante
611 2652 744 2720 tempora
764 2641 936 2701 saecularia:
966 2643 1002 2701 ad
1027 2642 1116 2702 linem
1145 2661 1242 2721 usque

70 2738 72 2743 ·
115 2728 286 2780 constanter
303 2717 333 2776 in
355 2737 388 2776 ea
408 2715 584 2777 manendum
603 2730 709 2777 statuo.
748 2718 826 2778 lluic
845 2718 1244 2799 modestiaeiniqueohstre·
1283 2744 1286 2753 ·

114 2797 158 2876 pit
180 2793 334 2867 Osiander,
354 2794 403 2872 qni
423 2793 497 2854 hanc
538 2794 718 2854 uaestionem
738 2814 754 2853 a
780 2796 876 2874 paucis
900 2807 969 2854 ante
993 2795 1097 2856 leviter
1120 2807 1244 2870 motam,

115 2893 212 2934 rursus
234 2871 291 2929 hoc
309 2882 367 2930 tem
392 2891 445 2929 ore
464 2815 620 2930 infeliciter
639 2871 770 2962 agitavit
821 2871 1027 2933 Confidentiae
1051 2893 1107 2933 eos·
1120 2873 1245 2933 insimu-

115 2948 167 3022 lat,
186 2946 236 3027 qui
247 2946 353 3006 Filium
371 2892 429 3006 ltei
450 2959 559 3028 negant
575 2958 773 3083 appariturum
794 2947 823 3006 io
844 2967 932 3007 carne
952 2950 1049 3022 luisse,
1067 2950 1091 3009 si
1111 2970 1171 3008 non
1193 2969 1246 3009 ce·

116 3026 231 3085 cidisset
250 3024 357 3084 Adam:
387 3023 453 3103 quia
474 3023 560 3083 vnullo

116 3101 309 3235 qepqdietqsmt
337 3098 439 3240 3Qqasi
457 3119 536 3235 seqq.
552 3120 703 3235 qerverqae
722 3099 884 3234 cturiositati
910 3100 1024 3237 sapum
1048 3123 1109 3161 non
1134 3101 1246 3239 istriiqiat

161 3200 209 3235 uu
287 3199 318 3234 ι.
405 3198 530 3234 .“ιιι
614 3196 799 3235 reemsn
865 3197 897 3235 cr
969 3199 992 3235 n
1229 3212 1245 3226 ·

117 3182 320 3386 quingui,(mox
339 3178 542 3387 irihetiitultas
561 3196 746 3387 qhaetstionis
761 3195 877 3387 {nge}
893 3199 1148 3391 ‘Eousqiuiigni'piil
1167 3199 1245 3335 quii·

116 3348 424 3495 :ttstttiiztttq
437 3348 835 3483 tt.t‘:5.tt.‘.'.‘;tt¹.tt
853 3349 1049 3495 stellet?
1069 3344 1245 3488 ’dlaqliil

115 3491 246 3555 tentum,
276 3479 355 3560 quod
382 3502 420 3560 pn
445 3502 547 3541 omnes
573 3493 710 3560 tanquam
735 3481 907 3542 detestabile
936 3484 1043 3542 merito
1076 3484 1247 3561 exhorrent,

117 3557 173 3615 hoc
193 3568 341 3635 praetextu
365 3569 481 3617 excusat
506 3556 668 3633 Osiander,
700 3558 780 3636 quod
812 3580 951 3638 nusquam
984 3560 1092 3619 diserte
1111 3560 1141 3619 in
1162 3561 1247 3621 Seri·

116 3646 201 3713 ptura
223 3631 372 3692 refellitur.
413 3633 504 3708 Quasi
523 3655 593 3694 vero
614 3633 681 3693 dum
703 3634 774 3693 nihil
794 3634 956 3713 pretiosum
975 3647 1025 3696 aut
1049 3636 1169 3717 dignum
1189 3659 1246 3698 co·

116 3710 199 3790 gnitu
226 3708 332 3768 Paulus
362 3709 441 3769 ducit
468 3711 507 3789 (1.
529 3711 600 3772 Cor.
619 3715 649 3783 2,
667 3714 710 3785 2.)
739 3722 855 3790 praeter
885 3711 1034 3773 Christum
1066 3712 1246 3790 crucifixum,

116 3787 230 3844 asinum
250 3783 348 3845 salutis
368 3799 518 3846 nectorem
539 3787 681 3846 admittat.
712 3786 794 3868 Ergo
822 3788 872 3865 qui
891 3789 961 3847 alihi
983 3788 1130 3849 Christum
1156 3810 1245 3868 prae·

116 3862 193 3921 dicat
211 3862 302 3940 (Eph.
321 3869 350 3934 1,
369 3869 416 3926 22.
453 3877 573 3922 aeterno
593 3863 686 3922 Patris
706 3863 828 3923 consilio
849 3863 878 3922 in
899 3876 985 3943 caput
1012 3865 1098 3925 luisse
1123 3866 1247 3931 ordinas

114 3947 188 4011 tum,
208 3948 241 3996 ut
260 3938 358 3998 omnia
379 3940 548 4020 coligeret,
580 3938 672 3999 nihilo
693 3939 782 4020 magis
797 3939 885 3999 alium
904 3954 1054 4021 agnoscet,
1073 3942 1120 4000 cui
1147 3941 1246 4003 nullae

115 4014 276 4074 redimendi
296 4027 392 4094 partes
411 4017 559 4075 iniunctae
578 4015 647 4075 siut.

611 3025 759 3103 sripturae
777 3023 948 3084 testimonio
969 3038 1165 3086 commentum
1186 3025 1245 3086 hoe

189 4096 218 4155 6.
258 4091 350 4164 Quod
368 4104 464 4151 autern
484 4093 571 4152 iactat
588 4093 775 4171 principium,
790 4114 914 4227 Brorsus
935 4093 1071 4153 frivolum
1087 4054 1138 4152 est.
1176 4093 1245 4154 Ho-

114 4166 222 4227 minem
241 4167 304 4228 vult
323 4181 452 4228 creatum
474 4187 536 4228 esse
555 4169 590 4228 ad
615 4169 771 4251 imaginem

113 4244 149 4301 ad
168 4244 315 4322 exemplar
334 4244 428 4304 suturi-
445 4243 566 4320 Christi,
586 4256 619 4304 ut
637 4245 718 4305 illum
731 4245 865 4321 referret,
884 4266 971 4325 quem
987 4250 1042 4307 iam
1056 4247 1144 4305 Pater
1155 4267 1245 4306 carne

13 4378 15 4383 Α
111 4321 216 4379 vestire
235 4319 424 4385 decreverats·
444 4321 688 4407 lindecolligit,
716 4323 741 4382 si
766 4343 916 4403 nunquam
941 4324 1092 4383 excidisset
1110 4323 1244 4385 Aduma

822 4171 865 4245 ei,
894 4170 962 4250 quia
988 4170 1128 4230 formatus
1155 4169 1244 4229 suerit
1293 4194 1296 4207 ·
