2700 4732
113 221 172 286 att
459 242 462 247 ·
514 215 589 277 ΜΒ.
611 216 666 277 lll.
699 217 794 281 'CAR
814 216 854 279 ll.

119 382 158 423 eo
175 360 297 423 salutem
317 361 536 445 consequimur,
555 358 603 420 rel
622 361 703 440 qiioil
723 360 817 440 parati
835 381 933 420 snmus
953 380 1009 442 pro
1022 379 1093 421 vero
1113 360 1255 442 amplecti

119 438 259 520 quiequid
273 437 407 530 ‚ecclesia
422 438 661 575 praescripserit,
680 437 727 497 vel
747 436 827 516 quod
847 436 1016 515 inquirendi
1035 440 1256 533 cognoscendi-

119 536 183 652 Π.
196 511 1256 679 '‘itttttt.²..tttt..“l⁰.t2.”¹.¹.¹⁵²..2⁰.‚‘¹..ll.²tlt.¹';2‡¹eht'tf:

120 669 209 730 laeta:
231 667 378 728 Christum
397 669 518 726 veroin
540 666 687 739 iustitiam,
706 666 983 739 sanctificationem,
1007 678 1039 726 et
1057 667 1145 727 vitam
1166 666 1255 730 nobis

120 763 183 806 ease
203 743 310 804 datum.
350 743 428 813 Hac,
454 744 587 822 inquam,
606 742 794 825 cognitione,
814 763 876 801 non
896 762 996 802 sensus
1015 743 1109 802 nostri
1128 743 1255 805 subinia-

119 822 216 895 sione,
234 820 394 901 ingressum
414 820 444 879 in
465 839 585 899 regnum
606 819 757 879 coelorum
774 817 951 878 obtinemus.
988 817 1062 878 Nam
1075 838 1164 898 quum
1179 819 1255 883 dicit

121 897 295 979 Apostolus,
315 896 404 955 eorde
424 895 504 955 credi
524 894 560 954 ad
580 893 731 969 iustitiam,
758 915 811 954 ore
830 892 1047 954 consessionem
1068 895 1131 956 lieri
1149 894 1189 959 ad
1205 918 1254 959 sa-

121 973 212 1033 lutem
231 973 332 1050 (llum.
352 977 387 1044 1,
405 972 484 1046 itt),
503 991 564 1032 non
584 972 651 1031 satis
673 992 736 1031 esse
757 971 875 1044 indicat,
893 969 919 1030 si
938 970 1003 1049 quis
1025 971 1170 1050 implicite
1186 992 1253 1033 cre·

123 1050 171 1110 dat
190 1049 269 1128 quod
296 1069 357 1107 non
382 1048 544 1141 intelligat,
572 1067 642 1107 nec.
658 1047 744 1107 etiam
769 1049 911 1126 inquirat,
942 1046 993 1105 sed
1020 1047 1184 1126 explicitam
1202 1067 1254 1109 re·

121 1126 212 1206 quirit
231 1124 346 1183 divinae
366 1123 505 1185 bonitatis
524 1140 539 1183 a
564 1124 718 1199 nitiooem,
738 1123 768 1184 in
787 1143 843 1203 qna
862 1123 998 1182 consistit
1016 1135 1115 1184 nostra
1134 1123 1252 1186 iustitia.

197 1207 226 1266 :a
265 1199 409 1279 Equidem
429 1220 490 1260 non
511 1142 626 1259 iiiicior
645 1202 719 1279 (qua
736 1221 833 1259 sumus
854 1198 1020 1278 ignorantia
1038 1200 1269 1280 circumsepti),

121 1273 201 1415 quin¹
213 1276 335 1371 plurima
347 1275 437 1366 nohis
456 1277 597 1367 implicita
616 1297 695 1337 nunc
713 1275 782 1367 sint,
802 1287 832 1335 et
842 1279 928 1366 etiam
947 1273 1005 1335 sint
1025 1273 1135 1367 lutura,
1154 1275 1254 1370 donee

144 1366 254 1433 eposita
274 1373 368 1412 carnis
387 1351 467 1412 mole
487 1374 606 1432 propius
630 1352 666 1412 ad
688 1352 745 1411 Dei
766 1363 957 1432 praesentiam
977 1371 1201 1414 accesserimona
1220 1374 1254 1414 ιιι

123 1430 229 1511 quibus
248 1430 316 1508 ipsis
341 1428 413 1488 nihil
438 1430 528 1511 magis
552 1429 686 1510 expediat
704 1449 790 1508 quam
809 1428 950 1488 iodicium
968 1427 1164 1519 suspendere,
1187 1429 1254 1491 ani-

121 1528 202 1567 nium
221 1518 317 1566 antem
338 1504 485 1565 offirmare
504 1504 540 1564 ad
559 1505 716 1564 tenendam
737 1527 802 1564 cuni
822 1503 944 1564 ecclesia
963 1516 1112 1564 unitatem.
1138 1505 1253 1568 Verum

33 1601 35 1604 ’
67 1602 68 1607 ’
122 1584 180 1644 lioc
199 1592 349 1661 praetextu
369 1581 564 1662 ignorantiam
584 1581 744 1641 humilitate
763 1593 954 1671 temperatam
974 1580 1043 1640 fidei
1062 1581 1185 1642 nomine
1204 1582 1253 1644 in·

122 1659 231 1741 signire
256 1657 489 1718 absurdissimum
515 1669 567 1717 est.
614 1657 702 1716 Fides
725 1658 802 1717 enim
828 1679 856 1716 in
877 1656 935 1716 Dei
961 1667 992 1716 et
1011 1656 1121 1717 Christi
1146 1662 1254 1739 cogni-

122 1738 205 1797 tione
224 1735 285 1812 (Io.
304 1741 359 1805 17,
377 1736 437 1808 3.),
456 1754 518 1793 non
538 1733 568 1793 in
589 1733 730 1793 ecclesiae
748 1735 911 1794 reverentia
930 1732 1014 1792 iacet.
1064 1731 1103 1793 Et
1122 1733 1253 1798 uidemus

75 1810 81 1828 '
122 1811 238 1893 qualem
258 1809 455 1890 labyrinthum
475 1811 527 1870 ista
546 1832 596 1870 aua
616 1809 814 1889 implicatione
832 1809 891 1869 sint
910 1808 1054 1886 fabricati,
1073 1820 1107 1868 ut
1128 1811 1253 1890 quidvis,

122 1887 205 1948 nullo
226 1908 291 1947 cnm
312 1884 442 1961 delectu,
466 1886 535 1947 dum
554 1885 608 1948 sub
629 1884 768 1946 eeclesiae
787 1885 957 1947 obtruditur
974 1886 1077 1959 titulo,
1101 1885 1137 1946 ah
1158 1886 1253 1969 impe·

79 1983 83 1989 ·
122 1965 185 2025 ritis
203 1964 294 2023 instar
313 1961 424 2022 oraculi
444 1962 612 2042 arripiatur,
632 1963 776 2022 interdum
800 1964 887 2022 etiam
906 1961 1147 2047 prodigiosissimi
1167 1983 1252 2024 erro·

121 2061 195 2100 res..
217 2038 303 2113 Quae
324 2037 535 2099 inconsiderata
554 2038 692 2113 facilitas,
711 2060 799 2117 quum
819 2038 1010 2098 certissimum
1029 2038 1068 2098 sit
1085 2039 1116 2098 in
1137 2039 1251 2101 ruinam

122 2116 336 2206 praecipitium,
355 2113 392 2173 ab
412 2115 448 2173 iis
467 2127 565 2175 tamen
578 2127 740 2175 excusatur:
761 2115 827 2194 quia
847 2114 967 2173 definite
987 2113 1182 2190 nihilcredat,
1199 2117 1250 2177 aed

121 2203 254 2272 apposita
265 2190 446 2264 conditione,
467 2191 499 2248 Si
518 2192 584 2250 talis
603 2190 743 2251 ecclesiae
762 2192 799 2251 sit
819 2191 899 2250 fides.
937 2190 982 2250 lta
1003 2191 1033 2249 in
1053 2210 1156 2251 errore
1171 2192 1249 2254 veri-

121 2278 228 2341 tatem,
257 2266 287 2326 in
308 2267 451 2327 coecitate
480 2267 591 2340 iucem,
620 2267 650 2326 in
671 2268 836 2347 ignorantia
855 2279 963 2328 rectam
984 2267 1137 2327 scientiam
1155 2271 1251 2330 tcaeri

121 2345 245 2424 lingunt
285 2342 403 2417 Quibus
424 2335 582 2403 refutandis
602 2363 641 2402 ne
660 2344 775 2424 longius
795 2345 994 2416 immoremur,
1013 2354 1128 2403 tantum
1145 2345 1251 2407 admo·

120 2440 223 2480 nemus
243 2419 382 2479 lectorem
408 2430 442 2477 nt
464 2419 525 2499 ipsa
550 2441 616 2479 cuin
643 2423 749 2480 nostris
769 2420 914 2480 conserat:
944 2419 1005 2497 ipsa
1024 2421 1102 2479 enirn
1120 2421 1251 2483 veritatis

121 2495 312 2575 perspicuitas
331 2494 398 2553 satis
419 2495 579 2574 expeditam
600 2515 653 2574 per
671 2516 703 2557 se
723 2496 930 2557 refutationem
949 2507 1097 2577 suggeret.
1142 2497 1249 2576 Neque

121 2572 200 2631 enim
221 2570 297 2650 apud
318 2589 369 2629 eos
389 2570 446 2630 lioc
472 2574 637 2650 quaeritur,
667 2593 703 2632 aii
729 2571 868 2651 implicita
893 2572 930 2631 sit
949 2571 1019 2631 fides
1046 2570 1142 2639 multia
1160 2571 1249 2655 igno·

120 2647 233 2708 rantiae
253 2645 392 2726 reliquiis,
411 2647 461 2707 sed
482 2647 635 2722 deliniunt,
654 2653 710 2708 rite
729 2649 851 2709 credere
863 2647 913 2727 qui
933 2648 961 2706 in
982 2670 1032 2708 sna
1053 2649 1164 2711 inscitia
1183 2660 1249 2709 atu-

121 2736 203 2803 pent,
223 2724 358 2802 adeoque
376 2722 431 2784 sihi
452 2723 616 2804 indulgent,
634 2727 725 2785 modo
747 2724 884 2785 ecclesiae
903 2725 1070 2785 auctoritati
1088 2724 1249 2786 atindicio
1301 2776 1304 2780 a

121 2801 158 2860 de
178 2800 266 2860 rebus
284 2801 353 2858 inco
378 2800 442 2860 uitis
462 2801 663 2863 assentiantur.
703 2802 795 2876 Quasi
808 2820 877 2859 vero
892 2801 1043 2881 Scriptura
1063 2802 1167 2880 passim
1186 2821 1250 2862 non

120 2877 227 2937 doceat
245 2897 311 2936 cuni
332 2817 592 2937 hdeconiunctam
613 2896 675 2937 esse
695 2878 926 2958 intelligentiam.
1230 2932 1239 2945 ‚

195 2960 225 3016 4.
262 2953 325 3011 Nos
344 2973 415 3012 vero
435 2952 536 3028 fidem,
556 2953 693 3033 quamdiu
712 2954 743 3012 in
763 2954 872 3013 mundo
893 2973 963 3033 pere
986 2953 1132 3031 rinamur,
1153 2954 1252 3034 impli-

119 3030 204 3090 citam
226 3049 288 3087 esse
307 3028 509 3088 concedimus:
541 3050 602 3088 non
629 3028 723 3090 solum
744 3032 812 3109 quia
836 3051 893 3105 iios
916 2971 1006 3089 multa
1025 3030 1120 3090 adbuc
1146 3032 1251 3107 latent,

118 3106 169 3166 aed
191 3105 257 3183 quia
278 3104 373 3164 multis
399 3125 532 3164 errorum
556 3104 671 3165 nebulis
701 3106 885 3180 circumdati,
915 3127 975 3166 noii
997 3106 1093 3165 omnia
1117 3109 1250 3187 assequi-

118 3202 194 3241 mur.
234 3183 309 3240 Nam
334 3181 536 3259 perfectissimi
560 3182 699 3273 cuiusque
723 3203 832 3243 summa
856 3182 998 3260 sapientia
1024 3193 1068 3241 est
1092 3184 1251 3263 prolicere,

118 3257 288 3337 placidaque
308 3255 457 3316 docilitate
478 3257 593 3338 longius
613 3259 694 3317 eniti.
737 3259 842 3336 ltaque
866 3259 966 3319 fideles
986 3258 1121 3318 bortatur
1140 3260 1250 3322 Paulus

116 3331 208 3410 (Phil.
228 3334 357 3407 8,15.),
384 3344 416 3393 ut
434 3333 458 3393 si
479 3354 535 3413 qua
556 3333 592 3392 de
611 3354 644 3393 re
663 3333 699 3394 ab
719 3333 780 3395 aliis
800 3334 986 3408 dissentiant,
1013 3347 1183 3426 exspectent
1199 3357 1251 3397 re·

116 3407 346 3483 relationem).
384 3408 423 3468 Et
441 3428 511 3469 sane
530 3411 709 3489 experientia
726 3411 824 3484 docet,
843 3410 938 3470 donec
950 3431 1037 3471 carne
1051 3433 1140 3471 simus
1160 3413 1250 3488 exuti,

116 3486 211 3544 minus
232 3505 286 3545 nos
306 3484 419 3564 assequi
438 3506 523 3565 quam
544 3486 705 3578 optandum
725 3498 816 3546 esset:
847 3506 882 3546 ac
902 3487 1035 3567 quotidie
1061 3487 1188 3569 legendo
1214 3490 1248 3549 in

115 3560 224 3620 multos
244 3560 400 3621 obscuros*
412 3560 494 3622 locos
519 3563 688 3635 incidimus,
719 3564 769 3642 qui
795 3584 849 3622 nos
868 3564 1052 3654 ignorantiae
1071 3577 1248 3646 coarguunt.

114 3636 214 3717 Atque
246 3636 304 3696 lioc
333 3635 418 3697 lreno
450 3638 481 3697 in
505 3639 647 3699 modestia
668 3659 722 3700 nos
740 3639 822 3699 Deus
842 3652 966 3714 retinet,
996 3639 1064 3699 fidei
1083 3660 1249 3702 mensnram

113 3713 236 3795 singulis
255 3712 419 3796 assignans,
443 3725 477 3772 ut
496 3717 622 3794 optimus
643 3717 727 3776 etiam
748 3716 811 3807 quis
833 3737 870 3775 iie
890 3717 996 3776 doctor
1020 3716 1055 3776 ad
1076 3717 1248 3778 discendum

113 3803 231 3870 paratus
250 3790 298 3850 sit.
340 3789 386 3848 Ac
412 3790 534 3871 insignia
560 3792 643 3852 buius
664 3792 731 3851 fidei
756 3737 912 3871 implicitae
932 3792 1061 3873 exempla
1082 3792 1113 3852 in
1134 3792 1249 3854 Christi

114 3866 262 3945 discipulis
282 3877 387 3925 notare
407 3864 488 3941 lic'et,
504 3879 661 3947 antequam
682 3868 798 3948 plenam
818 3869 1059 3929 illuminationem
1080 3869 1179 3948 adepti
1197 3889 1247 3931 es-

111 3955 186 4004 sent.
227 3943 364 4003 Videmus
385 3963 472 4023 quain
492 3944 650 4005 difficulter
670 3945 833 4006 rudimenta
857 3947 919 4026 ipsa
939 3956 1074 4028 gustent,
1100 3956 1133 4004 ut
1152 3944 1248 4008 haesi-

174 4198 202 4264 *)
220 4199 287 4251 Vide
313 4200 537 4264 Augustinum
566 4203 637 4273 epist.
656 4205 727 4257 1⁰2:
759 4202 805 4265 „Si
832 4218 942 4274 propter
966 4224 1009 4256 eos
1030 4203 1101 4256 solos
1129 4200 1245 4256 Christus

103 4278 221 4318 mortuiis
239 4281 289 4329 eit,
315 4268 360 4336 qui
378 4283 448 4322 certa
471 4269 639 4338 intelligentia
657 4285 765 4341 possunt
788 4273 835 4326 iata
861 4275 1020 4334 discerncre,
1043 4291 1127 4341 paene
1149 4275 1243 4325 frustm

103 4332 131 4383 in
143 4333 247 4386 ecclesia
266 4336 433 4391 ΙιΙιοιιιιιιιιιι
449 4351 497 4391 etc.
720 4362 725 4371 ·
