2700 4732
490 186 577 257 tut·
591 195 644 254 IV.
684 192 856 257 CAMX·
1020 187 1025 205 '
1187 195 1247 258 tto

182 344 231 404 37.
269 341 315 400 Ac
334 357 373 400 ne
391 336 726 421 simpliciterecclesiam
747 337 1002 416 luderent,quam
1022 335 1142 418 longam
1162 353 1245 396 erro·

107 438 188 489 rum,
208 416 445 492 mendaciorum,
469 415 622 491 trandum,
640 415 838 495 nequitiarum
857 413 962 474 seriem
983 413 1034 473 uni
1053 414 1149 473 errori
1168 422 1244 472 atte-

107 491 253 552 xueruut?
274 505 306 552 ut
327 494 404 554 dicas
425 491 497 554 nibil
518 492 607 565 aliud,
627 512 713 573 quam
724 491 978 551 abominationum
997 488 1140 550 latebram
1155 498 1246 568 'quae-

107 571 205 642 siisse,
235 569 302 628 dum
329 590 345 628 e
371 570 561 630 matrimonio
582 569 803 632 Sacramentum
827 567 971 628 iecerunt.
1023 566 1084 625 Ubi
1110 566 1187 626 enim
1213 564 1244 624 id

108 645 197 705 semel
218 644 392 728 obtinuere,
417 647 503 706 eonio
526 646 614 706 alium
641 666 789 705 causarum
810 643 1012 782 eopnitionem
1032 643 1069 703 ad
1095 662 1127 703 se
1151 653 1245 701 traxe·

109 733 193 781 runt:
211 722 322 802 quippe
341 743 388 781 res
398 666 554 802 spirituaiis
567 735 640 794 erat,
660 721 790 801 profanis
809 721 838 780 iu
861 720 953 781 icibus
973 728 1034 780 non'
1054 719 1245 780 attrectanda.

109 798 186 857 Tum
204 798 284 934 luppo
299 813 467 874 sanxerunt,
481 799 585 880 quibus
604 798 805 880 tyrrannidem
824 820 905 859 suam
925 797 1087 872 firmarunt,
1107 796 1158 857 sed
1178 816 1247 874 par,

109 875 161 934 tim
181 877 211 934 iu
264 896 329 935 eum
350 877 503 938 manifeste
521 877 641 956 impias,
673 875 777 954 partim
802 875 833 934 in
859 873 991 935 homines
1014 872 1245 953 iniquitissimas.

110 950 221 1024 Quales
240 958 324 1025 suut,
355 964 389 1011 ut
411 953 547 1034 coniugia
573 955 651 1012 iuter
675 950 924 1025 adulescentulos,
953 961 1109 1028 parentum
1134 949 1245 1009 iniussu

108 1039 276 1102 eontracta,
294 1028 376 1088 firma
396 1041 515 1110 rataque
532 1039 683 1088 maneant:
714 1047 752 1086 ne
771 1028 850 1088 inter
868 1037 1013 1110 cognatos
1032 1025 1069 1086 ad
1087 1027 1245 1104 septimum

108 1123 201 1181 usque
226 1104 349 1185 gradum
373 1105 501 1187 legitima
532 1106 590 1166 sint
621 1104 807 1165 matrimonia
836 1116 883 1180 et,
904 1122 979 1183 quae
998 1113 1247 1178 contractaaesunt,

110 1178 320 1241 dissolvantur:
356 1185 466 1262 gradus·
486 1184 559 1242 vero
584 1183 663 1261 ipsos
683 1192 786 1241 eontra
809 1179 952 1241 Gentium
977 1179 1109 1238 omnium
1132 1179 1196 1239 iur'a
1215 1189 1247 1238 et

109 1256 201 1316 iliosis
221 1276 340 1337 quoque
366 1261 497 1338 politiam
518 1257 708 1339 contingunt:
735 1277 773 1316 ne
793 1258 872 1330 viro,
896 1255 946 1336 qui
969 1255 1131 1315 adulteram
1157 1276 1246 1336 repu-

109 1331 241 1407 diaverit,
261 1335 381 1394 alteram
399 1336 540 1396 iuducere
560 1336 662 1395 liceat:
683 1353 721 1393 nc
734 1333 899 1414 spirituales
919 1334 1038 1413 cognati
1057 1330 1246 1392 matrimonio

109 1409 301 1487 copulentur:
315 1433 366 1470 *ne
387 1434 402 1471 a
423 1411 644 1494 Septuagesima
665 1409 700 1469 ad
722 1422 838 1471 octavas
859 1409 997 1480 Paschae,
1016 1408 1111 1469 tribus
1131 1408 1247 1468 hebdo-

101 1485 241 1547 madibus
259 1498 330 1546 ante
350 1487 473 1548 naulum
494 1488 623 1562 loannis,
642 1487 679 1548 ab
699 1486 836 1548 Adventu
856 1486 892 1546 sd
912 1484 1107 1565 Epiphaniam
1127 1485 1248 1566 nuptiae

108 1559 312 1622 celebrentur:
344 1577 374 1624 et
392 1564 500 1624 similes
520 1565 705 1638 innumerae,
735 1583 806 1642 quas
824 1581 980 1623 recensere
1005 1560 1126 1655 longum
1147 1561 1247 1631 luerit.

108 1637 148 1696 Et
168 1658 201 1696 ex
222 1659 324 1698 corum
344 1660 441 1701 coeno
462 1640 620 1720 aliquando
636 1640 844 1722 emergentium
865 1650 919 1713 est,
938 1639 1041 1717 inquo
1062 1659 1120 1698 ram
1140 1638 1248 1698 diutius

109 1713 203 1774 haesit
216 1716 420 1796 oratio,quam
440 1719 552 1777 animus
572 1716 695 1776 serebat.
726 1714 948 1795 Aliquantulum
968 1726 1066 1774 umen
1086 1713 1157 1774 mibi
1178 1734 1248 1794 pro·

110 1787 212 1851 iecisse
223 1790 335 1870 videor,
354 1793 433 1873 quod
447 1793 541 1855 leonis
555 1793 662 1874 pellem
674 1792 734 1854 istis
745 1792 830 1853 asinis
844 1791 968 1874 quadam
982 1811 1016 1850 ex
1033 1802 1117 1873 parte
1129 1792 1247 1853 detraxi.

391 2186 399 2194 .
485 2076 873 2185 cdeurxx.

379 2305 433 2366 De
458 2304 617 2387 politica
642 2306 976 2370 administratione.
1055 2360 1067 2381 Ι

179 2481 287 2536 Constat
308 2484 360 2535 boe
379 2482 464 2553 Caput
487 2483 589 2538 duabus
607 2485 755 2556 praecipuis
777 2484 908 2555 partibus:
942 2481 974 2553 1)
991 2481 1126 2538 Generalis
1142 2498 1179 2537 est
1195 2499 1247 2538 tra·

110 2569 188 2621 ctatio
208 2571 240 2620 de
263 2568 384 2638 politicae
407 2568 633 2623 administrationis
656 2570 820 2640 necessitate,
851 2567 974 2634 dignitate
991 2581 1017 2619 et
1036 2588 1100 2630 usu,
1127 2571 1248 2625 adversm

110 2655 336 2724 Anabaptistarum
366 2655 481 2716 inrores,
508 2669 568 2707 sect
590 2655 676 2711 1-3·
695 2685 728 2695 -
770 2656 802 2719 2)
829 2652 954 2722 Speciaiis
980 2651 1085 2705 additur
1109 2655 1247 2723 explicatio

110 2738 188 2788 trium
205 2738 327 2806 partium,
344 2741 437 2807 quibus
455 2739 518 2790 baec
537 2737 714 2793 adminstratio
732 2737 875 2809 praecipue
893 2749 1002 2797 constat,
1017 2754 1031 2787 a
1048 2750 1108 2789 sect.
1125 2739 1150 2791 4.
1167 2759 1249 2808 usque

110 2822 241 2874 adfinem
259 2841 314 2890 cap.

180 2904 243 2957 Pars
259 2904 343 2974 prima
362 2906 412 2970 agit
429 2908 462 2957 de
479 2908 671 2970 magistratuum
688 2905 839 2967 iunctione,
867 2923 981 2973 quorum
1004 2903 1142 2957 auctoritas
1161 2922 1187 2958 et
1202 2929 1249 2960 vo-

113 2991 179 3045 catio
195 2991 336 3060 probatur,
360 3003 420 3042 sect
437 2990 524 3044 4-7.
558 2988 663 3042 Deinde
679 3004 729 3042 tres
746 2990 848 3041 formae
865 2989 944 3041 civilis
960 2988 1090 3052 regiminis
1108 2992 1249 3058 adduntur,

110 3092 172 3132 sect.
187 3078 210 3132 8.
246 3075 334 3128 Tertio
354 3075 387 3126 de
403 3074 561 3139 magistratus
579 3072 669 3127 officio
686 3073 787 3143 pietatis
810 3087 834 3125 et
849 3072 958 3126 iustitiae
975 3087 1093 3143 respectu
1110 3074 1250 3143 disseritur,

111 3163 158 3215 ubi
177 3165 209 3216 de
226 3159 347 3231 praemiis
364 3173 390 3211 et
406 3159 505 3228 poenis,
521 3178 617 3228 nempe
628 3160 662 3210 de
675 3158 793 3211 sontibus
809 3157 960 3227 plectendis,
975 3158 1158 3215 innocentibus
1174 3177 1250 3218 tuen·

113 3249 167 3310 dis,
183 3244 318 3317 ,seditiosis
344 3244 529 3313 reprimendis,
553 3244 623 3313 pacis
642 3257 666 3295 et
682 3243 745 3294 belli
762 3244 859 3296 artibus
877 3243 1016 3296 tractandis
1033 3245 1144 3298 babetur
1160 3248 1249 3320 dispu-

113 3332 185 3394 tatio,
202 3345 262 3384 seet.
279 3330 382 3384 9-13.
402 3359 432 3366 -
469 3327 556 3380 Altera
575 3348 634 3397 pars
653 3327 702 3392 agit
720 3330 752 3380 de
770 3327 877 3391 legibus,
894 3346 985 3380 earum
1001 3329 1122 3392 utilitate,
1139 3332 1250 3386 uecessi-

113 3431 172 3476 tate,
190 3417 282 3476 sorana,
300 3412 458 3473 auctoritate,
479 3412 662 3465 constitutione
681 3425 705 3463 et
720 3430 818 3481 acopo,
833 3424 892 3463 sect.
911 3412 1030 3467 14-16.
1048 3442 1081 3455 -
1115 3413 1250 3471 Postrema

114 3514 151 3553 est
168 3501 201 3552 de
217 3499 328 3569 populo,
345 3497 390 3549 ubi
404 3498 517 3566 primum
529 3495 674 3565 exponitur,
691 3494 748 3565 quis
764 3496 859 3560 legum,
876 3495 1043 3560 indiciorum,
1058 3499 1251 3564 magistratuum

114 3606 175 3637 usus
196 3586 228 3635 ad
252 3603 419 3636 communem
443 3579 650 3634 Christianorum
673 3581 821 3633 societatem
846 3583 948 3642 redeat,
972 3596 1032 3633 sect.
1050 3583 1168 3637 17-21.
1204 3585 1251 3638 Se·

115 3670 216 3731 eundo,
242 3682 366 3737 quantum
384 3668 570 3732 magistratibus
592 3665 684 3743 privati
701 3668 803 3718 deicrre
819 3678 956 3718 teneantur
979 3679 1004 3718 et
1026 3685 1162 3737 quousque
1189 3672 1253 3722 obe·

114 3755 211 3808 dientia
228 3753 349 3822 progredi
366 3746 467 3815 deberit,
485 3771 499 3804 a
515 3764 576 3804 sect
590 3751 632 3803 22.
650 3770 731 3821 usque
749 3752 783 3802 ad
800 3750 844 3802 fin.
862 3769 919 3820 cap,

191 3926 219 3984 1.
258 3918 355 3981 Porro
376 3902 464 3999 quum
486 3917 590 4000 duplex
610 3918 640 3977 in
660 3918 781 3979 bomine
806 3916 940 3998 regimen
964 3917 1097 3996 superius
1116 3921 1253 3986 statueri·
1323 3918 1328 3928 ¹

115 4019 178 4057 mus
210 4008 240 4057 et
267 3997 303 4056 de
326 3998 419 4058 altero
445 3997 514 4068 illo,
544 3987 624 4075 quod
650 4007 695 4055 est
718 3995 748 4053 iu
773 3995 870 4054 anima
901 4011 953 4052 seu
977 3993 1112 4067 interiori
1133 3995 1252 4058 bomine

114 4075 242 4156 positum
263 4086 471 4166 aeternamque
490 4075 576 4134 eitam
597 4093 642 4132 res
665 4071 730 4144 icit,
750 4070 817 4131 satis
837 4068 927 4129 multa
948 4069 1037 4130 verba
1055 4069 1127 4131 alibi
1146 4072 1253 4133 feeeri-

117 4173 195 4211 mus:
217 4151 254 4211 de
273 4150 368 4211 altero
387 4163 493 4227 ettam,
519 4149 598 4244 quod
619 4092 663 4210 ad
675 4147 883 4209 instituendam
905 4145 1019 4205 civilem
1040 4147 1178 4209 duntaxat
1205 4171 1254 4210 es-

116 4231 288 4307 ternamque
307 4249 422 4287 snorum
442 4227 581 4291 iustitiam
601 4225 742 4307 pertinet,
761 4222 897 4286 uounibil
916 4233 950 4281 ut
969 4221 1151 4300 disseramus,
1170 4226 1253 4288 locus

116 4303 165 4365 bic
184 4305 305 4387 appetit.
344 4305 410 4367 Etsi
426 4304 505 4366 enim
523 4326 547 4366 a
559 4301 701 4386 spirituali
721 4301 789 4365 idei
800 4300 948 4379 doctrina,
966 4320 1053 4390 quam
1073 4302 1252 4366 tractandam
