<?xml version="1.0" encoding="UTF-8"?>
<!DOCTYPE html PUBLIC "-//W3C//DTD XHTML 1.0 Transitional//EN"
    "http://www.w3.org/TR/xhtml1/DTD/xhtml1-transitional.dtd">
<html xmlns="http://www.w3.org/1999/xhtml" xml:lang="en" lang="en">
 <head>
  <title>
</title>
<meta http-equiv="Content-Type" content="text/html;charset=utf-8" />
  <meta name='ocr-system' content='tesseract 3.04.00' />
  <meta name='ocr-capabilities' content='ocr_page ocr_carea ocr_par ocr_line ocrx_word'/>
</head>
<body>
  <div class='ocr_page' id='page_1' title='image "./ioanniscalvinii02tholgoog/ioanniscalvinii02tholgoog_0069.png"; bbox 0 0 2700 4732; ppageno 0'>
   <div class='ocr_carea' id='block_1_1' title="bbox 178 190 909 255">
    <p class='ocr_par' dir='ltr' id='par_1_1' title="bbox 178 190 909 255">
     <span class='ocr_line' id='line_1_1' title="bbox 178 190 909 255; baseline -0.001 0"><span class='ocrx_word' id='word_1_1' title='bbox 178 194 220 255; x_wconf 77' lang='lat' dir='ltr'>hb</span> <span class='ocrx_word' id='word_1_2' title='bbox 563 190 662 253; x_wconf 57' lang='lat' dir='ltr'>:tut</span> <span class='ocrx_word' id='word_1_3' title='bbox 681 190 707 255; x_wconf 78' lang='lat'>1.</span> <span class='ocrx_word' id='word_1_4' title='bbox 745 190 836 255; x_wconf 73' lang='lat' dir='ltr'>CAP.</span> <span class='ocrx_word' id='word_1_5' title='bbox 856 190 909 254; x_wconf 82' lang='lat' dir='ltr'>Vl.</span> 
     </span>
    </p>
   </div>
   <div class='ocr_carea' id='block_1_2' title="bbox 133 333 1338 2863">
    <p class='ocr_par' dir='ltr' id='par_1_2' title="bbox 133 333 1338 2863">
     <span class='ocr_line' id='line_1_2' title="bbox 184 333 1317 415; baseline -0.002 -16"><span class='ocrx_word' id='word_1_6' title='bbox 184 344 274 413; x_wconf 75' lang='lat' dir='ltr'>atque</span> <span class='ocrx_word' id='word_1_7' title='bbox 299 333 500 415; x_wconf 69' lang='lat' dir='ltr'>intelligerent</span> <span class='ocrx_word' id='word_1_8' title='bbox 520 354 537 394; x_wconf 91' lang='lat' dir='ltr'>a</span> <span class='ocrx_word' id='word_1_9' title='bbox 556 333 626 395; x_wconf 91' lang='lat' dir='ltr'>Deo</span> <span class='ocrx_word' id='word_1_10' title='bbox 649 334 816 415; x_wconf 87' lang='lat' dir='ltr'>proiectum</span> <span class='ocrx_word' id='word_1_11' title='bbox 835 354 899 396; x_wconf 85' lang='lat' dir='ltr'>ease</span> <span class='ocrx_word' id='word_1_12' title='bbox 939 333 998 396; x_wconf 92' lang='lat' dir='ltr'>uod</span> <span class='ocrx_word' id='word_1_13' title='bbox 1016 334 1189 396; x_wconf 84' lang='lat' dir='ltr'>didicerant</span> <span class='ocrx_word' id='word_1_14' title='bbox 1227 333 1317 397; x_wconf 81' lang='lat' dir='ltr'>Sem-</span> 
     </span>
     <span class='ocr_line' id='line_1_3' title="bbox 184 356 1318 494; baseline 0.004 -25"><span class='ocrx_word' id='word_1_15' title='bbox 184 430 240 490; x_wconf 91' lang='lat' dir='ltr'>per</span> <span class='ocrx_word' id='word_1_16' title='bbox 258 410 337 471; x_wconf 88' lang='lat' dir='ltr'>enirn</span> <span class='ocrx_word' id='word_1_17' title='bbox 356 411 438 471; x_wconf 83' lang='lat' dir='ltr'>Deua</span> <span class='ocrx_word' id='word_1_18' title='bbox 457 409 606 472; x_wconf 77' lang='lat' dir='ltr'>indubiam</span> <span class='ocrx_word' id='word_1_19' title='bbox 630 411 702 472; x_wconf 86' lang='lat' dir='ltr'>iecit</span> <span class='ocrx_word' id='word_1_20' title='bbox 724 411 817 473; x_wconf 82' lang='lat' dir='ltr'>verbo</span> <span class='ocrx_word' id='word_1_21' title='bbox 841 431 896 472; x_wconf 86' lang='lat' dir='ltr'>rnn</span> <span class='ocrx_word' id='word_1_22' title='bbox 917 356 1024 487; x_wconf 79' lang='lat' dir='ltr'>hdem,</span> <span class='ocrx_word' id='word_1_23' title='bbox 1047 431 1123 492; x_wconf 90' lang='lat' dir='ltr'>quae</span> <span class='ocrx_word' id='word_1_24' title='bbox 1148 413 1230 474; x_wconf 88' lang='lat' dir='ltr'>omni</span> <span class='ocrx_word' id='word_1_25' title='bbox 1247 412 1318 494; x_wconf 89' lang='lat' dir='ltr'>opi·</span> 
     </span>
     <span class='ocr_line' id='line_1_4' title="bbox 185 487 1318 569; baseline 0.004 -23"><span class='ocrx_word' id='word_1_26' title='bbox 185 488 277 548; x_wconf 91' lang='lat' dir='ltr'>nione</span> <span class='ocrx_word' id='word_1_27' title='bbox 300 488 435 567; x_wconf 80' lang='lat' dir='ltr'>superior</span> <span class='ocrx_word' id='word_1_28' title='bbox 461 499 545 547; x_wconf 83' lang='lat' dir='ltr'>esset.</span> <span class='ocrx_word' id='word_1_29' title='bbox 595 488 730 549; x_wconf 85' lang='lat' dir='ltr'>Tandem</span> <span class='ocrx_word' id='word_1_30' title='bbox 754 499 789 548; x_wconf 92' lang='lat' dir='ltr'>ut</span> <span class='ocrx_word' id='word_1_31' title='bbox 811 487 955 549; x_wconf 90' lang='lat' dir='ltr'>continuo</span> <span class='ocrx_word' id='word_1_32' title='bbox 979 507 1137 569; x_wconf 82' lang='lat' dir='ltr'>progressu</span> <span class='ocrx_word' id='word_1_33' title='bbox 1163 489 1318 551; x_wconf 87' lang='lat' dir='ltr'>doctrinae</span> 
     </span>
     <span class='ocr_line' id='line_1_5' title="bbox 141 564 1318 637; baseline 0.004 -16"><span class='ocrx_word' id='word_1_34' title='bbox 141 616 144 621; x_wconf 91' lang='lat'>.</span> <span class='ocrx_word' id='word_1_35' title='bbox 185 564 291 625; x_wconf 82' lang='lat' dir='ltr'>veritas</span> <span class='ocrx_word' id='word_1_36' title='bbox 310 564 432 625; x_wconf 85' lang='lat' dir='ltr'>saeculis</span> <span class='ocrx_word' id='word_1_37' title='bbox 452 564 588 633; x_wconf 79' lang='lat' dir='ltr'>omnibns</span> <span class='ocrx_word' id='word_1_38' title='bbox 606 587 639 625; x_wconf 83' lang='lat' dir='ltr'>su</span> <span class='ocrx_word' id='word_1_39' title='bbox 662 572 753 625; x_wconf 82' lang='lat' dir='ltr'>erstet</span> <span class='ocrx_word' id='word_1_40' title='bbox 770 577 905 625; x_wconf 86' lang='lat' dir='ltr'>maneret</span> <span class='ocrx_word' id='word_1_41' title='bbox 922 565 954 624; x_wconf 94' lang='lat' dir='ltr'>in</span> <span class='ocrx_word' id='word_1_42' title='bbox 974 565 1101 637; x_wconf 90' lang='lat' dir='ltr'>mundo,</span> <span class='ocrx_word' id='word_1_43' title='bbox 1126 564 1227 625; x_wconf 89' lang='lat' dir='ltr'>eadem</span> <span class='ocrx_word' id='word_1_44' title='bbox 1247 586 1318 626; x_wconf 86' lang='lat' dir='ltr'>ora·</span> 
     </span>
     <span class='ocr_line' id='line_1_6' title="bbox 185 586 1319 733; baseline 0.004 -34"><span class='ocrx_word' id='word_1_45' title='bbox 185 639 250 700; x_wconf 91' lang='lat' dir='ltr'>cula</span> <span class='ocrx_word' id='word_1_46' title='bbox 270 659 346 719; x_wconf 88' lang='lat' dir='ltr'>quae</span> <span class='ocrx_word' id='word_1_47' title='bbox 365 640 543 720; x_wconf 76' lang='lat' dir='ltr'>deposuerat</span> <span class='ocrx_word' id='word_1_48' title='bbox 560 586 761 733; x_wconf 74' lang='lat' dir='ltr'>epudl&#39;atres,</span> <span class='ocrx_word' id='word_1_49' title='bbox 780 640 862 719; x_wconf 90' lang='lat' dir='ltr'>quasi</span> <span class='ocrx_word' id='word_1_50' title='bbox 880 640 1005 720; x_wconf 81' lang='lat' dir='ltr'>publicis</span> <span class='ocrx_word' id='word_1_51' title='bbox 1023 640 1130 702; x_wconf 76' lang='lat' dir='ltr'>tabulis</span> <span class='ocrx_word' id='word_1_52' title='bbox 1144 642 1319 722; x_wconf 81' lang='lat' dir='ltr'>consignata</span> 
     </span>
     <span class='ocr_line' id='line_1_7' title="bbox 186 716 1338 809; baseline 0.002 -32"><span class='ocrx_word' id='word_1_53' title='bbox 186 736 249 777; x_wconf 82' lang='lat' dir='ltr'>esse</span> <span class='ocrx_word' id='word_1_54' title='bbox 269 716 370 781; x_wconf 84' lang='lat' dir='ltr'>voluit.</span> <span class='ocrx_word' id='word_1_55' title='bbox 420 718 487 777; x_wconf 84' lang='lat' dir='ltr'>Hoc</span> <span class='ocrx_word' id='word_1_56' title='bbox 507 718 630 778; x_wconf 83' lang='lat' dir='ltr'>coneriio</span> <span class='ocrx_word' id='word_1_57' title='bbox 649 717 710 777; x_wconf 83' lang='lat' dir='ltr'>Lex</span> <span class='ocrx_word' id='word_1_58' title='bbox 726 717 912 809; x_wconf 86' lang='lat' dir='ltr'>promulgata</span> <span class='ocrx_word' id='word_1_59' title='bbox 932 716 1004 791; x_wconf 88' lang='lat' dir='ltr'>iuit,</span> <span class='ocrx_word' id='word_1_60' title='bbox 1035 718 1082 778; x_wconf 89' lang='lat' dir='ltr'>cui</span> <span class='ocrx_word' id='word_1_61' title='bbox 1102 729 1203 796; x_wconf 82' lang='lat' dir='ltr'>postea</span> <span class='ocrx_word' id='word_1_62' title='bbox 1222 719 1338 785; x_wconf 85' lang='lat' dir='ltr'>inter·¹</span> 
     </span>
     <span class='ocr_line' id='line_1_8' title="bbox 186 792 1318 886; baseline 0.004 -34"><span class='ocrx_word' id='word_1_63' title='bbox 186 805 285 871; x_wconf 90' lang='lat' dir='ltr'>pretes</span> <span class='ocrx_word' id='word_1_64' title='bbox 304 793 395 855; x_wconf 89' lang='lat' dir='ltr'>additi</span> <span class='ocrx_word' id='word_1_65' title='bbox 414 805 483 853; x_wconf 85' lang='lat' dir='ltr'>sunt</span> <span class='ocrx_word' id='word_1_66' title='bbox 495 792 673 873; x_wconf 79' lang='lat' dir='ltr'>Prophetae.</span> <span class='ocrx_word' id='word_1_67' title='bbox 712 794 775 853; x_wconf 80' lang='lat' dir='ltr'>btsi</span> <span class='ocrx_word' id='word_1_68' title='bbox 793 793 872 853; x_wconf 89' lang='lat' dir='ltr'>eninr</span> <span class='ocrx_word' id='word_1_69' title='bbox 891 793 1044 873; x_wconf 81' lang='lat' dir='ltr'>multiplex</span> <span class='ocrx_word' id='word_1_70' title='bbox 1063 794 1119 855; x_wconf 91' lang='lat' dir='ltr'>init</span> <span class='ocrx_word' id='word_1_71' title='bbox 1129 794 1217 886; x_wconf 82' lang='lat' dir='ltr'>Legis</span> <span class='ocrx_word' id='word_1_72' title='bbox 1236 816 1318 869; x_wconf 79' lang='lat' dir='ltr'>urus,</span> 
     </span>
     <span class='ocr_line' id='line_1_9' title="bbox 185 868 1318 951; baseline 0.003 -24"><span class='ocrx_word' id='word_1_73' title='bbox 185 880 220 927; x_wconf 88' lang='lat' dir='ltr'>ut</span> <span class='ocrx_word' id='word_1_74' title='bbox 239 870 342 930; x_wconf 80' lang='lat' dir='ltr'>melius</span> <span class='ocrx_word' id='word_1_75' title='bbox 361 868 510 929; x_wconf 84' lang='lat' dir='ltr'>ridebitur</span> <span class='ocrx_word' id='word_1_76' title='bbox 528 892 581 930; x_wconf 89' lang='lat' dir='ltr'>suo</span> <span class='ocrx_word' id='word_1_77' title='bbox 601 869 669 930; x_wconf 90' lang='lat' dir='ltr'>loco</span> <span class='ocrx_word' id='word_1_78' title='bbox 689 869 794 946; x_wconf 60' lang='lat' dir='ltr'>(trba</span> <span class='ocrx_word' id='word_1_79' title='bbox 814 889 877 949; x_wconf 86' lang='lat' dir='ltr'>cap.</span> <span class='ocrx_word' id='word_1_80' title='bbox 889 876 917 935; x_wconf 82' lang='lat'>7.</span> <span class='ocrx_word' id='word_1_81' title='bbox 931 873 1034 949; x_wconf 79' lang='lat' dir='ltr'>et8.):</span> <span class='ocrx_word' id='word_1_82' title='bbox 1055 882 1225 951; x_wconf 75' lang='lat' dir='ltr'>praesertim</span> <span class='ocrx_word' id='word_1_83' title='bbox 1244 890 1318 933; x_wconf 81' lang='lat' dir='ltr'>vero</span> 
     </span>
     <span class='ocr_line' id='line_1_10' title="bbox 185 944 1319 1027; baseline 0.004 -22"><span class='ocrx_word' id='word_1_84' title='bbox 185 946 263 1005; x_wconf 82' lang='lat' dir='ltr'>lliosi</span> <span class='ocrx_word' id='word_1_85' title='bbox 283 957 314 1005; x_wconf 90' lang='lat' dir='ltr'>et</span> <span class='ocrx_word' id='word_1_86' title='bbox 333 944 469 1006; x_wconf 86' lang='lat' dir='ltr'>omnibus</span> <span class='ocrx_word' id='word_1_87' title='bbox 488 945 645 1026; x_wconf 74' lang='lat' dir='ltr'>Prophetis</span> <span class='ocrx_word' id='word_1_88' title='bbox 664 945 848 1027; x_wconf 87' lang='lat' dir='ltr'>propositum</span> <span class='ocrx_word' id='word_1_89' title='bbox 869 946 939 1021; x_wconf 88' lang='lat' dir='ltr'>init,</span> <span class='ocrx_word' id='word_1_90' title='bbox 957 947 1077 1007; x_wconf 86' lang='lat' dir='ltr'>modum</span> <span class='ocrx_word' id='word_1_91' title='bbox 1097 946 1319 1009; x_wconf 82' lang='lat' dir='ltr'>reconciliatio-</span> 
     </span>
     <span class='ocr_line' id='line_1_11' title="bbox 186 1021 1319 1099; baseline 0.002 -18"><span class='ocrx_word' id='word_1_92' title='bbox 186 1022 233 1082; x_wconf 80' lang='lat' dir='ltr'>nis</span> <span class='ocrx_word' id='word_1_93' title='bbox 251 1022 331 1083; x_wconf 93' lang='lat' dir='ltr'>inter</span> <span class='ocrx_word' id='word_1_94' title='bbox 350 1022 447 1081; x_wconf 85' lang='lat' dir='ltr'>Deum</span> <span class='ocrx_word' id='word_1_95' title='bbox 468 1034 499 1082; x_wconf 89' lang='lat' dir='ltr'>et</span> <span class='ocrx_word' id='word_1_96' title='bbox 521 1022 654 1083; x_wconf 86' lang='lat' dir='ltr'>homines</span> <span class='ocrx_word' id='word_1_97' title='bbox 679 1022 788 1081; x_wconf 89' lang='lat' dir='ltr'>docere</span> <span class='ocrx_word' id='word_1_98' title='bbox 812 1022 907 1099; x_wconf 88' lang='lat' dir='ltr'>(unde</span> <span class='ocrx_word' id='word_1_99' title='bbox 933 1024 1020 1082; x_wconf 88' lang='lat' dir='ltr'>etiam</span> <span class='ocrx_word' id='word_1_100' title='bbox 1039 1023 1147 1084; x_wconf 83' lang='lat' dir='ltr'>Paulus</span> <span class='ocrx_word' id='word_1_101' title='bbox 1166 1021 1319 1085; x_wconf 78' lang='lat' dir='ltr'>Christum</span> 
     </span>
     <span class='ocr_line' id='line_1_12' title="bbox 185 1098 1320 1180; baseline 0.004 -23"><span class='ocrx_word' id='word_1_102' title='bbox 185 1110 272 1158; x_wconf 83' lang='lat' dir='ltr'>vocat</span> <span class='ocrx_word' id='word_1_103' title='bbox 302 1098 389 1158; x_wconf 82' lang='lat' dir='ltr'>finem</span> <span class='ocrx_word' id='word_1_104' title='bbox 420 1098 507 1177; x_wconf 83' lang='lat' dir='ltr'>Legis</span> <span class='ocrx_word' id='word_1_105' title='bbox 531 1099 617 1159; x_wconf 76' lang='lat' dir='ltr'>iiom.</span> <span class='ocrx_word' id='word_1_106' title='bbox 642 1105 693 1172; x_wconf 86' lang='lat'>10,</span> <span class='ocrx_word' id='word_1_107' title='bbox 716 1101 775 1177; x_wconf 78' lang='lat' dir='ltr'>d.):</span> <span class='ocrx_word' id='word_1_108' title='bbox 795 1099 901 1158; x_wconf 87' lang='lat' dir='ltr'>iterum</span> <span class='ocrx_word' id='word_1_109' title='bbox 927 1111 1025 1158; x_wconf 85' lang='lat' dir='ltr'>tamen</span> <span class='ocrx_word' id='word_1_110' title='bbox 1050 1111 1172 1178; x_wconf 83' lang='lat' dir='ltr'>repeto,</span> <span class='ocrx_word' id='word_1_111' title='bbox 1198 1110 1320 1180; x_wconf 80' lang='lat' dir='ltr'>praeter</span> 
     </span>
     <span class='ocr_line' id='line_1_13' title="bbox 186 1172 1321 1266; baseline 0.001 -31"><span class='ocrx_word' id='word_1_112' title='bbox 186 1172 350 1255; x_wconf 84' lang='lat' dir='ltr'>doctrinam</span> <span class='ocrx_word' id='word_1_113' title='bbox 369 1174 437 1266; x_wconf 79' lang='lat' dir='ltr'>fidei</span> <span class='ocrx_word' id='word_1_114' title='bbox 458 1176 706 1266; x_wconf 32' lang='lat' dir='ltr'>etopoenitentiqe</span> <span class='ocrx_word' id='word_1_115' title='bbox 726 1175 885 1255; x_wconf 87' lang='lat' dir='ltr'>propriam,</span> <span class='ocrx_word' id='word_1_116' title='bbox 904 1196 979 1255; x_wconf 85' lang='lat' dir='ltr'>quoe</span> <span class='ocrx_word' id='word_1_117' title='bbox 1000 1175 1150 1236; x_wconf 78' lang='lat' dir='ltr'>Christum</span> <span class='ocrx_word' id='word_1_118' title='bbox 1169 1176 1321 1265; x_wconf 85' lang='lat' dir='ltr'>biediato·</span> 
     </span>
     <span class='ocr_line' id='line_1_14' title="bbox 184 1250 1321 1420; baseline 0.002 -33"><span class='ocrx_word' id='word_1_119' title='bbox 184 1250 757 1418; x_wconf 61' lang='lat' dir='ltr'>itt‘’titii&#39;tiigttttt”titt</span> <span class='ocrx_word' id='word_1_120' title='bbox 778 1252 1321 1420; x_wconf 57' lang='lat' dir='ltr'>:itt‘ttitt&#39;ttttffittwiz</span> 
     </span>
     <span class='ocr_line' id='line_1_15' title="bbox 185 1404 1322 1562; baseline 0.001 -21"><span class='ocrx_word' id='word_1_121' title='bbox 185 1404 854 1543; x_wconf 59' lang='lat' dir='ltr'>1¹:¹51?itrsit„iittlttttrtt&#39;bts</span> <span class='ocrx_word' id='word_1_122' title='bbox 886 1404 1322 1562; x_wconf 59' lang='lat' dir='ltr'>iiiiii¹⁵ni⁰ttdt</span> 
     </span>
     <span class='ocr_line' id='line_1_16' title="bbox 189 1556 1322 1638; baseline 0.003 -22"><span class='ocrx_word' id='word_1_123' title='bbox 189 1557 309 1636; x_wconf 90' lang='lat' dir='ltr'>quando</span> <span class='ocrx_word' id='word_1_124' title='bbox 329 1559 359 1618; x_wconf 91' lang='lat' dir='ltr'>in</span> <span class='ocrx_word' id='word_1_125' title='bbox 380 1557 437 1618; x_wconf 90' lang='lat' dir='ltr'>hoc</span> <span class='ocrx_word' id='word_1_126' title='bbox 456 1557 688 1638; x_wconf 84' lang='lat' dir='ltr'>splendidissimo</span> <span class='ocrx_word' id='word_1_127' title='bbox 713 1558 829 1617; x_wconf 87' lang='lat' dir='ltr'>theatro</span> <span class='ocrx_word' id='word_1_128' title='bbox 856 1556 968 1618; x_wconf 81' lang='lat' dir='ltr'>iocatus</span> <span class='ocrx_word' id='word_1_129' title='bbox 993 1569 1037 1617; x_wconf 85' lang='lat' dir='ltr'>est</span> <span class='ocrx_word' id='word_1_130' title='bbox 1061 1568 1094 1617; x_wconf 90' lang='lat' dir='ltr'>ut</span> <span class='ocrx_word' id='word_1_131' title='bbox 1117 1577 1222 1619; x_wconf 89' lang='lat' dir='ltr'>eorum</span> <span class='ocrx_word' id='word_1_132' title='bbox 1242 1568 1322 1619; x_wconf 80' lang='lat' dir='ltr'>esset</span> 
     </span>
     <span class='ocr_line' id='line_1_17' title="bbox 188 1634 1322 1771; baseline 0.003 -79"><span class='ocrx_word' id='word_1_133' title='bbox 188 1645 573 1771; x_wconf 47' lang='lat' dir='ltr'>pppptatnrraoquretspamqn</span> <span class='ocrx_word' id='word_1_134' title='bbox 592 1635 748 1771; x_wconf 52' lang='lat' dir='ltr'>prqeqippe</span> <span class='ocrx_word' id='word_1_135' title='bbox 767 1634 1110 1770; x_wconf 48' lang='lat' dir='ltr'>qppligerneoqopqenri&#39;qaad</span> <span class='ocrx_word' id='word_1_136' title='bbox 1130 1634 1266 1726; x_wconf 70' lang='lat' dir='ltr'>verbone,</span> <span class='ocrx_word' id='word_1_137' title='bbox 1285 1646 1322 1727; x_wconf 75' lang='lat' dir='ltr'>ut</span> 
     </span>
     <span class='ocr_line' id='line_1_18' title="bbox 186 1716 1323 1869; baseline 0.002 -22"><span class='ocrx_word' id='word_1_138' title='bbox 186 1716 664 1866; x_wconf 58' lang='lat' dir='ltr'>randdiepsuochhduiescecrepinl</span> <span class='ocrx_word' id='word_1_139' title='bbox 684 1788 714 1847; x_wconf 93' lang='lat' dir='ltr'>in</span> <span class='ocrx_word' id='word_1_140' title='bbox 734 1733 863 1847; x_wconf 53' lang='lat' dir='ltr'>tlihebris</span> <span class='ocrx_word' id='word_1_141' title='bbox 884 1786 944 1847; x_wconf 90' lang='lat' dir='ltr'>nati</span> <span class='ocrx_word' id='word_1_142' title='bbox 962 1734 1046 1847; x_wconf 67' lang='lat' dir='ltr'>esuht:</span> <span class='ocrx_word' id='word_1_143' title='bbox 1067 1732 1323 1869; x_wconf 54' lang='lat' dir='ltr'>dhiicpiiriiiii&#39;rh&#39;i</span> 
     </span>
     <span class='ocr_line' id='line_1_19' title="bbox 190 1862 1323 1949; baseline 0.004 -27"><span class='ocrx_word' id='word_1_144' title='bbox 190 1873 224 1922; x_wconf 90' lang='lat' dir='ltr'>ut</span> <span class='ocrx_word' id='word_1_145' title='bbox 242 1884 274 1923; x_wconf 88' lang='lat' dir='ltr'>se</span> <span class='ocrx_word' id='word_1_146' title='bbox 294 1864 370 1925; x_wconf 91' lang='lat' dir='ltr'>intra</span> <span class='ocrx_word' id='word_1_147' title='bbox 391 1877 482 1925; x_wconf 82' lang='lat' dir='ltr'>metae</span> <span class='ocrx_word' id='word_1_148' title='bbox 502 1865 690 1938; x_wconf 78' lang='lat' dir='ltr'>contineant,</span> <span class='ocrx_word' id='word_1_149' title='bbox 713 1862 805 1949; x_wconf 87' lang='lat' dir='ltr'>verbo</span> <span class='ocrx_word' id='word_1_150' title='bbox 826 1862 883 1923; x_wconf 88' lang='lat' dir='ltr'>Dei</span> <span class='ocrx_word' id='word_1_151' title='bbox 902 1883 934 1923; x_wconf 88' lang='lat' dir='ltr'>se</span> <span class='ocrx_word' id='word_1_152' title='bbox 976 1864 1098 1924; x_wconf 88' lang='lat' dir='ltr'>racbent</span> <span class='ocrx_word' id='word_1_153' title='bbox 1116 1864 1244 1939; x_wconf 89' lang='lat' dir='ltr'>dociles,</span> <span class='ocrx_word' id='word_1_154' title='bbox 1267 1863 1323 1927; x_wconf 77' lang='lat' dir='ltr'>sed</span> 
     </span>
     <span class='ocr_line' id='line_1_20' title="bbox 211 1885 1323 2014; baseline 0.001 -14"><span class='ocrx_word' id='word_1_155' title='bbox 211 1940 288 2001; x_wconf 89' lang='lat' dir='ltr'>otius</span> <span class='ocrx_word' id='word_1_156' title='bbox 308 1939 452 2002; x_wconf 82' lang='lat' dir='ltr'>exsultant</span> <span class='ocrx_word' id='word_1_157' title='bbox 471 1942 500 2001; x_wconf 90' lang='lat' dir='ltr'>in</span> <span class='ocrx_word' id='word_1_158' title='bbox 520 1963 571 2002; x_wconf 81' lang='lat' dir='ltr'>aua</span> <span class='ocrx_word' id='word_1_159' title='bbox 590 1941 728 2001; x_wconf 87' lang='lat' dir='ltr'>vanitate.</span> <span class='ocrx_word' id='word_1_160' title='bbox 749 1940 816 2001; x_wconf 88' lang='lat' dir='ltr'>&#39;Sic</span> <span class='ocrx_word' id='word_1_161' title='bbox 836 1952 933 2000; x_wconf 90' lang='lat' dir='ltr'>autem</span> <span class='ocrx_word' id='word_1_162' title='bbox 952 1885 1119 2001; x_wconf 79' lang='lat' dir='ltr'>habendum</span> <span class='ocrx_word' id='word_1_163' title='bbox 1140 1952 1193 2014; x_wconf 86' lang='lat' dir='ltr'>eet,</span> <span class='ocrx_word' id='word_1_164' title='bbox 1213 1952 1248 2001; x_wconf 90' lang='lat' dir='ltr'>ut</span> <span class='ocrx_word' id='word_1_165' title='bbox 1262 1960 1323 2001; x_wconf 87' lang='lat' dir='ltr'>no·</span> 
     </span>
     <span class='ocr_line' id='line_1_21' title="bbox 188 1962 1324 2100; baseline 0 -23"><span class='ocrx_word' id='word_1_166' title='bbox 188 1962 234 2077; x_wconf 73' lang='lat' dir='ltr'>his</span> <span class='ocrx_word' id='word_1_167' title='bbox 254 2017 396 2100; x_wconf 86' lang='lat' dir='ltr'>ailulgeat</span> <span class='ocrx_word' id='word_1_168' title='bbox 411 2038 478 2077; x_wconf 88' lang='lat' dir='ltr'>vera</span> <span class='ocrx_word' id='word_1_169' title='bbox 490 2017 607 2099; x_wconf 81' lang='lat' dir='ltr'>religio,</span> <span class='ocrx_word' id='word_1_170' title='bbox 626 2018 776 2078; x_wconf 79' lang='lat' dir='ltr'>exordium</span> <span class='ocrx_word' id='word_1_171' title='bbox 795 2039 812 2077; x_wconf 87' lang='lat' dir='ltr'>a</span> <span class='ocrx_word' id='word_1_172' title='bbox 831 2017 952 2078; x_wconf 91' lang='lat' dir='ltr'>coelesti</span> <span class='ocrx_word' id='word_1_173' title='bbox 972 2017 1105 2077; x_wconf 90' lang='lat' dir='ltr'>doctrina</span> <span class='ocrx_word' id='word_1_174' title='bbox 1125 2016 1324 2093; x_wconf 85' lang='lat' dir='ltr'>heridebeee,</span> 
     </span>
     <span class='ocr_line' id='line_1_22' title="bbox 189 2092 1324 2175; baseline 0.001 -22"><span class='ocrx_word' id='word_1_175' title='bbox 189 2112 246 2155; x_wconf 92' lang='lat' dir='ltr'>nee</span> <span class='ocrx_word' id='word_1_176' title='bbox 266 2114 434 2174; x_wconf 83' lang='lat' dir='ltr'>quenquam</span> <span class='ocrx_word' id='word_1_177' title='bbox 452 2115 539 2175; x_wconf 86' lang='lat' dir='ltr'>posse</span> <span class='ocrx_word' id='word_1_178' title='bbox 550 2093 596 2155; x_wconf 90' lang='lat' dir='ltr'>vei</span> <span class='ocrx_word' id='word_1_179' title='bbox 616 2094 769 2154; x_wconf 89' lang='lat' dir='ltr'>minimum</span> <span class='ocrx_word' id='word_1_180' title='bbox 789 2106 905 2175; x_wconf 85' lang='lat' dir='ltr'>gustum</span> <span class='ocrx_word' id='word_1_181' title='bbox 926 2105 1024 2153; x_wconf 90' lang='lat' dir='ltr'>rectae</span> <span class='ocrx_word' id='word_1_182' title='bbox 1042 2112 1189 2173; x_wconf 82' lang='lat' dir='ltr'>canaeque</span> <span class='ocrx_word' id='word_1_183' title='bbox 1208 2092 1324 2154; x_wconf 87' lang='lat' dir='ltr'>doctri·</span> 
     </span>
     <span class='ocr_line' id='line_1_23' title="bbox 187 2168 1324 2249; baseline 0.001 -20"><span class='ocrx_word' id='word_1_184' title='bbox 187 2190 244 2229; x_wconf 85' lang='lat' dir='ltr'>nae</span> <span class='ocrx_word' id='word_1_185' title='bbox 270 2172 438 2249; x_wconf 81' lang='lat' dir='ltr'>percipere,</span> <span class='ocrx_word' id='word_1_186' title='bbox 471 2171 525 2229; x_wconf 84' lang='lat' dir='ltr'>nisi</span> <span class='ocrx_word' id='word_1_187' title='bbox 546 2170 596 2249; x_wconf 90' lang='lat' dir='ltr'>qui</span> <span class='ocrx_word' id='word_1_188' title='bbox 616 2170 786 2249; x_wconf 85' lang='lat' dir='ltr'>Scripturae</span> <span class='ocrx_word' id='word_1_189' title='bbox 812 2170 902 2230; x_wconf 85' lang='lat' dir='ltr'>luerit</span> <span class='ocrx_word' id='word_1_190' title='bbox 928 2168 1098 2249; x_wconf 86' lang='lat' dir='ltr'>discipulus:</span> <span class='ocrx_word' id='word_1_191' title='bbox 1128 2169 1207 2230; x_wconf 90' lang='lat' dir='ltr'>unde</span> <span class='ocrx_word' id='word_1_192' title='bbox 1232 2169 1324 2230; x_wconf 77' lang='lat' dir='ltr'>eiiam</span> 
     </span>
     <span class='ocr_line' id='line_1_24' title="bbox 133 2243 1325 2327; baseline 0 -20"><span class='ocrx_word' id='word_1_193' title='bbox 133 2276 139 2289; x_wconf 94' lang='lat'><strong>·</strong></span> <span class='ocrx_word' id='word_1_194' title='bbox 187 2243 315 2327; x_wconf 79' lang='lat' dir='ltr'>emergit</span> <span class='ocrx_word' id='word_1_195' title='bbox 325 2266 410 2306; x_wconf 81' lang='lat' dir='ltr'>verae</span> <span class='ocrx_word' id='word_1_196' title='bbox 430 2247 642 2327; x_wconf 82' lang='lat' dir='ltr'>intelligentiae</span> <span class='ocrx_word' id='word_1_197' title='bbox 662 2246 848 2327; x_wconf 88' lang='lat' dir='ltr'>principium,</span> <span class='ocrx_word' id='word_1_198' title='bbox 869 2247 918 2305; x_wconf 92' lang='lat' dir='ltr'>ubi</span> <span class='ocrx_word' id='word_1_199' title='bbox 939 2258 1107 2305; x_wconf 83' lang='lat' dir='ltr'>reverenter</span> <span class='ocrx_word' id='word_1_200' title='bbox 1118 2246 1325 2325; x_wconf 84' lang='lat' dir='ltr'>amplectimur</span> 
     </span>
     <span class='ocr_line' id='line_1_25' title="bbox 188 2320 1323 2402; baseline 0.003 -21"><span class='ocrx_word' id='word_1_201' title='bbox 188 2322 270 2401; x_wconf 89' lang='lat' dir='ltr'>quod</span> <span class='ocrx_word' id='word_1_202' title='bbox 291 2323 327 2382; x_wconf 93' lang='lat' dir='ltr'>de</span> <span class='ocrx_word' id='word_1_203' title='bbox 346 2342 377 2385; x_wconf 79' lang='lat' dir='ltr'>se</span> <span class='ocrx_word' id='word_1_204' title='bbox 403 2322 462 2382; x_wconf 90' lang='lat' dir='ltr'>iilic</span> <span class='ocrx_word' id='word_1_205' title='bbox 480 2324 579 2383; x_wconf 86' lang='lat' dir='ltr'>testari</span> <span class='ocrx_word' id='word_1_206' title='bbox 598 2324 679 2381; x_wconf 84' lang='lat' dir='ltr'>Deus</span> <span class='ocrx_word' id='word_1_207' title='bbox 699 2320 800 2383; x_wconf 87' lang='lat' dir='ltr'>voluit.</span> <span class='ocrx_word' id='word_1_208' title='bbox 843 2323 948 2402; x_wconf 90' lang='lat' dir='ltr'>Neque</span> <span class='ocrx_word' id='word_1_209' title='bbox 968 2322 1046 2381; x_wconf 85' lang='lat' dir='ltr'>enirn</span> <span class='ocrx_word' id='word_1_210' title='bbox 1071 2321 1203 2400; x_wconf 84' lang='lat' dir='ltr'>perlecta</span> <span class='ocrx_word' id='word_1_211' title='bbox 1223 2322 1323 2385; x_wconf 78' lang='lat' dir='ltr'>solum</span> 
     </span>
     <span class='ocr_line' id='line_1_26' title="bbox 188 2396 1323 2479; baseline 0.003 -22"><span class='ocrx_word' id='word_1_212' title='bbox 188 2398 235 2458; x_wconf 84' lang='lat' dir='ltr'>vei</span> <span class='ocrx_word' id='word_1_213' title='bbox 255 2401 384 2460; x_wconf 90' lang='lat' dir='ltr'>numeris</span> <span class='ocrx_word' id='word_1_214' title='bbox 402 2400 461 2459; x_wconf 85' lang='lat' dir='ltr'>auis</span> <span class='ocrx_word' id='word_1_215' title='bbox 480 2396 626 2478; x_wconf 87' lang='lat' dir='ltr'>completa</span> <span class='ocrx_word' id='word_1_216' title='bbox 645 2399 732 2472; x_wconf 87' lang='lat' dir='ltr'>fides,</span> <span class='ocrx_word' id='word_1_217' title='bbox 756 2398 806 2458; x_wconf 83' lang='lat' dir='ltr'>sed</span> <span class='ocrx_word' id='word_1_218' title='bbox 827 2404 923 2461; x_wconf 83' lang='lat' dir='ltr'>omnis</span> <span class='ocrx_word' id='word_1_219' title='bbox 949 2412 1030 2459; x_wconf 89' lang='lat' dir='ltr'>recta</span> <span class='ocrx_word' id='word_1_220' title='bbox 1048 2398 1107 2459; x_wconf 89' lang='lat' dir='ltr'>Dei</span> <span class='ocrx_word' id='word_1_221' title='bbox 1130 2398 1263 2479; x_wconf 81' lang='lat' dir='ltr'>cognitio</span> <span class='ocrx_word' id='word_1_222' title='bbox 1283 2398 1323 2460; x_wconf 83' lang='lat' dir='ltr'>ab</span> 
     </span>
     <span class='ocr_line' id='line_1_27' title="bbox 190 2474 1324 2557; baseline 0.004 -22"><span class='ocrx_word' id='word_1_223' title='bbox 190 2474 361 2535; x_wconf 88' lang='lat' dir='ltr'>obedientia</span> <span class='ocrx_word' id='word_1_224' title='bbox 386 2476 522 2536; x_wconf 84' lang='lat' dir='ltr'>nascitur.</span> <span class='ocrx_word' id='word_1_225' title='bbox 566 2476 606 2535; x_wconf 86' lang='lat' dir='ltr'>Et</span> <span class='ocrx_word' id='word_1_226' title='bbox 634 2495 704 2536; x_wconf 83' lang='lat' dir='ltr'>sane</span> <span class='ocrx_word' id='word_1_227' title='bbox 729 2475 781 2535; x_wconf 87' lang='lat' dir='ltr'>hac</span> <span class='ocrx_word' id='word_1_228' title='bbox 809 2475 839 2535; x_wconf 92' lang='lat' dir='ltr'>iu</span> <span class='ocrx_word' id='word_1_229' title='bbox 865 2487 947 2555; x_wconf 87' lang='lat' dir='ltr'>parte</span> <span class='ocrx_word' id='word_1_230' title='bbox 972 2476 1112 2557; x_wconf 78' lang='lat' dir='ltr'>singulari</span> <span class='ocrx_word' id='word_1_231' title='bbox 1136 2475 1324 2556; x_wconf 71' lang='lat' dir='ltr'>providentie</span> 
     </span>
     <span class='ocr_line' id='line_1_28' title="bbox 189 2550 943 2613; baseline -0.003 0"><span class='ocrx_word' id='word_1_232' title='bbox 189 2550 340 2613; x_wconf 88' lang='lat' dir='ltr'>consuluit</span> <span class='ocrx_word' id='word_1_233' title='bbox 358 2551 531 2612; x_wconf 80' lang='lat' dir='ltr'>mortalibus</span> <span class='ocrx_word' id='word_1_234' title='bbox 550 2551 632 2612; x_wconf 87' lang='lat' dir='ltr'>Ileus</span> <span class='ocrx_word' id='word_1_235' title='bbox 652 2553 682 2611; x_wconf 91' lang='lat' dir='ltr'>in</span> <span class='ocrx_word' id='word_1_236' title='bbox 704 2572 806 2612; x_wconf 85' lang='lat' dir='ltr'>omnes</span> <span class='ocrx_word' id='word_1_237' title='bbox 825 2564 943 2611; x_wconf 86' lang='lat' dir='ltr'>aetates.</span> 
     </span>
     <span class='ocr_line' id='line_1_29' title="bbox 266 2627 1322 2723; baseline 0.001 -35"><span class='ocrx_word' id='word_1_238' title='bbox 266 2636 295 2692; x_wconf 85' lang='lat'>3.</span> <span class='ocrx_word' id='word_1_239' title='bbox 333 2628 441 2689; x_wconf 86' lang='lat' dir='ltr'>Narnsi</span> <span class='ocrx_word' id='word_1_240' title='bbox 462 2641 629 2708; x_wconf 89' lang='lat' dir='ltr'>reputamus</span> <span class='ocrx_word' id='word_1_241' title='bbox 649 2642 735 2708; x_wconf 84' lang='lat' dir='ltr'>quarn</span> <span class='ocrx_word' id='word_1_242' title='bbox 755 2627 884 2689; x_wconf 88' lang='lat' dir='ltr'>lubricus</span> <span class='ocrx_word' id='word_1_243' title='bbox 903 2629 940 2688; x_wconf 89' lang='lat' dir='ltr'>sit</span> <span class='ocrx_word' id='word_1_244' title='bbox 953 2628 1095 2693; x_wconf 85' lang='lat' dir='ltr'>humanae</span> <span class='ocrx_word' id='word_1_245' title='bbox 1107 2627 1322 2723; x_wconf 81' lang='lat' dir='ltr'>mentislapeue</span> 
     </span>
     <span class='ocr_line' id='line_1_30' title="bbox 189 2703 1322 2786; baseline 0.002 -21"><span class='ocrx_word' id='word_1_246' title='bbox 189 2704 221 2765; x_wconf 89' lang='lat' dir='ltr'>in</span> <span class='ocrx_word' id='word_1_247' title='bbox 248 2704 306 2763; x_wconf 86' lang='lat' dir='ltr'>Dei</span> <span class='ocrx_word' id='word_1_248' title='bbox 335 2705 534 2779; x_wconf 88' lang='lat' dir='ltr'>oblivionem,</span> <span class='ocrx_word' id='word_1_249' title='bbox 564 2717 674 2786; x_wconf 81' lang='lat' dir='ltr'>quanta</span> <span class='ocrx_word' id='word_1_250' title='bbox 702 2706 733 2764; x_wconf 89' lang='lat' dir='ltr'>in</span> <span class='ocrx_word' id='word_1_251' title='bbox 758 2724 846 2764; x_wconf 92' lang='lat' dir='ltr'>omne</span> <span class='ocrx_word' id='word_1_252' title='bbox 877 2724 970 2786; x_wconf 86' lang='lat' dir='ltr'>genus</span> <span class='ocrx_word' id='word_1_253' title='bbox 1002 2705 1110 2764; x_wconf 88' lang='lat' dir='ltr'>erroris</span> <span class='ocrx_word' id='word_1_254' title='bbox 1142 2703 1322 2783; x_wconf 77' lang='lat' dir='ltr'>proclivitas,</span> 
     </span>
     <span class='ocr_line' id='line_1_31' title="bbox 190 2779 1323 2863; baseline 0.003 -25"><span class='ocrx_word' id='word_1_255' title='bbox 190 2794 300 2860; x_wconf 84' lang='lat' dir='ltr'>quanta</span> <span class='ocrx_word' id='word_1_256' title='bbox 319 2782 354 2842; x_wconf 89' lang='lat' dir='ltr'>ad</span> <span class='ocrx_word' id='word_1_257' title='bbox 379 2782 589 2863; x_wconf 83' lang='lat' dir='ltr'>confingendas</span> <span class='ocrx_word' id='word_1_258' title='bbox 615 2782 773 2841; x_wconf 89' lang='lat' dir='ltr'>identidem</span> <span class='ocrx_word' id='word_1_259' title='bbox 800 2802 890 2847; x_wconf 85' lang='lat' dir='ltr'>noras</span> <span class='ocrx_word' id='word_1_260' title='bbox 918 2794 948 2841; x_wconf 95' lang='lat' dir='ltr'>et</span> <span class='ocrx_word' id='word_1_261' title='bbox 976 2779 1091 2841; x_wconf 86' lang='lat' dir='ltr'>fictitias</span> <span class='ocrx_word' id='word_1_262' title='bbox 1119 2781 1265 2862; x_wconf 88' lang='lat' dir='ltr'>religione</span> <span class='ocrx_word' id='word_1_263' title='bbox 1285 2780 1323 2841; x_wconf 92' lang='lat' dir='ltr'>li-</span> 
     </span>
    </p>
   </div>
   <div class='ocr_carea' id='block_1_3' title="bbox 16 2857 1323 2948">
    <p class='ocr_par' dir='ltr' id='par_1_3' title="bbox 16 2857 1323 2948">
     <span class='ocr_line' id='line_1_32' title="bbox 16 2857 1323 2948; baseline 0 -29"><span class='ocrx_word' id='word_1_264' title='bbox 16 2898 19 2905; x_wconf 93' lang='lat'>·</span> <span class='ocrx_word' id='word_1_265' title='bbox 132 2918 136 2925; x_wconf 85' lang='grc'><strong>,</strong></span> <span class='ocrx_word' id='word_1_266' title='bbox 189 2858 282 2929; x_wconf 70' lang='lat' dir='ltr'>bidos¹</span> <span class='ocrx_word' id='word_1_267' title='bbox 319 2861 487 2948; x_wconf 73' lang='lat' dir='ltr'>perspicere</span> <span class='ocrx_word' id='word_1_268' title='bbox 522 2858 623 2919; x_wconf 89' lang='lat' dir='ltr'>iicebit</span> <span class='ocrx_word' id='word_1_269' title='bbox 654 2880 738 2937; x_wconf 90' lang='lat' dir='ltr'>quarn</span> <span class='ocrx_word' id='word_1_270' title='bbox 774 2859 935 2919; x_wconf 83' lang='lat' dir='ltr'>necessaria</span> <span class='ocrx_word' id='word_1_271' title='bbox 974 2858 1064 2916; x_wconf 89' lang='lat' dir='ltr'>inerit</span> <span class='ocrx_word' id='word_1_272' title='bbox 1093 2857 1158 2916; x_wconf 88' lang='lat' dir='ltr'>talis</span> <span class='ocrx_word' id='word_1_273' title='bbox 1185 2858 1323 2919; x_wconf 81' lang='lat' dir='ltr'>coelestis</span> 
     </span>
    </p>
   </div>
   <div class='ocr_carea' id='block_1_4' title="bbox 186 2933 1325 4001">
    <p class='ocr_par' dir='ltr' id='par_1_4' title="bbox 186 2933 1325 4001">
     <span class='ocr_line' id='line_1_33' title="bbox 190 2933 1323 3016; baseline -0.004 -22"><span class='ocrx_word' id='word_1_274' title='bbox 190 2935 343 2995; x_wconf 90' lang='lat' dir='ltr'>doctrinae</span> <span class='ocrx_word' id='word_1_275' title='bbox 363 2934 565 3016; x_wconf 77' lang='lat' dir='ltr'>consignatio,</span> <span class='ocrx_word' id='word_1_276' title='bbox 586 2955 624 2993; x_wconf 90' lang='lat' dir='ltr'>ne</span> <span class='ocrx_word' id='word_1_277' title='bbox 643 2933 687 2993; x_wconf 84' lang='lat' dir='ltr'>rei</span> <span class='ocrx_word' id='word_1_278' title='bbox 710 2933 862 2994; x_wconf 85' lang='lat' dir='ltr'>oblivione</span> <span class='ocrx_word' id='word_1_279' title='bbox 884 2933 1047 3013; x_wconf 81' lang='lat' dir='ltr'>deperiret,</span> <span class='ocrx_word' id='word_1_280' title='bbox 1066 2933 1112 2991; x_wconf 86' lang='lat' dir='ltr'>rel</span> <span class='ocrx_word' id='word_1_281' title='bbox 1132 2952 1235 2993; x_wconf 90' lang='lat' dir='ltr'>errore</span> <span class='ocrx_word' id='word_1_282' title='bbox 1255 2953 1323 2995; x_wconf 73' lang='lat' dir='ltr'>era-</span> 
     </span>
     <span class='ocr_line' id='line_1_34' title="bbox 188 3009 1323 3091; baseline -0.005 -20"><span class='ocrx_word' id='word_1_283' title='bbox 188 3023 342 3084; x_wconf 87' lang='lat' dir='ltr'>nesceret,</span> <span class='ocrx_word' id='word_1_284' title='bbox 360 3009 407 3070; x_wconf 88' lang='lat' dir='ltr'>vei</span> <span class='ocrx_word' id='word_1_285' title='bbox 425 3011 544 3073; x_wconf 89' lang='lat' dir='ltr'>audacia</span> <span class='ocrx_word' id='word_1_286' title='bbox 564 3011 717 3071; x_wconf 87' lang='lat' dir='ltr'>hominum</span> <span class='ocrx_word' id='word_1_287' title='bbox 742 3023 991 3090; x_wconf 89' lang='lat' dir='ltr'>corrumperetur.</span> <span class='ocrx_word' id='word_1_288' title='bbox 1032 3012 1132 3083; x_wconf 85' lang='lat' dir='ltr'>Quum</span> <span class='ocrx_word' id='word_1_289' title='bbox 1153 3012 1250 3089; x_wconf 89' lang='lat' dir='ltr'>itaque</span> <span class='ocrx_word' id='word_1_290' title='bbox 1269 3032 1323 3091; x_wconf 61' lang='lat' dir='ltr'>pa,</span> 
     </span>
     <span class='ocr_line' id='line_1_35' title="bbox 188 3085 1323 3169; baseline 0.002 -22"><span class='ocrx_word' id='word_1_291' title='bbox 188 3086 246 3152; x_wconf 81' lang='lat' dir='ltr'>iam</span> <span class='ocrx_word' id='word_1_292' title='bbox 265 3087 318 3163; x_wconf 87' lang='lat' dir='ltr'>sit,</span> <span class='ocrx_word' id='word_1_293' title='bbox 337 3087 433 3147; x_wconf 87' lang='lat' dir='ltr'>Deum</span> <span class='ocrx_word' id='word_1_294' title='bbox 453 3108 523 3169; x_wconf 88' lang='lat' dir='ltr'>erga</span> <span class='ocrx_word' id='word_1_295' title='bbox 544 3108 594 3147; x_wconf 89' lang='lat' dir='ltr'>eos</span> <span class='ocrx_word' id='word_1_296' title='bbox 613 3107 732 3163; x_wconf 85' lang='lat' dir='ltr'>ornnes,</span> <span class='ocrx_word' id='word_1_297' title='bbox 755 3107 829 3166; x_wconf 84' lang='lat' dir='ltr'>quos</span> <span class='ocrx_word' id='word_1_298' title='bbox 853 3108 981 3167; x_wconf 90' lang='lat' dir='ltr'>unquam</span> <span class='ocrx_word' id='word_1_299' title='bbox 1001 3087 1118 3145; x_wconf 90' lang='lat' dir='ltr'>erudire</span> <span class='ocrx_word' id='word_1_300' title='bbox 1138 3108 1203 3146; x_wconf 90' lang='lat' dir='ltr'>cum</span> <span class='ocrx_word' id='word_1_301' title='bbox 1224 3085 1323 3149; x_wconf 85' lang='lat' dir='ltr'>iructn</span> 
     </span>
     <span class='ocr_line' id='line_1_36' title="bbox 186 3162 1323 3256; baseline 0.001 -33"><span class='ocrx_word' id='word_1_302' title='bbox 186 3163 298 3241; x_wconf 79' lang='lat' dir='ltr'>voluit,</span> <span class='ocrx_word' id='word_1_303' title='bbox 317 3163 477 3224; x_wconf 81' lang='lat' dir='ltr'>subsidium</span> <span class='ocrx_word' id='word_1_304' title='bbox 497 3164 579 3223; x_wconf 82' lang='lat' dir='ltr'>verbi</span> <span class='ocrx_word' id='word_1_305' title='bbox 599 3162 779 3239; x_wconf 86' lang='lat' dir='ltr'>adhibuisse,</span> <span class='ocrx_word' id='word_1_306' title='bbox 805 3164 884 3243; x_wconf 89' lang='lat' dir='ltr'>quod</span> <span class='ocrx_word' id='word_1_307' title='bbox 905 3162 1033 3243; x_wconf 84' lang='lat' dir='ltr'>eiirgiern</span> <span class='ocrx_word' id='word_1_308' title='bbox 1053 3184 1133 3222; x_wconf 82' lang='lat' dir='ltr'>suarn</span> <span class='ocrx_word' id='word_1_309' title='bbox 1153 3162 1184 3223; x_wconf 93' lang='lat' dir='ltr'>in</span> <span class='ocrx_word' id='word_1_310' title='bbox 1205 3162 1323 3256; x_wconf 64' lang='lat' dir='ltr'>pulnere</span> 
     </span>
     <span class='ocr_line' id='line_1_37' title="bbox 188 3239 1322 3320; baseline 0.001 -21"><span class='ocrx_word' id='word_1_311' title='bbox 188 3242 261 3301; x_wconf 85' lang='lat' dir='ltr'>rima</span> <span class='ocrx_word' id='word_1_312' title='bbox 286 3240 387 3300; x_wconf 87' lang='lat' dir='ltr'>mundi</span> <span class='ocrx_word' id='word_1_313' title='bbox 414 3241 509 3300; x_wconf 83' lang='lat' dir='ltr'>forma</span> <span class='ocrx_word' id='word_1_314' title='bbox 533 3242 716 3319; x_wconf 84' lang='lat' dir='ltr'>impressam,</span> <span class='ocrx_word' id='word_1_315' title='bbox 745 3261 847 3317; x_wconf 89' lang='lat' dir='ltr'>parum</span> <span class='ocrx_word' id='word_1_316' title='bbox 876 3260 937 3299; x_wconf 88' lang='lat' dir='ltr'>esse</span> <span class='ocrx_word' id='word_1_317' title='bbox 963 3239 1111 3303; x_wconf 88' lang='lat' dir='ltr'>eiiicacern</span> <span class='ocrx_word' id='word_1_318' title='bbox 1137 3240 1322 3320; x_wconf 79' lang='lat' dir='ltr'>provrdereta</span> 
     </span>
     <span class='ocr_line' id='line_1_38' title="bbox 187 3315 1323 3397; baseline 0.002 -22"><span class='ocrx_word' id='word_1_319' title='bbox 187 3316 242 3375; x_wconf 91' lang='lat' dir='ltr'>hac</span> <span class='ocrx_word' id='word_1_320' title='bbox 262 3328 342 3377; x_wconf 87' lang='lat' dir='ltr'>recta</span> <span class='ocrx_word' id='word_1_321' title='bbox 367 3317 412 3377; x_wconf 84' lang='lat' dir='ltr'>ria</span> <span class='ocrx_word' id='word_1_322' title='bbox 439 3316 622 3378; x_wconf 88' lang='lat' dir='ltr'>contendere</span> <span class='ocrx_word' id='word_1_323' title='bbox 646 3315 775 3395; x_wconf 79' lang='lat' dir='ltr'>expedit,</span> <span class='ocrx_word' id='word_1_324' title='bbox 799 3317 823 3375; x_wconf 90' lang='lat' dir='ltr'>si</span> <span class='ocrx_word' id='word_1_325' title='bbox 844 3316 879 3375; x_wconf 76' lang='lat' dir='ltr'>ari</span> <span class='ocrx_word' id='word_1_326' title='bbox 899 3317 1042 3376; x_wconf 84' lang='lat' dir='ltr'>sinceram</span> <span class='ocrx_word' id='word_1_327' title='bbox 1062 3315 1119 3377; x_wconf 87' lang='lat' dir='ltr'>Dei</span> <span class='ocrx_word' id='word_1_328' title='bbox 1139 3316 1323 3397; x_wconf 85' lang='lat' dir='ltr'>cont-empla-</span> 
     </span>
     <span class='ocr_line' id='line_1_39' title="bbox 187 3392 1324 3473; baseline 0 -20"><span class='ocrx_word' id='word_1_329' title='bbox 187 3393 303 3453; x_wconf 86' lang='lat' dir='ltr'>tionem</span> <span class='ocrx_word' id='word_1_330' title='bbox 322 3393 401 3453; x_wconf 91' lang='lat' dir='ltr'>serio</span> <span class='ocrx_word' id='word_1_331' title='bbox 422 3394 591 3472; x_wconf 87' lang='lat' dir='ltr'>aspiramus.</span> <span class='ocrx_word' id='word_1_332' title='bbox 631 3392 678 3452; x_wconf 75' lang='lat' dir='ltr'>Ad</span> <span class='ocrx_word' id='word_1_333' title='bbox 692 3392 832 3464; x_wconf 77' lang='lat' dir='ltr'>l&#39;erhum,</span> <span class='ocrx_word' id='word_1_334' title='bbox 852 3394 981 3473; x_wconf 87' lang='lat' dir='ltr'>inquam,</span> <span class='ocrx_word' id='word_1_335' title='bbox 1001 3404 1045 3451; x_wconf 84' lang='lat' dir='ltr'>est</span> <span class='ocrx_word' id='word_1_336' title='bbox 1064 3393 1250 3467; x_wconf 84' lang='lat' dir='ltr'>veniendum,</span> <span class='ocrx_word' id='word_1_337' title='bbox 1270 3392 1324 3453; x_wconf 84' lang='lat' dir='ltr'>ubi</span> 
     </span>
     <span class='ocr_line' id='line_1_40' title="bbox 187 3460 1324 3551; baseline -0.001 -23"><span class='ocrx_word' id='word_1_338' title='bbox 187 3468 300 3551; x_wconf 90' lang='lat' dir='ltr'>probe,</span> <span class='ocrx_word' id='word_1_339' title='bbox 320 3481 351 3531; x_wconf 88' lang='lat' dir='ltr'>et</span> <span class='ocrx_word' id='word_1_340' title='bbox 370 3469 407 3531; x_wconf 89' lang='lat' dir='ltr'>nd</span> <span class='ocrx_word' id='word_1_341' title='bbox 427 3471 539 3541; x_wconf 81' lang='lat' dir='ltr'>virum,</span> <span class='ocrx_word' id='word_1_342' title='bbox 564 3468 649 3529; x_wconf 87' lang='lat' dir='ltr'>nohis</span> <span class='ocrx_word' id='word_1_343' title='bbox 669 3490 684 3529; x_wconf 92' lang='lat' dir='ltr'>a</span> <span class='ocrx_word' id='word_1_344' title='bbox 704 3469 763 3529; x_wconf 88' lang='lat' dir='ltr'>suis</span> <span class='ocrx_word' id='word_1_345' title='bbox 783 3469 924 3548; x_wconf 83' lang='lat' dir='ltr'>operibus</span> <span class='ocrx_word' id='word_1_346' title='bbox 943 3467 1116 3529; x_wconf 84' lang='lat' dir='ltr'>describitur</span> <span class='ocrx_word' id='word_1_347' title='bbox 1134 3460 1231 3541; x_wconf 70' lang='lat' dir='ltr'>lieus&#39;,</span> <span class='ocrx_word' id='word_1_348' title='bbox 1253 3469 1324 3533; x_wconf 88' lang='lat' dir='ltr'>dum</span> 
     </span>
     <span class='ocr_line' id='line_1_41' title="bbox 188 3544 1324 3625; baseline -0.002 -18"><span class='ocrx_word' id='word_1_349' title='bbox 188 3565 280 3625; x_wconf 83' lang='lat' dir='ltr'>opera</span> <span class='ocrx_word' id='word_1_350' title='bbox 300 3545 362 3624; x_wconf 86' lang='lat' dir='ltr'>ipsa</span> <span class='ocrx_word' id='word_1_351' title='bbox 382 3566 443 3606; x_wconf 90' lang='lat' dir='ltr'>non</span> <span class='ocrx_word' id='word_1_352' title='bbox 470 3565 503 3605; x_wconf 80' lang='lat' dir='ltr'>ex</span> <span class='ocrx_word' id='word_1_353' title='bbox 526 3544 625 3605; x_wconf 89' lang='lat' dir='ltr'>iudicii</span> <span class='ocrx_word' id='word_1_354' title='bbox 651 3546 745 3605; x_wconf 84' lang='lat' dir='ltr'>nostri</span> <span class='ocrx_word' id='word_1_355' title='bbox 790 3547 925 3619; x_wconf 85' lang='lat' dir='ltr'>raritate,</span> <span class='ocrx_word' id='word_1_356' title='bbox 955 3545 1007 3604; x_wconf 84' lang='lat' dir='ltr'>sed</span> <span class='ocrx_word' id='word_1_357' title='bbox 1031 3558 1167 3604; x_wconf 85' lang='lat' dir='ltr'>aeternae</span> <span class='ocrx_word' id='word_1_358' title='bbox 1191 3545 1324 3605; x_wconf 77' lang='lat' dir='ltr'>veritatis</span> 
     </span>
     <span class='ocr_line' id='line_1_42' title="bbox 188 3566 1324 3701; baseline -0.002 -20"><span class='ocrx_word' id='word_1_359' title='bbox 188 3621 289 3701; x_wconf 78' lang='lat' dir='ltr'>regula</span> <span class='ocrx_word' id='word_1_360' title='bbox 310 3624 510 3683; x_wconf 85' lang='lat' dir='ltr'>aestimantur.</span> <span class='ocrx_word' id='word_1_361' title='bbox 548 3622 595 3682; x_wconf 79' lang='lat' dir='ltr'>nb</span> <span class='ocrx_word' id='word_1_362' title='bbox 621 3642 657 3681; x_wconf 90' lang='lat' dir='ltr'>eo</span> <span class='ocrx_word' id='word_1_363' title='bbox 677 3625 701 3680; x_wconf 86' lang='lat' dir='ltr'>si</span> <span class='ocrx_word' id='word_1_364' title='bbox 721 3566 918 3695; x_wconf 79' lang='lat' dir='ltr'>deliectimua,</span> <span class='ocrx_word' id='word_1_365' title='bbox 945 3632 977 3680; x_wconf 93' lang='lat' dir='ltr'>ut</span> <span class='ocrx_word' id='word_1_366' title='bbox 1004 3642 1098 3701; x_wconf 90' lang='lat' dir='ltr'>nuper</span> <span class='ocrx_word' id='word_1_367' title='bbox 1122 3620 1193 3693; x_wconf 82' lang='lat' dir='ltr'>dixi,</span> <span class='ocrx_word' id='word_1_368' title='bbox 1220 3643 1324 3701; x_wconf 57' lang='lat' dir='ltr'>quamn</span> 
     </span>
     <span class='ocr_line' id='line_1_43' title="bbox 189 3697 1325 3776; baseline 0 -17"><span class='ocrx_word' id='word_1_369' title='bbox 189 3697 265 3759; x_wconf 86' lang='lat' dir='ltr'>libet</span> <span class='ocrx_word' id='word_1_370' title='bbox 295 3710 415 3758; x_wconf 81' lang='lat' dir='ltr'>strenua</span> <span class='ocrx_word' id='word_1_371' title='bbox 447 3697 592 3759; x_wconf 88' lang='lat' dir='ltr'>enitamur</span> <span class='ocrx_word' id='word_1_372' title='bbox 621 3697 788 3769; x_wconf 85' lang='lat' dir='ltr'>celeritate,</span> <span class='ocrx_word' id='word_1_373' title='bbox 819 3698 886 3776; x_wconf 84' lang='lat' dir='ltr'>quia</span> <span class='ocrx_word' id='word_1_374' title='bbox 916 3710 1015 3757; x_wconf 85' lang='lat' dir='ltr'>tamen</span> <span class='ocrx_word' id='word_1_375' title='bbox 1044 3710 1123 3756; x_wconf 81' lang='lat' dir='ltr'>extra</span> <span class='ocrx_word' id='word_1_376' title='bbox 1154 3697 1228 3757; x_wconf 83' lang='lat' dir='ltr'>riam</span> <span class='ocrx_word' id='word_1_377' title='bbox 1257 3720 1325 3759; x_wconf 90' lang='lat' dir='ltr'>cur·</span> 
     </span>
     <span class='ocr_line' id='line_1_44' title="bbox 188 3774 1324 3855; baseline 0.001 -21"><span class='ocrx_word' id='word_1_378' title='bbox 188 3796 236 3834; x_wconf 87' lang='lat' dir='ltr'>eus</span> <span class='ocrx_word' id='word_1_379' title='bbox 257 3775 329 3848; x_wconf 89' lang='lat' dir='ltr'>erit,</span> <span class='ocrx_word' id='word_1_380' title='bbox 355 3796 504 3853; x_wconf 88' lang='lat' dir='ltr'>nunquam</span> <span class='ocrx_word' id='word_1_381' title='bbox 524 3774 560 3834; x_wconf 89' lang='lat' dir='ltr'>nd</span> <span class='ocrx_word' id='word_1_382' title='bbox 581 3787 687 3833; x_wconf 85' lang='lat' dir='ltr'>metam</span> <span class='ocrx_word' id='word_1_383' title='bbox 707 3774 877 3855; x_wconf 88' lang='lat' dir='ltr'>pertingere</span> <span class='ocrx_word' id='word_1_384' title='bbox 896 3775 997 3835; x_wconf 87' lang='lat' dir='ltr'>contin</span> <span class='ocrx_word' id='word_1_385' title='bbox 1022 3785 1061 3835; x_wconf 88' lang='lat' dir='ltr'>et.</span> <span class='ocrx_word' id='word_1_386' title='bbox 1101 3774 1151 3833; x_wconf 87' lang='lat' dir='ltr'>Sic</span> <span class='ocrx_word' id='word_1_387' title='bbox 1172 3775 1249 3834; x_wconf 83' lang='lat' dir='ltr'>enirn</span> <span class='ocrx_word' id='word_1_388' title='bbox 1271 3794 1324 3835; x_wconf 85' lang='lat' dir='ltr'>co·-¹</span> 
     </span>
     <span class='ocr_line' id='line_1_45' title="bbox 188 3792 1324 4001; baseline -0.001 -88"><span class='ocrx_word' id='word_1_389' title='bbox 188 3851 342 4001; x_wconf 60' lang='lat' dir='ltr'>gilardum</span> <span class='ocrx_word' id='word_1_390' title='bbox 361 3864 419 3911; x_wconf 85' lang='lat' dir='ltr'>est:</span> <span class='ocrx_word' id='word_1_391' title='bbox 442 3850 588 3933; x_wconf 88' lang='lat' dir='ltr'>iulgurem</span> <span class='ocrx_word' id='word_1_392' title='bbox 608 3850 697 3909; x_wconf 89' lang='lat' dir='ltr'>divini</span> <span class='ocrx_word' id='word_1_393' title='bbox 717 3850 822 3924; x_wconf 87' lang='lat' dir='ltr'>vuitus,</span> <span class='ocrx_word' id='word_1_394' title='bbox 843 3870 930 3929; x_wconf 87' lang='lat' dir='ltr'>quem</span> <span class='ocrx_word' id='word_1_395' title='bbox 951 3862 982 3910; x_wconf 92' lang='lat' dir='ltr'>et</span> <span class='ocrx_word' id='word_1_396' title='bbox 1000 3792 1162 3941; x_wconf 64' lang='lat' dir='ltr'>hpostoius</span> <span class='ocrx_word' id='word_1_397' title='bbox 1182 3851 1222 3927; x_wconf 85' lang='lat' dir='ltr'>(l.</span> <span class='ocrx_word' id='word_1_398' title='bbox 1242 3850 1324 3919; x_wconf 80' lang='lat' dir='ltr'>Tin,</span> 
     </span>
    </p>
   </div>
   <div class='ocr_carea' id='block_1_5' title="bbox 238 3926 1326 4019">
    <p class='ocr_par' dir='ltr' id='par_1_5' title="bbox 238 3926 1326 4019">
     <span class='ocr_line' id='line_1_46' title="bbox 238 3926 1326 4019; baseline 0.002 -32"><span class='ocrx_word' id='word_1_399' title='bbox 238 3930 300 4003; x_wconf 83' lang='lat'>16.)</span> <span class='ocrx_word' id='word_1_400' title='bbox 320 3928 499 3990; x_wconf 87' lang='lat' dir='ltr'>inaccessum</span> <span class='ocrx_word' id='word_1_401' title='bbox 519 3938 627 3999; x_wconf 81' lang='lat' dir='ltr'>vocat,</span> <span class='ocrx_word' id='word_1_402' title='bbox 640 3946 703 3989; x_wconf 81' lang='lat' dir='ltr'>esee</span> <span class='ocrx_word' id='word_1_403' title='bbox 722 3926 808 3991; x_wconf 84' lang='lat' dir='ltr'>nobis</span> <span class='ocrx_word' id='word_1_404' title='bbox 827 3926 917 3989; x_wconf 79' lang='lat' dir='ltr'>instar</span> <span class='ocrx_word' id='word_1_405' title='bbox 936 3926 1145 4009; x_wconf 70' lang='lat' dir='ltr'>inexplicabilia</span> <span class='ocrx_word' id='word_1_406' title='bbox 1163 3926 1326 4019; x_wconf 64' lang='lat' dir='ltr'>labyrinthi</span> 
     </span>
    </p>
   </div>
   <div class='ocr_carea' id='block_1_6' title="bbox 189 4088 1325 4114">
    <p class='ocr_par' dir='ltr' id='par_1_6' title="bbox 189 4088 1325 4114">
     <span class='ocr_line' id='line_1_47' title="bbox 189 4088 1325 4114; baseline 0.002 -10"><span class='ocrx_word' id='word_1_407' title='bbox 189 4088 477 4105; x_wconf 48' lang='lat' dir='ltr'>--ffi-o-</span> <span class='ocrx_word' id='word_1_408' title='bbox 482 4094 514 4103; x_wconf 68' lang='lat'>⁸-</span> <span class='ocrx_word' id='word_1_409' title='bbox 791 4110 793 4114; x_wconf 37' lang='grc' dir='ltr'>ι</span> <span class='ocrx_word' id='word_1_410' title='bbox 848 4092 920 4105; x_wconf 65' lang='grc' dir='ltr'>υ·-</span> <span class='ocrx_word' id='word_1_411' title='bbox 1289 4100 1325 4110; x_wconf 77' lang='lat'>.-</span> 
     </span>
    </p>
   </div>
   <div class='ocr_carea' id='block_1_7' title="bbox 186 4178 1327 4377">
    <p class='ocr_par' dir='ltr' id='par_1_7' title="bbox 186 4178 1327 4377">
     <span class='ocr_line' id='line_1_48' title="bbox 258 4178 1327 4298; baseline 0.003 -67"><span class='ocrx_word' id='word_1_412' title='bbox 258 4179 289 4261; x_wconf 52' lang='lat'>⁸).</span> <span class='ocrx_word' id='word_1_413' title='bbox 303 4180 412 4233; x_wconf 79' lang='lat' dir='ltr'>&#39;i&#39;ertnii</span> <span class='ocrx_word' id='word_1_414' title='bbox 428 4178 456 4231; x_wconf 91' lang='lat' dir='ltr'>in</span> <span class='ocrx_word' id='word_1_415' title='bbox 477 4180 612 4298; x_wconf 43' lang='lat' dir='ltr'>*pmii*</span> <span class='ocrx_word' id='word_1_416' title='bbox 630 4181 749 4262; x_wconf 67' lang='lat' dir='ltr'>adrerqua</span> <span class='ocrx_word' id='word_1_417' title='bbox 769 4179 881 4233; x_wconf 68' lang='lat' dir='ltr'>Gentear</span> <span class='ocrx_word' id='word_1_418' title='bbox 901 4180 1162 4263; x_wconf 37' lang='lat' dir='ltr'>„Qnaopleuine‘et</span> <span class='ocrx_word' id='word_1_419' title='bbox 1176 4180 1327 4250; x_wconf 70' lang='lat' dir='ltr'>inpressius</span> 
     </span>
     <span class='ocr_line' id='line_1_49' title="bbox 188 4251 1325 4316; baseline 0.004 -16"><span class='ocrx_word' id='word_1_420' title='bbox 188 4261 263 4309; x_wconf 76' lang='lat' dir='ltr'>„tatu</span> <span class='ocrx_word' id='word_1_421' title='bbox 280 4268 381 4316; x_wconf 77' lang='lat' dir='ltr'>iprum,</span> <span class='ocrx_word' id='word_1_422' title='bbox 397 4267 474 4316; x_wconf 88' lang='lat' dir='ltr'>quarn</span> <span class='ocrx_word' id='word_1_423' title='bbox 514 4262 676 4316; x_wconf 77' lang='lat' dir='ltr'>rnpnertronee</span> <span class='ocrx_word' id='word_1_424' title='bbox 693 4270 746 4303; x_wconf 84' lang='lat' dir='ltr'>erue</span> <span class='ocrx_word' id='word_1_425' title='bbox 764 4264 789 4301; x_wconf 85' lang='lat' dir='ltr'>et</span> <span class='ocrx_word' id='word_1_426' title='bbox 805 4251 948 4303; x_wconf 76' lang='lat' dir='ltr'>voluntates</span> <span class='ocrx_word' id='word_1_427' title='bbox 967 4251 1108 4312; x_wconf 61' lang='lat' dir='ltr'>abretuna,</span> <span class='ocrx_word' id='word_1_428' title='bbox 1124 4262 1325 4305; x_wconf 76' lang='lat' dir='ltr'>instrumentum</span> 
     </span>
     <span class='ocr_line' id='line_1_50' title="bbox 186 4315 549 4377; baseline 0 -10"><span class='ocrx_word' id='word_1_429' title='bbox 186 4315 303 4377; x_wconf 81' lang='lat' dir='ltr'>„adiecit</span> <span class='ocrx_word' id='word_1_430' title='bbox 318 4316 486 4373; x_wconf 74' lang='lat' dir='ltr'>tirunnrw·</span> <span class='ocrx_word' id='word_1_431' title='bbox 503 4328 549 4367; x_wconf 83' lang='lat' dir='ltr'>ete.</span> 
     </span>
    </p>
   </div>
   <div class='ocr_carea' id='block_1_8' title="bbox 0 0 1363 4732">
    <p class='ocr_par' dir='ltr' id='par_1_8' title="bbox 0 0 1363 4732">
     <span class='ocr_line' id='line_1_51' title="bbox 0 0 1363 4732; baseline 0 0"><span class='ocrx_word' id='word_1_432' title='bbox 0 0 1363 4732; x_wconf 95' lang='lat' dir='ltr'> </span> 
     </span>
    </p>
   </div>
  </div>
 </body>
</html>
