2700 4732
86 249 124 309 34
442 234 518 295 tto.
541 234 596 293 ΙΙΙ.
636 234 724 295 (ΖΜ).
745 234 824 293 tttv.

165 390 195 449 5.
235 380 295 443 set
311 376 453 473 probatio
465 380 625 439 etiamnum
645 378 777 459 apertior
795 375 917 452 lucebit,
937 376 960 435 ri
980 372 1108 435 naturaii
1126 372 1223 435 bomi-

38 488 41 495 ·
93 464 137 523 nis
157 458 321 521 conditioni
339 456 397 515 liei
416 456 507 537 gratia
527 476 544 515 e
562 460 686 537 regione
704 466 883 535 opponatur.
924 452 1039 513 Clamat
1057 452 1137 511 enim
1159 450 1224 511 ubi-

114 558 150 598 ue
168 536 327 614 scriptura,
347 532 418 591 uibii
438 532 467 591 iu
489 531 607 593 bomine
621 532 717 591 Deum
737 532 877 610 reperire,
897 550 957 609 quo
977 528 1014 588 ad
1033 526 1226 589 benefacien-

92 562 162 675 dum
182 612 224 671 itti
244 612 397 681 incitetur,
426 608 476 667 sed
502 610 625 689 gratuita
651 628 699 667 sua
726 606 795 665 beni
818 608 910 666 nitate
936 605 1015 663 ilium
1041 604 1225 683 praeuenire.

96 689 177 765 Quid
209 688 286 747 enim
316 684 459 745 advitam
485 685 575 765 possit
600 682 750 743 intortuus't’
788 626 878 763 aitqui
899 682 966 741 elram
986 681 1030 740 sui
1050 680 1225 763 cognitione

7 822 10 829 .
94 786 149 827 nos
169 764 327 834 illuminat,
352 760 460 821 dicitur
479 782 494 821 a
514 772 610 819 morte
629 760 782 833 suscitare,
813 780 846 819 ac
874 780 978 819 novam
998 768 1164 817 ereaturam
1184 754 1225 816 ia·

95 862 163 903 cere
181 840 242 917 (lo.
262 846 291 911 5,
309 838 384 913 15.)
427 837 494 895 Hoc
519 836 661 915 siquidem
686 835 772 895 titulo
793 834 977 915 (pracsertim
997 829 1074 913 apud
1094 834 1225 913 Aposto-

95 918 171 995 lum)
190 916 319 975 vidcmus
337 933 421 993 saepe
435 912 492 971 Dei
506 932 640 1004 erganos
653 912 864 993 benignitatem
883 908 1090 969 eonmrcndari.
1121 908 1224 981 „Dens

94 994 227 1085 „(inquit
244 990 319 1071 pr.
338 995 368 1062 ⁶2,
386 990 429 1063 1.)
450 990 498 1067 qui
518 988 599 1049 deses
619 1000 663 1047 est
682 990 711 1047 io
732 988 941 1061 misericordia,
961 997 1086 1066 propter
1103 984 1224 1045 moltam

96 1080 283 1147 „carrtatenr,
308 1086 364 1144 qua
385 1065 483 1123 ditexit
502 1084 573 1141 nos,
595 1066 681 1123 etiam
702 1086 790 1143 quum
813 1083 937 1123 essemus
958 1062 1065 1120 mortui
1087 1062 1224 1141 pcccatis,

96 1139 812 1280 ’132111ῗέ1111ἕὲῑῖοῗῖιῖῗῖἑζῆῗιιῗῖῗω
832 1136 1225 1293 desistentes:

97 1244 127 1369 i,
146 1298 219 1373 17.),
238 1294 288 1385 qui
307 1292 432 1353 vivificat
451 1305 594 1367 mortuos,
614 1304 644 1351 ει
663 1306 748 1352 vocat
768 1260 895 1371 ea’iquse
916 1312 975 1349 non
996 1302 1065 1349 sunt
1084 1300 1225 1369 tanquam

97 1374 185 1433 sint.“
224 1370 256 1429 Sr
276 1368 348 1428 nittt
367 1390 475 1440 sumus,
494 1370 563 1447 quid
584 1390 691 1449 quaeso
712 1368 882 1448 possumus?
906 1368 1008 1441 Quare
1025 1364 1226 1501 arrogantia!

97 1451 182 1509 istam
200 1446 296 1505 valide
316 1446 446 1505 retundit
463 1446 609 1505 Dominus
628 1445 658 1504 in
679 1444 798 1504 bistoria
817 1444 873 1503 lob
894 1450 958 1518 (11,
969 1446 1025 1519 1.),
1046 1442 1076 1501 in
1117 1442 1141 1502 is
1160 1460 1227 1501 rer-

98 1524 159 1585 bio:
178 1523 276 1599 „Quis
294 1519 445 1603 praeuenit
462 1541 521 1595 me,
540 1534 571 1580 et
590 1521 748 1581 retribuam
765 1521 810 1580 ei?
831 1522 926 1579 omnia
947 1519 1024 1578 enirn
1042 1536 1108 1577 mea
1128 1521 1227 1578 suot.“

100 1601 197 1675 Quam
216 1598 389 1660 senteutiam
410 1598 553 1677 explicans
572 1596 678 1657 Paulus
697 1618 733 1657 eo
754 1596 871 1656 confert
890 1596 990 1673 (Rom.
1009 1602 1059 1667 tt,
1078 1596 1161 1671 db),
1187 1612 1226 1653 oe

97 1688 231 1757 putemus
256 1696 310 1735 nos
335 1673 443 1752 aliquid
463 1674 498 1734 ad
516 1673 679 1733 Dominum
698 1674 806 1733 afferre
831 1684 947 1751 praeter
972 1691 1079 1731 meram
1105 1668 1228 1751 inopiae
1260 1724 1263 1729 .

99 1763 129 1813 et
141 1752 289 1813 vacuitatis
309 1750 510 1831 ignominiam.
551 1752 651 1825 Quare
672 1750 737 1810 ioco
760 1749 962 1841 supracitato,
982 1758 1014 1808 ιιι
1034 1745 1146 1827 probet
1163 1744 1226 1807 seia

99 1830 160 1889 eius
180 1828 289 1923 gratia,
313 1847 374 1886 non
395 1826 548 1905 operibus,
568 1828 597 1885 in
618 1846 699 1905 spent
718 1824 817 1885 salutas
837 1846 891 1884 nos
911 1823 1092 1903 peruenisse,
1119 1822 1225 1905 aiiegat

100 1925 155 1966 nos
189 1905 266 1965 tilius
297 1921 359 1963 esse
385 1914 544 1975 creaturas,
564 1903 701 1981 quoniam
721 1900 909 1994 „regenerati
928 1922 1024 1959 sumus
1049 1900 1080 1959 iu
1103 1898 1223 1960 Christo

97 1982 166 2042 Iesu
184 1980 220 2041 ad
240 1980 349 2040 bonao
373 1998 516 2057 era,quae
532 1980 715 2059 praeparavit
734 1990 766 2037 ut
786 2000 816 2037 m
836 1977 892 2037 iilis
911 1976 1114 2037 ambulemus*
1132 1974 1223 2057 (epte

97 2060 219 2133 2,1θ.).
256 2054 325 2115 Arsi
345 1999 472 2125 diceret,
504 2054 579 2129 Quis
604 2066 737 2115 nostrum
763 2055 850 2115 iactet
873 2073 974 2113 sesua
999 2052 1107 2112 iustitia
1127 2054 1222 2113 Deam

98 2153 288 2215 provocasse,
336 2152 403 2190 uum
423 2132 515 2211 prima
535 2142 634 2191 nostra
654 2131 689 2189 ad
710 2130 786 2189 bene
805 2130 949 2212 agendum
970 2128 1103 2209 potentia
1116 2144 1224 2200 ease-

98 2209 292 2293 generatiooe
311 2152 402 2267 iiuat?
442 2208 482 2265 Ut
502 2208 579 2266 enim
599 2220 700 2267 natura
713 2208 824 2267 conditi
843 2228 950 2280 sumus,
970 2206 1053 2265 citius
1075 2224 1108 2263 ex
1129 2204 1157 2265 ia
1179 2204 1224 2267 ide

99 2285 197 2347 oleum
217 2304 303 2363 quam
323 2302 357 2342 ex
382 2283 467 2343 nobis
493 2304 567 2363 opus
592 2283 702 2343 bonurn
724 2286 916 2365 exprimetur.
959 2281 1065 2341 Mirum
1087 2217 1223 2363 proficio

99 2362 123 2422 si
143 2360 249 2431 bomo,
272 2370 372 2418 tautae
392 2359 570 2441 ignominiae
591 2359 755 2432 damnatus,
784 2360 872 2419 audet
891 2358 946 2417 sibi
966 2357 1060 2417 adbuc
1080 2358 1223 2439 reliquum

100 2436 207 2516 aliquid
236 2436 341 2495 iacere.
378 2435 532 2496 Fateamur
561 2455 632 2517 ergo
664 2456 729 2495 cum
772 2434 911 2496 rraeclaro
941 2434 996 2494 isto
1022 2434 1079 2495 Dei
1108 2454 1222 2529 organo

99 2510 355 2593 (11.Ttm.1‚s.
389 2511 450 2570 Tit.
469 2517 502 2587 3,
522 2512 580 2587 1.),
619 2531 673 2571 nos
704 2532 721 2570 a
752 2458 884 2571 lionrino
914 2522 1036 2571 uocatos
1066 2524 1223 2573 vocatione

99 2600 212 2662 sancta,
232 2608 293 2646 uou
312 2587 471 2647 secundum
491 2609 581 2679 opera
602 2600 716 2661 uestra,
739 2588 789 2647 scd
808 2586 966 2647 secuudum
985 2588 1173 2667 propositum
1192 2606 1223 2647 ae

99 2666 218 2747 gratiam
239 2665 314 2723 eius:
339 2685 372 2723 uc
400 2664 609 2745 benignitatem
629 2663 876 2743 dilectionemque
901 2682 970 2743 erga
992 2683 1045 2722 nos
1066 2663 1223 2725 Salvatoria

99 2741 192 2801 nostri
212 2740 271 2800 Dei
289 2741 466 2821 apparuisse:
496 2740 562 2821 quia
582 2761 642 2799 non
664 2762 698 2798 ex
718 2740 856 2820 operibus
877 2740 1002 2799 iustitiae
1023 2760 1098 2819 quae
1117 2742 1223 2801 feceri·

99 2840 162 2878 mus
181 2838 252 2889 nos,
277 2818 328 2875 sed
352 2818 511 2877 secundum
535 2838 614 2876 suam
640 2816 866 2875 misericordiam
887 2816 980 2877 seiros
1000 2837 1054 2875 nos
1075 2816 1163 2877 iecita
1193 2828 1223 2876 ut

99 2893 243 2953 iustibeati
263 2892 338 2953 iilius
358 2892 460 2973 gratia,
481 2893 619 2953 haeredes
639 2892 824 2953 efficeremur
842 2892 917 2953 vitae
937 2905 1081 2952 aeternae.
1101 2926 1140 2939 -
1162 2892 1223 2953 Hae

98 2970 298 3041 confessione,
323 2969 404 3028 omni
423 2969 531 3029 iustitia
551 2968 696 3049 usquead
718 2970 864 3028 minimam
884 2968 1053 3049 particulam
1075 2969 1223 3029 bominem

97 3044 264 3125 spoliamus,
284 3046 380 3105 donec
397 3045 459 3105 sola
478 3045 676 3105 misericordia
696 3046 725 3103 in
745 3066 825 3125 spem
845 3046 923 3103 ritae
942 3056 1080 3105 aeternae
1099 3064 1223 3127 regene-

98 3132 175 3180 ratus
196 3120 299 3181 suerit:
321 3121 449 3201 quando,
468 3121 491 3179 si
512 3121 619 3201 aliquid
632 3142 755 3202 operum
776 3122 882 3181 iustitia
898 3122 933 3180 ad
954 3143 1007 3181 nos
1026 3120 1224 3181 iustificandos

99 3196 232 3269 confert,
261 3197 331 3257 iaiso
357 3198 479 3257 dicimur
503 3198 596 3277 gratia
619 3198 776 3258 iustificari.
826 3202 893 3257 Nou
915 3198 1061 3257 exciderat
1079 3216 1151 3257 saue
1169 3196 1225 3258 sibi

98 3272 257 3352 Apostolus
284 3296 373 3353 quum
396 3274 552 3354 gratuitam
576 3276 696 3333 asseruit
725 3274 973 3348 iustificatiouem,
997 3276 1045 3365 qui
1071 3274 1130 3333 aiio
1155 3272 1223 3335 ioco

97 3350 1038 3506 iiiii'iiiii¹¹‘i1gii'msi²i¹¹ni¹⁰2¹ini³ieiiiimbdieii?
1059 3370 1156 3505 iiiii
1171 3370 1224 3487 :t

119 3510 148 3559 at
166 3520 197 3559 se
217 3503 331 3559 senisse
351 3469 386 3559 aid
407 3504 553 3562 vocandos
573 3503 679 3577 iustos,
697 3503 747 3562 sed
767 3514 936 3583 peccatores
955 3469 1074 3579 (stitit.
1093 3510 1124 3576 9,
1144 3500 1224 3581 mi

97 3518 131 3635 bi
150 3577 205 3635 soli
233 3588 402 3693 peqcatores
426 3578 633 3654 admittuntur,
661 3579 729 3659 quid
754 3599 808 3659 per
831 3578 945 3639 fictitias
969 3578 1089 3639 iustitias
1112 3578 1224 3639 aditum

118 3672 282 3713 uaeramus.

97 3674 116 3733 q
173 3734 202 3793 6.
241 3728 329 3788 Redit
358 3728 458 3790 eadem
486 3730 558 3790 mibi
588 3730 710 3791 subinde
729 3731 887 3813 cogitatio,
912 3730 1073 3811 periculum
1098 3751 1163 3791 esre
1186 3750 1226 3791 oe

99 3803 157 3863 Dei
174 3804 390 3865 misericordiae
409 3806 462 3865 sim
482 3806 613 3878 iniurius,
634 3809 683 3887 qui
701 3820 779 3868 tauta
799 3806 943 3867 anxietate
964 3809 995 3865 in
1016 3828 1049 3868 ea
1068 3808 1223 3869 asserenda

100 3879 242 3955 laborem,
282 3880 382 3941 eriude
401 3882 459 3941 acsi
480 3882 567 3943 dubia
587 3883 746 3943 obscurare
766 3884 853 3944 soret.
892 3884 951 3941 Sed
964 3883 1104 3963 quoniam
1123 3904 1159 3945 ea
1178 3895 1222 3943 ert

99 3968 198 4016 nostra
216 3978 261 4015 ma
276 3958 389 4037 ignitas,
409 3978 483 4036 quae
502 3980 648 4038 autequam
670 3961 725 4018 nisi
738 3960 910 4019 vaiidissime
929 3959 1058 4039 depuisa,
1078 3960 1223 4021 concedat

99 4030 166 4089 Deo
187 4032 266 4111 quod
286 4054 368 4091 suum
388 4046 448 4105 est,
474 4055 568 4115 cogor
586 4036 674 4115 paulo
694 4036 809 4117 longius
829 4036 971 4095 insistere.
1022 4036 1102 4110 Quia
1120 4047 1221 4097 tamen

97 4108 166 4167 satis
184 4109 335 4187 perspicua
361 4120 405 4168 est
427 4110 457 4168 in
484 4109 536 4169 bac
560 4133 592 4169 re
614 4112 779 4201 Scriptura,
809 4113 870 4171 cius
897 4114 994 4193 potius
1017 4112 1114 4172 verbis
1134 4134 1222 4191 qnam

97 4182 168 4241 meis
187 4184 333 4265 pugnabo.
375 4185 495 4259 lesaias,
525 4186 576 4245 ubi
600 4188 751 4266 deserrpsit
777 4190 938 4249 rrrrisersale
960 4189 1079 4265 generis
1102 4188 1222 4250 bomani

95 4258 229 4347 exitium,
247 4260 346 4339 puiere
366 4260 500 4321 ordinem
520 4264 709 4323 restitutionis
727 4264 853 4324 subtexit
871 4266 948 4344 (cap.
968 4270 1017 4337 ἀι),
1036 4272 1082 4329 15.
1095 4277 1125 4324 et
1144 4270 1222 4355 aet:

95 4332 199 4407 „Vadit
217 4333 376 4411 Dominus,
395 4349 424 4397 et
444 4336 550 4399 malum
575 4341 709 4417 apparuit
732 4342 763 4399 in
784 4342 876 4401 erulis
896 4342 965 4401 eius.
1004 4342 1044 4399 Et
1062 4342 1133 4404 ridit
1154 4362 1223 4420 qrrra
