2596 4726
324 164 694 250 mmmm
1023 191 1082 255 m

51 335 71 397 7.
109 329 220 392 Verum
239 352 329 412 quum
354 331 508 412 primatum
533 330 605 393 iude
624 342 655 393 et
676 351 820 395 summam
842 330 874 393 in
897 331 968 394 aliae
987 330 1084 394 eecle-

51 418 196 468 stestatem
219 409 247 469 ei
265 421 396 469 astruere
415 408 519 470 volunt
537 408 633 470 nostri
641 407 810 485 adversarii,
829 407 915 470 nimis
927 429 1083 490 perperam
1128 454 1137 461 -

51 485 87 560 ri)
109 485 224 544 faciunt,
266 486 356 560 Quod
376 496 410 543 ut
429 485 529 546 melius
547 497 674 562 constet,
692 486 819 566 primurn
839 485 1083 561 breviterosten-

51 560 105 639 prid
128 561 162 618 dc
184 561 247 635 hac,
289 583 353 620 uam
366 573 522 642 tantopere
540 574 659 643 urgent,
679 561 792 623 unitate
804 563 950 623 senserint
959 574 1082 624 veteres.

51 659 196 718 unymus
221 639 256 696 atl
306 637 490 718 epotianum,
518 650 671 731 postquam
695 638 785 698 multa
810 638 927 699 unitatis
952 637 1083 729 exempla

54 714 111 787 uit,
137 714 287 774 deseendit
304 716 424 774 tandem
443 716 478 774 ad
503 713 728 787 ecclesiasticam
755 714 953 776 hierarchiam.
991 715 1084 789 „Stu-

68 791 177 869 inquit,
199 792 383 851 eeclesiarum
405 791 549 927 episcopi,
569 791 676 873 singuli
696 792 958 884 archipresbyteri,
977 788 1084 874 singuli
1120 832 1123 837 -

52 867 178 941 diaconi,
198 881 228 927 et
247 869 343 929 omnis
363 869 437 928 ordo
459 888 509 928 ecc
523 869 668 928 esiasticus
686 868 743 928 suis
764 870 928 929 rectoribus
947 868 1100 929 nititur.“·

51 945 158 1023 *quitur
176 944 324 1004 Romanus
345 945 514 1026 presbyter,
543 945 684 1004 unitatem
711 944 742 1003 in
762 945 866 1006 ordine
886 944 1084 1006 ecclesiastico

51 1019 150 1079 sudat:
175 1043 227 1081 cur
246 1042 306 1080 non
328 1032 555 1095 commemorat,
576 1042 641 1081 uno
662 1043 693 1082 ca
716 1022 773 1094 ite,
797 1032 936 1101 tanquam
955 1019 1084 1093 viuculo,

51 1119 54 1152 ι
74 1097 153 1155 inter
170 1117 202 1157 se
222 1096 358 1157 ecclesias
370 1117 431 1158 esse
452 1097 621 1178 colligatas?
660 1042 741 1158 Nihil
761 1097 918 1177 eratquod
933 1095 1086 1179 vpraesenti

51 1194 118 1231 :rua
142 1175 318 1234 inserviret:
339 1195 394 1234 nec
414 1174 471 1234 diei
492 1187 591 1254 potest
602 1173 751 1236 oblivione
771 1176 880 1235 factum
900 1178 1086 1254 ut.praeter'·

61 1192 138 1309 nihil
158 1250 234 1309 enim
256 1251 371 1310 lecisset
389 1250 527 1314 libentius
546 1250 569 1309 si
591 1271 636 1311 res
656 1272 737 1330 passa
759 1262 843 1313 esset.
885 1250 967 1310 Vidit
985 1250 1085 1331 itaque

51 1325 57 1383 l
77 1327 184 1400 dubio,
209 1327 286 1386 illam
307 1348 369 1387 esse
388 1347 488 1387 reram
509 1327 629 1388 unitatis
647 1331 792 1390 rationem
812 1348 899 1406 quam
914 1327 1086 1420 Cyprianus
1107 1380 1110 1385 .

51 1404 127 1462 rime
147 1404 286 1464 describit
311 1403 353 1463 his
377 1402 473 1464 verbis
499 1402 551 1480 (de
574 1404 696 1483 simplic,
715 1404 867 1485 praelat):
900 1398 1087 1485 „Episcopa-

51 1501 121 1540 uuus
146 1492 203 1556 est,
235 1480 315 1542 cuius
341 1500 357 1540 a
381 1478 502 1562 singulis
528 1481 558 1539 iu
582 1480 707 1547 solidum
733 1491 957 1562 pars„teueturs
982 1493 1013 1541 et
1037 1498 1087 1541 cc·¹

51 1577 62 1614 a
89 1577 146 1616 una
172 1569 230 1633 est,
256 1576 329 1636 quae
355 1557 384 1616 in
411 1556 597 1617 multitudiue
616 1558 701 1620 latius
720 1558 906 1619 incremento
932 1554 1088 1625 foecundi·

51 1633 225 1695 extenditur.
265 1632 437 1708 Quomodo
452 1633 536 1693 multi
556 1634 630 1694 radii
646 1645 715 1697 suut
728 1633 809 1706 solis,
828 1645 860 1693 et
870 1632 971 1699 lumen
980 1652 1087 1697 unum:

55 1710 93 1768 nti
113 1710 226 1770 arboris
251 1709 351 1784 multi,
377 1710 584 1771 roborantem
604 1732 710 1784 uuum,
739 1709 1088 1771 radice-tenaciiunda-

76 1797 106 1844 et
125 1808 184 1866 quo
205 1788 296 1847 modo
317 1787 457 1847 de-loute
478 1806 538 1846 nuo
559 1786 613 1848 rivi
633 1786 749 1878 plurimi
769 1785 915 1860 defluunt,
932 1797 965 1846 et
983 1805 1089 1845 numae·

51 1884 77 1922 ss
102 1862 172 1923 licet
198 1862 303 1924 diflusa
327 1864 459 1923 videatur
485 1863 656 1924 exundantis
682 1865 785 1944 copiae
809 1862 961 1945 largitate,
991 1861 1087 1922 unitas

53 1959 72 1997 n
96 1952 226 1999 servatur
251 1940 365 2021 integra
390 1940 419 1998 iu
441 1939 572 2020 origine:
603 1939 644 2002 sic
675 1951 706 2000 ct
731 1938 854 2007 ecelesia
872 1939 996 2002 Domini
1013 1937 1088 1998 ⁴lnce
1151 1980 1157 1989 -

51 2037 91 2075 asa
111 2036 164 2095 per
185 2028 280 2076 totum
300 2017 403 2076 orbem
423 2016 522 2076 radios
541 2035 610 2077 suos
635 2017 779 2100 porrigit,
809 2037 900 2077 unum
924 2027 1021 2076 tarnen
1042 2014 1089 2081 lus

76 2105 129 2169 est,
168 2094 248 2172 quod
286 2094 396 2173 ubique
435 2092 625 2169 diffunditur,
664 2113 720 2154 nec
749 2093 844 2153 unitas
875 2093 1011 2172 corporis
1039 2111 1088 2153 se·

51 2190 106 2229 tur:
133 2191 229 2230 ramos
254 2191 323 2230 suos
349 2189 403 2249 per
427 2171 592 2231 universum
612 2168 718 2230 orbem
737 2168 883 2244 extendit,
903 2169 1089 2249 perfluentes

51 2259 98 2305 tur
118 2248 209 2307 rivos:
231 2268 321 2306 unum
340 2259 437 2306 tamen
452 2256 539 2326 caput
558 2259 603 2307 est
621 2258 652 2306 st
671 2247 854 2328 uuaorigo“‘
870 2257 925 2307 etc.
955 2244 1090 2306 Deindea

51 2324 144 2382 ,terari
164 2344 225 2382 nou
246 2334 346 2402 potest
362 2343 469 2403 sponsa
490 2321 614 2384 Christi:
635 2344 723 2383 uuam
744 2323 864 2384 domurn
884 2322 984 2395 norit,
1002 2322 1089 2398 unius

51 2398 103 2463 :uli
114 2401 296 2460 sanctitatem
309 2411 389 2459 casto
410 2400 523 2480 pudore
534 2399 694 2460 custodit“
714 2399 804 2460 Vides
824 2412 858 2461 ut
871 2398 983 2461 Christi
1002 2398 1089 2461 nnius

51 2489 155 2557 »patum
176 2476 365 2536 universalem
385 2475 481 2550 saciat,
501 2477 550 2556 qui
569 2487 660 2537 totam
681 2476 786 2538 subse
806 2475 956 2537 ecclesiam
977 2474 1088 2555 capiat:

51 2566 148 2634 partes
168 2552 332 2613 insolidum
345 2553 382 2613 ab
403 2554 539 2614 omnibus
558 2553 655 2612 teneri
674 2553 821 2633 dicacgui
836 2552 894 2620 ,suh
916 2552 972 2612 hoc
992 2551 1104 2685 capite>

51 2642 125 2710 »patu
137 2630 307 2710 funguutur.
347 2629 406 2687 Ubi
426 2631 566 2708 primatus
584 2631 660 2690 sedis
674 2630 834 2704 Romanae,
852 2631 877 2690 si
896 2628 1026 2709 penesC
1049 2626 1090 2685 ri·
1117 2652 1119 2657 >

51 2706 146 2774 solum
166 2708 282 2787 integer
302 2706 410 2766 residet
430 2707 623 2786 episcopatus,
642 2727 659 2765 a
678 2706 798 2796 singulis
819 2728 885 2784 pars
907 2704 969 2764 eius
989 2704 1019 2762 iu
1040 2723 1090 2763 ro·

77 2785 212 2843 tenetur?
262 2784 343 2841 llaec
369 2801 405 2842 eo
437 2785 587 2862 pertinent
618 2793 651 2840 ut
681 2782 780 2842 obrter
809 2780 955 2861 intelligat
984 2779 1090 2854 lector,

52 2859 174 2933 alliud,
195 2860 274 2938 quod
294 2859 494 2920 llomauenses
515 2879 569 2938 pro
590 2859 726 2919 confesso
753 2869 783 2918 et
807 2857 932 2919 indubio
961 2867 1091 2931 sumunt,

51 2939 131 2996 ritate
156 2936 267 2996 terreni
287 2935 389 3014 capitis
414 2934 445 2994 in
465 2933 643 3012 hierarchia,
674 2933 821 2996 veteribus
850 2932 940 2996 luisse
970 2953 1115 3014 prorsus·

51 3035 101 3076 rm.

1090 3136 1094 3165 l

331 3288 594 3405 canor
644 3334 728 3423 vn,

51 3526 192 3589 exordio
220 3536 254 3585 et
279 3527 515 3588 incrementis
540 3526 694 3589 Romani
714 3525 889 3607 Papatus,
914 3525 1030 3587 donec
1055 3544 1092 3587 ee

51 3644 127 3682 rane
148 3620 385 3682 altitudinem
407 3620 557 3695 extulit,
577 3642 642 3701 qua
663 3632 697 3680 et
717 3619 900 3709 ecclesiae
920 3619 1074 3682 libertas

95 3736 286 3796 oppressa,
313 3727 349 3774 et
367 3716 483 3775 omnis
507 3714 712 3776 moderatio
734 3736 859 3777 eversa
879 3715 958 3774 luit.

52 3908 119 3947 artes
146 3894 223 3946 huius
250 3892 348 3962 Capitis
375 3892 500 3962 quinque:
536 3892 566 3961 1)
588 3890 779 3946 Patriarcbatus
806 3912 822 3944 a
847 3892 949 3966 syuodo
970 3890 1096 3956 Nicaeam,

51 3977 282 4031 tClroleedoucnsi
301 3975 422 4030 Romano
441 3977 572 4047 Episcopo
595 3977 705 4031 tributus
727 3998 757 4030 ac
780 3978 961 4041 confirmatus,
986 3975 1095 4030 minime
1115 4034 1124 4053 .
1206 4024 1213 4037 ,

64 4066 192 4134 probatus
211 4084 225 4114 a
244 4061 348 4115 cacteris
372 4061 512 4131 episcopis,
538 4063 587 4116 fuit
608 4077 717 4134 papatus
738 4063 854 4125 initium,
880 4063 1045 4116 sect-1-d.
1060 4092 1094 4104 -

54 4147 114 4201 inde
134 4148 251 4201 Romana
276 4145 380 4199 ccclesia
398 4147 455 4216 pios
473 4148 582 4209 exsules,
603 4148 724 4218 praesidii
744 4166 835 4208 causa,
856 4144 951 4216 impios
968 4147 1044 4201 etiam
1062 4167 1096 4201 cn

51 4234 141 4298 pientes
157 4232 252 4285 iniusto
270 4232 417 4300 patrocinio
442 4232 546 4295 fovens,
566 4231 705 4302 iniquitatis
726 4232 847 4305 mysterio
863 4232 936 4285 dedit
950 4233 1097 4288 incremen-

62 4319 162 4371 tamctsi
184 4332 246 4371 tuuc
268 4335 354 4386 nequa
371 4317 502 4371 ordinatio
526 4316 726 4388 cpiscoporum,
748 4336 835 4388 usque
849 4317 1041 4375 admonitiones
1057 4321 1098 4375 sal

129 4532 134 4562 ¹
457 4578 461 4591 Ι
743 4505 746 4509 ’
820 4534 833 4571 t
