2700 4732
382 301 400 315 ,
494 240 867 308 menonem
1198 251 1258 317 mn
1330 256 1338 303 ι

114 390 250 474 episcopi
268 409 302 451 se
320 410 337 452 a
355 389 519 452 Romanum
532 387 710 450 Pontificem
728 388 819 473 magis
839 387 1040 449 adiunxeruut.
1077 388 1124 450 Eo
1145 389 1254 453 laetum

85 476 179 546 ἐκ,
208 482 242 529 ut
261 467 336 528 sedis
360 488 422 527 non
442 467 532 526 modo
554 466 696 548 dignitas,
726 467 776 527 sed
797 466 883 526 etiam
910 467 1043 544 potentia
1062 466 1254 529 vehementer

114 557 272 608 cresceret.
313 544 489 624 Quanquam
508 564 568 603 non
581 544 655 603 adeo
666 564 778 618 moror,
791 544 897 623 quibus
910 541 1074 602 rationibus
1094 543 1123 602 id
1142 543 1252 617 iactum

115 623 165 684 sit.
204 623 348 682 Maiorem
368 633 448 680 certe
467 631 540 681 tunc
560 620 648 680 suisse
668 630 878 698 constatquam
901 619 1101 698 superioribus
1121 620 1250 682 saeculis.

113 700 157 760 Et
175 708 273 758 umen
293 697 415 757 multum
436 698 570 770 interest,
593 697 663 776 quin
684 696 774 755 suerit
794 695 916 755 effrenis
937 695 1117 773 dominatio,
1139 709 1171 757 ut
1197 698 1252 756 im·

140 795 223 835 erare
242 796 317 834 unus
337 774 398 834 aliis
419 795 472 852 pro
493 795 542 834 sua
564 771 686 833 libidine
706 772 846 852 potuerit.
885 773 944 830 Sed
965 771 1038 832 banc
1058 775 1252 834 reverentiam
1279 775 1285 793 ⁸

114 796 245 913 babebat
263 851 498 923 sedesllomana,
519 863 551 909 ut
569 849 722 927 improbos
743 860 772 908 et
791 859 989 918 contumaces,
1008 849 1056 928 qui
1077 870 1093 908 a
1112 850 1170 909 suis
1190 850 1253 910 col·

114 927 190 1019 legis
210 930 239 988 in
261 927 361 987 officio
383 927 528 986 contineri
549 948 609 986 nnn
652 937 778 1000 nteraut,
798 947 848 985 sua
868 926 1040 984 auctoritate
1051 939 1253 1005 compesceret
1272 996 1275 1001 ¹

115 1025 153 1066 ac
173 1005 359 1084 reprimeret:
379 1002 522 1082 siquidem
544 1003 600 1062 boc
621 948 779 1082 diligenter
797 1001 921 1061 subinde
942 1013 1065 1060 testatur
1085 1000 1252 1084 Gregorius
1331 1048 1336 1057 ,

114 1081 184 1161 (lib.
203 1089 231 1145 ⁶2.
253 1101 298 1159 ep.
318 1078 395 1154 68),
418 1100 449 1139 se
469 1100 531 1138 non
563 1078 658 1138 minus
683 1078 810 1137 fideliter
833 1097 949 1138 servare
974 1078 1037 1137 aliis
1056 1068 1158 1139 edrum
1178 1081 1252 1156 iura,

116 1178 205 1239 quam
226 1155 262 1216 ab
284 1156 342 1216 illis
360 1156 421 1234 ipse
440 1177 490 1215 sua
509 1157 647 1234 requirat.
681 1154 770 1228 „Nec
790 1154 858 1227 ulli,
878 1154 990 1232 inquit,
1016 1155 1095 1233 quod
1116 1156 1158 1214 sui
1179 1156 1250 1218 iuris

115 1245 196 1312 ‚‚est,
215 1232 324 1293 ambitu
337 1231 503 1292 stimulante
517 1232 645 1313 derogo:
665 1232 716 1291 sed
738 1232 841 1290 iratres
860 1241 942 1291 meos
962 1251 1016 1310 per
1036 1232 1132 1291 omnia
1152 1232 1250 1293 hono·
1322 1252 1329 1265 ¹

115 1328 205 1387 ,‚rare
224 1309 344 1389 cupio.“
380 1308 467 1368 Nulla
490 1319 534 1367 est
552 1330 607 1368 vor
628 1309 657 1367 iu
679 1308 740 1372 eius
759 1307 891 1398 scriptis,
912 1329 968 1386 qua
988 1307 1142 1387 superbius
1160 1310 1251 1370 iactet

114 1387 257 1468 primatus
277 1385 322 1462 sui
340 1383 562 1464 amplitudinem
582 1406 667 1464 quam
694 1385 748 1444 ista
768 1388 870 1464 (epist.
891 1384 945 1442 ult.
965 1384 1016 1443 lib.
1034 1388 1093 1459 2.):
1118 1386 1249 1459 „Nescio

114 1464 204 1543 „quis
225 1464 377 1542 episcopus
398 1482 458 1520 nnn
484 1459 632 1534 subiectus
656 1461 695 1528 sit
719 1461 780 1521 sedi
800 1460 1006 1542 Apostolicae,
1038 1461 1089 1520 ubi
1114 1462 1145 1520 in
1166 1462 1212 1522 cul
1235 1481 1251 1522 e

114 1539 316 1617 „iuvenitur.“
365 1537 517 1598 Continuo
550 1549 648 1596 tamen
674 1536 823 1618 subiungit
848 1535 913 1614 (lib.
933 1543 962 1601 7.
988 1557 1004 1595 e
1027 1580 1034 1595 .
1054 1539 1131 1614 64.)ι
1167 1483 1252 1612 „Ubi

113 1615 303 1728 „culpaunon
323 1614 436 1706 exigit,
450 1634 552 1706 omnes
575 1614 735 1705 secondum
761 1615 902 1704 rationem
928 1554 1097 1674 humilitatis
1116 1615 1252 1705 aequales

81 1703 228 1828 elle
247 1691 395 1840 alell}
414 1691 479 1826 {liz
494 1712 537 1826 2¹2⁸
550 1692 1252 1846 llls‘lllflllallitlllzs'allll

113 1843 172 1908 sibi
195 1844 314 1916 tribuit,
344 1844 577 1904 assentiebantur
606 1856 702 1902 autern
729 1845 778 1923 qui
803 1843 956 1902 volebant:
976 1842 1038 1902 aliis
1063 1855 1159 1903 autem
1180 1845 1252 1937 qui·

111 1920 171 1983 bus
191 1920 422 2001 conplacebat,
454 1919 560 1980 licebat
585 1921 705 1999 impune
733 1919 903 1979 reclamare:
933 1920 1013 1998 quod
1042 1919 1144 1980 secisse
1164 1933 1251 1981 ettam

112 1997 275 2079 plerosque
295 2009 396 2056 notum
419 2009 470 2056 est.
515 1995 600 2055 Adde
621 1997 699 2075 quod
726 1995 785 2065 illic
806 1997 842 2055 de
884 1997 985 2054 rimate
1006 1996 1185 2073 Byzanceno
1205 1997 1251 2081 lo·

113 2075 231 2155 quitur:
256 2076 306 2153 qui
327 2095 414 2164 quum
443 2085 518 2133 esset
542 2093 557 2130 a
584 2073 756 2151 provinciali
780 2017 899 2150 syuodo
926 2072 1091 2146 damnatus,
1115 2073 1252 2155 repudia·-

110 2161 197 2214 verat
216 2162 312 2209 totum
332 2150 481 2209 iudicium.
534 2150 618 2209 llnnc
645 2149 770 2208 bominis
791 2150 1004 2209 contumaciam
1029 2148 1253 2230 ad'lmperato·
1314 2196 1317 2201 Δ

110 2226 177 2289 rer‘u
203 2227 369 2286 detulerant
395 2227 456 2285 eius
483 2225 624 2306 collegae.
671 2226 836 2305 Imperator
856 2225 1037 2306 Gregoriurn
1064 2229 1251 2307 cognitorem

112 2322 179 2365 esse
198 2301 341 2364 voluerat.
380 2303 518 2361 Videmus
540 2323 613 2382 ergo
638 2322 703 2360 eum
725 2322 779 2361 nec
799 2313 914 2361 tentare
933 2302 1058 2380 aliquid,
1079 2325 1138 2382 quo
1160 2304 1252 2367 violet

110 2379 292 2442 ordinariam
305 2379 546 2453 iurisdictionem,
567 2391 596 2437 et
611 2379 640 2437 id
654 2379 746 2458 ipsum
760 2378 840 2458 quod
852 2378 929 2457 lacit,
944 2391 976 2438 ut
988 2379 1050 2440 aliis
1060 2381 1098 2440 sit
1108 2379 1251 2460 subsidio,

109 2456 234 2519 nonnisi
253 2456 391 2516 mundato
412 2455 602 2534 Imperatoris
622 2443 729 2515 lacer!

191 2539 239 2599 13.
277 2534 360 2592 llaec
380 2533 469 2614 igitur
489 2545 559 2592 tune
579 2543 642 2592 tota
663 2533 719 2592 luit
735 2531 863 2592 Romani
884 2552 900 2591 e
923 2531 1014 2612 iscopi
1033 2545 1175 2614 potestas,
1195 2555 1214 2596 o
1236 2573 1252 2586 ·

110 2630 229 2693 ponere
248 2629 279 2670 se
299 2609 468 2701 praefractis
489 2622 518 2668 ct
538 2609 688 2670 indomitis
708 2610 862 2745 capitibus,
883 2554 933 2668 ubi
946 2610 1175 2671 extraordinario
1196 2556 1252 2672 ab·

113 2702 177 2766 quo
200 2688 333 2747 remedio
360 2707 433 2767 opns
459 2696 534 2744 erat:
559 2687 587 2744 id
611 2708 648 2745 ue
668 2697 734 2746 uta
758 2689 871 2746 iuraret
895 2685 966 2744 alios
988 2686 1160 2766 episcopos,
1188 2709 1250 2749 uon

113 2763 281 2843 impediret.
326 2763 430 2842 Itaque
454 2761 546 2822 nihilo
572 2707 627 2821 sibi
654 2762 717 2842 plus
748 2765 778 2821 in
805 2763 877 2821 alios
898 2766 985 2820 sumit
1005 2784 1092 2841 quam
1112 2764 1250 2826 omuibus

113 2840 147 2899 in
168 2857 199 2898 se
219 2839 286 2899 alibi
305 2840 453 2913 concedit,
475 2860 563 2918 quum
585 2839 693 2898 latetur
712 2860 743 2898 se
764 2850 895 2918 paratum
916 2837 952 2896 ab
974 2840 1110 2900 omnibus
1130 2841 1251 2923 corrigi,

113 2913 152 2976 ab
174 2914 309 2976 omnibus
329 2915 478 2975 emendari
504 2914 569 2992 (lib.
589 2921 616 2978 2.
638 2934 684 2993 ep.
703 2917 777 2993 37.).
824 2914 874 2975 Sic
899 2912 970 2973 elibi
990 2921 1052 2994 (ep.
1072 2918 1135 2993 16.)
1155 2916 1252 2997 Aqui.

110 2990 254 3052 leieusem
275 2992 443 3072 episcopum
464 2991 546 3051 iubet
559 2990 675 3070 quidem
689 2993 812 3051 Romam
824 2991 938 3066 venire,
958 2990 994 3049 ad
1015 3014 1127 3053 causam
1148 2993 1250 3055 dieen-

111 3068 181 3129 dam
205 3068 237 3127 iu
262 3069 462 3129 controversia
483 3068 566 3141 fidei,
587 3087 660 3146 quae
680 3068 871 3147 interipsum
897 3079 927 3126 et
950 3068 1022 3128 alius
1052 3081 1152 3130 exorta
1172 3082 1250 3133 erat:

110 3155 295 3206 nontamen
315 3166 417 3205 ersua
438 3156 582 3225 potestate
603 3144 700 3218 iubet,
726 3145 776 3205 sed
798 3148 864 3223 quia
888 3144 918 3203 id
940 3144 1105 3225 Imperator
1129 3148 1251 3209 mauda-

109 3233 204 3284 verat.
248 3223 354 3302 Neque
380 3242 411 3280 se
435 3223 530 3281 solum
551 3221 675 3281 iudicem
697 3222 762 3282 lore
783 3221 951 3280 denuntiat:
982 3223 1032 3280 sed
1052 3224 1198 3304 synodum
1210 3243 1251 3285 *se

111 3309 284 3359 coacturum
307 3299 461 3378 promittit,
481 3320 565 3377 aqua
585 3298 739 3379 negotium
760 3309 854 3357 totum
876 3297 1030 3358 iudicetur.
1070 3299 1249 3380 Quanquam

111 3384 213 3434 autem
233 3394 266 3435 ea
287 3376 380 3435 adhuc
402 3387 463 3434 erat
481 3375 662 3447 moderatio,
688 3387 719 3433 ut
744 3396 813 3434 suos
838 3386 934 3433 certos
958 3375 1030 3435 fines
1049 3375 1174 3436 baberet
1186 3384 1249 3512 1poss

74 3504 78 3509 ,
109 3460 204 3510 testas
222 3448 371 3512 Romanae
391 3453 484 3526 sedis,
511 3472 583 3531 quos
604 3451 743 3510 excedere
764 3472 825 3509 non
847 3450 965 3524 liceret,
991 3464 1079 3531 atque
1103 3453 1166 3533 ipse
1214 3473 1250 3513 o-

108 3545 216 3591 manus
237 3531 390 3609 episcopus
411 3549 471 3587 non
492 3531 583 3609 magis
603 3539 749 3607 praeesset
768 3526 839 3601 aliis,
860 3549 946 3606 quam
960 3527 1106 3588 subesset:
1127 3539 1250 3608 apparet

107 3614 212 3663 tamen
239 3618 423 3684 quantopere
445 3604 595 3684 Gregorio
617 3603 797 3683 displicuerit
818 3604 961 3662 eiusmodi
982 3617 1080 3664 status.
1113 3605 1249 3666 Subinde
1286 3668 1289 3675 ,

108 3681 191 3738 euim
212 3683 406 3760 conqueritur
426 3682 492 3757 (lib.
505 3689 532 3745 1.
545 3701 589 3759 ep.
602 3682 657 3756 5.),
676 3699 707 3739 se
727 3679 780 3740 sub
802 3679 905 3738 colore
926 3681 1109 3760 episcopatus
1129 3682 1165 3740 ad
1185 3701 1249 3743 sae·

107 3754 210 3816 culum
232 3757 320 3818 luisse
340 3759 506 3817 reductum:
531 3777 561 3816 se
584 3777 620 3815 ue
639 3757 730 3839 magis
750 3755 923 3835 implicitum
945 3776 1007 3817 esse
1026 3757 1102 3817 curis
1113 3760 1250 3834 terrenis,

106 3846 197 3913 quam
219 3833 248 3892 in
259 3835 318 3893 vita
340 3835 410 3894 laica
423 3855 550 3913 unquam
564 3777 679 3893 luisset:
702 3835 795 3968 premi
814 3851 846 3892 te
865 3832 896 3891 in
916 3831 966 3891 illo
988 3833 1103 3894 lrouore
1122 3835 1249 3909 tumultu

106 3909 306 3970 saecularium
327 3911 525 3992 negotiorum.
564 3911 646 3969 Alibi
667 3909 702 3985 (li
727 3917 774 3973 .1.
796 3929 841 3987 ep.
861 3913 888 3973 7.
910 3921 940 3967 et
958 3910 1034 3985 25.):
1055 3909 1171 3985 „Tanta
1190 3931 1249 3987 me,
1310 3948 1317 3967 ι

107 3988 163 4063 ,,ἰιι
188 3986 247 4060 uit,
277 3986 504 4068 occupationum
532 4007 622 4048 onera
654 3986 838 4067 deprimunt,
869 3996 903 4043 ut
927 3986 963 4045 ad
986 4005 1114 4065 superna
1137 3987 1249 4049 animus

107 4007 300 4138 „nullatenus
322 4072 458 4143 erigatur.
509 4062 609 4123 Multis
640 4083 789 4123 causarum
819 4061 957 4123 fluctibus
982 4061 1100 4143 quatior
1126 4073 1156 4121 et
1181 4075 1250 4144 post

108 4136 182 4214 „illa
202 4141 309 4218 quietis
329 4144 403 4209 otia,
437 4139 634 4200 tumultuosae
653 4141 727 4200 vitae
749 4138 970 4229 tempestatibus
990 4138 1126 4220 affligor,
1157 4139 1196 4198 ita
1216 4149 1250 4199 ut

108 4227 216 4290 „recte
237 4217 346 4294 dicam,
377 4217 455 4274 Veni
487 4216 515 4275 iu
543 4215 726 4276 altitudinem
751 4237 853 4289 maris,
885 4226 916 4274 et
935 4228 1090 4295 tempestas
1111 4215 1249 4276 demersit

86 4295 212 4366 „„me.“
251 4293 329 4352 Hinc
350 4292 459 4374 collige
479 4293 549 4384 qqid
568 4293 696 4354 dicturus
717 4293 816 4367 luerit,
835 4293 859 4352 si
882 4293 912 4352 in
932 4292 1003 4352 lraec
1022 4303 1156 4373 tempora
1177 4291 1250 4352 inei·

110 4364 211 4428 disset
252 4369 392 4431 Officium
403 4370 531 4452 Pastoris
551 4367 575 4431 si
594 4391 655 4432 nou
674 4368 820 4451 explebat,
842 4367 1095 4510 iacpebgttameus
1126 4366 1175 4429 Ab
1194 4370 1251 4428 im·
1326 4448 1334 4460 „

906 4470 915 4512 t
