2700 4732
406 240 410 245 .
499 186 578 247 uu.
597 186 638 247 11.
678 186 767 250 cte.
786 186 822 247 X.
912 218 921 251 s
1166 188 1224 253 281

123 342 253 465 men
272 340 304 389 et
322 328 391 389 Deo
410 330 673 413 coniungerentur,
695 342 724 390 et
743 330 970 410 promissionum
991 331 1053 389 eius
1072 341 1226 410 compotes

250 406 294 465 Ex
313 407 422 486 quibus
440 408 614 481 secundum,
664 411 709 469 uia
733 408 864 467 nondum
891 406 970 466 lorte
994 408 1061 467 satis
1086 408 1226 481 innotuit,

67 528 70 537 .
124 496 161 571 sup
181 480 243 542 lucu
275 482 342 543 fuse
371 484 621 544 demonstrabitur
643 428 718 566 ltili.
736 491 764 549 3.
790 504 852 563 cap.
871 484 1032 573 15-18.].
1089 482 1225 543 Plurimis

67 600 72 631 ¹.
124 572 179 617 um
192 576 223 619 tc
241 556 399 620 luculentis
417 560 634 640 Prophetarum
653 560 826 621 testimoniis
844 559 1090 634 confirmabimus,
1110 582 1126 619 a
1145 580 1227 620 mera

67 688 72 715 .·
123 628 186 693 ltine
205 634 341 696 bonitate
365 658 400 697 ac
424 637 606 717 induigentia
632 638 768 717 quicquid
794 657 921 715 unquam
940 636 1086 696 Dominus
1113 637 1224 715 populo

123 708 317 771 nehenelecit
336 734 370 773 ac
391 714 533 793 promisit.
581 714 718 774 Tertium
743 733 861 792 quoque
886 734 951 772 suas
981 712 1085 770 habuit
1103 715 1225 791 sparsim

122 784 312 920 &obscuras
333 790 607 850 demonstrationes.
652 792 697 851 dc
721 810 759 848 ne
783 792 909 870 primum
934 789 1051 869 quidem
1083 789 1224 849 intactum

174 884 272 923 uinus.

67 938 72 965 ¹
159 882 198 1003 qis
232 938 269 999 Iu
289 942 348 1003 hoc
367 961 440 1021 ergo
466 942 636 1021 explicando
662 942 746 1021 (quia
766 942 802 1001 ad
823 962 935 1002 causam
956 952 1141 1023 praesentem
1161 962 1226 1000 ma·

67 1020 71 1049 ²
123 1010 173 1101 tint
188 1018 330 1095 pertinet,
354 1022 441 1079 etde
464 1022 528 1098 ipso
549 1020 614 1109 plus
634 1021 851 1079 controversiae
870 1020 957 1079 nohis
978 1019 1104 1093 iaciunt)
1129 1019 1226 1077 inten-

123 1094 363 1229 ltuttnponemus
375 1116 512 1177 operam:
532 1118 574 1155 sic
586 1107 694 1169 tamen,
715 1107 748 1154 ut
766 1096 789 1155 si
807 1096 876 1175 quid
896 1095 1020 1154 aliorum
1041 1092 1226 1173 explicationi

124 1164 192 1229 illue
226 1184 299 1245 eest,
318 1171 417 1231 obiter
435 1173 606 1243 sufficiatur,
625 1171 670 1231 vel
690 1184 860 1251 opportuno
881 1172 987 1230 deinde
1006 1172 1074 1233 loco
1096 1171 1226 1232 addatur.
1281 1224 1286 1240 ,

122 1238 179 1303 fitne
194 1244 229 1305 de
247 1248 387 1307 omnihus
411 1248 626 1307 dubitationem
647 1248 745 1307 eximit
763 1248 935 1326 Apostolus,
955 1270 1044 1327 qurum
1069 1250 1110 1308 ait
1128 1248 1226 1307 Deum

120 1312 214 1381 Patren
231 1322 440 1405 Evangelium,
459 1325 540 1404 quud
560 1325 596 1383 de
615 1324 693 1383 Filio
713 1345 766 1383 suo
787 1325 945 1383 secundum
967 1336 1081 1403 tempus
1102 1325 1227 1383 destina·

120 1400 164 1457 h!
181 1400 394 1489 promulgavit,
418 1400 507 1481 longe
531 1412 600 1460 ante
624 1421 678 1481 per
698 1399 860 1478 Prophetas
885 1402 915 1459 in
936 1402 1096 1481 Scripturis
1122 1400 1227 1461 sanctis

118 1486 271 1687 espeisse.
321 1476 397 1535 ltem
417 1478 518 1551 (llum.
538 1484 568 1553 1,
588 1483 617 1540 2.
638 1490 668 1536 et
685 1484 716 1551 3,
735 1479 798 1552 tt.)
818 1477 886 1534 fidei
905 1478 1059 1552 iustitiam,
1080 1497 1153 1555 quae
1173 1497 1228 1611 per

196 1552 283 1611 eliam
302 1552 396 1642 ipsum
418 1556 551 1629 docetur,
571 1554 770 1613 testimouivun
792 1552 899 1611 hahere
919 1554 1028 1635 aLege
1048 1566 1078 1612 et
1090 1556 1171 1633 Prup
1195 1573 1227 1613 e-

118 1622 152 1683 ff.
194 1628 370 1705 'vangelaum
394 1630 418 1688 si
440 1630 535 1687 uidem
561 1629 712 1688 hominum
732 1628 820 1688 corda
842 1630 951 1688 nonin
973 1632 1132 1709 praesentis
1151 1631 1227 1689 vitae

116 1694 205 1765 Petilia
227 1704 358 1777 detinet,
388 1652 439 1763 sed
464 1705 498 1764 ad
529 1726 610 1784 spem
635 1704 858 1764 immortalitatis
878 1705 989 1765 evehit:
1021 1727 1081 1765 non
1103 1707 1227 1765 terrenis

117 1774 206 1841 &litiis
223 1780 333 1861 affigit,
359 1782 409 1841 sed
430 1801 511 1861 spem
532 1782 561 1839 in
582 1781 666 1841 coelo
687 1784 845 1860 repositam
866 1778 1041 1842 annuntiatis
1060 1782 1130 1841 illuc
1151 1802 1226 1862 quu-

116 1850 253 1919 dtnnodu
272 1869 463 1937 transportat.
502 1858 552 1916 Sic
573 1859 651 1915 enim
670 1858 741 1916 aliisi
763 1858 866 1916 delinit
883 1858 975 1935 (Eph.
995 1864 1124 1933 1,13.):
1145 1860 1227 1931 „Po-

114 1942 264 2015 „ttenquam
285 1934 446 2016 Evangelio
468 1934 645 2007 credidistis,
669 1933 815 2011 obsignati
836 1935 903 1993 estis
922 1936 1034 2011 Spiritu
1054 1934 1227 2015 promissio-

114 2008 167 2081 „tit
181 2021 292 2084 sanctu,
311 2012 362 2090 qui
383 2024 427 2070 est
445 2010 571 2070 arrhaho
592 2010 776 2069 haereditatis
797 2023 923 2084 nostrae,
943 2012 972 2068 in
993 2012 1227 2091 redemptionem

114 2086 275 2165 „etquisitae
299 2087 521 2167 possessionis.“
571 2086 647 2146 Item
674 2086 757 2162 (Col.
778 2092 812 2160 1,
831 2090 888 2163 4.);
918 2087 1115 2161 „Audivimus
1140 2089 1227 2147 iidem

74 2174 78 2179 '
111 2174 240 2233 „mmm
259 2163 290 2222 iu
313 2164 432 2223 Christo
453 2164 520 2222 Iesu
541 2173 572 2221 et
590 2164 737 2222 caritatem
759 2184 826 2241 erga
846 2176 977 2223 sanctos:
1004 2176 1127 2244 propter
1145 2184 1227 2243 spem

114 2234 203 2313 „vulsit
220 2241 377 2333 repositam
398 2243 428 2299 in
448 2241 547 2309 coelis,
568 2239 604 2298 de
624 2261 679 2318 qua
700 2240 817 2301 audistis
837 2261 891 2319 per
909 2261 1074 2299 sermonem
1095 2261 1228 2301 veracem

116 2310 300 2397 „Euangelufl
336 2318 413 2376 Item
433 2317 489 2390 (li.
509 2317 611 2375 Thess.
630 2322 664 2388 2,
684 2318 760 2392 tt.):
785 2317 929 2390 „Vocavit
948 2338 1002 2374 nos
1023 2337 1077 2397 per
1096 2318 1229 2398 Evange-

67 2414 70 2497 ;
119 2386 549 2529 esuriuntur
572 2392 840 2547 stitutus
865 2392 1228 2531 etl..t⁵·¹..‘.³tt³“·.‘:

1158 2515 1167 2545 i

67 2578 70 2639 p
119 2546 393 2623 amusaeterum
415 2558 600 2624 nuncupatur
612 2544 656 2621 ll).
701 2546 816 2618 Quodsi
836 2545 991 2625 spiritualis
1013 2558 1056 2604 est
1075 2547 1228 2629 Evangelii

122 2614 243 2693 helciae,
262 2636 292 2682 et
312 2624 434 2682 advitae
454 2622 682 2701 incorruptibilis
702 2625 913 2699 possessionem
934 2623 1042 2680 aditum
1064 2626 1168 2702 aperit,
1189 2645 1227 2683 ne

124 2704 304 2775 museus
324 2700 429 2778 quibus
450 2699 621 2777 promissum
642 2719 675 2756 ac
692 2702 892 2760 denuntiatum
914 2699 978 2768 suit,
998 2701 1153 2776 praeterita
1175 2721 1228 2759 ne-

130 2764 252 2855 &deque
275 2778 389 2835 animae
415 2798 498 2847 cura,
530 2775 559 2832 in
590 2777 737 2853 captandis
768 2777 900 2854 corporis
920 2775 1118 2852 voluptatibus
1140 2778 1229 2836 instar

131 2848 241 2921 Nudum
262 2854 457 2930 obstupuisse.
501 2854 563 2910 Nec
584 2851 734 2917 cavilletur
754 2852 800 2911 hic
820 2852 978 2930 quispiam,
1010 2854 1229 2929 promissiones,

67 2988 69 2993 ,
130 2926 323 3010 emutege
351 2940 380 2987 et
400 2928 555 3007 Prophetis
581 2928 617 2984 de
637 2929 798 3009 Evangelio
824 2941 892 2987 sunt
912 2930 1116 3007 consignatae,
1148 2950 1229 2989 novo

67 3008 81 3109 j*
128 3000 213 3129 pilo
239 3028 304 3067 esse
329 3006 493 3064 destinatas.
542 3006 616 3063 Natu
643 3005 731 3083 paulo
763 3018 830 3084 post
854 3026 940 3083 quarn
970 3005 1039 3063 illud
1068 3007 1165 3084 posuit
1192 3006 1230 3065 de

148 3082 259 3161 tangelio
283 3085 315 3142 in
340 3083 422 3161 Lege
451 3081 612 3161 promisso,
643 3081 759 3141 subiicit
783 3101 974 3159 quaecunque
999 3083 1058 3139 Les
1084 3083 1230 3157 continet,

84 3206 87 3211 .
125 3147 208 3217 ileos
224 3162 285 3219 sine
307 3159 398 3216 dubio
419 3160 539 3236 proprie
556 3157 651 3237 dirigi,
671 3160 720 3234 qui
740 3157 792 3217 suh
814 3158 894 3236 Lege
914 3170 991 3216 sunt.
1030 3158 1144 3218 inalio
1166 3160 1230 3239 qui·

84 3269 91 3285 ι
125 3222 177 3295 in
190 3254 219 3293 tr
238 3248 359 3295 umento
381 3236 489 3294 fateor:
510 3233 560 3293 sed
580 3256 640 3291 non
661 3238 734 3293 adeo
755 3247 819 3293 erat
839 3234 1009 3308 obliviosus,
1026 3247 1058 3292 ut
1075 3256 1163 3312 quum
1184 3237 1229 3295 di-

125 3254 299 3389 cundum.
319 3318 354 3385 3,
374 3312 454 3385 tlh),
484 3311 518 3369 ad
539 3310 664 3371 ludaeos
688 3332 756 3369 vere
781 3316 930 3389 pertinere
953 3332 1144 3389 quaecunque
1170 3314 1230 3372 Lex

217 3410 277 3449 non
297 3388 441 3467 cogitaret
461 3387 530 3465 quid
549 3387 648 3462 paucis
668 3401 736 3446 ante
747 3388 877 3447 versibus
897 3387 1068 3446 affirmasset
1087 3389 1122 3447 de
1134 3390 1230 3449 Evan-

74 3510 77 3515 .
122 3458 184 3593 pelio
199 3467 230 3526 in
247 3467 330 3545 Lege
351 3467 504 3544 promisso.
543 3463 706 3523 Glatissime
728 3484 799 3541 ergo
821 3465 1174 3543 demonstratltpostnlus
1193 3467 1230 3526 ad

133 3542 332 3601 utrumnum
354 3541 511 3619 praecipue
536 3552 679 3618 spectasse
699 3541 920 3603 Testamentum
941 3540 1047 3616 Vetus,
1068 3564 1155 3620 quum
1175 3544 1230 3604 suh

67 3630 77 3661 ·'·
122 3628 149 3671 tt
163 3614 225 3679 dicit
243 3617 398 3697 Evangelii
419 3616 626 3695 promissiones
646 3618 800 3677 contineri.

67 3664 76 3762 l
177 3700 205 3757 l.
241 3694 353 3755 Eadem
375 3696 490 3753 ratione
508 3694 641 3772 sequitur
662 3705 691 3751 et
715 3696 839 3773 gratuita
860 3693 917 3751 Dei
938 3692 1136 3753 misericordia
1158 3714 1231 3753 cun-

67 3792 70 3833 t
117 3767 216 3847 tlilitse,
234 3782 266 3831 et
283 3770 394 3830 Christi
414 3771 623 3829 intercessione
644 3770 731 3828 luisse
751 3770 963 3829 confirmatum.
1003 3772 1076 3827 Nam
1096 3773 1231 3829 etEvan·

113 3844 194 3984 miae
212 3847 390 3927 praedicatio
412 3844 486 3904 nihil
512 3846 605 3921 aliud,
625 3868 710 3924 quam
731 3859 850 3924 paterna
871 3847 927 3905 llei
949 3846 1130 3926 indulgentia
1151 3848 1231 3905 iusti-

173 3926 321 4005 'praeter
344 3945 426 3983 suum
452 3922 587 3980 meritum
614 3935 783 4000 peccatores
815 3925 998 4000 pronuntiat:
1031 3936 1061 3981 et
1086 3934 1148 3981 tota
1168 3925 1232 3983 eius

108 4018 207 4061 tunna
226 4005 257 4061 in
269 3999 392 4062 Christo
410 3998 593 4058 terminatur.
634 4000 709 4072 Quis
729 3999 820 4079 igitur
840 4011 971 4079 expertes
985 3999 1094 4059 Christi
1108 4000 1231 4060 ludaeos

146 4082 156 4107 Ι

168 4244 196 4314 ⁸)
210 4250 268 4299 Act.
285 4245 330 4307 13,
344 4244 388 4299 26.
432 4242 507 4295 Rom.
524 4245 555 4303 1,
573 4246 612 4301 16.
656 4244 675 4297 l.
693 4242 755 4296 Cor.
773 4245 803 4305 1.
820 4245 859 4301 18.
904 4242 997 4297 Matth-
1015 4244 1045 4306 3,
1061 4244 1086 4297 2.
1102 4246 1131 4308 d,
1148 4244 1189 4301 l'i.
1206 4258 1233 4297 et

105 4312 166 4369 affl
179 4333 261 4387 saepe,
275 4310 431 4389 praetecum
447 4330 503 4382 sap.
518 4314 560 4379 ld.
