2700 4732
520 205 659 266 urum
699 204 874 269 caran
1194 164 1265 273 aas¹

105 368 143 409 re
187 369 237 409 um
255 345 429 409 tradetDeo
451 360 481 408 et
500 350 596 428 patri‘⁴
616 349 655 430 (1.
668 349 739 412 Cor.
754 357 802 425 15,
820 350 895 429 bb).
934 350 1025 409 Item:
1045 336 1251 425 „Subiieietur

106 424 146 485 Fi
160 426 206 485 ins
224 424 302 505 ipse,
321 436 355 484 ut
373 428 411 484 sit
430 426 510 486 lleus
530 429 630 487 omnia
650 428 680 487 iu
700 427 856 487 omuibus“
876 426 932 504 (ib.
944 450 971 487 r.
985 427 1065 503 aab:
1085 426 1153 506 quia
1172 426 1248 487 nibil

106 500 190 563 aliud
217 500 295 591 vult,
321 522 407 581 quam
428 503 457 561 in
479 502 528 562 illa
549 504 680 583 perlecta
700 502 793 639 gloria
813 524 875 563 uon
896 503 983 562 talem
1005 502 1069 562 lore
1089 505 1173 585 regni
1193 503 1247 563 ad-

106 578 370 652 ministrationem,
399 578 491 658 qualis
512 601 590 639 nunc
610 591 662 640 est.
732 580 792 639 edit
812 580 890 639 enim
911 579 1001 639 Pater
1019 599 1137 639 omnem
1158 590 1247 659 pote-

106 667 216 716 reatem
235 653 321 729 Filio,
341 667 374 712 ut
393 676 446 735 per
471 658 532 715 eius
557 676 674 716 manum
702 678 757 717 nos
776 656 940 737 gubernet,
961 656 1073 745 lpveat,
1092 667 1247 730 sustentet,
1270 692 1273 697 -
1338 660 1342 673 ’

105 731 165 792 sub
181 724 247 789 leina
266 729 357 789 tutela
378 752 431 790 nos
450 744 604 811 protegat,
635 733 781 813 uobisque
799 732 962 791 auxilietur.
1012 731 1056 790 lta
1077 732 1247 811 quantisper

107 827 127 867 a
145 806 215 865 Deo
257 808 463 887 eregrioamur,
484 808 618 869 Christus
637 809 795 869 intercedit
814 808 942 880 medius,
962 808 1012 888 qui
1031 830 1087 868 nos
1102 807 1246 887 ,paulatim

106 882 146 945 ad
166 826 290 942 solidam
310 905 375 973 eum
396 883 463 943 Deo
483 886 722 946 coniunctionem
742 884 894 965 perducat.
933 885 973 943 Et
992 897 1072 945 certe
1096 884 1176 963 quod
1196 903 1244 950 se:

109 958 163 1019 det
183 958 219 1017 ad
239 958 332 1018 Patris
352 959 518 1053 dexteram,
545 963 716 1052 tantundem
736 961 814 1021 valet
832 963 1031 1051 acsiyocetur
1049 960 1143 1050 Patris
1162 959 1249 1041 lega..

106 1035 1246 1201 {tf’it‘ltt‘llil12⁰²:iz'lz'ttllstlitill32¹3..¹’.‘l³r.¹¹.¹t‘.³¹²¹s‘.ll

109 1199 199 1247 etiam
224 1190 436 1267 iuterpretatur
453 1188 560 1249 l'aulus
586 1191 681 1269 primo
707 1190 748 1249 ad*
761 1190 786 1247 Ε
809 1188 903 1250 besios
923 1192 971 1267 (1,
990 1196 1037 1254 20.
1057 1190 1139 1262 22),
1164 1187 1245 1250 loca·

106 1274 175 1323 tum
194 1262 282 1352 luisse
302 1263 337 1323 ad
349 1262 495 1322 dexteram
508 1265 611 1337 Patris,
631 1278 664 1326 ut
682 1266 722 1326 sit
741 1212 880 1325 ecciesiae
900 1279 997 1343 caput,
1037 1286 1092 1324 uae
1113 1276 1157 1324 est
1176 1283 1244 1324 cor·

105 1360 165 1420 pus
185 1357 256 1398 erus.
296 1341 359 1399 Nec
378 1338 436 1398 alio
460 1341 556 1399 tendit
574 1341 653 1420 quod
679 1341 749 1400 alibi
768 1340 873 1431 docet,
897 1340 996 1431 datum
1016 1288 1059 1400 illi
1079 1339 1166 1399 luisse
1185 1361 1244 1401 uo-

105 1413 951 1584 tall:lt'lllt‘llg'll‘.lll{l..¹3²,l.l⁰.l'lt
968 1417 1244 1574 ltzldlbrt'li

105 1566 164 1627 tris
183 1566 274 1644 (Pbil.
293 1573 322 1641 2,
340 1569 397 1645 9.).
440 1568 513 1627 Nam
534 1568 568 1628 iis
588 1568 673 1627 etiam
694 1568 790 1629 verbis
810 1570 840 1628 in
862 1568 971 1629 Christi
991 1589 1084 1651 regno
1106 1569 1243 1628 ordinem

106 1643 298 1705 commendat
323 1645 470 1721 praesenti
499 1648 619 1704 bostrae
648 1645 807 1706 infirmitati
831 1647 1034 1705 neceesarium.
1085 1646 1130 1705 lta
1160 1657 1243 1705 recte

106 1719 227 1811 colligit
251 1718 375 1793 Paulus,
406 1720 503 1779 Deum
533 1741 586 1799 per
609 1741 641 1781 se
663 1733 734 1781 tunc
760 1722 825 1781 lore
844 1721 962 1781 unicum
984 1720 1124 1781 ecclesiae
1144 1732 1244 1856 caput,

107 1818 179 1877 quia
199 1795 335 1875 impletae
355 1808 442 1855 erunt
458 1797 567 1857 Christi
587 1810 682 1877 partes
701 1799 732 1857 in
752 1798 891 1857 eeclesiae
912 1797 1092 1857 defensione.
1129 1796 1173 1856 Ea
1195 1817 1243 1857 em

107 1873 227 1933 ratione
267 1874 349 1932 assim
370 1872 523 1952 Scriptura
542 1872 703 1932 Dominum
722 1886 824 1946 vocat,
850 1874 919 1953 quia
939 1873 991 1933 bac
1011 1874 1077 1954 lege
1098 1892 1164 1931 eum
1184 1893 1243 1932 uo·

109 1948 157 2009 bis
176 1894 321 2029 praeierit
331 1949 429 2025 Pater,
450 1962 483 2008 ut
501 1972 580 2010 suam
601 1950 830 2010 dominationem
851 1969 905 2030 per
923 1969 990 2008 eum
1011 1960 1152 2009 exerceat
1190 1949 1243 2007 Li-

107 2038 160 2086 cet
178 2027 257 2085 enim
277 2024 366 2084 multa
387 2024 513 2085 dominia
534 2025 722 2087 celebrentur
741 2027 769 2086 in
790 2027 917 2100 mundo,
951 2027 1036 2085 Unus
1055 2024 1242 2087 nobis.Deua

106 2103 218 2177 Pater,
238 2121 273 2162 ex
291 2123 351 2180 quo
373 2103 486 2175 omnia,
511 2114 541 2162 et
559 2125 614 2162 nos
633 2103 663 2161 in
685 2103 762 2182 ipso:
788 2115 818 2163 et
838 2125 912 2163 unus
931 2101 1076 2161 Dominus
1097 2102 1242 2176 Christus,

130 2197 165 2237 er
184 2199 270 2257 quero
291 2178 405 2250 omnia,
424 2190 455 2237 et
474 2200 528 2238 nos
549 2199 602 2258 per
621 2178 731 2258 ipsum,
749 2180 845 2258 inquit
864 2178 970 2239 Paulus
990 2178 1026 2255 (1.
1048 2178 1119 2239 Cor.
1139 2182 1168 2251 8,
1187 2178 1241 2253 6.).

140 2255 199 2314 nde
219 2255 275 2314 rite
295 2253 445 2333 colligitur
466 2255 589 2314 eundem
610 2275 672 2315 esse
691 2256 785 2335 ipsum
806 2255 912 2329 Duum,
953 2254 981 2314 ui
1001 2275 1056 2334 per
1077 2276 1110 2315 os
1131 2254 1242 2313 lesaiae

108 2330 232 2391 asseruit
256 2329 326 2409 (les.
345 2336 400 2403 33,
420 2334 497 2406 dd),
528 2352 559 2391 se
579 2331 690 2412 Regem
711 2352 772 2391 esse
796 2354 829 2392 ac
850 2276 1059 2411 legislatorem
1079 2330 1239 2391 Ecclesiae.

107 2408 184 2468 Nam
204 2407 260 2467 etsi
279 2406 390 2485 ubique
410 2406 584 2466 beneficium
605 2421 635 2467 et
655 2408 764 2467 donum
777 2408 871 2468 Patris
887 2421 973 2468 vocat
991 2407 1130 2487 quicquid
1152 2404 1241 2465 babet
1285 2410 1288 2417 ‘

111 2486 284 2565 potestatis,
311 2505 371 2542 non
397 2484 473 2543 aliud
500 2496 596 2542 tamen
622 2484 765 2565 significat
785 2507 869 2564 quam
895 2505 925 2544 se
946 2484 1081 2543 divinitus
1101 2502 1240 2563 regnaret

108 2562 177 2641 quia
198 2560 267 2618 ideo
288 2560 457 2619 lllediatoris
477 2559 572 2619 induit
596 2582 761 2639 personam,
781 2574 814 2620 ut
834 2582 850 2620 e
875 2563 941 2621 sinu
962 2561 1054 2620 Patris
1074 2571 1104 2619 et
1123 2559 1240 2618 incom-

107 2635 301 2717 prebensibili
318 2636 412 2718 gloria
433 2637 626 2708 descendens,
654 2637 689 2696 ad
715 2659 769 2696 nos
794 2638 1054 2717 appropinquaret.
1098 2636 1170 2708 Quo
1192 2637 1240 2694 iu·

108 2715 182 2773 stius
202 2726 246 2771 est
265 2733 318 2772 nos
339 2733 441 2772 omncs
461 2735 519 2773 unu
530 2733 672 2772 consensu
693 2714 729 2771 ad
749 2715 908 2792 parendum
929 2712 1053 2792 accingi,
1072 2729 1241 2789 summaque

110 2789 263 2848 alacritate
284 2790 425 2878 obsequia
454 2802 553 2848 nostra
585 2789 711 2866 dirigere
738 2791 772 2849 ad
800 2792 859 2848 eius
891 2799 1004 2847 nutum.
1056 2788 1130 2847 Nam
1154 2786 1241 2846 sicuti

112 2864 207 2943 Regis
227 2876 256 2923 et
266 2864 389 2925 Pastoris
403 2865 499 2925 ollicia
520 2866 673 2945 coniungit
686 2886 754 2947 erga
768 2867 843 2945 pios,
857 2866 905 2943 qui
925 2884 956 2923 se
976 2863 1140 2943 morigeros
1159 2862 1240 2922 ultro

114 2939 285 3001 subiiciunt:
305 2943 345 3001 ita
365 2963 398 3000 ex
411 2943 548 3021 opposito
569 2943 699 3001 audimus
719 2955 865 3022 sceptrum
888 2939 1014 2999 ferreum
1035 2951 1159 3019 gestare,
1180 2956 1241 3016 quo

113 3017 228 3109 frangat
246 3038 278 3077 ac
297 3030 431 3078 conterat
451 3018 629 3096 praefractos
650 3039 751 3077 ornnes
771 3019 852 3097 quasi
872 3038 938 3076 vasa
958 3015 1039 3096 figuli
1060 3015 1122 3094 (Ps
1138 3020 1168 3088 2,
1185 3016 1240 3103 lb).

110 3094 254 3154 Audimus
273 3095 358 3153 etiam
379 3094 503 3152 iudicem
525 3095 589 3154 sore
610 3094 763 3168 Gentium,
783 3105 815 3151 ut
833 3105 940 3152 terram
960 3093 1076 3171 operiat
1094 3090 1241 3150 cadavere·

111 3171 178 3243 bus,
199 3182 229 3229 et
249 3169 431 3230 altitudinem
451 3170 505 3230 sibi
526 3172 675 3230 adversam
698 3181 864 3249 prosternat
883 3169 945 3245 (Ps.
966 3175 1032 3241 110,
1051 3172 1111 3241 6ο),
1148 3167 1241 3228 Cuius

109 3250 153 3307 rei
174 3247 315 3326 quaedam
336 3247 422 3306 hodie
443 3260 603 3306 cernuntur
623 3247 767 3325 erenrpla:
800 3247 917 3325 plenum
938 3265 1010 3303 vero
1032 3243 1241 3304 documentum

108 3324 237 3384 exstabit
255 3322 358 3382 ultimo
379 3323 500 3398 iudicio,
520 3324 696 3402 quodetiam
716 3325 834 3404 proprie
847 3323 960 3383 censeri
980 3332 1079 3401 potest
1098 3331 1242 3380 extremus

106 3400 196 3482 regni
217 3401 278 3459 eius
299 3412 387 3459 actus.

186 3482 214 3541 (i
253 3475 314 3535 lam
335 3477 371 3533 de
390 3475 564 3535 Sacerdotio
586 3476 716 3535 breviter
733 3474 774 3535 sie
794 3473 978 3546 babendum,
997 3474 1085 3532 finem
1106 3483 1137 3532 et
1154 3492 1239 3533 usum

109 3553 173 3611 eius
193 3571 266 3629 esse,
285 3565 318 3611 ut
337 3554 374 3611 sit
392 3552 537 3611 lllediator
577 3574 645 3611 urus
666 3552 746 3611 omni
771 3551 897 3626 macula,
928 3552 979 3630 qui
1007 3548 1159 3617 sanctitate
1189 3568 1241 3609 sua

110 3630 209 3686 Deum
229 3628 315 3687 nobis
336 3628 482 3688 conciliet.
566 3629 601 3687 ed
613 3630 680 3706 quia
699 3627 808 3686 aditum
821 3639 946 3705 occupat
964 3627 1040 3687 iusta
1059 3624 1238 3698 maledictio,

59 3724 66 3743 ¹
110 3715 144 3764 et
162 3704 242 3765 Deus
263 3725 317 3785 pro
344 3705 446 3764 iudicis
466 3703 566 3764 olficio
588 3705 673 3764 nobis
699 3703 829 3763 infensus
855 3715 912 3763 est:
937 3714 969 3762 ut
994 3701 1081 3761 nobis
1107 3699 1240 3760 favorem

109 3794 263 3860 comparet
281 3781 415 3840 sacerdos
434 3781 469 3841 ad
490 3781 660 3858 placandam
680 3781 751 3839 iram
773 3781 861 3859 ipsius
881 3779 955 3853 Dei,
979 3776 1124 3858 piaculum
1145 3776 1239 3834 inter-

107 3858 211 3917 venire
232 3877 350 3916 necesse
371 3870 422 3916 est.
468 3857 568 3932 Quare
588 3869 620 3916 ut
640 3857 695 3916 boc
715 3877 820 3915 munus
839 3854 975 3935 impleret
995 3854 1148 3926 Christus,
1172 3872 1238 3912 cum

107 3933 255 3993 sacrificio
276 3933 305 3991 in
326 3932 452 3991 medium
474 3935 591 4024 prodire
612 3933 759 4012 oportuit:
780 3953 846 3989 narn
866 3943 896 3989 et
915 3930 968 3990 sub
981 3931 1062 4010 Lege
1080 3926 1239 3988 sacerdotii

108 4010 154 4068 las
175 4030 236 4069 ooo
257 4021 320 4069 erat
338 4022 532 4068 sanctuarium
552 4010 666 4089 ingredi
687 4010 795 4087 absque
808 4009 963 4087 sanguine:
983 4018 1016 4065 ut
1035 4004 1145 4064 scirent
1164 4002 1238 4061 bde-

110 4085 164 4157 les,
185 4088 313 4164 quamvis
332 4086 467 4144 sacerdos
487 4087 675 4165 interpositus
695 4097 770 4144 esset
793 4084 984 4174 deprecator,
1002 4101 1064 4141 non
1088 4099 1175 4160 posse
1194 4091 1240 4140 ta·

110 4180 181 4219 men
200 4162 297 4219 Deum
317 4161 487 4242 propitiari,
512 4161 566 4221 nisi
592 4162 708 4241 expiatis
732 4173 869 4241 peccatis
919 4160 986 4233 Qua
1013 4157 1050 4217 de
1068 4177 1102 4217 ee
1146 4155 1240 4216 rolixe

111 4237 274 4315 Apostolus
293 4237 335 4298 dis
358 4251 420 4297 utat
439 4239 469 4297 iu
490 4239 572 4316 epist.
593 4239 628 4297 ad
644 4237 808 4310 Hebraeos,
826 4256 842 4296 a
861 4237 988 4326 septimo
1008 4232 1103 4329 capite
1121 4177 1185 4297 llere
1203 4231 1243 4291 ad

112 4313 203 4374 finem
222 4333 313 4395 usque
332 4261 447 4376 decimi.
492 4315 612 4378 Summa
635 4327 733 4377 tamen
759 4311 817 4375 huc
841 4313 934 4388 redut,
957 4309 1077 4375 nummi
1098 4308 1131 4371 ia
1156 4307 1244 4373 Chri·
1299 4356 1306 4361 .
