2700 4732
478 222 554 284 Llli.
577 221 628 281 lt.
669 220 758 284 CAP.
777 218 841 282 XX.
1183 222 1242 285 479
1293 164 1300 179 ¹

101 368 214 430 etesiae·
238 367 377 429 nutritios
410 378 440 429 et
465 366 491 426 lt
532 367 592 427 inas
618 366 763 441 nutrices,
794 386 855 425 nnn
887 362 1014 437 abdicat¹
1027 381 1079 424 eos
1113 362 1241 437 honore,

101 448 176 524 quin
194 445 292 525 potius
313 442 479 505 honorifico
501 445 601 526 cugio
621 455 765 523 patronos
790 442 941 503 constituit
965 441 1020 521 piis
1038 439 1096 500 Dei
1118 439 1242 513 cultori·¹

101 521 175 581 busa
194 543 260 581 nam
280 522 316 581 ad
338 521 448 582 Christi
467 520 625 579 adveutum
651 520 780 599 pertinet
799 519 964 578 vaticinium
990 516 1070 577 illud.
1109 516 1240 576 Plurima

89 599 273 661 ,testimonia
292 599 386 658 sciens
405 598 530 671 omitto,
549 617 625 676 quae
640 596 748 731 passim
769 607 947 670 occurrunt,
965 617 998 653 ac
1018 594 1187 675 praesertim
1207 593 1241 651 in

102 674 242 747 Psalmis,
273 674 378 753 quibus
397 675 544 733 suumius
568 693 637 752 prae
652 672 724 732 ectis
744 671 881 730 omuibus
901 673 1046 731 asseritur.
1098 669 1240 730 Omnium
1273 716 1278 727 .

101 771 176 811 vero
196 750 318 809 maxime
338 750 455 809 illustris
475 761 519 809 est
541 748 622 809 locus
643 747 744 822 Pauli,
763 748 829 822 ubi,
849 748 1039 807 Timotheum
1066 747 1239 822 admonens,

103 829 137 887 in
158 839 246 887 coetu
268 825 386 907 publico
406 825 614 905 concipiendas
636 844 698 885 esse
719 844 820 905 preces
845 845 900 903 pro
921 824 1067 905 Regibus,
1090 823 1240 883 rationem

101 924 176 962 mox
191 902 309 963 subiicit
328 902 369 978 (I,
382 901 459 959 Tim.
470 906 567 976 η»
587 903 650 975 „Ut
669 901 855 991 tranquillam
867 901 955 960 vitans
973 901 1027 959 sub
1042 900 1110 980 ipsis
1121 920 1240 982 agamus

100 1001 170 1041 cnm
193 980 273 1039 omni
293 978 402 1057 pietate
422 988 454 1037 et
472 976 655 1037 honestate.“
695 977 813 1053 Quibus
831 976 929 1039 verbis
949 997 1051 1037 eorum
1071 975 1239 1057 patrocinio

101 1068 136 1117 et
154 1057 265 1116 tutelae
283 1065 390 1114 statum
410 1053 549 1113 ecclesiae
565 1054 762 1115 commendat.
930 1102 934 1106 .

181 1138 209 1196 6.
249 1132 336 1204 Quae
361 1130 502 1212 cogitatio
527 1132 577 1189 ma'
595 1125 814 1210 istratus-ipsos
840 1129 952 1189 assidue
977 1149 1113 1190 exercere
1139 1129 1241 1205 debet,

102 1209 222 1289 quando
244 1211 395 1290 ingentem
414 1207 470 1266 illis
490 1149 636 1266 stimuln·
656 1205 775 1279 addere,
786 1226 844 1284 quo
865 1205 901 1265 ad
913 1205 1044 1266 officium
1065 1207 1242 1282 excitentur,

103 1297 136 1345 et
154 1284 331 1366 singularem
349 1283 585 1344 consolationem
606 1283 713 1342 allecte
732 1292 846 1362 potest,
872 1304 927 1361 qna
947 1284 1075 1343 muneris
1095 1283 1139 1343 sui
1160 1281 1241 1341 diffi-

103 1360 226 1422 cultates
246 1367 335 1441 (qnae
356 1360 462 1419 multae
482 1371 562 1419 certe
575 1369 605 1417 et
621 1379 727 1441 graves
741 1358 824 1436 sunt)
842 1355 963 1419 leniant.
995 1359 1148 1433 Quantum
1158 1359 1241 1418 enim

101 1439 294 1529 integritatis,
318 1436 506 1517 prudentiae,
535 1433 781 1507 mansuetudinis,
802 1435 1020 1510 continentiae,
1052 1437 1241 1496 innocentiae

101 1517 233 1576 studium
252 1514 309 1574 sibi
329 1514 396 1592 ipsis
416 1513 561 1593 imperare
582 1511 709 1584 debent,
733 1511 783 1644 gui
804 1509 929 1570 divinae
943 1511 1070 1573 iustitiae
1090 1512 1243 1573 ministros

101 1612 136 1652 se
155 1593 331 1651 constitutos
351 1609 413 1649 esse
433 1589 563 1649 norunt?
614 1588 681 1661 Qua
712 1586 817 1645 fineis
845 1587 1027 1667 iniquitatem
1053 1589 1082 1648 in
1108 1588 1241 1649 tribunal

103 1689 188 1728 suum
218 1668 389 1740 admittent,
413 1666 493 1746 quod
514 1665 571 1726 Dei
596 1661 876 1724 viventis-thronum
902 1668 964 1725 esse
988 1665 1131 1726 andiunt?
1170 1666 1242 1741 Qua

102 1745 225 1803 audacia
251 1745 384 1802 iniustam
411 1745 585 1823 sententiam
612 1738 847 1822 pronuntiabunt
866 1759 903 1799 eo
923 1759 994 1816 ore,
1024 1741 1104 1822 quod
1126 1742 1242 1802 divinae

101 1821 217 1878 veritati
238 1820 420 1900 designatum
441 1839 502 1879 esse
527 1839 670 1901 organum
695 1813 883 1897 intelligunt?
922 1816 991 1891 Qua
1009 1818 1189 1879 eonscientia
1208 1819 1242 1879 in

102 1896 192 1974 impia
212 1897 326 1955 decreta
346 1896 531 1956 subscribent
550 1916 584 1954 ea
604 1917 703 1969 manu,
723 1913 809 1972 quam
829 1892 864 1951 ad
885 1890 1093 1982 perscribenda
1108 1895 1166 1955 Dei
1176 1907 1242 1957 acta

101 1975 201 2032 sciunt
220 1973 403 2031 ordinatam?
443 1971 624 2043 ln-summa,
643 1971 667 2031 si
686 1989 718 2030 se
737 1969 795 2028 Dei
814 1969 938 2029 vicanos
958 1989 1020 2030 esse
1039 1972 1241 2048 meminerint,

102 2048 186 2121 omni
207 2070 292 2120 cura,
311 2048 482 2123 sedulitate,
502 2049 644 2108 industria
662 2045 815 2126 invigilent
835 2058 970 2126 oportet,
1011 2068 1049 2106 no
1069 2047 1240 2121 bominibus

101 2125 248 2204 quandam
269 2125 383 2184 divinae
403 2125 620 2203 providentiae,
641 2123 806 2195 custodiae,
826 2068 1241 2201 bonimtb,henevolendae,

99 2201 229 2262 iustitiae
250 2202 407 2280 imaginem
427 2202 458 2261 in
477 2220 509 2260 se
528 2204 758 2281 repraesentent
783 2200 828 2260 Ac
848 2211 992 2290 perpetuo
1013 2198 1084 2260 illud
1103 2200 1159 2262 sibi
1171 2201 1241 2262 sub·

100 2279 219 2352 iiciant,
252 2280 276 2337 si
296 2277 511 2336 maledicuntur
530 2297 648 2349 omnes,
668 2277 718 2354 qui
738 2297 812 2355 opus
830 2277 981 2349 vindictae
1000 2275 1058 2335 Dei
1076 2295 1240 2357 exsequun-

99 2369 152 2416 tur
173 2355 201 2412 in
223 2354 536 2488 dologler.48,1ll·)‚
556 2352 649 2413 multo
669 2354 784 2488 gravius
803 2352 952 2425 maledici,
971 2353 1022 2487 (pri
1042 2352 1072 2411 in
1092 2354 1167 2415 insta
1184 2375 1241 2415 vo-

101 2431 221 2492 catione
247 2432 308 2490 lrau
332 2430 448 2489 nlenter
467 2441 626 2491 versantur.
694 2442 781 2509 taque
801 2452 866 2490 cum
891 2450 960 2489 suos
999 2429 1098 2491 udices
1115 2428 1151 2492 ad
1171 2429 1241 2492 offi-

101 2509 179 2568 cinm
201 2507 351 2567 cohortari
370 2506 482 2566 vellent
502 2507 600 2567 bloses
620 2517 650 2566 et
669 2505 824 2586 iosaphat,
850 2506 923 2566 nihil
951 2506 1116 2568 babuerunt
1138 2507 1242 2569 ellicu-

102 2586 181 2654 cius,
208 2604 266 2663 qno
294 2583 411 2643 illorum
433 2583 545 2643 animos
574 2582 742 2656 allicerent,
794 2605 859 2644 uam
880 2583 961 2664 quod
987 2584 1069 2666 prius
1087 2583 1242 2645 retulimus

99 2661 158 2739 (ΙΙ.
171 2659 265 2718 Paral.
277 2666 325 2734 19,
337 2666 366 2722 6.
378 2659 415 2719 cf.
426 2659 516 2719 Deut.
526 2665 556 2731 1,
565 2665 615 2723 -16,
627 2663 693 2736 ss.):
711 2604 852 2735 „Vilem
871 2660 941 2738 quid
952 2659 1058 2742 agatis:
1078 2681 1140 2721 non
1160 2661 1241 2721 enim

100 2757 179 2817 „pro
199 2736 320 2795 homine
345 2737 485 2796 exercetis
509 2736 664 2813 iudicium,
696 2736 748 2795 sed
772 2757 828 2815 pro
847 2736 934 2810 Deo,
964 2737 1074 2829 quippe
1094 2738 1144 2818 qui
1163 2738 1242 2798 iuxta

101 2833 176 2888 „vos
197 2823 242 2870 est
261 2813 290 2869 in
311 2832 396 2870 causa
416 2811 524 2870 indicii.
562 2811 650 2871 Nunc
669 2811 759 2893 igitur
778 2815 817 2872 sit
835 2833 926 2891 pavor
938 2813 1062 2873 Domini
1080 2834 1240 2896 supervos.

100 2887 242 2964 „Videte
263 2899 293 2947 ct
305 2889 397 2968 agite:
418 2887 557 2966 qnoniam
577 2906 639 2947 non
659 2900 704 2947 est
722 2886 780 2947 ulla
823 2891 973 2950 erversitas
989 2892 1065 2969 apud
1077 2891 1241 2951 Dominum

100 2965 219 3039 „Deum
240 2967 403 3022 nostrum.“
441 2961 481 3021 Et
499 2961 556 3024 alio
577 2962 648 3023 loco'
665 2963 782 3041 dicitur,
800 2910 896 3024 l)eum
912 2967 1027 3026 stetisse
1041 2968 1073 3027 in
1085 2989 1201 3049 synago
1224 2988 1242 3028 a

101 3042 226 3100 deorum
247 3052 277 3098 et
298 3041 325 3097 in
347 3038 445 3098 medio
465 3039 589 3101 deorum
607 3039 735 3100 iudicent
754 3060 841 3121 agere
860 3042 1028 3119 (Ps.82,1.
1048 3044 1105 3105 Ies.
1117 2989 1240 3124 &1432

101 3138 162 3197 qno
183 3117 218 3176 ad
239 3115 370 3176 officium
391 3115 572 3189 animentur,
592 3114 660 3175 dum
680 3117 812 3193 andiunt,
832 3120 888 3177 Dei
908 3140 939 3178 se
959 3118 1073 3201 legatos
1093 3142 1172 3198 csse,
1192 3121 1241 3182 eui

98 3195 315 3254 administratae
336 3192 506 3271 provinciae
524 3192 670 3253 rationem
693 3191 849 3273 aliquando
868 3196 994 3255 reddere
1014 3210 1161 3275 oporteat.
1200 3200 1241 3258 Et

100 3270 209 3330 merito
237 3268 313 3349 apu'd
334 3289 385 3328 eos
410 3267 567 3348 plurimum
594 3269 664 3328 haec
688 3270 849 3331 admonitio
868 3271 966 3330 valere
991 3272 1096 3334 debet:
1128 3276 1240 3336 namsi

101 3346 172 3424 quid
196 3346 385 3425 delinquunt,
410 3366 472 3403 non
499 3343 666 3407 hominibus
696 3345 786 3408 modo
811 3358 880 3407 sunt
903 3348 1018 3424 iniurii,
1045 3371 1120 3429 quos
1144 3352 1241 3414 acele-

99 3433 164 3480 rate
174 3435 292 3495 vexant,
312 3423 362 3481 sed
383 3421 412 3480 in
425 3420 523 3481 Deum
544 3442 664 3502 quoque
683 3423 779 3502 ipsum
800 3425 1017 3500 contumeliosi,
1037 3427 1117 3487 cuius
1137 3449 1239 3490 sacro·

99 3508 200 3557 sancta
219 3499 324 3558 iudicia
345 3497 492 3578 polluunt.
529 3497 656 3559 Rursum
675 3498 787 3559 habent
806 3511 845 3574 et,
865 3501 943 3560 unde
963 3523 993 3562 se
1004 3505 1152 3581 praeclare
1163 3527 1240 3566 con-

100 3573 250 3649 solentur,
277 3575 344 3633 dum
370 3595 469 3634 secum
494 3584 649 3655 reputant,
674 3597 735 3635 non
760 3577 791 3634 in
811 3576 942 3657 profanis
961 3597 1017 3638 nec
1038 3600 1053 3638 a
1073 3601 1158 3642 servo
1179 3581 1239 3641 Dei

101 3649 203 3710 alienis
223 3650 465 3729 occupationibus
485 3653 660 3728 reversari,
689 3652 741 3712 sed
759 3653 941 3715 sanctissimo
960 3676 1099 3732 munere,
1128 3659 1239 3739 quippe

100 3725 153 3806 qni
172 3725 230 3784 Dei
252 3727 400 3806 legatione
420 3726 593 3809 funguntur.

178 3808 206 3866 7.
246 3802 309 3875 Qui
329 3822 399 3862 vero
427 3822 488 3862 non
513 3815 671 3864 moventur
694 3815 743 3863 tot
762 3803 933 3885 Scripturas
958 3807 1150 3885 testimoniis,
1175 3834 1237 3891 qno

100 3876 197 3937 minus
223 3899 336 3937 sacrum
365 3878 422 3939 hoc
441 3878 634 3939 ministerium
654 3882 788 3941 insectari
808 3882 918 3956 ausint,
968 3885 1028 3945 uasi
1048 3909 1111 3946 rem
1131 3909 1145 3947 a
1166 3888 1237 3948 reli·

99 3957 191 4036 gione
212 3965 242 4012 et
261 3954 370 4034 pietate
396 3954 561 4021 Christiana
587 3957 812 4032 abhorrentem,
842 3959 912 4050 quid
933 3905 1011 4020 aliud
1032 3983 1118 4041 quam
1137 3964 1237 4024 Deum

99 4038 195 4110 ipsum
222 4029 375 4112 sugillant,
407 4029 487 4092 cuius
510 4032 673 4114 ignominia
697 4054 763 4105 cum
789 4035 943 4095 ministerii
966 4039 1010 4097 sui
1035 4040 1147 4118 probro
1173 4061 1238 4101 non

101 4128 164 4166 esse
190 4110 347 4168 coniuncta
373 4109 593 4200 nonpotesti
615 4111 659 4169 Ac
688 4130 808 4192 prorsus
840 4114 972 4181 nonina
997 4116 1112 4177 istratus
1131 4137 1237 4197 repro-

100 4184 183 4256 bant,
202 4184 253 4243 sed
273 4183 370 4243 Deum
390 4183 548 4261 abiiciunt,
569 4206 607 4245 ne
626 4209 658 4247 su
682 4207 715 4246 er
733 4208 765 4247 se
785 4200 890 4270 regnet
910 4190 949 4266 (l.
967 4135 1046 4251 biam.
1063 4199 1093 4267 8,
1109 4195 1161 4271 7.).
1202 4193 1236 4253 Si

99 4260 178 4319 enirn
198 4259 274 4319 istud
295 4281 364 4320 vere
385 4261 421 4320 de
442 4208 680 4342 populo-Israel
686 4285 701 4322 a
721 4264 853 4326 Domino
874 4265 982 4327 dictum
1004 4283 1058 4341 est,
1074 4271 1159 4350 ‚quod
1180 4270 1237 4330 Sa-

97 4335 203 4398 muelis
222 4337 376 4417 imperium
397 4337 623 4402 detrectassent:
648 4341 698 4421 qni
722 4340 818 4403 minus
836 4361 906 4405 vere
931 4343 1021 4407 hodie
1041 4348 1079 4407 de
1097 4347 1132 4408 iis
1152 4347 1235 4408 dice-
