2700 4732
482 208 558 270 tttt.
578 207 635 267 lll.
677 206 765 269 cte.
786 207 888 269 XXI!
1191 216 1246 278 tat

108 355 168 417 riet
186 353 295 416 esitnni
307 352 351 430 a),
400 352 506 429 Neque
526 342 608 411 enim'
624 370 750 432 aequum
771 363 825 426 est,
844 364 878 412 ut
897 371 972 433 quaa
991 353 1022 413 in
1041 372 1073 417 ie
1092 352 1157 435 ipso
1177 353 1245 415 abs-

108 431 230 494 condita
251 450 313 491 esre
333 427 428 489 voluit
442 429 599 502 Dominus,
619 428 740 508 impune
761 428 851 490 homo
872 428 1011 509 escutists
1032 441 1062 490 et
1084 430 1244 509 sapientiae

107 507 318 571 sublimitatem
338 508 439 641 (apuam
459 504 576 565 adorari
590 515 620 563 et
640 525 700 565 non
713 505 896 585 apprehendi
907 506 1011 577 voluit,¹
1029 518 1063 565 ut
1081 526 1136 586 per
1155 508 1244 658 ipsam

109 603 231 666 quoqne
251 582 359 643 admira
384 580 427 640 ilis
448 580 534 641 nobis
554 580 647 655 soret)
666 581 702 641 ab
722 582 783 660 ipsa
803 583 978 642 aeternitate
991 583 1116 642 evolvat.
1191 605 1245 645 uae

108 660 198 721 nobis
217 658 419 752 patefacienda
445 656 559 718 censuit
586 656 744 719 voluntatis
768 678 837 718 suae
861 678 980 732 arcana,
1012 679 1045 719 ea
1071 659 1162 719 verbo
1190 683 1244 722 suo
1284 730 1287 735 ,

130 737 250 798 radidit.
290 735 413 796 Censuit
431 746 540 807 autem,
560 745 703 813 quatenus
723 747 823 795 nostra
844 735 986 796 interesse
1006 735 1150 814 nobisque
1171 757 1244 796 con-

107 758 219 875 ducere
240 811 422 892 providebat
1259 822 1264 837 '

187 896 216 955 2.
253 887 465 964 „Pervenimus
485 888 515 945 in
542 885 618 945 viam
638 885 720 961 fidei,
740 886 837 968 inquit
856 889 1082 970 Augustinus
1103 887 1194 964 [hom.
1214 890 1244 951 in

108 966 239 1042 „loann
258 964 339 1044 154,
359 983 423 1023 eam
443 974 613 1022 constanter
630 974 788 1023 teneamus.
828 962 894 1055 lpsa
914 965 1049 1043 perducit
1068 966 1103 1025 ad
1123 965 1243 1026 cubicu-

108 1042 193 1119 „lum
213 1041 320 1134 Regis,
352 1041 383 1098 iii
412 1061 472 1119 quo
503 1050 572 1099 sunt
595 1060 697 1101 omnes
720 1039 850 1101 tbesanri
875 1040 1015 1101 scientiae
1035 1053 1066 1101 ct
1084 1043 1245 1121 sapientiae

108 1117 307 1198 „absconditi
346 1117 415 1176 Non
436 1115 514 1175 enim
539 1115 548 1174 i
570 1136 601 1175 se
621 1116 767 1177 Dominus
788 1116 921 1178 Christus
939 1118 998 1178 suis
1017 1139 1062 1177 ma
1086 1118 1130 1178 nis
1149 1131 1180 1179 et
1198 1138 1244 1180 se·

108 1193 294 1272 „lectissimis
314 1192 460 1272 discipulis
486 1137 635 1252 invidebat
653 1215 742 1273 quum
763 1193 891 1267 diceret,
921 1193 1021 1254 lllulta-
1039 1137 1134 1255 Ιιιὶεο
1159 1195 1245 1256 vobis

109 1270 272 1350 „dicendaz
299 1270 351 1330 ied
376 1291 436 1329 non
484 1270 585 1329 otestis
609 1282 730 1350 portare
750 1290 827 1330 nunc
842 1270 968 1405 1ςίοειειι.
990 1277 1044 1344 16,
1063 1275 1134 1347 12).
1171 1273 1245 1333 Am·

108 1348 291 1425 „bulandnm
311 1357 372 1420 est,
398 1289 610 1426 proiciendum
631 1357 691 1419 est,
721 1365 841 1409 crescen
863 1369 911 1406 um
932 1359 993 1423 est,
1025 1359 1058 1407 ut
1075 1348 1134 1408 sint
1155 1348 1245 1411 corda

107 1436 232 1502 „nostra
253 1424 370 1503 capacia
400 1441 496 1482 earum
519 1441 633 1495 reruni,
659 1442 730 1501 quas
761 1443 867 1504 capere
887 1423 977 1484 inodo
998 1445 1059 1483 non
1081 1444 1243 1504 possumus

108 1500 251 1578 „Quodsi
272 1520 327 1560 nos
345 1498 464 1559 ultimus
476 1499 537 1557 dies
557 1498 745 1577 proficientes
765 1499 920 1575 invenerit,
939 1500 980 1559 ibi
999 1501 1143 1561 discemus
1184 1502 1243 1564 uod

108 1578 181 1651 „liic
201 1597 262 1636 nori
283 1575 460 1654 potuimus.“
511 1576 591 1634 llaec
610 1575 750 1656 cogitatio
770 1576 793 1635 si
812 1576 888 1656 apiid
914 1597 969 1638 nos
988 1576 1097 1647 valcat,
1122 1523 1244 1638 vellum

109 1654 233 1716 Domini
254 1652 368 1711 unicam
390 1671 451 1712 esse
471 1651 556 1724 viani,
575 1671 649 1730 quae
668 1651 704 1711 ad
725 1653 957 1733 investigandum
982 1653 1120 1732 quicquid
1149 1654 1185 1714 de
1205 1675 1243 1716 eo

110 1732 207 1792 teneri
227 1729 268 1789 las
289 1742 332 1788 est
351 1749 405 1788 nos
426 1728 559 1802 deducat,
579 1731 697 1787 unicum
717 1747 779 1788 esse
800 1729 989 1808 lumenquoil
1009 1730 1044 1788 ad
1066 1731 1244 1809 perspicien-

110 1882 150 1945 ab
170 1883 252 1945 omni
271 1881 436 1941 temeritate
456 1879 599 1940 retinebit
617 1902 650 1941 ac
670 1879 831 1941 cohibebit.
870 1804 1170 1942 delibilleeliimsaillii
1184 1828 1245 1964 dell

108 1981 191 2021 mum
211 1957 292 2020 verbi
311 1957 384 2016 fines
404 1957 619 2030 excesserimus,
637 1957 722 2018 nobis
742 1957 917 2017 extrariam
939 1971 969 2019 et
988 1958 1018 2018 in
1039 1959 1169 2019 tenebris
1182 1980 1245 2022 csse

110 2056 239 2109 cursum,
253 2035 289 2094 -in
310 2054 369 2114 qno
390 2052 498 2105 errare,
518 2032 586 2107 labi,
606 2033 695 2113 impin
720 2054 769 2094 ere
789 2033 948 2095 identidem
969 2055 1089 2096 necesse
1108 2038 1156 2096 sit.
1196 2038 1244 2098 Sit

108 2111 202 2209 igitur
221 2110 348 2191 primum
369 2109 454 2169 nobis
475 2111 532 2169 hoc
560 2130 630 2191 prae
654 2053 746 2171 cerlis
765 2109 848 2172 alIam
869 2112 1144 2192 praedestinationis
1164 2115 1245 2174 noti·

108 2200 182 2250 tiam
203 2198 459 2268 appeterc,=quam
481 2205 556 2265 quae
577 2187 667 2246 verbo
687 2187 747 2246 Dei
766 2188 937 2268 explicatur,
958 2210 1017 2249 non
1040 2191 1161 2252 minoris
1183 2210 1245 2253 esse

107 2265 250 2335 insaniae,
258 2285 343 2343 quam
355 2264 378 2322 si
391 2263 455 2342 quis
467 2263 511 2321 vel
526 2283 578 2341 per
590 2263 699 2323 invium
712 2264 861 2340 incedere,
880 2264 925 2325 vel
939 2264 968 2324 in
982 2267 1112 2326 tenebris
1123 2287 1246 2328 cernere
1285 2288 1290 2300 ¹

108 2341 192 2403 velit.
231 2341 336 2419 Neque
346 2360 415 2399 vero
438 2360 491 2399 nos
512 2339 620 2418 pudeat
638 2339 748 2432 aliquid
769 2340 798 2400 in
820 2361 853 2401 ea
874 2362 906 2402 re
926 2344 1049 2416 nescire,
1061 2342 1112 2402 nbi
1129 2355 1173 2402 est
1193 2345 1245 2405 ali·

109 2440 169 2501 qua
190 2418 277 2478 docta
299 2416 474 2496 ignorantia.
523 2414 605 2488 Quin
631 2428 728 2496 potius
755 2416 882 2479 libenter
901 2419 938 2479 ab
960 2420 1021 2479 eius
1040 2420 1179 2480 scientiae
1199 2422 1244 2481 in-

108 2494 270 2578 quisitione
290 2494 500 2564 abstineamus,
520 2493 601 2552 cuius
621 2504 666 2552 est
685 2515 750 2554 cum
770 2495 873 2565 stulta,
892 2508 954 2555 tum
975 2496 1138 2588 periculosa
1157 2510 1245 2578 atque

108 2573 187 2634 adeo
217 2570 336 2631 exitialis
362 2569 523 2628 assecutio.
577 2568 693 2642 Quodsi
724 2592 778 2632 nos
807 2572 947 2632 sollicitat
977 2574 1089 2653 ingenii
1121 2573 1245 2648 lascivia,

108 2668 228 2727 semper
247 2646 333 2719 illud,
359 2667 418 2725 quo
442 2646 629 2719 retundatur,
649 2666 803 2727 opponere
823 2649 958 2741 expediet
977 2650 1080 2726 (Prov.
1099 2657 1148 2723 25,
1166 2656 1244 2726 ⁶27.):

108 2725 219 2802 „Sicut
238 2723 358 2783 nimium
380 2721 472 2781 mellis
491 2743 552 2782 non
574 2722 685 2782 bonum
707 2735 765 2799 est,
788 2727 829 2785 ita
852 2726 1107 2806 investigationem
1132 2727 1247 2819 gloriae

109 2823 175 2863 non
195 2800 301 2860 cedere
321 2800 442 2860 curiosis
464 2800 493 2857 in
508 2800 662 2878 gloriam.“
692 2801 745 2859 Est
765 2802 842 2860 enim
858 2823 911 2861 cur
931 2803 967 2862 ab
989 2822 1022 2863 ea
1042 2803 1159 2862 audacia
1179 2804 1246 2865 abs·

109 2893 383 2955 terreamur,.quae
404 2874 475 2933 nibil
495 2895 582 2954 quani
603 2876 633 2935 in
653 2876 768 2935 ruinam
789 2878 982 2958 praecipitare
1002 2899 1057 2938 nos
1077 2890 1185 2957 potest.

188 2959 217 3018 3.
258 2953 333 3013 Sunt
352 2952 415 3026 alii,
436 2954 485 3030 qui
506 2952 574 3011 dum
595 2951 662 3012 liuic
682 2953 758 3013 malo
778 2955 891 3013 mederi
910 2953 1030 3028 volunt,
1051 2966 1163 3014 tanturn
1185 2978 1247 3016 non

107 3030 229 3114 sepeliri
255 3031 358 3090 iubent
382 3049 501 3089 omnem
533 3029 806 3108 praedestinationis
825 3030 1023 3091 mentionem:
1049 3051 1119 3091 sane
1138 3053 1154 3091 a
1175 3054 1246 3113 qua-

108 3110 185 3171 libet
205 3107 267 3166 eius
292 3106 476 3185 quaestione,
507 3126 566 3164 non
593 3125 676 3165 secus
700 3118 789 3185 atque
815 3128 832 3166 a
857 3107 998 3189 scopulo,
1029 3106 1167 3201 refugere
1194 3111 1248 3171 do·

109 3196 190 3248 cent.
235 3183 372 3257 Quorum
399 3182 512 3242 tametsi
535 3183 599 3241 iure
620 3183 649 3241 in
670 3201 706 3242 eo
728 3183 872 3244 laudanda
894 3197 938 3243 est
962 3184 1142 3259 moderatio,
1167 3186 1248 3279 quod

108 3273 193 3322 tanta
212 3260 372 3320 sobrietate
382 3257 537 3319 delibanda
550 3270 672 3319 censent
690 3262 842 3352 mysteria:
884 3261 931 3321 uia
952 3271 1051 3321 tamen
1071 3263 1155 3321 nimis
1175 3263 1250 3324 inira

110 3336 233 3399 modum
259 3336 459 3408 descendunt,
491 3357 591 3414 parum
624 3335 782 3414 proliciunt
807 3358 823 3397 a
846 3281 883 3396 iil
905 3337 1061 3396 humanum
1083 3339 1263 3421 ingenium„

110 3412 194 3496 quod
212 3432 244 3473 se
271 3410 403 3473 coerceri
429 3433 491 3471 non
520 3423 631 3471 temere
656 3412 774 3492 patitur.
823 3359 847 3472 ἓ

111 1806 192 1880 darn,
212 1805 350 1886 quicquid
364 1804 399 1862 de
414 1804 477 1884 ipso
492 1804 620 1882 conspici
633 1816 763 1884 oportet,
783 1806 869 1866 nobis

850 3433 921 3496 rgo,
952 3425 985 3473 ut
1003 3413 1057 3474 bac
1078 3435 1198 3494 quoque
1217 3418 1248 3475 in

108 3501 196 3573 parte
222 3489 383 3571 legitimum
406 3488 494 3546 finem
518 3500 683 3560 teneamus,
709 3490 890 3549 redeundum
912 3490 968 3549 erit
986 3491 1021 3550 ad
1041 3493 1162 3551 verbum
1182 3493 1249 3552 Do-

107 3564 208 3641 mini,
230 3566 259 3625 in
286 3585 346 3644 qiio
377 3564 515 3623 habemus
542 3575 649 3624 certam
674 3565 886 3648 intelligentiae
907 3565 1047 3647 regulam.
1098 3568 1151 3627 Est
1171 3568 1250 3627 enim

111 3643 277 3723 Scriptura,
297 3640 395 3702 schola
407 3641 535 3721 Spiritus
555 3641 656 3711 sancti,
675 3641 706 3700 in
727 3664 783 3735 qua
804 3656 837 3704 ut
856 3643 927 3703 nibil
949 3648 1185 3723 praetermissum
1205 3655 1250 3705 est

108 3719 186 3782 scitu
206 3731 237 3778 et
255 3718 450 3779 necessarium
472 3728 502 3776 et
521 3718 605 3790 utile,
624 3718 664 3778 sic
685 3717 757 3778 nihil
770 3719 895 3781 docetur
914 3720 969 3780 nisi
983 3719 1063 3810 quod
1083 3722 1158 3780 scire
1175 3740 1249 3781 con·

107 3797 209 3858 ducat.
281 3795 401 3874 uisquid
422 3795 512 3875 igitur
533 3794 569 3852 de
611 3794 857 3857 raedcstinationc
877 3797 908 3856 in
928 3796 1082 3875 Scriptura
1101 3797 1249 3876 proditur,

107 3871 275 3935 cavendum
299 3884 344 3931 est
369 3891 407 3930 ne
433 3871 469 3931 ab
496 3890 532 3930 eo
559 3814 660 3930 lidbles
686 3894 849 3933 arceamus:
875 3893 914 3932 ne
937 3872 1086 3933 videamur
1111 3885 1163 3933 aut
1182 3873 1249 3933 illos

107 3948 240 4030 maligne
262 3947 397 4007 lraudarc
417 3948 474 4011 Dei
495 3948 538 4008 sui
559 3946 722 4023 beneficio,
748 3961 799 4008 aut
818 3949 962 4030 Spiritum
983 3968 1107 4043 arguere
1127 3970 1160 4008 ac
1180 3970 1251 4042 sug·

107 4025 227 4109 gillare,
247 4025 297 4105 qui
318 4044 352 4084 ea
364 4024 489 4106 vulgarit
499 4044 577 4104 quae.
593 4023 666 4083 utile
685 4026 723 4085 sit
741 4026 803 4086 ullo
824 4026 916 4088 inodo
936 4027 1085 4106 supprimi.
1123 4027 1251 4087 Permit·
1329 4028 1333 4034 ’

182 4273 210 4344 ⁴)
226 4275 271 4328 Sic
288 4276 384 4332 Eelins
401 4277 527 4344 gloriator
550 4296 578 4332 sa
600 4276 633 4330 de
655 4276 890 4349 praedestinatione
912 4276 1055 4349 scripsisse,
1078 4290 1106 4330 ut
1127 4274 1251 4330 iuveniles

109 4343 213 4398 calores
229 4361 363 4399 exescmet
616 4362 619 4367 ·
678 4364 682 4371 ·
901 4410 952 4475 ⁹*
